  <div class='ocr_page' id='page_1' title='image "/cluster/home/n/w/nwhite01/storage/ocr_20150623/57:no.7:pt.1/coo.31924054869577/050.png"; bbox 0 0 4066 6422; ppageno 0'>
   <div class='ocr_carea' id='block_1_1' title="bbox 280 327 3649 435">
    <p class='ocr_par' dir='ltr' id='par_1_1' title="bbox 280 327 3649 435">
     <span class='ocr_line' id='line_1_1' title="bbox 280 327 3649 435; baseline 0.001 -12"><span class='ocrx_word' id='word_1_1' title='bbox 280 384 348 435; x_wconf 69' lang='grc' dir='ltr'><strong>ιδ</strong></span> <span class='ocrx_word' id='word_1_2' title='bbox 1042 414 1047 417; x_wconf 93' lang='grc'>.</span> <span class='ocrx_word' id='word_1_3' title='bbox 1452 368 1524 427; x_wconf 76' lang='lat' dir='ltr'><strong>IN</strong></span> <span class='ocrx_word' id='word_1_4' title='bbox 1573 367 1992 426; x_wconf 63' lang='lat' dir='ltr'><strong>MATTHEUM</strong></span> <span class='ocrx_word' id='word_1_5' title='bbox 2054 365 2288 423; x_wconf 71' lang='lat' dir='ltr'><strong>nomn.</strong></span> <span class='ocrx_word' id='word_1_6' title='bbox 2327 364 2407 420; x_wconf 87' lang='lat' dir='ltr'><strong>lli.</strong></span> <span class='ocrx_word' id='word_1_7' title='bbox 3483 372 3550 426; x_wconf 76' lang='lat' dir='ltr'><strong>ao</strong></span> <span class='ocrx_word' id='word_1_8' title='bbox 3639 327 3649 336; x_wconf 19' lang='grc' dir='ltr'><em>κ</em></span> 
     </span>
    </p>
   </div>
   <div class='ocr_carea' id='block_1_2' title="bbox 278 491 1862 567">
    <p class='ocr_par' dir='ltr' id='par_1_2' title="bbox 278 491 1862 567">
     <span class='ocr_line' id='line_1_2' title="bbox 278 491 1862 567; baseline -0.006 -12"><span class='ocrx_word' id='word_1_9' title='bbox 278 499 422 555; x_wconf 83' lang='lat' dir='ltr'><strong>enim</strong></span> <span class='ocrx_word' id='word_1_10' title='bbox 449 497 568 554; x_wconf 73' lang='lat' dir='ltr'><strong>lucc</strong></span> <span class='ocrx_word' id='word_1_11' title='bbox 591 498 710 554; x_wconf 89' lang='lat' dir='ltr'><strong>sine</strong></span> <span class='ocrx_word' id='word_1_12' title='bbox 751 511 909 553; x_wconf 84' lang='lat' dir='ltr'><strong>causa</strong></span> <span class='ocrx_word' id='word_1_13' title='bbox 934 495 1129 567; x_wconf 87' lang='lat' dir='ltr'><strong>scripta</strong></span> <span class='ocrx_word' id='word_1_14' title='bbox 1169 493 1325 550; x_wconf 88' lang='lat' dir='ltr'><strong>nobis</strong></span> <span class='ocrx_word' id='word_1_15' title='bbox 1362 491 1512 549; x_wconf 88' lang='lat' dir='ltr'><strong>fuere</strong></span> <span class='ocrx_word' id='word_1_16' title='bbox 1542 509 1554 545; x_wconf 95' lang='lat'>:</span> <span class='ocrx_word' id='word_1_17' title='bbox 1584 507 1757 563; x_wconf 90' lang='lat' dir='ltr'><strong>neque</strong></span> <span class='ocrx_word' id='word_1_18' title='bbox 1797 495 1862 546; x_wconf 89' lang='lat' dir='ltr'><strong>ad</strong></span> 
     </span>
    </p>
   </div>
   <div class='ocr_carea' id='block_1_3' title="bbox 278 583 1860 661">
    <p class='ocr_par' dir='ltr' id='par_1_3' title="bbox 278 583 1860 661">
     <span class='ocr_line' id='line_1_3' title="bbox 278 583 1860 661; baseline -0.005 -16"><span class='ocrx_word' id='word_1_19' title='bbox 278 590 518 646; x_wconf 65' lang='lat' dir='ltr'><strong>historiae</strong></span> <span class='ocrx_word' id='word_1_20' title='bbox 537 589 852 660; x_wconf 83' lang='lat' dir='ltr'><strong>dignitatem</strong></span> <span class='ocrx_word' id='word_1_21' title='bbox 881 588 1182 661; x_wconf 77' lang='lat' dir='ltr'><strong>pertinebat</strong></span> <span class='ocrx_word' id='word_1_22' title='bbox 1207 586 1474 652; x_wconf 83' lang='lat' dir='ltr'><strong>ediscere,</strong></span> <span class='ocrx_word' id='word_1_23' title='bbox 1495 584 1622 655; x_wconf 87' lang='lat' dir='ltr'><strong>quid</strong></span> <span class='ocrx_word' id='word_1_24' title='bbox 1639 583 1860 638; x_wconf 82' lang='lat' dir='ltr'><strong>dixisset</strong></span> 
     </span>
    </p>
   </div>
   <div class='ocr_carea' id='block_1_4' title="bbox 275 674 1864 751">
    <p class='ocr_par' dir='ltr' id='par_1_4' title="bbox 275 674 1864 751">
     <span class='ocr_line' id='line_1_4' title="bbox 275 674 1864 751; baseline -0.007 -13"><span class='ocrx_word' id='word_1_25' title='bbox 275 683 588 738; x_wconf 80' lang='lat' dir='ltr'><strong>obstetrix:</strong></span> <span class='ocrx_word' id='word_1_26' title='bbox 623 697 798 751; x_wconf 90' lang='lat' dir='ltr'><strong>neque</strong></span> <span class='ocrx_word' id='word_1_27' title='bbox 826 679 1151 734; x_wconf 90' lang='lat' dir='ltr'><strong>narrandum</strong></span> <span class='ocrx_word' id='word_1_28' title='bbox 1193 676 1472 733; x_wconf 82' lang='lat' dir='ltr'><strong>videbatur</strong></span> <span class='ocrx_word' id='word_1_29' title='bbox 1501 690 1676 751; x_wconf 83' lang='lat' dir='ltr'><strong>_esse,</strong></span> <span class='ocrx_word' id='word_1_30' title='bbox 1724 674 1864 745; x_wconf 90' lang='lat' dir='ltr'><strong>quod</strong></span> 
     </span>
    </p>
   </div>
   <div class='ocr_carea' id='block_1_5' title="bbox 277 745 1864 841">
    <p class='ocr_par' dir='ltr' id='par_1_5' title="bbox 277 745 1864 841">
     <span class='ocr_line' id='line_1_5' title="bbox 277 745 1864 841; baseline -0.007 -13"><span class='ocrx_word' id='word_1_31' title='bbox 277 789 496 828; x_wconf 85' lang='lat' dir='ltr'><strong>manum</strong></span> <span class='ocrx_word' id='word_1_32' title='bbox 521 770 774 828; x_wconf 82' lang='lat' dir='ltr'><strong>extulerit</strong></span> <span class='ocrx_word' id='word_1_33' title='bbox 795 770 998 841; x_wconf 91' lang='lat' dir='ltr'><strong>primus</strong></span> <span class='ocrx_word' id='word_1_34' title='bbox 1025 769 1068 824; x_wconf 89' lang='lat' dir='ltr'><strong>is</strong></span> <span class='ocrx_word' id='word_1_35' title='bbox 1097 767 1182 838; x_wconf 87' lang='lat' dir='ltr'><strong>qui</strong></span> <span class='ocrx_word' id='word_1_36' title='bbox 1210 765 1474 822; x_wconf 87' lang='lat' dir='ltr'><strong>secundus</strong></span> <span class='ocrx_word' id='word_1_37' title='bbox 1498 745 1744 837; x_wconf 72' lang='lat' dir='ltr'><strong>egressus</strong></span> <span class='ocrx_word' id='word_1_38' title='bbox 1763 775 1864 819; x_wconf 81' lang='lat' dir='ltr'><strong>est.</strong></span> 
     </span>
    </p>
   </div>
   <div class='ocr_carea' id='block_1_6' title="bbox 277 856 1872 934">
    <p class='ocr_par' dir='ltr' id='par_1_6' title="bbox 277 856 1872 934">
     <span class='ocr_line' id='line_1_6' title="bbox 277 856 1872 934; baseline -0.004 -16"><span class='ocrx_word' id='word_1_39' title='bbox 277 864 566 932; x_wconf 81' lang='lat' dir='ltr'><strong>Quodnam</strong></span> <span class='ocrx_word' id='word_1_40' title='bbox 582 863 741 934; x_wconf 78' lang='lat' dir='ltr'><strong>igitur</strong></span> <span class='ocrx_word' id='word_1_41' title='bbox 759 861 861 917; x_wconf 93' lang='lat' dir='ltr'><strong>hoc</strong></span> <span class='ocrx_word' id='word_1_42' title='bbox 885 861 1107 930; x_wconf 61' lang='lat' dir='ltr'><strong>aenigma</strong></span> <span class='ocrx_word' id='word_1_43' title='bbox 1121 859 1240 913; x_wconf 84' lang='lat' dir='ltr'><strong>est?</strong></span> <span class='ocrx_word' id='word_1_44' title='bbox 1268 858 1466 925; x_wconf 85' lang='lat' dir='ltr'><strong>Primo,</strong></span> <span class='ocrx_word' id='word_1_45' title='bbox 1483 873 1550 913; x_wconf 85' lang='lat' dir='ltr'><strong>ex</strong></span> <span class='ocrx_word' id='word_1_46' title='bbox 1577 857 1691 928; x_wconf 88' lang='lat' dir='ltr'><strong>ipso</strong></span> <span class='ocrx_word' id='word_1_47' title='bbox 1718 856 1872 926; x_wconf 89' lang='lat' dir='ltr'><strong>pueri</strong></span> 
     </span>
    </p>
   </div>
   <div class='ocr_carea' id='block_1_7' title="bbox 279 948 1870 1025">
    <p class='ocr_par' dir='ltr' id='par_1_7' title="bbox 279 948 1870 1025">
     <span class='ocr_line' id='line_1_7' title="bbox 279 948 1870 1025; baseline -0.004 -15"><span class='ocrx_word' id='word_1_48' title='bbox 279 954 503 1010; x_wconf 83' lang='lat' dir='ltr'><strong>nomine</strong></span> <span class='ocrx_word' id='word_1_49' title='bbox 529 953 881 1025; x_wconf 63' lang='lat' dir='ltr'><strong>quaestionem</strong></span> <span class='ocrx_word' id='word_1_50' title='bbox 907 951 1168 1007; x_wconf 84' lang='lat' dir='ltr'><strong>solvimus</strong></span> <span class='ocrx_word' id='word_1_51' title='bbox 1193 965 1208 1003; x_wconf 89' lang='lat'><strong>:</strong></span> <span class='ocrx_word' id='word_1_52' title='bbox 1231 949 1434 1005; x_wconf 81' lang='lat' dir='ltr'><strong>Phares</strong></span> <span class='ocrx_word' id='word_1_53' title='bbox 1461 964 1606 1005; x_wconf 80' lang='lat' dir='ltr'><strong>enim</strong></span> <span class='ocrx_word' id='word_1_54' title='bbox 1633 958 1716 1003; x_wconf 89' lang='lat' dir='ltr'><strong>est</strong></span> <span class='ocrx_word' id='word_1_55' title='bbox 1735 948 1870 1003; x_wconf 85' lang='lat' dir='ltr'><strong>divi-</strong></span> 
     </span>
    </p>
   </div>
   <div class='ocr_carea' id='block_1_8' title="bbox 279 1041 1869 1112">
    <p class='ocr_par' dir='ltr' id='par_1_8' title="bbox 279 1041 1869 1112">
     <span class='ocr_line' id='line_1_8' title="bbox 279 1041 1869 1112; baseline -0.006 -10"><span class='ocrx_word' id='word_1_56' title='bbox 279 1049 365 1102; x_wconf 89' lang='lat' dir='ltr'><strong>sio</strong></span> <span class='ocrx_word' id='word_1_57' title='bbox 393 1054 448 1102; x_wconf 94' lang='lat' dir='ltr'><strong>et</strong></span> <span class='ocrx_word' id='word_1_58' title='bbox 461 1045 720 1102; x_wconf 82' lang='lat' dir='ltr'><strong>concisio.</strong></span> <span class='ocrx_word' id='word_1_59' title='bbox 747 1043 996 1100; x_wconf 90' lang='lat' dir='ltr'><strong>Secundo</strong></span> <span class='ocrx_word' id='word_1_60' title='bbox 1011 1057 1077 1098; x_wconf 90' lang='lat' dir='ltr'><strong>ex</strong></span> <span class='ocrx_word' id='word_1_61' title='bbox 1101 1042 1213 1112; x_wconf 88' lang='lat' dir='ltr'><strong>ipsa</strong></span> <span class='ocrx_word' id='word_1_62' title='bbox 1235 1056 1293 1096; x_wconf 89' lang='lat' dir='ltr'><strong>re</strong></span> <span class='ocrx_word' id='word_1_63' title='bbox 1313 1050 1498 1110; x_wconf 87' lang='lat' dir='ltr'><strong>gesta:</strong></span> <span class='ocrx_word' id='word_1_64' title='bbox 1529 1055 1701 1110; x_wconf 89' lang='lat' dir='ltr'><strong>neque</strong></span> <span class='ocrx_word' id='word_1_65' title='bbox 1724 1041 1869 1095; x_wconf 91' lang='lat' dir='ltr'><strong>enim</strong></span> 
     </span>
    </p>
   </div>
   <div class='ocr_carea' id='block_1_9' title="bbox 280 1129 1872 1204">
    <p class='ocr_par' dir='ltr' id='par_1_9' title="bbox 280 1129 1872 1204">
     <span class='ocr_line' id='line_1_9' title="bbox 280 1129 1872 1204; baseline -0.005 -12"><span class='ocrx_word' id='word_1_66' title='bbox 280 1152 349 1192; x_wconf 90' lang='lat' dir='ltr'><strong>ex</strong></span> <span class='ocrx_word' id='word_1_67' title='bbox 405 1135 636 1191; x_wconf 79' lang='lat' dir='ltr'><strong>naturali</strong></span> <span class='ocrx_word' id='word_1_68' title='bbox 689 1132 1070 1204; x_wconf 90' lang='lat' dir='ltr'><strong>consequentia</strong></span> <span class='ocrx_word' id='word_1_69' title='bbox 1124 1140 1244 1187; x_wconf 90' lang='lat' dir='ltr'><strong>erat</strong></span> <span class='ocrx_word' id='word_1_70' title='bbox 1282 1144 1404 1186; x_wconf 90' lang='lat' dir='ltr'><strong>eum</strong></span> <span class='ocrx_word' id='word_1_71' title='bbox 1453 1129 1543 1200; x_wconf 89' lang='lat' dir='ltr'><strong>qui</strong></span> <span class='ocrx_word' id='word_1_72' title='bbox 1590 1129 1872 1184; x_wconf 87' lang='lat' dir='ltr'><strong>extulisset</strong></span> 
     </span>
    </p>
   </div>
   <div class='ocr_carea' id='block_1_10' title="bbox 281 1217 1872 1295">
    <p class='ocr_par' dir='ltr' id='par_1_10' title="bbox 281 1217 1872 1295">
     <span class='ocr_line' id='line_1_10' title="bbox 281 1217 1872 1295; baseline -0.006 -13"><span class='ocrx_word' id='word_1_73' title='bbox 281 1242 527 1292; x_wconf 89' lang='lat' dir='ltr'><strong>manum,</strong></span> <span class='ocrx_word' id='word_1_74' title='bbox 566 1226 736 1295; x_wconf 85' lang='lat' dir='ltr'><strong>ipsam</strong></span> <span class='ocrx_word' id='word_1_75' title='bbox 759 1232 940 1294; x_wconf 89' lang='lat' dir='ltr'><strong>postea</strong></span> <span class='ocrx_word' id='word_1_76' title='bbox 970 1219 1246 1276; x_wconf 87' lang='lat' dir='ltr'><strong>retrahere</strong></span> <span class='ocrx_word' id='word_1_77' title='bbox 1271 1219 1522 1289; x_wconf 84' lang='lat' dir='ltr'><strong>ligatam;</strong></span> <span class='ocrx_word' id='word_1_78' title='bbox 1554 1233 1657 1273; x_wconf 90' lang='lat' dir='ltr'><strong>nec</strong></span> <span class='ocrx_word' id='word_1_79' title='bbox 1693 1217 1748 1273; x_wconf 90' lang='lat' dir='ltr'><strong>id</strong></span> <span class='ocrx_word' id='word_1_80' title='bbox 1789 1233 1872 1272; x_wconf 85' lang='lat' dir='ltr'><strong>ra-</strong></span> 
     </span>
    </p>
   </div>
   <div class='ocr_carea' id='block_1_11' title="bbox 285 1311 1872 1381">
    <p class='ocr_par' dir='ltr' id='par_1_11' title="bbox 285 1311 1872 1381">
     <span class='ocr_line' id='line_1_11' title="bbox 285 1311 1872 1381; baseline -0.005 -7"><span class='ocrx_word' id='word_1_81' title='bbox 285 1320 419 1376; x_wconf 89' lang='lat' dir='ltr'><strong>tioni</strong></span> <span class='ocrx_word' id='word_1_82' title='bbox 447 1318 536 1373; x_wconf 90' lang='lat' dir='ltr'><strong>vel</strong></span> <span class='ocrx_word' id='word_1_83' title='bbox 563 1326 765 1372; x_wconf 66' lang='lat' dir='ltr'><strong>natura:</strong></span> <span class='ocrx_word' id='word_1_84' title='bbox 808 1329 1107 1371; x_wconf 89' lang='lat' dir='ltr'><strong>consonum</strong></span> <span class='ocrx_word' id='word_1_85' title='bbox 1135 1313 1367 1368; x_wconf 89' lang='lat' dir='ltr'><strong>videtur.</strong></span> <span class='ocrx_word' id='word_1_86' title='bbox 1417 1311 1552 1367; x_wconf 86' lang='lat' dir='ltr'><strong>Nam</strong></span> <span class='ocrx_word' id='word_1_87' title='bbox 1599 1311 1872 1381; x_wconf 64' lang='lat' dir='ltr'><strong>praemissa</strong></span> 
     </span>
    </p>
   </div>
   <div class='ocr_carea' id='block_1_12' title="bbox 282 1401 1874 1481">
    <p class='ocr_par' dir='ltr' id='par_1_12' title="bbox 282 1401 1874 1481">
     <span class='ocr_line' id='line_1_12' title="bbox 282 1401 1874 1481; baseline -0.006 -15"><span class='ocrx_word' id='word_1_88' title='bbox 282 1409 505 1481; x_wconf 90' lang='lat' dir='ltr'><strong>quidem</strong></span> <span class='ocrx_word' id='word_1_89' title='bbox 522 1409 678 1464; x_wconf 87' lang='lat' dir='ltr'><strong>unius</strong></span> <span class='ocrx_word' id='word_1_90' title='bbox 697 1421 880 1474; x_wconf 90' lang='lat' dir='ltr'><strong>manu,</strong></span> <span class='ocrx_word' id='word_1_91' title='bbox 908 1405 1138 1460; x_wconf 89' lang='lat' dir='ltr'><strong>alterum</strong></span> <span class='ocrx_word' id='word_1_92' title='bbox 1161 1401 1364 1474; x_wconf 88' lang='lat' dir='ltr'><strong>egredi,</strong></span> <span class='ocrx_word' id='word_1_93' title='bbox 1388 1401 1439 1457; x_wconf 90' lang='lat' dir='ltr'><strong>id</strong></span> <span class='ocrx_word' id='word_1_94' title='bbox 1466 1401 1604 1457; x_wconf 91' lang='lat' dir='ltr'><strong>forte</strong></span> <span class='ocrx_word' id='word_1_95' title='bbox 1629 1401 1874 1457; x_wconf 84' lang='lat' dir='ltr'><strong>naturale</strong></span> 
     </span>
    </p>
   </div>
   <div class='ocr_carea' id='block_1_13' title="bbox 285 1492 1871 1567">
    <p class='ocr_par' dir='ltr' id='par_1_13' title="bbox 285 1492 1871 1567">
     <span class='ocr_line' id='line_1_13' title="bbox 285 1492 1871 1567; baseline -0.007 -9"><span class='ocrx_word' id='word_1_96' title='bbox 285 1501 496 1567; x_wconf 82' lang='lat' dir='ltr'><strong>fuerit;</strong></span> <span class='ocrx_word' id='word_1_97' title='bbox 517 1498 614 1555; x_wconf 84' lang='lat' dir='ltr'><strong>sed</strong></span> <span class='ocrx_word' id='word_1_98' title='bbox 643 1505 872 1554; x_wconf 89' lang='lat' dir='ltr'><strong>retracta</strong></span> <span class='ocrx_word' id='word_1_99' title='bbox 900 1509 1088 1563; x_wconf 88' lang='lat' dir='ltr'><strong>manu,</strong></span> <span class='ocrx_word' id='word_1_100' title='bbox 1115 1493 1268 1548; x_wconf 88' lang='lat' dir='ltr'><strong>alteri</strong></span> <span class='ocrx_word' id='word_1_101' title='bbox 1299 1492 1580 1548; x_wconf 88' lang='lat' dir='ltr'><strong>transitum</strong></span> <span class='ocrx_word' id='word_1_102' title='bbox 1608 1492 1871 1561; x_wconf 67' lang='lat' dir='ltr'><strong>praebere,</strong></span> 
     </span>
    </p>
   </div>
   <div class='ocr_carea' id='block_1_14' title="bbox 288 1585 1876 1651">
    <p class='ocr_par' dir='ltr' id='par_1_14' title="bbox 288 1585 1876 1651">
     <span class='ocr_line' id='line_1_14' title="bbox 288 1585 1876 1651; baseline -0.006 0"><span class='ocrx_word' id='word_1_103' title='bbox 288 1596 344 1651; x_wconf 88' lang='lat' dir='ltr'><strong>id</strong></span> <span class='ocrx_word' id='word_1_104' title='bbox 367 1611 476 1650; x_wconf 89' lang='lat' dir='ltr'><strong>non</strong></span> <span class='ocrx_word' id='word_1_105' title='bbox 508 1593 568 1648; x_wconf 88' lang='lat' dir='ltr'><strong>fit</strong></span> <span class='ocrx_word' id='word_1_106' title='bbox 609 1607 676 1648; x_wconf 85' lang='lat' dir='ltr'><strong>ex</strong></span> <span class='ocrx_word' id='word_1_107' title='bbox 716 1606 869 1646; x_wconf 88' lang='lat' dir='ltr'><strong>more</strong></span> <span class='ocrx_word' id='word_1_108' title='bbox 914 1587 1249 1644; x_wconf 89' lang='lat' dir='ltr'><strong>nascentium</strong></span> <span class='ocrx_word' id='word_1_109' title='bbox 1275 1603 1288 1641; x_wconf 91' lang='lat'>:</span> <span class='ocrx_word' id='word_1_110' title='bbox 1319 1601 1508 1642; x_wconf 89' lang='lat' dir='ltr'><strong>verum</strong></span> <span class='ocrx_word' id='word_1_111' title='bbox 1539 1585 1728 1642; x_wconf 87' lang='lat' dir='ltr'><strong>aderat</strong></span> <span class='ocrx_word' id='word_1_112' title='bbox 1779 1586 1876 1641; x_wconf 87' lang='lat' dir='ltr'><strong>Dei</strong></span> 
     </span>
    </p>
   </div>
   <div class='ocr_carea' id='block_1_15' title="bbox 284 1677 1877 1757">
    <p class='ocr_par' dir='ltr' id='par_1_15' title="bbox 284 1677 1877 1757">
     <span class='ocr_line' id='line_1_15' title="bbox 284 1677 1877 1757; baseline -0.005 -16"><span class='ocrx_word' id='word_1_113' title='bbox 284 1685 462 1757; x_wconf 84' lang='lat' dir='ltr'><strong>gratia</strong></span> <span class='ocrx_word' id='word_1_114' title='bbox 487 1698 608 1755; x_wconf 60' lang='lat' dir='ltr'><strong>qua;</strong></span> <span class='ocrx_word' id='word_1_115' title='bbox 637 1682 754 1738; x_wconf 71' lang='lat' dir='ltr'><strong>haec</strong></span> <span class='ocrx_word' id='word_1_116' title='bbox 779 1681 925 1736; x_wconf 88' lang='lat' dir='ltr'><strong>circa</strong></span> <span class='ocrx_word' id='word_1_117' title='bbox 951 1693 1148 1749; x_wconf 90' lang='lat' dir='ltr'><strong>pueros</strong></span> <span class='ocrx_word' id='word_1_118' title='bbox 1171 1677 1508 1747; x_wconf 89' lang='lat' dir='ltr'><strong>dispensaret</strong></span> <span class='ocrx_word' id='word_1_119' title='bbox 1527 1718 1543 1743; x_wconf 87' lang='lat'><strong>,</strong></span> <span class='ocrx_word' id='word_1_120' title='bbox 1563 1685 1618 1733; x_wconf 93' lang='lat' dir='ltr'><strong>et</strong></span> <span class='ocrx_word' id='word_1_121' title='bbox 1643 1692 1738 1746; x_wconf 91' lang='lat' dir='ltr'><strong>per</strong></span> <span class='ocrx_word' id='word_1_122' title='bbox 1760 1677 1877 1733; x_wconf 66' lang='lat' dir='ltr'><strong>haec</strong></span> 
     </span>
    </p>
   </div>
   <div class='ocr_carea' id='block_1_16' title="bbox 1979 480 3569 557">
    <p class='ocr_par' dir='ltr' id='par_1_16' title="bbox 1979 480 3569 557">
     <span class='ocr_line' id='line_1_16' title="bbox 1979 480 3569 557; baseline -0.006 -15"><span class='ocrx_word' id='word_1_123' title='bbox 1979 502 2148 557; x_wconf 86' lang='lat' dir='ltr'><strong>genus</strong></span> <span class='ocrx_word' id='word_1_124' title='bbox 2175 495 2232 541; x_wconf 88' lang='lat' dir='ltr'><strong>et</strong></span> <span class='ocrx_word' id='word_1_125' title='bbox 2260 485 2485 556; x_wconf 89' lang='lat' dir='ltr'><strong>patriam</strong></span> <span class='ocrx_word' id='word_1_126' title='bbox 2506 493 2560 539; x_wconf 91' lang='lat' dir='ltr'><strong>et</strong></span> <span class='ocrx_word' id='word_1_127' title='bbox 2590 495 2846 555; x_wconf 85' lang='lat' dir='ltr'><strong>cognatos</strong></span> <span class='ocrx_word' id='word_1_128' title='bbox 2866 527 2881 551; x_wconf 96' lang='lat'><strong>,</strong></span> <span class='ocrx_word' id='word_1_129' title='bbox 2914 498 3202 555; x_wconf 79' lang='lat' dir='ltr'><strong>numquam</strong></span> <span class='ocrx_word' id='word_1_130' title='bbox 3232 480 3320 537; x_wconf 84' lang='lat' dir='ltr'><strong>tali</strong></span> <span class='ocrx_word' id='word_1_131' title='bbox 3363 494 3569 534; x_wconf 83' lang='lat' dir='ltr'><strong>connu-</strong></span> 
     </span>
    </p>
   </div>
   <div class='ocr_carea' id='block_1_17' title="bbox 1981 573 3574 649">
    <p class='ocr_par' dir='ltr' id='par_1_17' title="bbox 1981 573 3574 649">
     <span class='ocr_line' id='line_1_17' title="bbox 1981 573 3574 649; baseline -0.006 -15"><span class='ocrx_word' id='word_1_132' title='bbox 1981 577 2071 634; x_wconf 89' lang='lat' dir='ltr'><strong>bio</strong></span> <span class='ocrx_word' id='word_1_133' title='bbox 2091 579 2305 649; x_wconf 82' lang='lat' dir='ltr'><strong>dignata</strong></span> <span class='ocrx_word' id='word_1_134' title='bbox 2329 578 2514 633; x_wconf 82' lang='lat' dir='ltr'><strong>fuisset</strong></span> <span class='ocrx_word' id='word_1_135' title='bbox 2542 595 2553 629; x_wconf 92' lang='lat'>:</span> <span class='ocrx_word' id='word_1_136' title='bbox 2585 579 2662 632; x_wconf 91' lang='lat' dir='ltr'><strong>sic</strong></span> <span class='ocrx_word' id='word_1_137' title='bbox 2691 577 2928 632; x_wconf 85' lang='lat' dir='ltr'><strong>Ecclesia</strong></span> <span class='ocrx_word' id='word_1_138' title='bbox 2980 577 3166 648; x_wconf 81' lang='lat' dir='ltr'><strong>patriis</strong></span> <span class='ocrx_word' id='word_1_139' title='bbox 3194 573 3433 630; x_wconf 89' lang='lat' dir='ltr'><strong>dimissis</strong></span> <span class='ocrx_word' id='word_1_140' title='bbox 3459 589 3574 626; x_wconf 65' lang='lat' dir='ltr'><strong>tuo.</strong></span> 
     </span>
    </p>
   </div>
   <div class='ocr_carea' id='block_1_18' title="bbox 1978 663 3602 754">
    <p class='ocr_par' dir='ltr' id='par_1_18' title="bbox 1978 663 3602 754">
     <span class='ocr_line' id='line_1_18' title="bbox 1978 663 3602 754; baseline -0.004 -30"><span class='ocrx_word' id='word_1_141' title='bbox 1978 669 2150 736; x_wconf 83' lang='lat' dir='ltr'><strong>ribus,</strong></span> <span class='ocrx_word' id='word_1_142' title='bbox 2184 678 2310 723; x_wconf 91' lang='lat' dir='ltr'><strong>tunc</strong></span> <span class='ocrx_word' id='word_1_143' title='bbox 2332 668 2583 754; x_wconf 77' lang='lat' dir='ltr'><strong>amabilis</strong></span> <span class='ocrx_word' id='word_1_144' title='bbox 2630 683 2832 738; x_wconf 81' lang='lat' dir='ltr'><strong>Sponso</strong></span> <span class='ocrx_word' id='word_1_145' title='bbox 2863 668 2978 722; x_wconf 91' lang='lat' dir='ltr'><strong>fuit.</strong></span> <span class='ocrx_word' id='word_1_146' title='bbox 3011 666 3166 735; x_wconf 88' lang='lat' dir='ltr'><strong>Quod</strong></span> <span class='ocrx_word' id='word_1_147' title='bbox 3210 675 3266 721; x_wconf 85' lang='lat' dir='ltr'><strong>et</strong></span> <span class='ocrx_word' id='word_1_148' title='bbox 3309 663 3602 736; x_wconf 50' lang='lat' dir='ltr'><strong>pmphetat</strong></span> 
     </span>
    </p>
   </div>
   <div class='ocr_carea' id='block_1_19' title="bbox 1981 761 3604 840">
    <p class='ocr_par' dir='ltr' id='par_1_19' title="bbox 1981 761 3604 840">
     <span class='ocr_line' id='line_1_19' title="bbox 1981 761 3604 840; baseline -0.007 -17"><span class='ocrx_word' id='word_1_149' title='bbox 1981 768 2154 837; x_wconf 86' lang='lat' dir='ltr'><strong>ipsam</strong></span> <span class='ocrx_word' id='word_1_150' title='bbox 2190 765 2472 834; x_wconf 80' lang='lat' dir='ltr'><strong>alloquens</strong></span> <span class='ocrx_word' id='word_1_151' title='bbox 2492 764 2765 819; x_wconf 85' lang='lat' dir='ltr'><strong>declarat:</strong></span> <span class='ocrx_word' id='word_1_152' title='bbox 2802 762 3106 817; x_wconf 78' lang='lat' dir='ltr'><strong>Oblivisccre</strong></span> <span class='ocrx_word' id='word_1_153' title='bbox 3131 761 3375 840; x_wconf 58' lang='lat' dir='ltr'><strong>populum</strong></span> <span class='ocrx_word' id='word_1_154' title='bbox 3404 772 3570 822; x_wconf 76' lang='lat' dir='ltr'><strong>tuum,</strong></span> <span class='ocrx_word' id='word_1_155' title='bbox 3601 819 3604 826; x_wconf 22' lang='lat' dir='ltr'><strong>I</strong></span> 
     </span>
    </p>
   </div>
   <div class='ocr_carea' id='block_1_20' title="bbox 1977 855 3572 927">
    <p class='ocr_par' dir='ltr' id='par_1_20' title="bbox 1977 855 3572 927">
     <span class='ocr_line' id='line_1_20' title="bbox 1977 855 3572 927; baseline -0.004 -15"><span class='ocrx_word' id='word_1_156' title='bbox 1977 867 2025 912; x_wconf 82' lang='lat' dir='ltr'><strong>et</strong></span> <span class='ocrx_word' id='word_1_157' title='bbox 2045 857 2252 912; x_wconf 69' lang='lat' dir='ltr'><strong>domum</strong></span> <span class='ocrx_word' id='word_1_158' title='bbox 2291 857 2452 927; x_wconf 79' lang='lat' dir='ltr'><strong>patris</strong></span> <span class='ocrx_word' id='word_1_159' title='bbox 2475 855 2569 920; x_wconf 88' lang='lat' dir='ltr'><strong>tui,</strong></span> <span class='ocrx_word' id='word_1_160' title='bbox 2598 865 2646 910; x_wconf 88' lang='lat' dir='ltr'><strong>et</strong></span> <span class='ocrx_word' id='word_1_161' title='bbox 2692 855 3009 922; x_wconf 79' lang='lat' dir='ltr'><strong>concupiscet</strong></span> <span class='ocrx_word' id='word_1_162' title='bbox 3051 870 3141 908; x_wconf 79' lang='lat' dir='ltr'><strong>rea:</strong></span> <span class='ocrx_word' id='word_1_163' title='bbox 3169 855 3399 907; x_wconf 75' lang='lat' dir='ltr'><strong>decorem</strong></span> <span class='ocrx_word' id='word_1_164' title='bbox 3428 861 3572 906; x_wconf 86' lang='lat' dir='ltr'><strong>tuum</strong></span> 
     </span>
    </p>
   </div>
   <div class='ocr_carea' id='block_1_21' title="bbox 1979 946 3579 1024">
    <p class='ocr_par' dir='ltr' id='par_1_21' title="bbox 1979 946 3579 1024">
     <span class='ocr_line' id='line_1_21' title="bbox 1979 946 3579 1024; baseline -0.005 -16"><span class='ocrx_word' id='word_1_165' title='bbox 1979 951 2154 1024; x_wconf 82' lang='lat' dir='ltr'><strong>(Psal.</strong></span> <span class='ocrx_word' id='word_1_166' title='bbox 2182 953 2274 1007; x_wconf 66' lang='grc' dir='ltr'><strong>Διί.</strong></span> <span class='ocrx_word' id='word_1_167' title='bbox 2297 952 2391 1007; x_wconf 77' lang='grc' dir='ltr'><strong>Η.</strong></span> <span class='ocrx_word' id='word_1_168' title='bbox 2430 950 2522 1022; x_wconf 72' lang='grc'><strong>12)</strong></span> <span class='ocrx_word' id='word_1_169' title='bbox 2553 966 2569 981; x_wconf 75' lang='grc'><strong><em>⁸</em></strong></span> <span class='ocrx_word' id='word_1_170' title='bbox 2603 946 2705 1005; x_wconf 85' lang='lat' dir='ltr'><strong>hoc</strong></span> <span class='ocrx_word' id='word_1_171' title='bbox 2745 957 2802 1005; x_wconf 83' lang='lat' dir='ltr'><strong>et</strong></span> <span class='ocrx_word' id='word_1_172' title='bbox 2847 948 2993 1004; x_wconf 77' lang='lat' dir='ltr'><strong>Ruth</strong></span> <span class='ocrx_word' id='word_1_173' title='bbox 3045 947 3210 1002; x_wconf 83' lang='lat' dir='ltr'><strong>fecit:</strong></span> <span class='ocrx_word' id='word_1_174' title='bbox 3241 947 3360 1002; x_wconf 79' lang='lat' dir='ltr'><strong>Ideo</strong></span> <span class='ocrx_word' id='word_1_175' title='bbox 3409 954 3579 1000; x_wconf 83' lang='lat' dir='ltr'><strong>mater</strong></span> 
     </span>
    </p>
   </div>
   <div class='ocr_carea' id='block_1_22' title="bbox 1977 1039 3580 1116">
    <p class='ocr_par' dir='ltr' id='par_1_22' title="bbox 1977 1039 3580 1116">
     <span class='ocr_line' id='line_1_22' title="bbox 1977 1039 3580 1116; baseline -0.004 -16"><span class='ocrx_word' id='word_1_176' title='bbox 1977 1060 2162 1116; x_wconf 79' lang='lat' dir='ltr'><strong>regum</strong></span> <span class='ocrx_word' id='word_1_177' title='bbox 2193 1045 2309 1110; x_wconf 90' lang='lat' dir='ltr'><strong>fuit,</strong></span> <span class='ocrx_word' id='word_1_178' title='bbox 2334 1041 2784 1116; x_wconf 80' lang='lat' dir='ltr'><strong>quemadmodum</strong></span> <span class='ocrx_word' id='word_1_179' title='bbox 2799 1050 2852 1096; x_wconf 87' lang='lat' dir='ltr'><strong>et</strong></span> <span class='ocrx_word' id='word_1_180' title='bbox 2875 1040 3108 1096; x_wconf 86' lang='lat' dir='ltr'><strong>Ecclesia</strong></span> <span class='ocrx_word' id='word_1_181' title='bbox 3135 1056 3148 1092; x_wconf 93' lang='lat'>:</span> <span class='ocrx_word' id='word_1_182' title='bbox 3173 1054 3241 1094; x_wconf 85' lang='lat' dir='ltr'><strong>ex</strong></span> <span class='ocrx_word' id='word_1_183' title='bbox 3272 1039 3359 1092; x_wconf 90' lang='lat' dir='ltr'><strong>illa</strong></span> <span class='ocrx_word' id='word_1_184' title='bbox 3381 1039 3580 1107; x_wconf 84' lang='lat' dir='ltr'><strong>quippe</strong></span> 
     </span>
    </p>
   </div>
   <div class='ocr_carea' id='block_1_23' title="bbox 1979 1131 3581 1205">
    <p class='ocr_par' dir='ltr' id='par_1_23' title="bbox 1979 1131 3581 1205">
     <span class='ocr_line' id='line_1_23' title="bbox 1979 1131 3581 1205; baseline -0.004 -13"><span class='ocrx_word' id='word_1_185' title='bbox 1979 1148 2130 1192; x_wconf 91' lang='lat' dir='ltr'><strong>ortus</strong></span> <span class='ocrx_word' id='word_1_186' title='bbox 2159 1147 2244 1194; x_wconf 90' lang='lat' dir='ltr'><strong>est</strong></span> <span class='ocrx_word' id='word_1_187' title='bbox 2270 1136 2462 1192; x_wconf 84' lang='lat' dir='ltr'><strong>David.</strong></span> <span class='ocrx_word' id='word_1_188' title='bbox 2497 1137 2599 1192; x_wconf 81' lang='lat' dir='ltr'><strong>Per</strong></span> <span class='ocrx_word' id='word_1_189' title='bbox 2622 1135 2737 1191; x_wconf 83' lang='lat' dir='ltr'><strong>haec</strong></span> <span class='ocrx_word' id='word_1_190' title='bbox 2779 1135 2942 1205; x_wconf 77' lang='lat' dir='ltr'><strong>igitur</strong></span> <span class='ocrx_word' id='word_1_191' title='bbox 2990 1134 3168 1188; x_wconf 85' lang='lat' dir='ltr'><strong>omnia</strong></span> <span class='ocrx_word' id='word_1_192' title='bbox 3217 1131 3420 1201; x_wconf 90' lang='lat' dir='ltr'><strong>pudore</strong></span> <span class='ocrx_word' id='word_1_193' title='bbox 3460 1132 3581 1186; x_wconf 86' lang='lat' dir='ltr'><strong>illos</strong></span> 
     </span>
    </p>
   </div>
   <div class='ocr_carea' id='block_1_24' title="bbox 1980 1222 3579 1298">
    <p class='ocr_par' dir='ltr' id='par_1_24' title="bbox 1980 1222 3579 1298">
     <span class='ocr_line' id='line_1_24' title="bbox 1980 1222 3579 1298; baseline -0.005 -16"><span class='ocrx_word' id='word_1_194' title='bbox 1980 1229 2239 1296; x_wconf 87' lang='lat' dir='ltr'><strong>afficiens,</strong></span> <span class='ocrx_word' id='word_1_195' title='bbox 2269 1228 2608 1298; x_wconf 86' lang='lat' dir='ltr'><strong>suadensque</strong></span> <span class='ocrx_word' id='word_1_196' title='bbox 2635 1242 2702 1281; x_wconf 91' lang='lat' dir='ltr'><strong>ne</strong></span> <span class='ocrx_word' id='word_1_197' title='bbox 2729 1226 2894 1282; x_wconf 89' lang='lat' dir='ltr'><strong>altum</strong></span> <span class='ocrx_word' id='word_1_198' title='bbox 2916 1233 3186 1294; x_wconf 85' lang='lat' dir='ltr'><strong>saperent,</strong></span> <span class='ocrx_word' id='word_1_199' title='bbox 3213 1222 3579 1293; x_wconf 77' lang='lat' dir='ltr'><strong>genealogiam</strong></span> 
     </span>
    </p>
   </div>
   <div class='ocr_carea' id='block_1_25' title="bbox 1981 1315 3578 1389">
    <p class='ocr_par' dir='ltr' id='par_1_25' title="bbox 1981 1315 3578 1389">
     <span class='ocr_line' id='line_1_25' title="bbox 1981 1315 3578 1389; baseline -0.004 -15"><span class='ocrx_word' id='word_1_200' title='bbox 1981 1325 2175 1387; x_wconf 83' lang='lat' dir='ltr'><strong>texuit,</strong></span> <span class='ocrx_word' id='word_1_201' title='bbox 2194 1321 2554 1389; x_wconf 84' lang='lat' dir='ltr'><strong>mulieresque</strong></span> <span class='ocrx_word' id='word_1_202' title='bbox 2578 1319 2708 1374; x_wconf 89' lang='lat' dir='ltr'><strong>istas</strong></span> <span class='ocrx_word' id='word_1_203' title='bbox 2730 1319 2782 1373; x_wconf 94' lang='lat' dir='ltr'><strong>in</strong></span> <span class='ocrx_word' id='word_1_204' title='bbox 2811 1317 3051 1373; x_wconf 88' lang='lat' dir='ltr'><strong>medium</strong></span> <span class='ocrx_word' id='word_1_205' title='bbox 3079 1316 3320 1386; x_wconf 84' lang='lat' dir='ltr'><strong>protulit.</strong></span> <span class='ocrx_word' id='word_1_206' title='bbox 3365 1315 3578 1369; x_wconf 84' lang='lat' dir='ltr'><strong>Etenim</strong></span> 
     </span>
    </p>
   </div>
   <div class='ocr_carea' id='block_1_26' title="bbox 1981 1406 3582 1482">
    <p class='ocr_par' dir='ltr' id='par_1_26' title="bbox 1981 1406 3582 1482">
     <span class='ocr_line' id='line_1_26' title="bbox 1981 1406 3582 1482; baseline -0.003 -15"><span class='ocrx_word' id='word_1_207' title='bbox 1981 1427 2234 1481; x_wconf 87' lang='lat' dir='ltr'><strong>magnum</strong></span> <span class='ocrx_word' id='word_1_208' title='bbox 2256 1412 2342 1466; x_wconf 91' lang='lat' dir='ltr'><strong>illa</strong></span> <span class='ocrx_word' id='word_1_209' title='bbox 2374 1428 2557 1482; x_wconf 80' lang='lat' dir='ltr'><strong>regem</strong></span> <span class='ocrx_word' id='word_1_210' title='bbox 2585 1428 2681 1482; x_wconf 86' lang='lat' dir='ltr'><strong>per</strong></span> <span class='ocrx_word' id='word_1_211' title='bbox 2711 1419 2934 1480; x_wconf 82' lang='lat' dir='ltr'><strong>nepotes</strong></span> <span class='ocrx_word' id='word_1_212' title='bbox 2963 1410 3185 1481; x_wconf 81' lang='lat' dir='ltr'><strong>genuit;</strong></span> <span class='ocrx_word' id='word_1_213' title='bbox 3218 1422 3392 1478; x_wconf 89' lang='lat' dir='ltr'><strong>neque</strong></span> <span class='ocrx_word' id='word_1_214' title='bbox 3418 1421 3481 1463; x_wconf 89' lang='lat' dir='ltr'><strong>ea</strong></span> <span class='ocrx_word' id='word_1_215' title='bbox 3515 1406 3582 1462; x_wconf 90' lang='lat' dir='ltr'><strong>dc</strong></span> 
     </span>
    </p>
   </div>
   <div class='ocr_carea' id='block_1_27' title="bbox 1982 1488 2552 1560">
    <p class='ocr_par' dir='ltr' id='par_1_27' title="bbox 1982 1488 2552 1560">
     <span class='ocr_line' id='line_1_27' title="bbox 1982 1488 2552 1560; baseline -0.004 0"><span class='ocrx_word' id='word_1_216' title='bbox 1982 1519 2041 1560; x_wconf 90' lang='lat' dir='ltr'><strong>re</strong></span> <span class='ocrx_word' id='word_1_217' title='bbox 2069 1504 2338 1560; x_wconf 89' lang='lat' dir='ltr'><strong>erubescit</strong></span> <span class='ocrx_word' id='word_1_218' title='bbox 2366 1488 2552 1558; x_wconf 81' lang='lat' dir='ltr'><strong>David.</strong></span> 
     </span>
    </p>
   </div>
   <div class='ocr_carea' id='block_1_28' title="bbox 2043 1658 3568 1740">
    <p class='ocr_par' dir='ltr' id='par_1_28' title="bbox 2043 1658 3568 1740">
     <span class='ocr_line' id='line_1_28' title="bbox 2043 1658 3568 1740; baseline -0.012 -13"><span class='ocrx_word' id='word_1_219' title='bbox 2043 1667 2287 1740; x_wconf 76' lang='lat' dir='ltr'><strong>Nequitia</strong></span> <span class='ocrx_word' id='word_1_220' title='bbox 2313 1674 2580 1738; x_wconf 76' lang='lat' dir='ltr'><strong>parentum</strong></span> <span class='ocrx_word' id='word_1_221' title='bbox 2605 1679 2706 1717; x_wconf 84' lang='lat' dir='ltr'><strong>non</strong></span> <span class='ocrx_word' id='word_1_222' title='bbox 2733 1667 2877 1716; x_wconf 83' lang='lat' dir='ltr'><strong>nocet</strong></span> <span class='ocrx_word' id='word_1_223' title='bbox 2910 1658 3079 1730; x_wconf 80' lang='lat' dir='ltr'><strong>probis</strong></span> <span class='ocrx_word' id='word_1_224' title='bbox 3100 1671 3120 1712; x_wconf 89' lang='lat'><strong><em>:</em></strong></span> <span class='ocrx_word' id='word_1_225' title='bbox 3143 1665 3416 1721; x_wconf 82' lang='lat' dir='ltr'><strong>parentum</strong></span> <span class='ocrx_word' id='word_1_226' title='bbox 3442 1671 3568 1726; x_wconf 84' lang='lat' dir='ltr'><strong>pro-</strong></span> 
     </span>
    </p>
   </div>
   <div class='ocr_carea' id='block_1_29' title="bbox 288 1749 3568 1843">
    <p class='ocr_par' dir='ltr' id='par_1_29' title="bbox 288 1749 3568 1843">
     <span class='ocr_line' id='line_1_29' title="bbox 288 1749 3568 1843; baseline -0.009 -13"><span class='ocrx_word' id='word_1_227' title='bbox 288 1749 592 1832; x_wconf 67' lang='lat' dir='ltr'><strong>futurorum</strong></span> <span class='ocrx_word' id='word_1_228' title='bbox 612 1771 896 1843; x_wconf 87' lang='lat' dir='ltr'><strong>quamdam</strong></span> <span class='ocrx_word' id='word_1_229' title='bbox 915 1769 1198 1838; x_wconf 78' lang='lat' dir='ltr'><strong>imaginem</strong></span> <span class='ocrx_word' id='word_1_230' title='bbox 1221 1767 1588 1824; x_wconf 85' lang='lat' dir='ltr'><strong>adumbraret.</strong></span> <span class='ocrx_word' id='word_1_231' title='bbox 1617 1767 1754 1836; x_wconf 84' lang='lat' dir='ltr'><strong>Quid</strong></span> <span class='ocrx_word' id='word_1_232' title='bbox 1779 1768 1881 1839; x_wconf 79' lang='lat' dir='ltr'><strong>igi-</strong></span> <span class='ocrx_word' id='word_1_233' title='bbox 1972 1763 2101 1818; x_wconf 90' lang='lat' dir='ltr'><strong>bitas</strong></span> <span class='ocrx_word' id='word_1_234' title='bbox 2145 1778 2249 1816; x_wconf 83' lang='lat' dir='ltr'><strong>non</strong></span> <span class='ocrx_word' id='word_1_235' title='bbox 2283 1759 2486 1829; x_wconf 83' lang='lat' dir='ltr'><strong>prodest</strong></span> <span class='ocrx_word' id='word_1_236' title='bbox 2513 1753 2774 1826; x_wconf 74' lang='lat' dir='ltr'><strong>improbis.</strong></span> <span class='ocrx_word' id='word_1_237' title='bbox 2806 1782 2878 1793; x_wconf 92' lang='lat'><strong><em>—</em></strong></span> <span class='ocrx_word' id='word_1_238' title='bbox 2903 1750 3020 1807; x_wconf 89' lang='lat' dir='ltr'><strong>Non</strong></span> <span class='ocrx_word' id='word_1_239' title='bbox 3051 1759 3226 1820; x_wconf 85' lang='lat' dir='ltr'><strong>potest</strong></span> <span class='ocrx_word' id='word_1_240' title='bbox 3265 1749 3431 1814; x_wconf 88' lang='lat' dir='ltr'><strong>enim,</strong></span> <span class='ocrx_word' id='word_1_241' title='bbox 3461 1763 3568 1802; x_wconf 90' lang='lat' dir='ltr'><strong>non</strong></span> 
     </span>
    </p>
   </div>
   <div class='ocr_carea' id='block_1_30' title="bbox 292 1841 3573 1934">
    <p class='ocr_par' dir='ltr' id='par_1_30' title="bbox 292 1841 3573 1934">
     <span class='ocr_line' id='line_1_30' title="bbox 292 1841 3573 1934; baseline -0.009 -11"><span class='ocrx_word' id='word_1_242' title='bbox 292 1877 383 1923; x_wconf 90' lang='lat' dir='ltr'><strong>tur</strong></span> <span class='ocrx_word' id='word_1_243' title='bbox 417 1867 572 1921; x_wconf 90' lang='lat' dir='ltr'><strong>aiunt</strong></span> <span class='ocrx_word' id='word_1_244' title='bbox 609 1841 824 1934; x_wconf 78' lang='lat' dir='ltr'><strong>quidam</strong></span> <span class='ocrx_word' id='word_1_245' title='bbox 873 1877 942 1916; x_wconf 90' lang='lat' dir='ltr'><strong>ex</strong></span> <span class='ocrx_word' id='word_1_246' title='bbox 989 1861 1096 1916; x_wconf 89' lang='lat' dir='ltr'><strong>illis</strong></span> <span class='ocrx_word' id='word_1_247' title='bbox 1139 1859 1230 1929; x_wconf 87' lang='lat' dir='ltr'><strong>qui</strong></span> <span class='ocrx_word' id='word_1_248' title='bbox 1272 1859 1389 1914; x_wconf 61' lang='lat' dir='ltr'><strong>haec</strong></span> <span class='ocrx_word' id='word_1_249' title='bbox 1427 1858 1878 1928; x_wconf 82' lang='lat' dir='ltr'><strong>exploraverunt?</strong></span> <span class='ocrx_word' id='word_1_250' title='bbox 1973 1863 2152 1924; x_wconf 88' lang='lat' dir='ltr'><strong>potest</strong></span> <span class='ocrx_word' id='word_1_251' title='bbox 2173 1853 2358 1921; x_wconf 91' lang='lat' dir='ltr'><strong>utique</strong></span> <span class='ocrx_word' id='word_1_252' title='bbox 2383 1849 2648 1921; x_wconf 89' lang='lat' dir='ltr'><strong>quispiam</strong></span> <span class='ocrx_word' id='word_1_253' title='bbox 2678 1861 2744 1902; x_wconf 86' lang='lat' dir='ltr'><strong>ex</strong></span> <span class='ocrx_word' id='word_1_254' title='bbox 2774 1846 2970 1900; x_wconf 90' lang='lat' dir='ltr'><strong>virtute</strong></span> <span class='ocrx_word' id='word_1_255' title='bbox 2997 1853 3173 1898; x_wconf 74' lang='lat' dir='ltr'><strong>antes</strong></span> <span class='ocrx_word' id='word_1_256' title='bbox 3197 1841 3430 1912; x_wconf 90' lang='lat' dir='ltr'><strong>nequitia</strong></span> <span class='ocrx_word' id='word_1_257' title='bbox 3461 1855 3573 1894; x_wconf 84' lang='lat' dir='ltr'><strong>ma-</strong></span> 
     </span>
    </p>
   </div>
   <div class='ocr_carea' id='block_1_31' title="bbox 292 1950 1880 2028">
    <p class='ocr_par' dir='ltr' id='par_1_31' title="bbox 292 1950 1880 2028">
     <span class='ocr_line' id='line_1_31' title="bbox 292 1950 1880 2028; baseline -0.007 -12"><span class='ocrx_word' id='word_1_258' title='bbox 292 1959 472 2016; x_wconf 79' lang='lat' dir='ltr'><strong>ﬂosce</strong></span> <span class='ocrx_word' id='word_1_259' title='bbox 521 1970 718 2028; x_wconf 88' lang='lat' dir='ltr'><strong>pueros</strong></span> <span class='ocrx_word' id='word_1_260' title='bbox 785 1955 1011 2008; x_wconf 90' lang='lat' dir='ltr'><strong>duorum</strong></span> <span class='ocrx_word' id='word_1_261' title='bbox 1068 1965 1192 2007; x_wconf 88' lang='lat' dir='ltr'><strong>esse</strong></span> <span class='ocrx_word' id='word_1_262' title='bbox 1250 1950 1568 2020; x_wconf 87' lang='lat' dir='ltr'><strong>populorum</strong></span> <span class='ocrx_word' id='word_1_263' title='bbox 1632 1952 1880 2023; x_wconf 80' lang='lat' dir='ltr'><strong>figurant.</strong></span> 
     </span>
    </p>
   </div>
   <div class='ocr_carea' id='block_1_32' title="bbox 292 2041 1879 2114">
    <p class='ocr_par' dir='ltr' id='par_1_32' title="bbox 292 2041 1879 2114">
     <span class='ocr_line' id='line_1_32' title="bbox 292 2041 1879 2114; baseline -0.006 -6"><span class='ocrx_word' id='word_1_264' title='bbox 292 2050 501 2108; x_wconf 84' lang='lat' dir='ltr'><strong>Deinde</strong></span> <span class='ocrx_word' id='word_1_265' title='bbox 549 2059 610 2102; x_wconf 92' lang='lat' dir='ltr'><strong>ut</strong></span> <span class='ocrx_word' id='word_1_266' title='bbox 652 2047 852 2113; x_wconf 87' lang='lat' dir='ltr'><strong>discas,</strong></span> <span class='ocrx_word' id='word_1_267' title='bbox 898 2041 1122 2100; x_wconf 88' lang='lat' dir='ltr'><strong>secundi</strong></span> <span class='ocrx_word' id='word_1_268' title='bbox 1151 2041 1333 2112; x_wconf 92' lang='lat' dir='ltr'><strong>populi</strong></span> <span class='ocrx_word' id='word_1_269' title='bbox 1359 2042 1658 2097; x_wconf 90' lang='lat' dir='ltr'><strong>institutum</strong></span> <span class='ocrx_word' id='word_1_270' title='bbox 1684 2043 1879 2114; x_wconf 90' lang='lat' dir='ltr'><strong>prioris</strong></span> 
     </span>
    </p>
   </div>
   <div class='ocr_carea' id='block_1_33' title="bbox 292 2133 1886 2212">
    <p class='ocr_par' dir='ltr' id='par_1_33' title="bbox 292 2133 1886 2212">
     <span class='ocr_line' id='line_1_33' title="bbox 292 2133 1886 2212; baseline -0.007 -13"><span class='ocrx_word' id='word_1_271' title='bbox 292 2142 438 2199; x_wconf 90' lang='lat' dir='ltr'><strong>ortui</strong></span> <span class='ocrx_word' id='word_1_272' title='bbox 466 2137 792 2212; x_wconf 61' lang='lat' dir='ltr'><strong>praeluxisse,</strong></span> <span class='ocrx_word' id='word_1_273' title='bbox 824 2150 1040 2192; x_wconf 88' lang='lat' dir='ltr'><strong>manum</strong></span> <span class='ocrx_word' id='word_1_274' title='bbox 1065 2133 1358 2204; x_wconf 75' lang='lat' dir='ltr'><strong>extendens</strong></span> <span class='ocrx_word' id='word_1_275' title='bbox 1383 2148 1514 2203; x_wconf 92' lang='lat' dir='ltr'><strong>puer</strong></span> <span class='ocrx_word' id='word_1_276' title='bbox 1557 2150 1664 2189; x_wconf 89' lang='lat' dir='ltr'><strong>non</strong></span> <span class='ocrx_word' id='word_1_277' title='bbox 1697 2148 1757 2190; x_wconf 90' lang='lat' dir='ltr'><strong>se</strong></span> <span class='ocrx_word' id='word_1_278' title='bbox 1801 2144 1886 2188; x_wconf 58' lang='lat' dir='ltr'><strong>to.</strong></span> 
     </span>
    </p>
   </div>
   <div class='ocr_carea' id='block_1_34' title="bbox 295 2225 1882 2297">
    <p class='ocr_par' dir='ltr' id='par_1_34' title="bbox 295 2225 1882 2297">
     <span class='ocr_line' id='line_1_34' title="bbox 295 2225 1882 2297; baseline -0.007 -6"><span class='ocrx_word' id='word_1_279' title='bbox 295 2247 411 2293; x_wconf 90' lang='lat' dir='ltr'><strong>tum</strong></span> <span class='ocrx_word' id='word_1_280' title='bbox 439 2231 676 2295; x_wconf 89' lang='lat' dir='ltr'><strong>exhibet,</strong></span> <span class='ocrx_word' id='word_1_281' title='bbox 708 2230 817 2284; x_wconf 88' lang='lat' dir='ltr'><strong>imo</strong></span> <span class='ocrx_word' id='word_1_282' title='bbox 845 2227 987 2282; x_wconf 90' lang='lat' dir='ltr'><strong>illam</strong></span> <span class='ocrx_word' id='word_1_283' title='bbox 1017 2235 1202 2297; x_wconf 88' lang='lat' dir='ltr'><strong>postea</strong></span> <span class='ocrx_word' id='word_1_284' title='bbox 1227 2225 1485 2290; x_wconf 88' lang='lat' dir='ltr'><strong>retrahit,</strong></span> <span class='ocrx_word' id='word_1_285' title='bbox 1519 2234 1574 2282; x_wconf 92' lang='lat' dir='ltr'><strong>ct</strong></span> <span class='ocrx_word' id='word_1_286' title='bbox 1603 2234 1882 2296; x_wconf 87' lang='lat' dir='ltr'><strong>postquam</strong></span> 
     </span>
    </p>
   </div>
   <div class='ocr_carea' id='block_1_35' title="bbox 294 2317 1879 2390">
    <p class='ocr_par' dir='ltr' id='par_1_35' title="bbox 294 2317 1879 2390">
     <span class='ocr_line' id='line_1_35' title="bbox 294 2317 1879 2390; baseline -0.006 -10"><span class='ocrx_word' id='word_1_287' title='bbox 294 2333 442 2380; x_wconf 87' lang='lat' dir='ltr'><strong>totus</strong></span> <span class='ocrx_word' id='word_1_288' title='bbox 465 2324 631 2377; x_wconf 90' lang='lat' dir='ltr'><strong>frater</strong></span> <span class='ocrx_word' id='word_1_289' title='bbox 655 2333 902 2390; x_wconf 85' lang='lat' dir='ltr'><strong>egressus</strong></span> <span class='ocrx_word' id='word_1_290' title='bbox 920 2327 1024 2382; x_wconf 88' lang='lat' dir='ltr'><strong>est,</strong></span> <span class='ocrx_word' id='word_1_291' title='bbox 1054 2324 1182 2371; x_wconf 91' lang='lat' dir='ltr'><strong>tunc</strong></span> <span class='ocrx_word' id='word_1_292' title='bbox 1210 2324 1264 2372; x_wconf 90' lang='lat' dir='ltr'><strong>et</strong></span> <span class='ocrx_word' id='word_1_293' title='bbox 1289 2317 1404 2386; x_wconf 89' lang='lat' dir='ltr'><strong>ipse</strong></span> <span class='ocrx_word' id='word_1_294' title='bbox 1433 2324 1576 2371; x_wconf 89' lang='lat' dir='ltr'><strong>totus</strong></span> <span class='ocrx_word' id='word_1_295' title='bbox 1610 2325 1833 2388; x_wconf 83' lang='lat' dir='ltr'><strong>apparet</strong></span> <span class='ocrx_word' id='word_1_296' title='bbox 1863 2333 1879 2369; x_wconf 90' lang='lat'><strong>:</strong></span> 
     </span>
    </p>
   </div>
   <div class='ocr_carea' id='block_1_36' title="bbox 296 2405 1884 2487">
    <p class='ocr_par' dir='ltr' id='par_1_36' title="bbox 296 2405 1884 2487">
     <span class='ocr_line' id='line_1_36' title="bbox 296 2405 1884 2487; baseline -0.007 -14"><span class='ocrx_word' id='word_1_297' title='bbox 296 2416 351 2473; x_wconf 88' lang='lat' dir='ltr'><strong>id</strong></span> <span class='ocrx_word' id='word_1_298' title='bbox 382 2414 528 2487; x_wconf 87' lang='lat' dir='ltr'><strong>quod</strong></span> <span class='ocrx_word' id='word_1_299' title='bbox 561 2412 726 2468; x_wconf 88' lang='lat' dir='ltr'><strong>etiam</strong></span> <span class='ocrx_word' id='word_1_300' title='bbox 752 2411 804 2466; x_wconf 89' lang='lat' dir='ltr'><strong>in</strong></span> <span class='ocrx_word' id='word_1_301' title='bbox 845 2407 1054 2463; x_wconf 90' lang='lat' dir='ltr'><strong>duobus</strong></span> <span class='ocrx_word' id='word_1_302' title='bbox 1105 2406 1315 2477; x_wconf 83' lang='lat' dir='ltr'><strong>pupulis</strong></span> <span class='ocrx_word' id='word_1_303' title='bbox 1353 2407 1562 2476; x_wconf 85' lang='lat' dir='ltr'><strong>gestum</strong></span> <span class='ocrx_word' id='word_1_304' title='bbox 1614 2417 1717 2462; x_wconf 84' lang='lat' dir='ltr'><strong>est.</strong></span> <span class='ocrx_word' id='word_1_305' title='bbox 1747 2405 1884 2462; x_wconf 85' lang='lat' dir='ltr'><strong>Nam</strong></span> 
     </span>
    </p>
   </div>
   <div class='ocr_carea' id='block_1_37' title="bbox 295 2497 1884 2568">
    <p class='ocr_par' dir='ltr' id='par_1_37' title="bbox 295 2497 1884 2568">
     <span class='ocr_line' id='line_1_37' title="bbox 295 2497 1884 2568; baseline -0.012 -1"><span class='ocrx_word' id='word_1_306' title='bbox 295 2525 422 2568; x_wconf 88' lang='lat' dir='ltr'><strong>cum</strong></span> <span class='ocrx_word' id='word_1_307' title='bbox 451 2505 868 2565; x_wconf 88' lang='lat' dir='ltr'><strong>ecclesiasticum</strong></span> <span class='ocrx_word' id='word_1_308' title='bbox 896 2499 1197 2555; x_wconf 91' lang='lat' dir='ltr'><strong>institutum</strong></span> <span class='ocrx_word' id='word_1_309' title='bbox 1228 2498 1280 2552; x_wconf 93' lang='lat' dir='ltr'><strong>in</strong></span> <span class='ocrx_word' id='word_1_310' title='bbox 1309 2497 1501 2553; x_wconf 91' lang='lat' dir='ltr'><strong>diebus</strong></span> <span class='ocrx_word' id='word_1_311' title='bbox 1535 2497 1762 2552; x_wconf 83' lang='lat' dir='ltr'><strong>Abrahae</strong></span> <span class='ocrx_word' id='word_1_312' title='bbox 1783 2512 1884 2567; x_wconf 89' lang='lat' dir='ltr'><strong>ap-</strong></span> 
     </span>
    </p>
   </div>
   <div class='ocr_carea' id='block_1_38' title="bbox 297 2587 1883 2674">
    <p class='ocr_par' dir='ltr' id='par_1_38' title="bbox 297 2587 1883 2674">
     <span class='ocr_line' id='line_1_38' title="bbox 297 2587 1883 2674; baseline -0.011 -17"><span class='ocrx_word' id='word_1_313' title='bbox 297 2601 588 2674; x_wconf 84' lang='lat' dir='ltr'><strong>paruisset,</strong></span> <span class='ocrx_word' id='word_1_314' title='bbox 639 2594 937 2662; x_wconf 91' lang='lat' dir='ltr'><strong>deindeque</strong></span> <span class='ocrx_word' id='word_1_315' title='bbox 986 2591 1039 2645; x_wconf 93' lang='lat' dir='ltr'><strong>in</strong></span> <span class='ocrx_word' id='word_1_316' title='bbox 1079 2589 1258 2645; x_wconf 91' lang='lat' dir='ltr'><strong>medio</strong></span> <span class='ocrx_word' id='word_1_317' title='bbox 1308 2601 1656 2658; x_wconf 90' lang='lat' dir='ltr'><strong>suppressum</strong></span> <span class='ocrx_word' id='word_1_318' title='bbox 1674 2587 1883 2657; x_wconf 83' lang='lat' dir='ltr'><strong>fuisset,</strong></span> 
     </span>
    </p>
   </div>
   <div class='ocr_carea' id='block_1_39' title="bbox 296 2680 1886 2757">
    <p class='ocr_par' dir='ltr' id='par_1_39' title="bbox 296 2680 1886 2757">
     <span class='ocr_line' id='line_1_39' title="bbox 296 2680 1886 2757; baseline -0.009 -6"><span class='ocrx_word' id='word_1_319' title='bbox 296 2695 448 2751; x_wconf 78' lang='lat' dir='ltr'><strong>venit</strong></span> <span class='ocrx_word' id='word_1_320' title='bbox 470 2690 719 2748; x_wconf 68' lang='lat' dir='ltr'><strong>Iudaicus</strong></span> <span class='ocrx_word' id='word_1_321' title='bbox 741 2684 968 2757; x_wconf 89' lang='lat' dir='ltr'><strong>populus</strong></span> <span class='ocrx_word' id='word_1_322' title='bbox 987 2692 1041 2739; x_wconf 91' lang='lat' dir='ltr'><strong>et</strong></span> <span class='ocrx_word' id='word_1_323' title='bbox 1064 2680 1362 2737; x_wconf 88' lang='lat' dir='ltr'><strong>institutum</strong></span> <span class='ocrx_word' id='word_1_324' title='bbox 1392 2680 1559 2750; x_wconf 88' lang='lat' dir='ltr'><strong>legale</strong></span> <span class='ocrx_word' id='word_1_325' title='bbox 1581 2720 1597 2742; x_wconf 91' lang='lat'><strong>,</strong></span> <span class='ocrx_word' id='word_1_326' title='bbox 1625 2688 1680 2734; x_wconf 90' lang='lat' dir='ltr'><strong>et</strong></span> <span class='ocrx_word' id='word_1_327' title='bbox 1700 2691 1886 2749; x_wconf 85' lang='lat' dir='ltr'><strong>postea</strong></span> 
     </span>
    </p>
   </div>
   <div class='ocr_carea' id='block_1_40' title="bbox 298 2773 1884 2855">
    <p class='ocr_par' dir='ltr' id='par_1_40' title="bbox 298 2773 1884 2855">
     <span class='ocr_line' id='line_1_40' title="bbox 298 2773 1884 2855; baseline -0.01 -10"><span class='ocrx_word' id='word_1_328' title='bbox 298 2801 476 2846; x_wconf 83' lang='lat' dir='ltr'><strong>novus</strong></span> <span class='ocrx_word' id='word_1_329' title='bbox 500 2786 590 2841; x_wconf 89' lang='lat' dir='ltr'><strong>ille</strong></span> <span class='ocrx_word' id='word_1_330' title='bbox 615 2781 842 2855; x_wconf 89' lang='lat' dir='ltr'><strong>populus</strong></span> <span class='ocrx_word' id='word_1_331' title='bbox 877 2794 998 2833; x_wconf 91' lang='lat' dir='ltr'><strong>cum</strong></span> <span class='ocrx_word' id='word_1_332' title='bbox 1028 2777 1229 2847; x_wconf 82' lang='lat' dir='ltr'><strong>legibus</strong></span> <span class='ocrx_word' id='word_1_333' title='bbox 1255 2776 1385 2830; x_wconf 89' lang='lat' dir='ltr'><strong>suis.</strong></span> <span class='ocrx_word' id='word_1_334' title='bbox 1416 2774 1642 2844; x_wconf 89' lang='lat' dir='ltr'><strong>Ideoque</strong></span> <span class='ocrx_word' id='word_1_335' title='bbox 1674 2775 1749 2828; x_wconf 92' lang='lat' dir='ltr'><strong>ait</strong></span> <span class='ocrx_word' id='word_1_336' title='bbox 1785 2773 1884 2829; x_wconf 85' lang='lat' dir='ltr'><strong>ob-</strong></span> 
     </span>
    </p>
   </div>
   <div class='ocr_carea' id='block_1_41' title="bbox 300 2863 1887 2939">
    <p class='ocr_par' dir='ltr' id='par_1_41' title="bbox 300 2863 1887 2939">
     <span class='ocr_line' id='line_1_41' title="bbox 300 2863 1887 2939; baseline -0.011 -2"><span class='ocrx_word' id='word_1_337' title='bbox 300 2879 491 2937; x_wconf 81' lang='lat' dir='ltr'><strong>stetrix</strong></span> <span class='ocrx_word' id='word_1_338' title='bbox 521 2894 535 2930; x_wconf 92' lang='lat'>:</span> <span class='ocrx_word' id='word_1_339' title='bbox 565 2875 669 2930; x_wconf 80' lang='lat' dir='ltr'><strong>Cur</strong></span> <span class='ocrx_word' id='word_1_340' title='bbox 696 2872 864 2928; x_wconf 70' lang='lat' dir='ltr'><strong>excisa</strong></span> <span class='ocrx_word' id='word_1_341' title='bbox 888 2879 962 2924; x_wconf 87' lang='lat' dir='ltr'><strong>est</strong></span> <span class='ocrx_word' id='word_1_342' title='bbox 989 2877 1193 2939; x_wconf 87' lang='lat' dir='ltr'><strong>prapter</strong></span> <span class='ocrx_word' id='word_1_343' title='bbox 1232 2874 1279 2921; x_wconf 85' lang='lat' dir='ltr'><strong>te</strong></span> <span class='ocrx_word' id='word_1_344' title='bbox 1309 2883 1452 2936; x_wconf 85' lang='lat' dir='ltr'><strong>sepes</strong></span> <span class='ocrx_word' id='word_1_345' title='bbox 1473 2866 1498 2921; x_wconf 78' lang='lat'><strong><em>?</em></strong></span> <span class='ocrx_word' id='word_1_346' title='bbox 1516 2867 1636 2935; x_wconf 88' lang='lat' dir='ltr'><strong>quia</strong></span> <span class='ocrx_word' id='word_1_347' title='bbox 1658 2863 1887 2920; x_wconf 81' lang='lat' dir='ltr'><strong>instituti</strong></span> 
     </span>
    </p>
   </div>
   <div class='ocr_carea' id='block_1_42' title="bbox 299 2954 1883 3031">
    <p class='ocr_par' dir='ltr' id='par_1_42' title="bbox 299 2954 1883 3031">
     <span class='ocr_line' id='line_1_42' title="bbox 299 2954 1883 3031; baseline -0.012 -4"><span class='ocrx_word' id='word_1_348' title='bbox 299 2971 602 3028; x_wconf 83' lang='lat' dir='ltr'><strong>libertatem</strong></span> <span class='ocrx_word' id='word_1_349' title='bbox 627 2964 712 3018; x_wconf 86' lang='lat' dir='ltr'><strong>lex</strong></span> <span class='ocrx_word' id='word_1_350' title='bbox 735 2959 1113 3031; x_wconf 85' lang='lat' dir='ltr'><strong>superveniens</strong></span> <span class='ocrx_word' id='word_1_351' title='bbox 1134 2957 1408 3013; x_wconf 87' lang='lat' dir='ltr'><strong>dissecuit.</strong></span> <span class='ocrx_word' id='word_1_352' title='bbox 1458 2955 1667 3011; x_wconf 85' lang='lat' dir='ltr'><strong>Etenim</strong></span> <span class='ocrx_word' id='word_1_353' title='bbox 1711 2954 1883 3025; x_wconf 87' lang='lat' dir='ltr'><strong>legem</strong></span> 
     </span>
    </p>
   </div>
   <div class='ocr_carea' id='block_1_43' title="bbox 299 3039 1893 3126">
    <p class='ocr_par' dir='ltr' id='par_1_43' title="bbox 299 3039 1893 3126">
     <span class='ocr_line' id='line_1_43' title="bbox 299 3039 1893 3126; baseline -0.011 -15"><span class='ocrx_word' id='word_1_354' title='bbox 299 3054 583 3126; x_wconf 78' lang='lat' dir='ltr'><strong>Scriptura</strong></span> <span class='ocrx_word' id='word_1_355' title='bbox 608 3068 792 3124; x_wconf 84' lang='lat' dir='ltr'><strong>sepem</strong></span> <span class='ocrx_word' id='word_1_356' title='bbox 817 3063 1016 3105; x_wconf 84' lang='lat' dir='ltr'><strong>vocare</strong></span> <span class='ocrx_word' id='word_1_357' title='bbox 1049 3047 1217 3112; x_wconf 90' lang='lat' dir='ltr'><strong>solet;</strong></span> <span class='ocrx_word' id='word_1_358' title='bbox 1245 3045 1386 3100; x_wconf 87' lang='lat' dir='ltr'><strong>sicut</strong></span> <span class='ocrx_word' id='word_1_359' title='bbox 1414 3041 1580 3098; x_wconf 85' lang='lat' dir='ltr'><strong>David</strong></span> <span class='ocrx_word' id='word_1_360' title='bbox 1627 3039 1893 3111; x_wconf 85' lang='lat' dir='ltr'><strong>propheta</strong></span> 
     </span>
    </p>
   </div>
   <div class='ocr_carea' id='block_1_44' title="bbox 299 3135 1898 3212">
    <p class='ocr_par' dir='ltr' id='par_1_44' title="bbox 299 3135 1898 3212">
     <span class='ocr_line' id='line_1_44' title="bbox 299 3135 1898 3212; baseline -0.011 -10"><span class='ocrx_word' id='word_1_361' title='bbox 299 3147 457 3212; x_wconf 86' lang='lat' dir='ltr'><strong>dicit,</strong></span> <span class='ocrx_word' id='word_1_362' title='bbox 491 3143 761 3200; x_wconf 70' lang='lat' dir='ltr'><strong>Sustulisti</strong></span> <span class='ocrx_word' id='word_1_363' title='bbox 783 3157 947 3212; x_wconf 76' lang='lat' dir='ltr'><strong>sepem</strong></span> <span class='ocrx_word' id='word_1_364' title='bbox 971 3140 1104 3206; x_wconf 75' lang='lat' dir='ltr'><strong>eius.</strong></span> <span class='ocrx_word' id='word_1_365' title='bbox 1134 3146 1182 3191; x_wconf 81' lang='lat' dir='ltr'><strong>et</strong></span> <span class='ocrx_word' id='word_1_366' title='bbox 1216 3135 1525 3192; x_wconf 78' lang='lat' dir='ltr'><strong>vindemiant</strong></span> <span class='ocrx_word' id='word_1_367' title='bbox 1564 3148 1675 3187; x_wconf 86' lang='lat' dir='ltr'><strong>eam</strong></span> <span class='ocrx_word' id='word_1_368' title='bbox 1725 3146 1898 3185; x_wconf 83' lang='lat' dir='ltr'><strong>omnes</strong></span> 
     </span>
    </p>
   </div>
   <div class='ocr_carea' id='block_1_45' title="bbox 300 3218 1902 3309">
    <p class='ocr_par' dir='ltr' id='par_1_45' title="bbox 300 3218 1902 3309">
     <span class='ocr_line' id='line_1_45' title="bbox 300 3218 1902 3309; baseline -0.009 -18"><span class='ocrx_word' id='word_1_369' title='bbox 300 3239 394 3309; x_wconf 78' lang='lat' dir='ltr'><strong>qui</strong></span> <span class='ocrx_word' id='word_1_370' title='bbox 408 3235 891 3307; x_wconf 64' lang='lat' dir='ltr'><strong>pretagrediuntur</strong></span> <span class='ocrx_word' id='word_1_371' title='bbox 907 3233 1042 3286; x_wconf 75' lang='lat' dir='ltr'><strong>viam</strong></span> <span class='ocrx_word' id='word_1_372' title='bbox 1059 3228 1232 3302; x_wconf 86' lang='lat' dir='ltr'><strong>(Psal.</strong></span> <span class='ocrx_word' id='word_1_373' title='bbox 1262 3227 1356 3281; x_wconf 64' lang='lat'><strong>79,</strong></span> <span class='ocrx_word' id='word_1_374' title='bbox 1382 3223 1506 3294; x_wconf 77' lang='lat' dir='ltr'><strong>l3);</strong></span> <span class='ocrx_word' id='word_1_375' title='bbox 1539 3231 1596 3278; x_wconf 87' lang='lat' dir='ltr'><strong>et</strong></span> <span class='ocrx_word' id='word_1_376' title='bbox 1619 3221 1803 3286; x_wconf 81' lang='lat' dir='ltr'><strong>Isaias,</strong></span> <span class='ocrx_word' id='word_1_377' title='bbox 1832 3218 1902 3277; x_wconf 83' lang='lat' dir='ltr'><strong>Et</strong></span> 
     </span>
    </p>
   </div>
   <div class='ocr_carea' id='block_1_46' title="bbox 301 3311 1898 3400">
    <p class='ocr_par' dir='ltr' id='par_1_46' title="bbox 301 3311 1898 3400">
     <span class='ocr_line' id='line_1_46' title="bbox 301 3311 1898 3400; baseline -0.014 -14"><span class='ocrx_word' id='word_1_378' title='bbox 301 3347 479 3400; x_wconf 77' lang='lat' dir='ltr'><strong>sepem</strong></span> <span class='ocrx_word' id='word_1_379' title='bbox 502 3326 840 3397; x_wconf 85' lang='lat' dir='ltr'><strong>circomposui</strong></span> <span class='ocrx_word' id='word_1_380' title='bbox 857 3325 903 3378; x_wconf 84' lang='lat' dir='ltr'><strong>ei</strong></span> <span class='ocrx_word' id='word_1_381' title='bbox 924 3321 1076 3395; x_wconf 85' lang='lat' dir='ltr'><strong>(Isai.</strong></span> <span class='ocrx_word' id='word_1_382' title='bbox 1108 3317 1274 3392; x_wconf 74' lang='lat'><strong>5.9.);</strong></span> <span class='ocrx_word' id='word_1_383' title='bbox 1303 3319 1428 3372; x_wconf 86' lang='lat' dir='ltr'><strong>item</strong></span> <span class='ocrx_word' id='word_1_384' title='bbox 1458 3315 1673 3378; x_wconf 81' lang='lat' dir='ltr'><strong>Paulus,</strong></span> <span class='ocrx_word' id='word_1_385' title='bbox 1705 3311 1770 3366; x_wconf 85' lang='lat' dir='ltr'><strong>Et</strong></span> <span class='ocrx_word' id='word_1_386' title='bbox 1791 3325 1898 3364; x_wconf 85' lang='lat' dir='ltr'><strong>me-</strong></span> 
     </span>
    </p>
   </div>
   <div class='ocr_carea' id='block_1_47' title="bbox 302 3405 1685 3490">
    <p class='ocr_par' dir='ltr' id='par_1_47' title="bbox 302 3405 1685 3490">
     <span class='ocr_line' id='line_1_47' title="bbox 302 3405 1685 3490; baseline -0.014 -12"><span class='ocrx_word' id='word_1_387' title='bbox 302 3422 449 3478; x_wconf 81' lang='lat' dir='ltr'><strong>dium</strong></span> <span class='ocrx_word' id='word_1_388' title='bbox 481 3419 726 3490; x_wconf 82' lang='lat' dir='ltr'><strong>parietem</strong></span> <span class='ocrx_word' id='word_1_389' title='bbox 749 3415 986 3472; x_wconf 69' lang='lat' dir='ltr'><strong>maceria!</strong></span> <span class='ocrx_word' id='word_1_390' title='bbox 1009 3412 1207 3468; x_wconf 77' lang='lat' dir='ltr'><strong>solvens</strong></span> <span class='ocrx_word' id='word_1_391' title='bbox 1236 3407 1454 3480; x_wconf 85' lang='lat' dir='ltr'><strong>(Ephes.</strong></span> <span class='ocrx_word' id='word_1_392' title='bbox 1484 3408 1546 3465; x_wconf 72' lang='grc'><strong>2,</strong></span> <span class='ocrx_word' id='word_1_393' title='bbox 1570 3405 1685 3474; x_wconf 68' lang='grc'><strong>14).</strong></span> 
     </span>
    </p>
   </div>
   <div class='ocr_carea' id='block_1_48' title="bbox 374 3599 1896 3680">
    <p class='ocr_par' dir='ltr' id='par_1_48' title="bbox 374 3599 1896 3680">
     <span class='ocr_line' id='line_1_48' title="bbox 374 3599 1896 3680; baseline -0.011 -8"><span class='ocrx_word' id='word_1_394' title='bbox 374 3617 430 3672; x_wconf 75' lang='grc' dir='ltr'><strong>ι.</strong></span> <span class='ocrx_word' id='word_1_395' title='bbox 474 3615 575 3670; x_wconf 82' lang='lat' dir='ltr'><strong>Alii</strong></span> <span class='ocrx_word' id='word_1_396' title='bbox 620 3613 775 3680; x_wconf 88' lang='lat' dir='ltr'><strong>illud,</strong></span> <span class='ocrx_word' id='word_1_397' title='bbox 808 3613 912 3668; x_wconf 83' lang='lat' dir='ltr'><strong>Cur</strong></span> <span class='ocrx_word' id='word_1_398' title='bbox 930 3611 1101 3666; x_wconf 75' lang='lat' dir='ltr'><strong>excisa</strong></span> <span class='ocrx_word' id='word_1_399' title='bbox 1149 3616 1224 3662; x_wconf 84' lang='lat' dir='ltr'><strong>est</strong></span> <span class='ocrx_word' id='word_1_400' title='bbox 1271 3615 1478 3676; x_wconf 81' lang='lat' dir='ltr'><strong>propter</strong></span> <span class='ocrx_word' id='word_1_401' title='bbox 1516 3612 1564 3658; x_wconf 85' lang='lat' dir='ltr'><strong>te</strong></span> <span class='ocrx_word' id='word_1_402' title='bbox 1609 3601 1800 3672; x_wconf 75' lang='lat' dir='ltr'><strong>sepes?</strong></span> <span class='ocrx_word' id='word_1_403' title='bbox 1826 3599 1896 3656; x_wconf 89' lang='lat' dir='ltr'><strong>de</strong></span> 
     </span>
    </p>
   </div>
   <div class='ocr_carea' id='block_1_49' title="bbox 301 3685 1896 3776">
    <p class='ocr_par' dir='ltr' id='par_1_49' title="bbox 301 3685 1896 3776">
     <span class='ocr_line' id='line_1_49' title="bbox 301 3685 1896 3776; baseline -0.01 -14"><span class='ocrx_word' id='word_1_404' title='bbox 301 3723 445 3762; x_wconf 82' lang='lat' dir='ltr'><strong>novo</strong></span> <span class='ocrx_word' id='word_1_405' title='bbox 473 3706 666 3776; x_wconf 89' lang='lat' dir='ltr'><strong>populo</strong></span> <span class='ocrx_word' id='word_1_406' title='bbox 692 3705 896 3760; x_wconf 92' lang='lat' dir='ltr'><strong>dictum</strong></span> <span class='ocrx_word' id='word_1_407' title='bbox 921 3709 1125 3772; x_wconf 90' lang='lat' dir='ltr'><strong>putant.</strong></span> <span class='ocrx_word' id='word_1_408' title='bbox 1151 3699 1249 3755; x_wconf 83' lang='lat' dir='ltr'><strong>llic</strong></span> <span class='ocrx_word' id='word_1_409' title='bbox 1273 3700 1470 3769; x_wconf 90' lang='lat' dir='ltr'><strong>quippe</strong></span> <span class='ocrx_word' id='word_1_410' title='bbox 1497 3685 1620 3752; x_wconf 84' lang='lat' dir='ltr'><strong>cum</strong></span> <span class='ocrx_word' id='word_1_411' title='bbox 1644 3693 1896 3750; x_wconf 87' lang='lat' dir='ltr'><strong>advenis-</strong></span> 
     </span>
    </p>
   </div>
   <div class='ocr_carea' id='block_1_50' title="bbox 301 3785 1896 3867">
    <p class='ocr_par' dir='ltr' id='par_1_50' title="bbox 301 3785 1896 3867">
     <span class='ocr_line' id='line_1_50' title="bbox 301 3785 1896 3867; baseline -0.009 -14"><span class='ocrx_word' id='word_1_412' title='bbox 301 3807 409 3861; x_wconf 86' lang='lat' dir='ltr'><strong>set.</strong></span> <span class='ocrx_word' id='word_1_413' title='bbox 434 3798 606 3867; x_wconf 84' lang='lat' dir='ltr'><strong>legem</strong></span> <span class='ocrx_word' id='word_1_414' title='bbox 632 3794 931 3864; x_wconf 89' lang='lat' dir='ltr'><strong>abrogavit.</strong></span> <span class='ocrx_word' id='word_1_415' title='bbox 961 3792 1123 3847; x_wconf 85' lang='lat' dir='ltr'><strong>Vides</strong></span> <span class='ocrx_word' id='word_1_416' title='bbox 1148 3794 1321 3858; x_wconf 88' lang='lat' dir='ltr'><strong>ipsutu</strong></span> <span class='ocrx_word' id='word_1_417' title='bbox 1352 3804 1458 3844; x_wconf 91' lang='lat' dir='ltr'><strong>non</strong></span> <span class='ocrx_word' id='word_1_418' title='bbox 1492 3787 1594 3842; x_wconf 90' lang='lat' dir='ltr'><strong>levi</strong></span> <span class='ocrx_word' id='word_1_419' title='bbox 1633 3785 1702 3841; x_wconf 91' lang='lat' dir='ltr'><strong>de</strong></span> <span class='ocrx_word' id='word_1_420' title='bbox 1731 3798 1896 3840; x_wconf 83' lang='lat' dir='ltr'><strong>causa</strong></span> 
     </span>
    </p>
   </div>
   <div class='ocr_carea' id='block_1_51' title="bbox 303 3876 1898 3943">
    <p class='ocr_par' dir='ltr' id='par_1_51' title="bbox 303 3876 1898 3943">
     <span class='ocr_line' id='line_1_51' title="bbox 303 3876 1898 3943; baseline -0.006 -1"><span class='ocrx_word' id='word_1_421' title='bbox 303 3897 471 3943; x_wconf 89' lang='lat' dir='ltr'><strong>tutam</strong></span> <span class='ocrx_word' id='word_1_422' title='bbox 535 3885 1046 3942; x_wconf 89' lang='lat' dir='ltr'><strong>commemoravisse</strong></span> <span class='ocrx_word' id='word_1_423' title='bbox 1109 3882 1263 3937; x_wconf 77' lang='lat' dir='ltr'><strong>Judac</strong></span> <span class='ocrx_word' id='word_1_424' title='bbox 1332 3878 1647 3934; x_wconf 84' lang='lat' dir='ltr'><strong>historiam?</strong></span> <span class='ocrx_word' id='word_1_425' title='bbox 1694 3876 1898 3932; x_wconf 89' lang='lat' dir='ltr'><strong>Idcirco</strong></span> 
     </span>
    </p>
   </div>
   <div class='ocr_carea' id='block_1_52' title="bbox 298 3970 1899 4042">
    <p class='ocr_par' dir='ltr' id='par_1_52' title="bbox 298 3970 1899 4042">
     <span class='ocr_line' id='line_1_52' title="bbox 298 3970 1899 4042; baseline -0.007 -6"><span class='ocrx_word' id='word_1_426' title='bbox 298 3982 468 4037; x_wconf 81' lang='lat' dir='ltr'><strong>etiam</strong></span> <span class='ocrx_word' id='word_1_427' title='bbox 500 3979 642 4035; x_wconf 79' lang='lat' dir='ltr'><strong>Ruth</strong></span> <span class='ocrx_word' id='word_1_428' title='bbox 667 3990 722 4035; x_wconf 92' lang='lat' dir='ltr'><strong>et</strong></span> <span class='ocrx_word' id='word_1_429' title='bbox 747 3977 933 4033; x_wconf 77' lang='lat' dir='ltr'><strong>Rabab</strong></span> <span class='ocrx_word' id='word_1_430' title='bbox 961 3977 976 4008; x_wconf 81' lang='grc'>¹</span> <span class='ocrx_word' id='word_1_431' title='bbox 1008 3975 1274 4041; x_wconf 89' lang='lat' dir='ltr'><strong>meminit,</strong></span> <span class='ocrx_word' id='word_1_432' title='bbox 1315 3987 1539 4042; x_wconf 89' lang='lat' dir='ltr'><strong>quarum</strong></span> <span class='ocrx_word' id='word_1_433' title='bbox 1570 3971 1738 4025; x_wconf 89' lang='lat' dir='ltr'><strong>altera</strong></span> <span class='ocrx_word' id='word_1_434' title='bbox 1766 3970 1899 4025; x_wconf 88' lang='lat' dir='ltr'><strong>alie-</strong></span> 
     </span>
    </p>
   </div>
   <div class='ocr_carea' id='block_1_53' title="bbox 304 4064 1899 4143">
    <p class='ocr_par' dir='ltr' id='par_1_53' title="bbox 304 4064 1899 4143">
     <span class='ocr_line' id='line_1_53' title="bbox 304 4064 1899 4143; baseline -0.006 -16"><span class='ocrx_word' id='word_1_435' title='bbox 304 4074 521 4143; x_wconf 87' lang='lat' dir='ltr'><strong>nigena,</strong></span> <span class='ocrx_word' id='word_1_436' title='bbox 545 4073 711 4127; x_wconf 85' lang='lat' dir='ltr'><strong>altera</strong></span> <span class='ocrx_word' id='word_1_437' title='bbox 738 4071 993 4126; x_wconf 88' lang='lat' dir='ltr'><strong>meretrix</strong></span> <span class='ocrx_word' id='word_1_438' title='bbox 1021 4077 1157 4131; x_wconf 88' lang='lat' dir='ltr'><strong>erat,</strong></span> <span class='ocrx_word' id='word_1_439' title='bbox 1191 4075 1250 4121; x_wconf 88' lang='lat' dir='ltr'><strong>ut</strong></span> <span class='ocrx_word' id='word_1_440' title='bbox 1283 4065 1556 4121; x_wconf 83' lang='lat' dir='ltr'><strong>edisceres</strong></span> <span class='ocrx_word' id='word_1_441' title='bbox 1599 4064 1773 4133; x_wconf 88' lang='lat' dir='ltr'><strong>ipstnn</strong></span> <span class='ocrx_word' id='word_1_442' title='bbox 1803 4077 1899 4117; x_wconf 85' lang='lat' dir='ltr'><strong>ve-</strong></span> 
     </span>
    </p>
   </div>
   <div class='ocr_carea' id='block_1_54' title="bbox 305 4153 1896 4220">
    <p class='ocr_par' dir='ltr' id='par_1_54' title="bbox 305 4153 1896 4220">
     <span class='ocr_line' id='line_1_54' title="bbox 305 4153 1896 4220; baseline -0.006 -2"><span class='ocrx_word' id='word_1_443' title='bbox 305 4165 455 4219; x_wconf 79' lang='lat' dir='ltr'><strong>nisse</strong></span> <span class='ocrx_word' id='word_1_444' title='bbox 476 4172 530 4217; x_wconf 91' lang='lat' dir='ltr'><strong>ut</strong></span> <span class='ocrx_word' id='word_1_445' title='bbox 548 4164 683 4217; x_wconf 88' lang='lat' dir='ltr'><strong>mala</strong></span> <span class='ocrx_word' id='word_1_446' title='bbox 701 4162 879 4216; x_wconf 85' lang='lat' dir='ltr'><strong>omnia</strong></span> <span class='ocrx_word' id='word_1_447' title='bbox 900 4170 1080 4216; x_wconf 89' lang='lat' dir='ltr'><strong>nostra</strong></span> <span class='ocrx_word' id='word_1_448' title='bbox 1111 4158 1362 4213; x_wconf 86' lang='lat' dir='ltr'><strong>solveret.</strong></span> <span class='ocrx_word' id='word_1_449' title='bbox 1382 4156 1454 4213; x_wconf 89' lang='lat' dir='ltr'><strong>Ut</strong></span> <span class='ocrx_word' id='word_1_450' title='bbox 1472 4155 1707 4210; x_wconf 89' lang='lat' dir='ltr'><strong>medicus</strong></span> <span class='ocrx_word' id='word_1_451' title='bbox 1731 4153 1896 4220; x_wconf 87' lang='lat' dir='ltr'><strong>enim,</strong></span> 
     </span>
    </p>
   </div>
   <div class='ocr_carea' id='block_1_55' title="bbox 307 4244 1902 4325">
    <p class='ocr_par' dir='ltr' id='par_1_55' title="bbox 307 4244 1902 4325">
     <span class='ocr_line' id='line_1_55' title="bbox 307 4244 1902 4325; baseline -0.008 -16"><span class='ocrx_word' id='word_1_452' title='bbox 307 4272 415 4309; x_wconf 83' lang='lat' dir='ltr'><strong>non</strong></span> <span class='ocrx_word' id='word_1_453' title='bbox 443 4267 499 4308; x_wconf 91' lang='lat' dir='ltr'><strong>ut</strong></span> <span class='ocrx_word' id='word_1_454' title='bbox 540 4255 703 4325; x_wconf 87' lang='lat' dir='ltr'><strong>judex</strong></span> <span class='ocrx_word' id='word_1_455' title='bbox 753 4254 920 4308; x_wconf 89' lang='lat' dir='ltr'><strong>venit.</strong></span> <span class='ocrx_word' id='word_1_456' title='bbox 966 4247 1430 4318; x_wconf 85' lang='lat' dir='ltr'><strong>Quemadmodum</strong></span> <span class='ocrx_word' id='word_1_457' title='bbox 1465 4247 1624 4316; x_wconf 87' lang='lat' dir='ltr'><strong>igitur</strong></span> <span class='ocrx_word' id='word_1_458' title='bbox 1653 4244 1706 4299; x_wconf 92' lang='lat' dir='ltr'><strong>hi</strong></span> <span class='ocrx_word' id='word_1_459' title='bbox 1739 4244 1902 4300; x_wconf 87' lang='lat' dir='ltr'><strong>forni-</strong></span> 
     </span>
    </p>
   </div>
   <div class='ocr_carea' id='block_1_56' title="bbox 305 4337 1898 4409">
    <p class='ocr_par' dir='ltr' id='par_1_56' title="bbox 305 4337 1898 4409">
     <span class='ocr_line' id='line_1_56' title="bbox 305 4337 1898 4409; baseline -0.007 -8"><span class='ocrx_word' id='word_1_460' title='bbox 305 4347 481 4401; x_wconf 81' lang='lat' dir='ltr'><strong>carias</strong></span> <span class='ocrx_word' id='word_1_461' title='bbox 506 4345 708 4401; x_wconf 82' lang='lat' dir='ltr'><strong>duxere</strong></span> <span class='ocrx_word' id='word_1_462' title='bbox 729 4345 996 4409; x_wconf 90' lang='lat' dir='ltr'><strong>mulieres,</strong></span> <span class='ocrx_word' id='word_1_463' title='bbox 1032 4346 1103 4398; x_wconf 85' lang='lat' dir='ltr'><strong>ita</strong></span> <span class='ocrx_word' id='word_1_464' title='bbox 1131 4353 1183 4397; x_wconf 92' lang='lat' dir='ltr'><strong>et</strong></span> <span class='ocrx_word' id='word_1_465' title='bbox 1211 4342 1352 4396; x_wconf 90' lang='lat' dir='ltr'><strong>Deus</strong></span> <span class='ocrx_word' id='word_1_466' title='bbox 1379 4350 1624 4394; x_wconf 88' lang='lat' dir='ltr'><strong>naturam</strong></span> <span class='ocrx_word' id='word_1_467' title='bbox 1656 4337 1898 4392; x_wconf 80' lang='lat' dir='ltr'><strong>fornica-</strong></span> 
     </span>
    </p>
   </div>
   <div class='ocr_carea' id='block_1_57' title="bbox 309 4431 1900 4508">
    <p class='ocr_par' dir='ltr' id='par_1_57' title="bbox 309 4431 1900 4508">
     <span class='ocr_line' id='line_1_57' title="bbox 309 4431 1900 4508; baseline -0.006 -15"><span class='ocrx_word' id='word_1_468' title='bbox 309 4449 418 4493; x_wconf 89' lang='lat' dir='ltr'><strong>tam</strong></span> <span class='ocrx_word' id='word_1_469' title='bbox 471 4439 741 4508; x_wconf 83' lang='lat' dir='ltr'><strong>copulavit</strong></span> <span class='ocrx_word' id='word_1_470' title='bbox 789 4437 935 4492; x_wconf 90' lang='lat' dir='ltr'><strong>sibi:</strong></span> <span class='ocrx_word' id='word_1_471' title='bbox 970 4436 1021 4492; x_wconf 89' lang='lat' dir='ltr'><strong>id</strong></span> <span class='ocrx_word' id='word_1_472' title='bbox 1065 4434 1205 4506; x_wconf 92' lang='lat' dir='ltr'><strong>quod</strong></span> <span class='ocrx_word' id='word_1_473' title='bbox 1254 4434 1384 4489; x_wconf 91' lang='lat' dir='ltr'><strong>olim</strong></span> <span class='ocrx_word' id='word_1_474' title='bbox 1437 4434 1714 4504; x_wconf 58' lang='lat' dir='ltr'><strong>prophetae</strong></span> <span class='ocrx_word' id='word_1_475' title='bbox 1759 4431 1900 4486; x_wconf 88' lang='lat' dir='ltr'><strong>circa</strong></span> 
     </span>
    </p>
   </div>
   <div class='ocr_carea' id='block_1_58' title="bbox 306 4522 1900 4602">
    <p class='ocr_par' dir='ltr' id='par_1_58' title="bbox 306 4522 1900 4602">
     <span class='ocr_line' id='line_1_58' title="bbox 306 4522 1900 4602; baseline -0.006 -17"><span class='ocrx_word' id='word_1_476' title='bbox 306 4547 631 4602; x_wconf 81' lang='lat' dir='ltr'><strong>synagogam</strong></span> <span class='ocrx_word' id='word_1_477' title='bbox 665 4532 859 4586; x_wconf 90' lang='lat' dir='ltr'><strong>factum</strong></span> <span class='ocrx_word' id='word_1_478' title='bbox 898 4545 1018 4585; x_wconf 86' lang='lat' dir='ltr'><strong>esse</strong></span> <span class='ocrx_word' id='word_1_479' title='bbox 1063 4529 1334 4584; x_wconf 87' lang='lat' dir='ltr'><strong>dixerunt.</strong></span> <span class='ocrx_word' id='word_1_480' title='bbox 1392 4526 1498 4582; x_wconf 90' lang='lat' dir='ltr'><strong>Sed</strong></span> <span class='ocrx_word' id='word_1_481' title='bbox 1547 4525 1637 4579; x_wconf 90' lang='lat' dir='ltr'><strong>illa</strong></span> <span class='ocrx_word' id='word_1_482' title='bbox 1685 4522 1900 4592; x_wconf 90' lang='lat' dir='ltr'><strong>quidem</strong></span> 
     </span>
    </p>
   </div>
   <div class='ocr_carea' id='block_1_59' title="bbox 307 4613 1904 4694">
    <p class='ocr_par' dir='ltr' id='par_1_59' title="bbox 307 4613 1904 4694">
     <span class='ocr_line' id='line_1_59' title="bbox 307 4613 1904 4694; baseline -0.009 -13"><span class='ocrx_word' id='word_1_483' title='bbox 307 4624 518 4694; x_wconf 80' lang='lat' dir='ltr'><strong>coniugi</strong></span> <span class='ocrx_word' id='word_1_484' title='bbox 547 4638 646 4678; x_wconf 88' lang='lat' dir='ltr'><strong>suo</strong></span> <span class='ocrx_word' id='word_1_485' title='bbox 676 4625 880 4693; x_wconf 85' lang='lat' dir='ltr'><strong>ingrata</strong></span> <span class='ocrx_word' id='word_1_486' title='bbox 907 4621 1028 4685; x_wconf 90' lang='lat' dir='ltr'><strong>fuit,</strong></span> <span class='ocrx_word' id='word_1_487' title='bbox 1061 4617 1302 4676; x_wconf 84' lang='lat' dir='ltr'><strong>Ecclesia</strong></span> <span class='ocrx_word' id='word_1_488' title='bbox 1331 4632 1462 4674; x_wconf 92' lang='lat' dir='ltr'><strong>vero</strong></span> <span class='ocrx_word' id='word_1_489' title='bbox 1481 4631 1510 4671; x_wconf 89' lang='lat' dir='ltr'><strong>a</strong></span> <span class='ocrx_word' id='word_1_490' title='bbox 1536 4616 1721 4687; x_wconf 87' lang='lat' dir='ltr'><strong>patriis</strong></span> <span class='ocrx_word' id='word_1_491' title='bbox 1746 4613 1904 4669; x_wconf 88' lang='lat' dir='ltr'><strong>malis</strong></span> 
     </span>
    </p>
   </div>
   <div class='ocr_carea' id='block_1_60' title="bbox 309 4707 1897 4783">
    <p class='ocr_par' dir='ltr' id='par_1_60' title="bbox 309 4707 1897 4783">
     <span class='ocr_line' id='line_1_60' title="bbox 309 4707 1897 4783; baseline -0.006 -13"><span class='ocrx_word' id='word_1_492' title='bbox 309 4715 480 4770; x_wconf 76' lang='lat' dir='ltr'><strong>semel</strong></span> <span class='ocrx_word' id='word_1_493' title='bbox 511 4715 760 4778; x_wconf 89' lang='lat' dir='ltr'><strong>liberata,</strong></span> <span class='ocrx_word' id='word_1_494' title='bbox 791 4715 843 4769; x_wconf 94' lang='lat' dir='ltr'><strong>in</strong></span> <span class='ocrx_word' id='word_1_495' title='bbox 875 4713 1058 4783; x_wconf 88' lang='lat' dir='ltr'><strong>sponsi</strong></span> <span class='ocrx_word' id='word_1_496' title='bbox 1087 4712 1336 4782; x_wconf 85' lang='lat' dir='ltr'><strong>amplexu</strong></span> <span class='ocrx_word' id='word_1_497' title='bbox 1360 4709 1674 4780; x_wconf 86' lang='lat' dir='ltr'><strong>permansit.</strong></span> <span class='ocrx_word' id='word_1_498' title='bbox 1706 4707 1897 4763; x_wconf 84' lang='lat' dir='ltr'><strong>Anim-</strong></span> 
     </span>
    </p>
   </div>
   <div class='ocr_carea' id='block_1_61' title="bbox 309 4797 1899 4876">
    <p class='ocr_par' dir='ltr' id='par_1_61' title="bbox 309 4797 1899 4876">
     <span class='ocr_line' id='line_1_61' title="bbox 309 4797 1899 4876; baseline -0.004 -17"><span class='ocrx_word' id='word_1_499' title='bbox 309 4806 538 4861; x_wconf 81' lang='lat' dir='ltr'><strong>adverte</strong></span> <span class='ocrx_word' id='word_1_500' title='bbox 557 4821 622 4861; x_wconf 89' lang='lat' dir='ltr'><strong>ea</strong></span> <span class='ocrx_word' id='word_1_501' title='bbox 648 4821 769 4876; x_wconf 73' lang='lat' dir='ltr'><strong>quae</strong></span> <span class='ocrx_word' id='word_1_502' title='bbox 797 4805 863 4860; x_wconf 90' lang='lat' dir='ltr'><strong>ad</strong></span> <span class='ocrx_word' id='word_1_503' title='bbox 884 4803 1027 4860; x_wconf 78' lang='lat' dir='ltr'><strong>Ruth</strong></span> <span class='ocrx_word' id='word_1_504' title='bbox 1053 4810 1297 4872; x_wconf 85' lang='lat' dir='ltr'><strong>spectant</strong></span> <span class='ocrx_word' id='word_1_505' title='bbox 1319 4801 1517 4856; x_wconf 87' lang='lat' dir='ltr'><strong>nostris</strong></span> <span class='ocrx_word' id='word_1_506' title='bbox 1543 4815 1666 4856; x_wconf 89' lang='lat' dir='ltr'><strong>esse</strong></span> <span class='ocrx_word' id='word_1_507' title='bbox 1684 4797 1899 4854; x_wconf 87' lang='lat' dir='ltr'><strong>similia.</strong></span> 
     </span>
    </p>
   </div>
   <div class='ocr_carea' id='block_1_62' title="bbox 309 4893 1904 4968">
    <p class='ocr_par' dir='ltr' id='par_1_62' title="bbox 309 4893 1904 4968">
     <span class='ocr_line' id='line_1_62' title="bbox 309 4893 1904 4968; baseline -0.006 -16"><span class='ocrx_word' id='word_1_508' title='bbox 309 4897 438 4952; x_wconf 74' lang='lat' dir='ltr'><strong>llzec</strong></span> <span class='ocrx_word' id='word_1_509' title='bbox 454 4898 652 4968; x_wconf 90' lang='lat' dir='ltr'><strong>quippe</strong></span> <span class='ocrx_word' id='word_1_510' title='bbox 677 4898 978 4968; x_wconf 87' lang='lat' dir='ltr'><strong>alienigena</strong></span> <span class='ocrx_word' id='word_1_511' title='bbox 1017 4903 1154 4958; x_wconf 88' lang='lat' dir='ltr'><strong>erat,</strong></span> <span class='ocrx_word' id='word_1_512' title='bbox 1180 4903 1236 4950; x_wconf 90' lang='lat' dir='ltr'><strong>et</strong></span> <span class='ocrx_word' id='word_1_513' title='bbox 1263 4893 1331 4948; x_wconf 88' lang='lat' dir='ltr'><strong>ad</strong></span> <span class='ocrx_word' id='word_1_514' title='bbox 1369 4901 1664 4948; x_wconf 84' lang='lat' dir='ltr'><strong>extremam</strong></span> <span class='ocrx_word' id='word_1_515' title='bbox 1703 4905 1904 4961; x_wconf 88' lang='lat' dir='ltr'><strong>paupe-</strong></span> 
     </span>
    </p>
   </div>
   <div class='ocr_carea' id='block_1_63' title="bbox 307 4969 1905 5054">
    <p class='ocr_par' dir='ltr' id='par_1_63' title="bbox 307 4969 1905 5054">
     <span class='ocr_line' id='line_1_63' title="bbox 307 4969 1905 5054; baseline -0.005 -10"><span class='ocrx_word' id='word_1_516' title='bbox 307 4991 442 5044; x_wconf 90' lang='lat' dir='ltr'><strong>riem</strong></span> <span class='ocrx_word' id='word_1_517' title='bbox 471 4990 734 5054; x_wconf 89' lang='lat' dir='ltr'><strong>deducta;</strong></span> <span class='ocrx_word' id='word_1_518' title='bbox 772 4998 1009 5044; x_wconf 88' lang='lat' dir='ltr'><strong>attamen</strong></span> <span class='ocrx_word' id='word_1_519' title='bbox 1031 4969 1221 5042; x_wconf 83' lang='lat' dir='ltr'><strong>videns</strong></span> <span class='ocrx_word' id='word_1_520' title='bbox 1241 4985 1386 5041; x_wconf 88' lang='lat' dir='ltr'><strong>illam</strong></span> <span class='ocrx_word' id='word_1_521' title='bbox 1410 4985 1573 5051; x_wconf 86' lang='lat' dir='ltr'><strong>Booz,</strong></span> <span class='ocrx_word' id='word_1_522' title='bbox 1589 4998 1688 5039; x_wconf 91' lang='lat' dir='ltr'><strong>nec</strong></span> <span class='ocrx_word' id='word_1_523' title='bbox 1705 4998 1905 5053; x_wconf 86' lang='lat' dir='ltr'><strong>paupe-</strong></span> 
     </span>
    </p>
   </div>
   <div class='ocr_carea' id='block_1_64' title="bbox 309 5076 1901 5150">
    <p class='ocr_par' dir='ltr' id='par_1_64' title="bbox 309 5076 1901 5150">
     <span class='ocr_line' id='line_1_64' title="bbox 309 5076 1901 5150; baseline -0.004 -15"><span class='ocrx_word' id='word_1_524' title='bbox 309 5081 444 5136; x_wconf 89' lang='lat' dir='ltr'><strong>riem</strong></span> <span class='ocrx_word' id='word_1_525' title='bbox 497 5081 785 5150; x_wconf 80' lang='lat' dir='ltr'><strong>despexit,</strong></span> <span class='ocrx_word' id='word_1_526' title='bbox 821 5095 995 5149; x_wconf 91' lang='lat' dir='ltr'><strong>neque</strong></span> <span class='ocrx_word' id='word_1_527' title='bbox 1038 5078 1270 5148; x_wconf 91' lang='lat' dir='ltr'><strong>ignobile</strong></span> <span class='ocrx_word' id='word_1_528' title='bbox 1313 5076 1638 5144; x_wconf 81' lang='lat' dir='ltr'><strong>contempsit</strong></span> <span class='ocrx_word' id='word_1_529' title='bbox 1682 5089 1901 5146; x_wconf 88' lang='lat' dir='ltr'><strong>genus:</strong></span> 
     </span>
    </p>
   </div>
   <div class='ocr_carea' id='block_1_65' title="bbox 305 5166 1904 5243">
    <p class='ocr_par' dir='ltr' id='par_1_65' title="bbox 305 5166 1904 5243">
     <span class='ocr_line' id='line_1_65' title="bbox 305 5166 1904 5243; baseline -0.004 -17"><span class='ocrx_word' id='word_1_530' title='bbox 305 5173 760 5243; x_wconf 87' lang='lat' dir='ltr'><strong>quemadmodum</strong></span> <span class='ocrx_word' id='word_1_531' title='bbox 790 5181 845 5228; x_wconf 91' lang='lat' dir='ltr'><strong>et</strong></span> <span class='ocrx_word' id='word_1_532' title='bbox 875 5171 1120 5228; x_wconf 89' lang='lat' dir='ltr'><strong>Christus</strong></span> <span class='ocrx_word' id='word_1_533' title='bbox 1170 5178 1472 5238; x_wconf 81' lang='lat' dir='ltr'><strong>susceptam</strong></span> <span class='ocrx_word' id='word_1_534' title='bbox 1501 5166 1818 5230; x_wconf 77' lang='lat' dir='ltr'><strong>Ecclesium,</strong></span> <span class='ocrx_word' id='word_1_535' title='bbox 1848 5175 1904 5221; x_wconf 89' lang='lat' dir='ltr'><strong>et</strong></span> 
     </span>
    </p>
   </div>
   <div class='ocr_carea' id='block_1_66' title="bbox 306 5260 1904 5336">
    <p class='ocr_par' dir='ltr' id='par_1_66' title="bbox 306 5260 1904 5336">
     <span class='ocr_line' id='line_1_66' title="bbox 306 5260 1904 5336; baseline -0.004 -17"><span class='ocrx_word' id='word_1_536' title='bbox 306 5267 744 5336; x_wconf 76' lang='lat' dir='ltr'><strong>alienigenam‘et</strong></span> <span class='ocrx_word' id='word_1_537' title='bbox 770 5279 1083 5335; x_wconf 90' lang='lat' dir='ltr'><strong>magnorum</strong></span> <span class='ocrx_word' id='word_1_538' title='bbox 1113 5261 1335 5333; x_wconf 86' lang='lat' dir='ltr'><strong>penuria</strong></span> <span class='ocrx_word' id='word_1_539' title='bbox 1357 5262 1620 5317; x_wconf 86' lang='lat' dir='ltr'><strong>bonorum</strong></span> <span class='ocrx_word' id='word_1_540' title='bbox 1652 5260 1904 5314; x_wconf 86' lang='lat' dir='ltr'><strong>laboran-</strong></span> 
     </span>
    </p>
   </div>
   <div class='ocr_carea' id='block_1_67' title="bbox 308 5351 1901 5424">
    <p class='ocr_par' dir='ltr' id='par_1_67' title="bbox 308 5351 1901 5424">
     <span class='ocr_line' id='line_1_67' title="bbox 308 5351 1901 5424; baseline -0.004 -12"><span class='ocrx_word' id='word_1_541' title='bbox 308 5368 442 5422; x_wconf 85' lang='lat' dir='ltr'><strong>tem,</strong></span> <span class='ocrx_word' id='word_1_542' title='bbox 490 5357 542 5411; x_wconf 90' lang='lat' dir='ltr'><strong>iu</strong></span> <span class='ocrx_word' id='word_1_543' title='bbox 581 5367 888 5412; x_wconf 89' lang='lat' dir='ltr'><strong>consortem</strong></span> <span class='ocrx_word' id='word_1_544' title='bbox 930 5355 1163 5410; x_wconf 90' lang='lat' dir='ltr'><strong>admisit.</strong></span> <span class='ocrx_word' id='word_1_545' title='bbox 1193 5357 1270 5409; x_wconf 86' lang='lat' dir='ltr'><strong>Ac</strong></span> <span class='ocrx_word' id='word_1_546' title='bbox 1311 5351 1759 5424; x_wconf 85' lang='lat' dir='ltr'><strong>quemadmodum</strong></span> <span class='ocrx_word' id='word_1_547' title='bbox 1791 5353 1901 5420; x_wconf 81' lang='lat' dir='ltr'><strong>illa,</strong></span> 
     </span>
    </p>
   </div>
   <div class='ocr_carea' id='block_1_68' title="bbox 307 5446 1902 5520">
    <p class='ocr_par' dir='ltr' id='par_1_68' title="bbox 307 5446 1902 5520">
     <span class='ocr_line' id='line_1_68' title="bbox 307 5446 1902 5520; baseline -0.003 -14"><span class='ocrx_word' id='word_1_548' title='bbox 307 5449 410 5506; x_wconf 88' lang='lat' dir='ltr'><strong>nisi</strong></span> <span class='ocrx_word' id='word_1_549' title='bbox 433 5450 582 5511; x_wconf 80' lang='lat' dir='ltr'><strong>prius</strong></span> <span class='ocrx_word' id='word_1_550' title='bbox 607 5458 816 5520; x_wconf 86' lang='lat' dir='ltr'><strong>patrem</strong></span> <span class='ocrx_word' id='word_1_551' title='bbox 834 5449 1146 5517; x_wconf 89' lang='lat' dir='ltr'><strong>dimisisset,</strong></span> <span class='ocrx_word' id='word_1_552' title='bbox 1164 5447 1383 5504; x_wconf 92' lang='lat' dir='ltr'><strong>domum</strong></span> <span class='ocrx_word' id='word_1_553' title='bbox 1413 5446 1823 5516; x_wconf 85' lang='lat' dir='ltr'><strong>contempsisset</strong></span> <span class='ocrx_word' id='word_1_554' title='bbox 1846 5454 1902 5501; x_wconf 89' lang='lat' dir='ltr'><strong>et</strong></span> 
     </span>
    </p>
   </div>
   <div class='ocr_carea' id='block_1_69' title="bbox 334 5644 1896 5719">
    <p class='ocr_par' dir='ltr' id='par_1_69' title="bbox 334 5644 1896 5719">
     <span class='ocr_line' id='line_1_69' title="bbox 334 5644 1896 5719; baseline 0.003 -24"><span class='ocrx_word' id='word_1_555' title='bbox 334 5710 344 5719; x_wconf 41' lang='lat'><em>.</em></span> <span class='ocrx_word' id='word_1_556' title='bbox 371 5648 390 5679; x_wconf 83' lang='grc'>¹</span> <span class='ocrx_word' id='word_1_557' title='bbox 408 5647 482 5719; x_wconf 56' lang='lat' dir='ltr'><strong>du</strong></span> <span class='ocrx_word' id='word_1_558' title='bbox 500 5644 667 5717; x_wconf 72' lang='lat' dir='ltr'><strong>Morel.</strong></span> <span class='ocrx_word' id='word_1_559' title='bbox 685 5651 821 5719; x_wconf 49' lang='lat' dir='ltr'><strong>lost,</strong></span> <span class='ocrx_word' id='word_1_560' title='bbox 849 5644 994 5707; x_wconf 83' lang='lat' dir='ltr'><strong>Raab,</strong></span> <span class='ocrx_word' id='word_1_561' title='bbox 1011 5645 1141 5699; x_wconf 80' lang='lat' dir='ltr'><strong>male</strong></span> <span class='ocrx_word' id='word_1_562' title='bbox 1161 5647 1370 5709; x_wconf 77' lang='lat' dir='ltr'><strong>additur,</strong></span> <span class='ocrx_word' id='word_1_563' title='bbox 1384 5654 1431 5699; x_wconf 84' lang='lat' dir='ltr'><strong>et</strong></span> <span class='ocrx_word' id='word_1_564' title='bbox 1448 5645 1670 5708; x_wconf 81' lang='lat' dir='ltr'><strong>Thamar,</strong></span> <span class='ocrx_word' id='word_1_565' title='bbox 1687 5648 1791 5711; x_wconf 83' lang='lat' dir='ltr'><strong>ipsa</strong></span> <span class='ocrx_word' id='word_1_566' title='bbox 1811 5660 1896 5700; x_wconf 85' lang='lat' dir='ltr'><strong>se-</strong></span> 
     </span>
    </p>
   </div>
   <div class='ocr_carea' id='block_1_70' title="bbox 304 5707 878 5772">
    <p class='ocr_par' dir='ltr' id='par_1_70' title="bbox 304 5707 878 5772">
     <span class='ocr_line' id='line_1_70' title="bbox 304 5707 878 5772; baseline -0.003 -14"><span class='ocrx_word' id='word_1_567' title='bbox 304 5710 382 5758; x_wconf 90' lang='lat' dir='ltr'><strong>rie</strong></span> <span class='ocrx_word' id='word_1_568' title='bbox 405 5708 594 5772; x_wconf 82' lang='lat' dir='ltr'><strong>lapsum</strong></span> <span class='ocrx_word' id='word_1_569' title='bbox 618 5707 878 5758; x_wconf 83' lang='lat' dir='ltr'><strong>indicante.</strong></span> 
     </span>
    </p>
   </div>
   <div class='ocr_carea' id='block_1_71' title="bbox 1970 1935 3572 2019">
    <p class='ocr_par' dir='ltr' id='par_1_71' title="bbox 1970 1935 3572 2019">
     <span class='ocr_line' id='line_1_71' title="bbox 1970 1935 3572 2019; baseline -0.008 -19"><span class='ocrx_word' id='word_1_570' title='bbox 1970 1947 2147 2019; x_wconf 91' lang='lat' dir='ltr'><strong>jorum</strong></span> <span class='ocrx_word' id='word_1_571' title='bbox 2191 1955 2283 2000; x_wconf 91' lang='lat' dir='ltr'><strong>aut</strong></span> <span class='ocrx_word' id='word_1_572' title='bbox 2318 1945 2516 2015; x_wconf 89' lang='lat' dir='ltr'><strong>probus</strong></span> <span class='ocrx_word' id='word_1_573' title='bbox 2553 1949 2646 1996; x_wconf 89' lang='lat' dir='ltr'><strong>attt</strong></span> <span class='ocrx_word' id='word_1_574' title='bbox 2679 1939 2954 2012; x_wconf 89' lang='lat' dir='ltr'><strong>improbus</strong></span> <span class='ocrx_word' id='word_1_575' title='bbox 2995 1951 3136 2000; x_wconf 77' lang='lat' dir='ltr'><strong>esse,</strong></span> <span class='ocrx_word' id='word_1_576' title='bbox 3178 1943 3271 1990; x_wconf 92' lang='lat' dir='ltr'><strong>aut</strong></span> <span class='ocrx_word' id='word_1_577' title='bbox 3309 1935 3572 1998; x_wconf 80' lang='lat' dir='ltr'><strong>gloriosus</strong></span> 
     </span>
    </p>
   </div>
   <div class='ocr_carea' id='block_1_72' title="bbox 1975 2027 3573 2108">
    <p class='ocr_par' dir='ltr' id='par_1_72' title="bbox 1975 2027 3573 2108">
     <span class='ocr_line' id='line_1_72' title="bbox 1975 2027 3573 2108; baseline -0.01 -14"><span class='ocrx_word' id='word_1_578' title='bbox 1975 2047 2069 2094; x_wconf 90' lang='lat' dir='ltr'><strong>aut</strong></span> <span class='ocrx_word' id='word_1_579' title='bbox 2097 2038 2352 2108; x_wconf 85' lang='lat' dir='ltr'><strong>inglorius</strong></span> <span class='ocrx_word' id='word_1_580' title='bbox 2381 2054 2396 2092; x_wconf 89' lang='lat'><strong>:</strong></span> <span class='ocrx_word' id='word_1_581' title='bbox 2426 2049 2613 2092; x_wconf 90' lang='lat' dir='ltr'><strong>verum</strong></span> <span class='ocrx_word' id='word_1_582' title='bbox 2645 2034 2689 2089; x_wconf 89' lang='lat' dir='ltr'><strong>si</strong></span> <span class='ocrx_word' id='word_1_583' title='bbox 2717 2031 2842 2104; x_wconf 89' lang='lat' dir='ltr'><strong>quid</strong></span> <span class='ocrx_word' id='word_1_584' title='bbox 2880 2033 3071 2085; x_wconf 89' lang='lat' dir='ltr'><strong>mirmn</strong></span> <span class='ocrx_word' id='word_1_585' title='bbox 3115 2029 3258 2084; x_wconf 90' lang='lat' dir='ltr'><strong>dictu</strong></span> <span class='ocrx_word' id='word_1_586' title='bbox 3293 2027 3573 2095; x_wconf 79' lang='lat' dir='ltr'><strong>proferen-</strong></span> 
     </span>
    </p>
   </div>
   <div class='ocr_carea' id='block_1_73' title="bbox 1976 2118 3575 2198">
    <p class='ocr_par' dir='ltr' id='par_1_73' title="bbox 1976 2118 3575 2198">
     <span class='ocr_line' id='line_1_73' title="bbox 1976 2118 3575 2198; baseline -0.009 -11"><span class='ocrx_word' id='word_1_587' title='bbox 1976 2131 2128 2196; x_wconf 91' lang='lat' dir='ltr'><strong>dum,</strong></span> <span class='ocrx_word' id='word_1_588' title='bbox 2161 2130 2252 2184; x_wconf 87' lang='lat' dir='ltr'><strong>ille.</strong></span> <span class='ocrx_word' id='word_1_589' title='bbox 2291 2127 2482 2198; x_wconf 83' lang='lat' dir='ltr'><strong>majori</strong></span> <span class='ocrx_word' id='word_1_590' title='bbox 2512 2127 2673 2196; x_wconf 85' lang='lat' dir='ltr'><strong>fulget</strong></span> <span class='ocrx_word' id='word_1_591' title='bbox 2701 2123 3014 2195; x_wconf 89' lang='lat' dir='ltr'><strong>splendore,</strong></span> <span class='ocrx_word' id='word_1_592' title='bbox 3037 2123 3124 2191; x_wconf 90' lang='lat' dir='ltr'><strong>qui</strong></span> <span class='ocrx_word' id='word_1_593' title='bbox 3153 2138 3215 2175; x_wconf 79' lang='lat' dir='ltr'><strong>ex</strong></span> <span class='ocrx_word' id='word_1_594' title='bbox 3261 2135 3364 2173; x_wconf 90' lang='lat' dir='ltr'><strong>non</strong></span> <span class='ocrx_word' id='word_1_595' title='bbox 3395 2118 3575 2186; x_wconf 86' lang='lat' dir='ltr'><strong>probis</strong></span> 
     </span>
    </p>
   </div>
   <div class='ocr_carea' id='block_1_74' title="bbox 1978 2209 3576 2290">
    <p class='ocr_par' dir='ltr' id='par_1_74' title="bbox 1978 2209 3576 2290">
     <span class='ocr_line' id='line_1_74' title="bbox 1978 2209 3576 2290; baseline -0.011 -13"><span class='ocrx_word' id='word_1_596' title='bbox 1978 2221 2274 2290; x_wconf 86' lang='lat' dir='ltr'><strong>majoribus</strong></span> <span class='ocrx_word' id='word_1_597' title='bbox 2311 2228 2483 2282; x_wconf 89' lang='lat' dir='ltr'><strong>ortus,</strong></span> <span class='ocrx_word' id='word_1_598' title='bbox 2531 2216 2730 2286; x_wconf 89' lang='lat' dir='ltr'><strong>probus</strong></span> <span class='ocrx_word' id='word_1_599' title='bbox 2774 2223 2951 2268; x_wconf 88' lang='lat' dir='ltr'><strong>tamen</strong></span> <span class='ocrx_word' id='word_1_600' title='bbox 2997 2211 3219 2268; x_wconf 74' lang='lat' dir='ltr'><strong>effectus</strong></span> <span class='ocrx_word' id='word_1_601' title='bbox 3260 2217 3361 2265; x_wconf 85' lang='lat' dir='ltr'><strong>est.</strong></span> <span class='ocrx_word' id='word_1_602' title='bbox 3407 2209 3576 2266; x_wconf 87' lang='lat' dir='ltr'><strong>Nemo</strong></span> 
     </span>
    </p>
   </div>
   <div class='ocr_carea' id='block_1_75' title="bbox 1981 2303 3578 2383">
    <p class='ocr_par' dir='ltr' id='par_1_75' title="bbox 1981 2303 3578 2383">
     <span class='ocr_line' id='line_1_75' title="bbox 1981 2303 3578 2383; baseline -0.006 -15"><span class='ocrx_word' id='word_1_603' title='bbox 1981 2313 2142 2383; x_wconf 85' lang='lat' dir='ltr'><strong>igitur</strong></span> <span class='ocrx_word' id='word_1_604' title='bbox 2174 2311 2243 2365; x_wconf 93' lang='lat' dir='ltr'><strong>de</strong></span> <span class='ocrx_word' id='word_1_605' title='bbox 2282 2311 2350 2367; x_wconf 89' lang='lat' dir='ltr'><strong>iis</strong></span> <span class='ocrx_word' id='word_1_606' title='bbox 2389 2311 2556 2364; x_wconf 89' lang='lat' dir='ltr'><strong>altum</strong></span> <span class='ocrx_word' id='word_1_607' title='bbox 2599 2307 2793 2377; x_wconf 88' lang='lat' dir='ltr'><strong>sapiat,</strong></span> <span class='ocrx_word' id='word_1_608' title='bbox 2844 2304 2938 2361; x_wconf 88' lang='lat' dir='ltr'><strong>sed</strong></span> <span class='ocrx_word' id='word_1_609' title='bbox 2987 2305 3338 2360; x_wconf 81' lang='lat' dir='ltr'><strong>consideratis</strong></span> <span class='ocrx_word' id='word_1_610' title='bbox 3369 2303 3578 2360; x_wconf 76' lang='lat' dir='ltr'><strong>Domini</strong></span> 
     </span>
    </p>
   </div>
   <div class='ocr_carea' id='block_1_76' title="bbox 1980 2396 3576 2474">
    <p class='ocr_par' dir='ltr' id='par_1_76' title="bbox 1980 2396 3576 2474">
     <span class='ocr_line' id='line_1_76' title="bbox 1980 2396 3576 2474; baseline -0.006 -15"><span class='ocrx_word' id='word_1_611' title='bbox 1980 2402 2433 2474; x_wconf 87' lang='lat' dir='ltr'><strong>progenitoribus,</strong></span> <span class='ocrx_word' id='word_1_612' title='bbox 2463 2409 2632 2454; x_wconf 91' lang='lat' dir='ltr'><strong>totum</strong></span> <span class='ocrx_word' id='word_1_613' title='bbox 2673 2396 2888 2466; x_wconf 86' lang='lat' dir='ltr'><strong>abjieiat</strong></span> <span class='ocrx_word' id='word_1_614' title='bbox 2919 2406 3204 2461; x_wconf 90' lang='lat' dir='ltr'><strong>tumorem,</strong></span> <span class='ocrx_word' id='word_1_615' title='bbox 3239 2405 3292 2450; x_wconf 88' lang='lat' dir='ltr'><strong>ct</strong></span> <span class='ocrx_word' id='word_1_616' title='bbox 3335 2396 3403 2449; x_wconf 87' lang='lat' dir='ltr'><strong>de</strong></span> <span class='ocrx_word' id='word_1_617' title='bbox 3445 2397 3576 2449; x_wconf 80' lang='lat' dir='ltr'><strong>solis</strong></span> 
     </span>
    </p>
   </div>
   <div class='ocr_carea' id='block_1_77' title="bbox 1981 2487 3575 2566">
    <p class='ocr_par' dir='ltr' id='par_1_77' title="bbox 1981 2487 3575 2566">
     <span class='ocr_line' id='line_1_77' title="bbox 1981 2487 3575 2566; baseline -0.005 -18"><span class='ocrx_word' id='word_1_618' title='bbox 1981 2495 2151 2566; x_wconf 84' lang='lat' dir='ltr'><strong>probe</strong></span> <span class='ocrx_word' id='word_1_619' title='bbox 2199 2493 2365 2564; x_wconf 91' lang='lat' dir='ltr'><strong>gestis</strong></span> <span class='ocrx_word' id='word_1_620' title='bbox 2406 2489 2691 2559; x_wconf 86' lang='lat' dir='ltr'><strong>glorietur;</strong></span> <span class='ocrx_word' id='word_1_621' title='bbox 2747 2491 2856 2542; x_wconf 91' lang='lat' dir='ltr'><strong>imo</strong></span> <span class='ocrx_word' id='word_1_622' title='bbox 2894 2503 2995 2542; x_wconf 85' lang='lat' dir='ltr'><strong>nec</strong></span> <span class='ocrx_word' id='word_1_623' title='bbox 3040 2487 3108 2541; x_wconf 90' lang='lat' dir='ltr'><strong>de</strong></span> <span class='ocrx_word' id='word_1_624' title='bbox 3138 2488 3260 2542; x_wconf 91' lang='lat' dir='ltr'><strong>illis.</strong></span> <span class='ocrx_word' id='word_1_625' title='bbox 3311 2487 3384 2542; x_wconf 89' lang='lat' dir='ltr'><strong>Ita</strong></span> <span class='ocrx_word' id='word_1_626' title='bbox 3434 2489 3575 2544; x_wconf 85' lang='lat' dir='ltr'><strong>cnim</strong></span> 
     </span>
    </p>
   </div>
   <div class='ocr_carea' id='block_1_78' title="bbox 1981 2580 3580 2655">
    <p class='ocr_par' dir='ltr' id='par_1_78' title="bbox 1981 2580 3580 2655">
     <span class='ocr_line' id='line_1_78' title="bbox 1981 2580 3580 2655; baseline -0.006 -12"><span class='ocrx_word' id='word_1_627' title='bbox 1981 2587 2288 2643; x_wconf 72' lang='lat' dir='ltr'><strong>Pharisreus</strong></span> <span class='ocrx_word' id='word_1_628' title='bbox 2333 2583 2621 2655; x_wconf 89' lang='lat' dir='ltr'><strong>publicano</strong></span> <span class='ocrx_word' id='word_1_629' title='bbox 2659 2580 2885 2637; x_wconf 91' lang='lat' dir='ltr'><strong>inferior</strong></span> <span class='ocrx_word' id='word_1_630' title='bbox 2916 2581 3030 2636; x_wconf 90' lang='lat' dir='ltr'><strong>fuit.</strong></span> <span class='ocrx_word' id='word_1_631' title='bbox 3070 2582 3124 2636; x_wconf 92' lang='lat' dir='ltr'><strong>Si</strong></span> <span class='ocrx_word' id='word_1_632' title='bbox 3164 2583 3243 2637; x_wconf 90' lang='lat' dir='ltr'><strong>vis</strong></span> <span class='ocrx_word' id='word_1_633' title='bbox 3281 2582 3422 2637; x_wconf 89' lang='lat' dir='ltr'><strong>enim</strong></span> <span class='ocrx_word' id='word_1_634' title='bbox 3468 2597 3580 2635; x_wconf 88' lang='lat' dir='ltr'><strong>ma-</strong></span> 
     </span>
    </p>
   </div>
   <div class='ocr_carea' id='block_1_79' title="bbox 1983 2672 3581 2751">
    <p class='ocr_par' dir='ltr' id='par_1_79' title="bbox 1983 2672 3581 2751">
     <span class='ocr_line' id='line_1_79' title="bbox 1983 2672 3581 2751; baseline -0.004 -18"><span class='ocrx_word' id='word_1_635' title='bbox 1983 2693 2147 2751; x_wconf 88' lang='lat' dir='ltr'><strong>gnum</strong></span> <span class='ocrx_word' id='word_1_636' title='bbox 2197 2685 2454 2746; x_wconf 85' lang='lat' dir='ltr'><strong>praestare</strong></span> <span class='ocrx_word' id='word_1_637' title='bbox 2499 2673 2726 2737; x_wconf 85' lang='lat' dir='ltr'><strong>facinus,</strong></span> <span class='ocrx_word' id='word_1_638' title='bbox 2780 2687 2849 2728; x_wconf 92' lang='lat' dir='ltr'><strong>ne</strong></span> <span class='ocrx_word' id='word_1_639' title='bbox 2893 2672 3058 2726; x_wconf 90' lang='lat' dir='ltr'><strong>altum</strong></span> <span class='ocrx_word' id='word_1_640' title='bbox 3108 2673 3304 2741; x_wconf 87' lang='lat' dir='ltr'><strong>sapias,</strong></span> <span class='ocrx_word' id='word_1_641' title='bbox 3354 2682 3408 2726; x_wconf 91' lang='lat' dir='ltr'><strong>et</strong></span> <span class='ocrx_word' id='word_1_642' title='bbox 3457 2681 3581 2726; x_wconf 88' lang='lat' dir='ltr'><strong>tunc</strong></span> 
     </span>
    </p>
   </div>
   <div class='ocr_carea' id='block_1_80' title="bbox 1987 2763 3581 2839">
    <p class='ocr_par' dir='ltr' id='par_1_80' title="bbox 1987 2763 3581 2839">
     <span class='ocr_line' id='line_1_80' title="bbox 1987 2763 3581 2839; baseline -0.005 -14"><span class='ocrx_word' id='word_1_643' title='bbox 1987 2770 2160 2839; x_wconf 84' lang='lat' dir='ltr'><strong>majus</strong></span> <span class='ocrx_word' id='word_1_644' title='bbox 2200 2767 2407 2826; x_wconf 80' lang='lat' dir='ltr'><strong>facinus</strong></span> <span class='ocrx_word' id='word_1_645' title='bbox 2439 2764 2730 2822; x_wconf 85' lang='lat' dir='ltr'><strong>exhibuisti</strong></span> <span class='ocrx_word' id='word_1_646' title='bbox 2765 2783 2777 2818; x_wconf 93' lang='lat'><strong>:</strong></span> <span class='ocrx_word' id='word_1_647' title='bbox 2806 2780 2874 2819; x_wconf 90' lang='lat' dir='ltr'><strong>ne</strong></span> <span class='ocrx_word' id='word_1_648' title='bbox 2909 2772 3068 2834; x_wconf 90' lang='lat' dir='ltr'><strong>putes</strong></span> <span class='ocrx_word' id='word_1_649' title='bbox 3109 2773 3160 2818; x_wconf 89' lang='lat' dir='ltr'><strong>te</strong></span> <span class='ocrx_word' id='word_1_650' title='bbox 3189 2763 3460 2835; x_wconf 86' lang='lat' dir='ltr'><strong>quidpiam</strong></span> <span class='ocrx_word' id='word_1_651' title='bbox 3503 2764 3581 2817; x_wconf 83' lang='lat' dir='ltr'><strong>fe-</strong></span> 
     </span>
    </p>
   </div>
   <div class='ocr_carea' id='block_1_81' title="bbox 1985 2856 3582 2928">
    <p class='ocr_par' dir='ltr' id='par_1_81' title="bbox 1985 2856 3582 2928">
     <span class='ocr_line' id='line_1_81' title="bbox 1985 2856 3582 2928; baseline -0.006 -10"><span class='ocrx_word' id='word_1_652' title='bbox 1985 2863 2148 2928; x_wconf 88' lang='lat' dir='ltr'><strong>cisse,</strong></span> <span class='ocrx_word' id='word_1_653' title='bbox 2178 2869 2232 2917; x_wconf 89' lang='lat' dir='ltr'><strong>et</strong></span> <span class='ocrx_word' id='word_1_654' title='bbox 2259 2870 2385 2916; x_wconf 89' lang='lat' dir='ltr'><strong>tunc</strong></span> <span class='ocrx_word' id='word_1_655' title='bbox 2411 2867 2580 2914; x_wconf 91' lang='lat' dir='ltr'><strong>totum</strong></span> <span class='ocrx_word' id='word_1_656' title='bbox 2605 2857 2798 2913; x_wconf 88' lang='lat' dir='ltr'><strong>fecisti.</strong></span> <span class='ocrx_word' id='word_1_657' title='bbox 2826 2856 2884 2912; x_wconf 89' lang='lat' dir='ltr'><strong>Si</strong></span> <span class='ocrx_word' id='word_1_658' title='bbox 2917 2857 3058 2911; x_wconf 90' lang='lat' dir='ltr'><strong>enim</strong></span> <span class='ocrx_word' id='word_1_659' title='bbox 3088 2857 3302 2926; x_wconf 87' lang='lat' dir='ltr'><strong>quando</strong></span> <span class='ocrx_word' id='word_1_660' title='bbox 3334 2867 3582 2926; x_wconf 84' lang='lat' dir='ltr'><strong>peccato-</strong></span> 
     </span>
    </p>
   </div>
   <div class='ocr_carea' id='block_1_82' title="bbox 1987 2946 3582 3017">
    <p class='ocr_par' dir='ltr' id='par_1_82' title="bbox 1987 2946 3582 3017">
     <span class='ocr_line' id='line_1_82' title="bbox 1987 2946 3582 3017; baseline -0.006 -10"><span class='ocrx_word' id='word_1_661' title='bbox 1987 2967 2077 3008; x_wconf 91' lang='lat' dir='ltr'><strong>res</strong></span> <span class='ocrx_word' id='word_1_662' title='bbox 2110 2966 2315 3014; x_wconf 92' lang='lat' dir='ltr'><strong>sumus,</strong></span> <span class='ocrx_word' id='word_1_663' title='bbox 2356 2965 2478 3005; x_wconf 91' lang='lat' dir='ltr'><strong>eum</strong></span> <span class='ocrx_word' id='word_1_664' title='bbox 2521 2963 2620 3003; x_wconf 88' lang='lat' dir='ltr'><strong>nos</strong></span> <span class='ocrx_word' id='word_1_665' title='bbox 2655 2962 2777 3003; x_wconf 90' lang='lat' dir='ltr'><strong>esse</strong></span> <span class='ocrx_word' id='word_1_666' title='bbox 2821 2957 3074 3017; x_wconf 87' lang='lat' dir='ltr'><strong>putamus</strong></span> <span class='ocrx_word' id='word_1_667' title='bbox 3105 2947 3155 3001; x_wconf 92' lang='lat' dir='ltr'><strong>id</strong></span> <span class='ocrx_word' id='word_1_668' title='bbox 3197 2946 3336 3015; x_wconf 89' lang='lat' dir='ltr'><strong>quod</strong></span> <span class='ocrx_word' id='word_1_669' title='bbox 3373 2963 3582 3010; x_wconf 72' lang='lat' dir='ltr'><strong>sumus,</strong></span> 
     </span>
    </p>
   </div>
   <div class='ocr_carea' id='block_1_83' title="bbox 1985 3039 3584 3114">
    <p class='ocr_par' dir='ltr' id='par_1_83' title="bbox 1985 3039 3584 3114">
     <span class='ocr_line' id='line_1_83' title="bbox 1985 3039 3584 3114; baseline -0.003 -17"><span class='ocrx_word' id='word_1_670' title='bbox 1985 3042 2114 3114; x_wconf 88' lang='lat' dir='ltr'><strong>justi</strong></span> <span class='ocrx_word' id='word_1_671' title='bbox 2146 3042 2429 3106; x_wconf 88' lang='lat' dir='ltr'><strong>efficimur,</strong></span> <span class='ocrx_word' id='word_1_672' title='bbox 2463 3049 2521 3095; x_wconf 92' lang='lat' dir='ltr'><strong>ut</strong></span> <span class='ocrx_word' id='word_1_673' title='bbox 2550 3039 2866 3111; x_wconf 87' lang='lat' dir='ltr'><strong>publicanus</strong></span> <span class='ocrx_word' id='word_1_674' title='bbox 2892 3039 2982 3093; x_wconf 93' lang='lat' dir='ltr'><strong>ille</strong></span> <span class='ocrx_word' id='word_1_675' title='bbox 3006 3056 3020 3091; x_wconf 90' lang='lat'><strong>:</strong></span> <span class='ocrx_word' id='word_1_676' title='bbox 3044 3048 3244 3108; x_wconf 87' lang='lat' dir='ltr'><strong>quanto</strong></span> <span class='ocrx_word' id='word_1_677' title='bbox 3267 3039 3434 3108; x_wconf 84' lang='lat' dir='ltr'><strong>magis</strong></span> <span class='ocrx_word' id='word_1_678' title='bbox 3461 3055 3584 3092; x_wconf 85' lang='lat' dir='ltr'><strong>cum</strong></span> 
     </span>
    </p>
   </div>
   <div class='ocr_carea' id='block_1_84' title="bbox 1987 3129 3587 3206">
    <p class='ocr_par' dir='ltr' id='par_1_84' title="bbox 1987 3129 3587 3206">
     <span class='ocr_line' id='line_1_84' title="bbox 1987 3129 3587 3206; baseline -0.003 -17"><span class='ocrx_word' id='word_1_679' title='bbox 1987 3135 2117 3206; x_wconf 85' lang='lat' dir='ltr'><strong>justi</strong></span> <span class='ocrx_word' id='word_1_680' title='bbox 2161 3149 2369 3198; x_wconf 88' lang='lat' dir='ltr'><strong>sumus,</strong></span> <span class='ocrx_word' id='word_1_681' title='bbox 2401 3141 2456 3188; x_wconf 93' lang='lat' dir='ltr'><strong>et</strong></span> <span class='ocrx_word' id='word_1_682' title='bbox 2485 3147 2584 3186; x_wconf 91' lang='lat' dir='ltr'><strong>nos</strong></span> <span class='ocrx_word' id='word_1_683' title='bbox 2629 3146 2754 3187; x_wconf 88' lang='lat' dir='ltr'><strong>esse</strong></span> <span class='ocrx_word' id='word_1_684' title='bbox 2781 3138 3090 3200; x_wconf 85' lang='lat' dir='ltr'><strong>peccatores</strong></span> <span class='ocrx_word' id='word_1_685' title='bbox 3132 3129 3497 3184; x_wconf 86' lang='lat' dir='ltr'><strong>arbitramur?</strong></span> <span class='ocrx_word' id='word_1_686' title='bbox 3529 3129 3587 3184; x_wconf 89' lang='lat' dir='ltr'><strong>Si</strong></span> 
     </span>
    </p>
   </div>
   <div class='ocr_carea' id='block_1_85' title="bbox 1991 3219 3586 3292">
    <p class='ocr_par' dir='ltr' id='par_1_85' title="bbox 1991 3219 3586 3292">
     <span class='ocr_line' id='line_1_85' title="bbox 1991 3219 3586 3292; baseline -0.005 -11"><span class='ocrx_word' id='word_1_687' title='bbox 1991 3226 2135 3282; x_wconf 88' lang='lat' dir='ltr'><strong>enim</strong></span> <span class='ocrx_word' id='word_1_688' title='bbox 2165 3225 2438 3279; x_wconf 90' lang='lat' dir='ltr'><strong>humiliter</strong></span> <span class='ocrx_word' id='word_1_689' title='bbox 2461 3237 2651 3292; x_wconf 90' lang='lat' dir='ltr'><strong>sapere</strong></span> <span class='ocrx_word' id='word_1_690' title='bbox 2688 3237 2751 3276; x_wconf 86' lang='lat' dir='ltr'><strong>ex</strong></span> <span class='ocrx_word' id='word_1_691' title='bbox 2795 3220 3168 3292; x_wconf 82' lang='lat' dir='ltr'><strong>peccatoribus</strong></span> <span class='ocrx_word' id='word_1_692' title='bbox 3193 3220 3366 3289; x_wconf 90' lang='lat' dir='ltr'><strong>justos</strong></span> <span class='ocrx_word' id='word_1_693' title='bbox 3401 3219 3586 3283; x_wconf 82' lang='lat' dir='ltr'><strong>efficit,</strong></span> 
     </span>
    </p>
   </div>
   <div class='ocr_carea' id='block_1_86' title="bbox 1993 3312 3588 3380">
    <p class='ocr_par' dir='ltr' id='par_1_86' title="bbox 1993 3312 3588 3380">
     <span class='ocr_line' id='line_1_86' title="bbox 1993 3312 3588 3380; baseline -0.006 -7"><span class='ocrx_word' id='word_1_694' title='bbox 1993 3318 2203 3374; x_wconf 84' lang='lat' dir='ltr'><strong>etiamsi</strong></span> <span class='ocrx_word' id='word_1_695' title='bbox 2238 3315 2366 3372; x_wconf 91' lang='lat' dir='ltr'><strong>illud</strong></span> <span class='ocrx_word' id='word_1_696' title='bbox 2398 3331 2503 3370; x_wconf 90' lang='lat' dir='ltr'><strong>nou</strong></span> <span class='ocrx_word' id='word_1_697' title='bbox 2531 3327 2658 3370; x_wconf 89' lang='lat' dir='ltr'><strong>vere</strong></span> <span class='ocrx_word' id='word_1_698' title='bbox 2679 3313 2955 3367; x_wconf 86' lang='lat' dir='ltr'><strong>humilitas</strong></span> <span class='ocrx_word' id='word_1_699' title='bbox 2983 3313 3072 3374; x_wconf 90' lang='lat' dir='ltr'><strong>sit,</strong></span> <span class='ocrx_word' id='word_1_700' title='bbox 3101 3312 3197 3367; x_wconf 89' lang='lat' dir='ltr'><strong>sed</strong></span> <span class='ocrx_word' id='word_1_701' title='bbox 3225 3312 3367 3380; x_wconf 83' lang='lat' dir='ltr'><strong>jnsta</strong></span> <span class='ocrx_word' id='word_1_702' title='bbox 3398 3312 3588 3366; x_wconf 78' lang='lat' dir='ltr'><strong>existi-</strong></span> 
     </span>
    </p>
   </div>
   <div class='ocr_carea' id='block_1_87' title="bbox 1992 3401 3586 3476">
    <p class='ocr_par' dir='ltr' id='par_1_87' title="bbox 1992 3401 3586 3476">
     <span class='ocr_line' id='line_1_87' title="bbox 1992 3401 3586 3476; baseline -0.007 -12"><span class='ocrx_word' id='word_1_703' title='bbox 1992 3410 2158 3464; x_wconf 87' lang='lat' dir='ltr'><strong>matio</strong></span> <span class='ocrx_word' id='word_1_704' title='bbox 2178 3409 2196 3440; x_wconf 74' lang='grc'>³</span> <span class='ocrx_word' id='word_1_705' title='bbox 2227 3424 2241 3461; x_wconf 89' lang='lat'><strong>:</strong></span> <span class='ocrx_word' id='word_1_706' title='bbox 2273 3408 2317 3462; x_wconf 86' lang='lat' dir='ltr'><strong>si</strong></span> <span class='ocrx_word' id='word_1_707' title='bbox 2345 3406 2506 3476; x_wconf 87' lang='lat' dir='ltr'><strong>igitur</strong></span> <span class='ocrx_word' id='word_1_708' title='bbox 2540 3405 2656 3460; x_wconf 72' lang='lat' dir='ltr'><strong>hzec</strong></span> <span class='ocrx_word' id='word_1_709' title='bbox 2677 3403 2820 3474; x_wconf 90' lang='lat' dir='ltr'><strong>justa</strong></span> <span class='ocrx_word' id='word_1_710' title='bbox 2851 3402 3182 3458; x_wconf 83' lang='lat' dir='ltr'><strong>existimatio</strong></span> <span class='ocrx_word' id='word_1_711' title='bbox 3210 3411 3416 3456; x_wconf 88' lang='lat' dir='ltr'><strong>tantunt</strong></span> <span class='ocrx_word' id='word_1_712' title='bbox 3443 3401 3586 3456; x_wconf 75' lang='lat' dir='ltr'><strong>valet</strong></span> 
     </span>
    </p>
   </div>
   <div class='ocr_carea' id='block_1_88' title="bbox 1997 3483 3590 3568">
    <p class='ocr_par' dir='ltr' id='par_1_88' title="bbox 1997 3483 3590 3568">
     <span class='ocr_line' id='line_1_88' title="bbox 1997 3483 3590 3568; baseline -0.011 -15"><span class='ocrx_word' id='word_1_713' title='bbox 1997 3499 2054 3553; x_wconf 88' lang='lat' dir='ltr'><strong>in</strong></span> <span class='ocrx_word' id='word_1_714' title='bbox 2075 3494 2463 3568; x_wconf 87' lang='lat' dir='ltr'><strong>peccatoribus,</strong></span> <span class='ocrx_word' id='word_1_715' title='bbox 2495 3491 2619 3560; x_wconf 88' lang='lat' dir='ltr'><strong>quid</strong></span> <span class='ocrx_word' id='word_1_716' title='bbox 2643 3506 2747 3543; x_wconf 91' lang='lat' dir='ltr'><strong>non</strong></span> <span class='ocrx_word' id='word_1_717' title='bbox 2770 3497 2891 3558; x_wconf 88' lang='lat' dir='ltr'><strong>aget</strong></span> <span class='ocrx_word' id='word_1_718' title='bbox 2919 3485 3192 3540; x_wconf 87' lang='lat' dir='ltr'><strong>humilitas</strong></span> <span class='ocrx_word' id='word_1_719' title='bbox 3217 3487 3269 3538; x_wconf 90' lang='lat' dir='ltr'><strong>in</strong></span> <span class='ocrx_word' id='word_1_720' title='bbox 3295 3485 3492 3553; x_wconf 84' lang='lat' dir='ltr'><strong>justis?</strong></span> <span class='ocrx_word' id='word_1_721' title='bbox 3514 3483 3590 3536; x_wconf 82' lang='lat' dir='ltr'><strong>Ne</strong></span> 
     </span>
    </p>
   </div>
   <div class='ocr_carea' id='block_1_89' title="bbox 1998 3575 3590 3659">
    <p class='ocr_par' dir='ltr' id='par_1_89' title="bbox 1998 3575 3590 3659">
     <span class='ocr_line' id='line_1_89' title="bbox 1998 3575 3590 3659; baseline -0.013 -15"><span class='ocrx_word' id='word_1_722' title='bbox 1998 3590 2159 3659; x_wconf 87' lang='lat' dir='ltr'><strong>igitur</strong></span> <span class='ocrx_word' id='word_1_723' title='bbox 2187 3587 2396 3642; x_wconf 86' lang='lat' dir='ltr'><strong>labores</strong></span> <span class='ocrx_word' id='word_1_724' title='bbox 2422 3595 2540 3639; x_wconf 90' lang='lat' dir='ltr'><strong>tuos</strong></span> <span class='ocrx_word' id='word_1_725' title='bbox 2567 3583 2874 3645; x_wconf 60' lang='lat' dir='ltr'><strong>labefactes,</strong></span> <span class='ocrx_word' id='word_1_726' title='bbox 2901 3595 3034 3633; x_wconf 89' lang='lat' dir='ltr'><strong>neve</strong></span> <span class='ocrx_word' id='word_1_727' title='bbox 3053 3577 3307 3634; x_wconf 89' lang='lat' dir='ltr'><strong>sudorum</strong></span> <span class='ocrx_word' id='word_1_728' title='bbox 3339 3575 3590 3628; x_wconf 88' lang='lat' dir='ltr'><strong>meritum</strong></span> 
     </span>
    </p>
   </div>
   <div class='ocr_carea' id='block_1_90' title="bbox 2000 3663 3592 3744">
    <p class='ocr_par' dir='ltr' id='par_1_90' title="bbox 2000 3663 3592 3744">
     <span class='ocr_line' id='line_1_90' title="bbox 2000 3663 3592 3744; baseline -0.011 -10"><span class='ocrx_word' id='word_1_729' title='bbox 2000 3679 2235 3744; x_wconf 88' lang='lat' dir='ltr'><strong>auferas,</strong></span> <span class='ocrx_word' id='word_1_730' title='bbox 2285 3694 2352 3732; x_wconf 84' lang='lat' dir='ltr'><strong>ne</strong></span> <span class='ocrx_word' id='word_1_731' title='bbox 2394 3691 2532 3731; x_wconf 88' lang='lat' dir='ltr'><strong>vane</strong></span> <span class='ocrx_word' id='word_1_732' title='bbox 2575 3689 2762 3729; x_wconf 88' lang='lat' dir='ltr'><strong>curras</strong></span> <span class='ocrx_word' id='word_1_733' title='bbox 2795 3681 2916 3742; x_wconf 89' lang='lat' dir='ltr'><strong>post</strong></span> <span class='ocrx_word' id='word_1_734' title='bbox 2964 3669 3108 3724; x_wconf 87' lang='lat' dir='ltr'><strong>mille</strong></span> <span class='ocrx_word' id='word_1_735' title='bbox 3143 3668 3369 3722; x_wconf 85' lang='lat' dir='ltr'><strong>decursa</strong></span> <span class='ocrx_word' id='word_1_736' title='bbox 3423 3663 3592 3718; x_wconf 87' lang='lat' dir='ltr'><strong>stadia</strong></span> 
     </span>
    </p>
   </div>
   <div class='ocr_carea' id='block_1_91' title="bbox 1997 3758 3594 3826">
    <p class='ocr_par' dir='ltr' id='par_1_91' title="bbox 1997 3758 3594 3826">
     <span class='ocr_line' id='line_1_91' title="bbox 1997 3758 3594 3826; baseline -0.012 -1"><span class='ocrx_word' id='word_1_737' title='bbox 1997 3784 2213 3825; x_wconf 92' lang='lat' dir='ltr'><strong>omnem</strong></span> <span class='ocrx_word' id='word_1_738' title='bbox 2252 3767 2534 3824; x_wconf 79' lang='lat' dir='ltr'><strong>elfundens</strong></span> <span class='ocrx_word' id='word_1_739' title='bbox 2563 3766 2822 3819; x_wconf 89' lang='lat' dir='ltr'><strong>laborem.</strong></span> <span class='ocrx_word' id='word_1_740' title='bbox 2866 3761 3123 3816; x_wconf 92' lang='lat' dir='ltr'><strong>Dominus</strong></span> <span class='ocrx_word' id='word_1_741' title='bbox 3164 3758 3308 3814; x_wconf 88' lang='lat' dir='ltr'><strong>enim</strong></span> <span class='ocrx_word' id='word_1_742' title='bbox 3355 3758 3511 3826; x_wconf 88' lang='lat' dir='ltr'><strong>longe</strong></span> <span class='ocrx_word' id='word_1_743' title='bbox 3542 3763 3594 3807; x_wconf 89' lang='lat' dir='ltr'><strong>te</strong></span> 
     </span>
    </p>
   </div>
   <div class='ocr_carea' id='block_1_92' title="bbox 1997 3843 3593 3926">
    <p class='ocr_par' dir='ltr' id='par_1_92' title="bbox 1997 3843 3593 3926">
     <span class='ocr_line' id='line_1_92' title="bbox 1997 3843 3593 3926; baseline -0.011 -11"><span class='ocrx_word' id='word_1_744' title='bbox 1997 3860 2188 3915; x_wconf 90' lang='lat' dir='ltr'><strong>melius</strong></span> <span class='ocrx_word' id='word_1_745' title='bbox 2227 3859 2373 3913; x_wconf 92' lang='lat' dir='ltr'><strong>novit</strong></span> <span class='ocrx_word' id='word_1_746' title='bbox 2406 3871 2568 3926; x_wconf 88' lang='lat' dir='ltr'><strong>opera</strong></span> <span class='ocrx_word' id='word_1_747' title='bbox 2617 3865 2725 3910; x_wconf 90' lang='lat' dir='ltr'><strong>tua.</strong></span> <span class='ocrx_word' id='word_1_748' title='bbox 2766 3853 2824 3908; x_wconf 90' lang='lat' dir='ltr'><strong>Si</strong></span> <span class='ocrx_word' id='word_1_749' title='bbox 2861 3852 2946 3906; x_wconf 92' lang='lat' dir='ltr'><strong>vel</strong></span> <span class='ocrx_word' id='word_1_750' title='bbox 2983 3861 3170 3921; x_wconf 88' lang='lat' dir='ltr'><strong>potum</strong></span> <span class='ocrx_word' id='word_1_751' title='bbox 3203 3863 3357 3918; x_wconf 70' lang='lat' dir='ltr'><strong>aquae</strong></span> <span class='ocrx_word' id='word_1_752' title='bbox 3387 3843 3593 3914; x_wconf 76' lang='lat' dir='ltr'><strong>frigida:</strong></span> 
     </span>
    </p>
   </div>
   <div class='ocr_carea' id='block_1_93' title="bbox 1999 3937 3590 4016">
    <p class='ocr_par' dir='ltr' id='par_1_93' title="bbox 1999 3937 3590 4016">
     <span class='ocr_line' id='line_1_93' title="bbox 1999 3937 3590 4016; baseline -0.011 -10"><span class='ocrx_word' id='word_1_753' title='bbox 1999 3951 2252 4016; x_wconf 89' lang='lat' dir='ltr'><strong>dederis,</strong></span> <span class='ocrx_word' id='word_1_754' title='bbox 2286 3964 2354 4004; x_wconf 92' lang='lat' dir='ltr'><strong>ne</strong></span> <span class='ocrx_word' id='word_1_755' title='bbox 2405 3947 2535 4002; x_wconf 92' lang='lat' dir='ltr'><strong>illud</strong></span> <span class='ocrx_word' id='word_1_756' title='bbox 2578 3945 2793 4016; x_wconf 89' lang='lat' dir='ltr'><strong>quidem</strong></span> <span class='ocrx_word' id='word_1_757' title='bbox 2846 3941 3071 4011; x_wconf 78' lang='lat' dir='ltr'><strong>deSpicit</strong></span> <span class='ocrx_word' id='word_1_758' title='bbox 3097 3958 3112 3993; x_wconf 90' lang='lat'><strong>:</strong></span> <span class='ocrx_word' id='word_1_759' title='bbox 3141 3940 3187 3993; x_wconf 88' lang='lat' dir='ltr'><strong>si</strong></span> <span class='ocrx_word' id='word_1_760' title='bbox 3243 3939 3328 3992; x_wconf 90' lang='lat' dir='ltr'><strong>vel</strong></span> <span class='ocrx_word' id='word_1_761' title='bbox 3375 3937 3590 3991; x_wconf 88' lang='lat' dir='ltr'><strong>oboltnn</strong></span> 
     </span>
    </p>
   </div>
   <div class='ocr_carea' id='block_1_94' title="bbox 1999 4030 3592 4112">
    <p class='ocr_par' dir='ltr' id='par_1_94' title="bbox 1999 4030 3592 4112">
     <span class='ocr_line' id='line_1_94' title="bbox 1999 4030 3592 4112; baseline -0.009 -16"><span class='ocrx_word' id='word_1_762' title='bbox 1999 4041 2333 4112; x_wconf 89' lang='lat' dir='ltr'><strong>profuderis,</strong></span> <span class='ocrx_word' id='word_1_763' title='bbox 2379 4038 2425 4092; x_wconf 93' lang='lat' dir='ltr'><strong>si</strong></span> <span class='ocrx_word' id='word_1_764' title='bbox 2467 4036 2792 4106; x_wconf 86' lang='lat' dir='ltr'><strong>ingemueris</strong></span> <span class='ocrx_word' id='word_1_765' title='bbox 2839 4043 3075 4098; x_wconf 90' lang='lat' dir='ltr'><strong>tantum,</strong></span> <span class='ocrx_word' id='word_1_766' title='bbox 3121 4031 3299 4085; x_wconf 86' lang='lat' dir='ltr'><strong>omnia</strong></span> <span class='ocrx_word' id='word_1_767' title='bbox 3341 4030 3428 4084; x_wconf 90' lang='lat' dir='ltr'><strong>ille</strong></span> <span class='ocrx_word' id='word_1_768' title='bbox 3467 4044 3592 4082; x_wconf 88' lang='lat' dir='ltr'><strong>cum</strong></span> 
     </span>
    </p>
   </div>
   <div class='ocr_carea' id='block_1_95' title="bbox 1999 4122 3592 4202">
    <p class='ocr_par' dir='ltr' id='par_1_95' title="bbox 1999 4122 3592 4202">
     <span class='ocr_line' id='line_1_95' title="bbox 1999 4122 3592 4202; baseline -0.008 -14"><span class='ocrx_word' id='word_1_769' title='bbox 1999 4147 2189 4202; x_wconf 88' lang='lat' dir='ltr'><strong>magna</strong></span> <span class='ocrx_word' id='word_1_770' title='bbox 2237 4128 2606 4185; x_wconf 81' lang='lat' dir='ltr'><strong>benevolentia</strong></span> <span class='ocrx_word' id='word_1_771' title='bbox 2655 4127 2865 4196; x_wconf 84' lang='lat' dir='ltr'><strong>recipit,</strong></span> <span class='ocrx_word' id='word_1_772' title='bbox 2914 4125 3105 4178; x_wconf 90' lang='lat' dir='ltr'><strong>horum</strong></span> <span class='ocrx_word' id='word_1_773' title='bbox 3154 4122 3490 4188; x_wconf 90' lang='lat' dir='ltr'><strong>recordatur,</strong></span> <span class='ocrx_word' id='word_1_774' title='bbox 3536 4130 3592 4176; x_wconf 90' lang='lat' dir='ltr'><strong>et</strong></span> 
     </span>
    </p>
   </div>
   <div class='ocr_carea' id='block_1_96' title="bbox 1998 4213 3590 4292">
    <p class='ocr_par' dir='ltr' id='par_1_96' title="bbox 1998 4213 3590 4292">
     <span class='ocr_line' id='line_1_96' title="bbox 1998 4213 3590 4292; baseline -0.006 -16"><span class='ocrx_word' id='word_1_775' title='bbox 1998 4236 2190 4292; x_wconf 87' lang='lat' dir='ltr'><strong>magna</strong></span> <span class='ocrx_word' id='word_1_776' title='bbox 2216 4219 2298 4274; x_wconf 91' lang='lat' dir='ltr'><strong>his</strong></span> <span class='ocrx_word' id='word_1_777' title='bbox 2327 4218 2545 4290; x_wconf 64' lang='lat' dir='ltr'><strong>praemia</strong></span> <span class='ocrx_word' id='word_1_778' title='bbox 2574 4217 2780 4272; x_wconf 90' lang='lat' dir='ltr'><strong>definit.</strong></span> <span class='ocrx_word' id='word_1_779' title='bbox 2821 4216 2931 4269; x_wconf 89' lang='lat' dir='ltr'><strong>Cur</strong></span> <span class='ocrx_word' id='word_1_780' title='bbox 2953 4223 3038 4268; x_wconf 89' lang='lat' dir='ltr'><strong>tua</strong></span> <span class='ocrx_word' id='word_1_781' title='bbox 3066 4213 3336 4282; x_wconf 83' lang='lat' dir='ltr'><strong>exploras,</strong></span> <span class='ocrx_word' id='word_1_782' title='bbox 3365 4220 3419 4264; x_wconf 82' lang='lat' dir='ltr'><strong>et</strong></span> <span class='ocrx_word' id='word_1_783' title='bbox 3445 4226 3590 4280; x_wconf 81' lang='lat' dir='ltr'><strong>saepe</strong></span> 
     </span>
    </p>
   </div>
   <div class='ocr_carea' id='block_1_97' title="bbox 1997 4303 3590 4370">
    <p class='ocr_par' dir='ltr' id='par_1_97' title="bbox 1997 4303 3590 4370">
     <span class='ocr_line' id='line_1_97' title="bbox 1997 4303 3590 4370; baseline -0.008 -1"><span class='ocrx_word' id='word_1_784' title='bbox 1997 4315 2050 4369; x_wconf 90' lang='lat' dir='ltr'><strong>in</strong></span> <span class='ocrx_word' id='word_1_785' title='bbox 2091 4312 2328 4369; x_wconf 90' lang='lat' dir='ltr'><strong>medium</strong></span> <span class='ocrx_word' id='word_1_786' title='bbox 2365 4310 2564 4365; x_wconf 67' lang='lat' dir='ltr'><strong>alters?</strong></span> <span class='ocrx_word' id='word_1_787' title='bbox 2603 4311 2684 4363; x_wconf 87' lang='lat' dir='ltr'><strong>An</strong></span> <span class='ocrx_word' id='word_1_788' title='bbox 2711 4307 2887 4363; x_wconf 88' lang='lat' dir='ltr'><strong>nescis</strong></span> <span class='ocrx_word' id='word_1_789' title='bbox 2920 4307 2963 4360; x_wconf 90' lang='lat' dir='ltr'><strong>si</strong></span> <span class='ocrx_word' id='word_1_790' title='bbox 3004 4315 3053 4359; x_wconf 90' lang='lat' dir='ltr'><strong>te</strong></span> <span class='ocrx_word' id='word_1_791' title='bbox 3091 4303 3299 4370; x_wconf 89' lang='lat' dir='ltr'><strong>laudes,</strong></span> <span class='ocrx_word' id='word_1_792' title='bbox 3330 4303 3497 4357; x_wconf 87' lang='lat' dir='ltr'><strong>Deum</strong></span> <span class='ocrx_word' id='word_1_793' title='bbox 3538 4311 3590 4357; x_wconf 91' lang='lat' dir='ltr'><strong>lc</strong></span> 
     </span>
    </p>
   </div>
   <div class='ocr_carea' id='block_1_98' title="bbox 1996 4395 3589 4468">
    <p class='ocr_par' dir='ltr' id='par_1_98' title="bbox 1996 4395 3589 4468">
     <span class='ocr_line' id='line_1_98' title="bbox 1996 4395 3589 4468; baseline -0.006 -10"><span class='ocrx_word' id='word_1_794' title='bbox 1996 4420 2102 4458; x_wconf 91' lang='lat' dir='ltr'><strong>non</strong></span> <span class='ocrx_word' id='word_1_795' title='bbox 2131 4404 2266 4458; x_wconf 89' lang='lat' dir='ltr'><strong>ultra</strong></span> <span class='ocrx_word' id='word_1_796' title='bbox 2296 4402 2630 4457; x_wconf 87' lang='lat' dir='ltr'><strong>laudaturum</strong></span> <span class='ocrx_word' id='word_1_797' title='bbox 2667 4398 2830 4454; x_wconf 87' lang='lat' dir='ltr'><strong>esse?</strong></span> <span class='ocrx_word' id='word_1_798' title='bbox 2859 4396 3308 4468; x_wconf 88' lang='lat' dir='ltr'><strong>quemadmodum</strong></span> <span class='ocrx_word' id='word_1_799' title='bbox 3352 4402 3409 4450; x_wconf 87' lang='lat' dir='ltr'><strong>et</strong></span> <span class='ocrx_word' id='word_1_800' title='bbox 3448 4395 3492 4449; x_wconf 90' lang='lat' dir='ltr'><strong>si</strong></span> <span class='ocrx_word' id='word_1_801' title='bbox 3537 4404 3589 4449; x_wconf 90' lang='lat' dir='ltr'><strong>tc</strong></span> 
     </span>
    </p>
   </div>
   <div class='ocr_carea' id='block_1_99' title="bbox 1998 4487 3590 4558">
    <p class='ocr_par' dir='ltr' id='par_1_99' title="bbox 1998 4487 3590 4558">
     <span class='ocr_line' id='line_1_99' title="bbox 1998 4487 3590 4558; baseline -0.006 -9"><span class='ocrx_word' id='word_1_802' title='bbox 1998 4494 2255 4549; x_wconf 61' lang='lat' dir='ltr'><strong>miserum</strong></span> <span class='ocrx_word' id='word_1_803' title='bbox 2283 4493 2452 4557; x_wconf 86' lang='lat' dir='ltr'><strong>dicas,</strong></span> <span class='ocrx_word' id='word_1_804' title='bbox 2482 4507 2587 4546; x_wconf 90' lang='lat' dir='ltr'><strong>non</strong></span> <span class='ocrx_word' id='word_1_805' title='bbox 2617 4499 2949 4545; x_wconf 89' lang='lat' dir='ltr'><strong>cessaturum</strong></span> <span class='ocrx_word' id='word_1_806' title='bbox 2979 4497 3030 4544; x_wconf 91' lang='lat' dir='ltr'><strong>te</strong></span> <span class='ocrx_word' id='word_1_807' title='bbox 3057 4487 3198 4558; x_wconf 87' lang='lat' dir='ltr'><strong>apud</strong></span> <span class='ocrx_word' id='word_1_808' title='bbox 3231 4501 3420 4541; x_wconf 89' lang='lat' dir='ltr'><strong>omnes</strong></span> <span class='ocrx_word' id='word_1_809' title='bbox 3451 4502 3590 4556; x_wconf 75' lang='lat' dir='ltr'><strong>pra:-</strong></span> 
     </span>
    </p>
   </div>
   <div class='ocr_carea' id='block_1_100' title="bbox 1995 4579 3588 4646">
    <p class='ocr_par' dir='ltr' id='par_1_100' title="bbox 1995 4579 3588 4646">
     <span class='ocr_line' id='line_1_100' title="bbox 1995 4579 3588 4646; baseline -0.004 -7"><span class='ocrx_word' id='word_1_810' title='bbox 1995 4584 2216 4639; x_wconf 85' lang='lat' dir='ltr'><strong>dicare?</strong></span> <span class='ocrx_word' id='word_1_811' title='bbox 2244 4584 2360 4638; x_wconf 82' lang='lat' dir='ltr'><strong>Non</strong></span> <span class='ocrx_word' id='word_1_812' title='bbox 2387 4583 2502 4638; x_wconf 86' lang='lat' dir='ltr'><strong>vult</strong></span> <span class='ocrx_word' id='word_1_813' title='bbox 2525 4583 2668 4637; x_wconf 91' lang='lat' dir='ltr'><strong>enim</strong></span> <span class='ocrx_word' id='word_1_814' title='bbox 2697 4582 2908 4636; x_wconf 85' lang='lat' dir='ltr'><strong>labores</strong></span> <span class='ocrx_word' id='word_1_815' title='bbox 2938 4592 3056 4635; x_wconf 87' lang='lat' dir='ltr'><strong>mos</strong></span> <span class='ocrx_word' id='word_1_816' title='bbox 3097 4581 3148 4633; x_wconf 92' lang='lat' dir='ltr'><strong>in</strong></span> <span class='ocrx_word' id='word_1_817' title='bbox 3179 4579 3387 4633; x_wconf 90' lang='lat' dir='ltr'><strong>minore</strong></span> <span class='ocrx_word' id='word_1_818' title='bbox 3415 4579 3588 4646; x_wconf 88' lang='lat' dir='ltr'><strong>pretio</strong></span> 
     </span>
    </p>
   </div>
   <div class='ocr_carea' id='block_1_101' title="bbox 1997 4671 3587 4746">
    <p class='ocr_par' dir='ltr' id='par_1_101' title="bbox 1997 4671 3587 4746">
     <span class='ocr_line' id='line_1_101' title="bbox 1997 4671 3587 4746; baseline -0.003 -16"><span class='ocrx_word' id='word_1_819' title='bbox 1997 4676 2202 4731; x_wconf 90' lang='lat' dir='ltr'><strong>haberi.</strong></span> <span class='ocrx_word' id='word_1_820' title='bbox 2243 4677 2308 4730; x_wconf 85' lang='lat' dir='ltr'><strong>Et</strong></span> <span class='ocrx_word' id='word_1_821' title='bbox 2332 4675 2457 4746; x_wconf 90' lang='lat' dir='ltr'><strong>quid</strong></span> <span class='ocrx_word' id='word_1_822' title='bbox 2489 4675 2610 4730; x_wconf 91' lang='lat' dir='ltr'><strong>dico</strong></span> <span class='ocrx_word' id='word_1_823' title='bbox 2647 4674 2700 4728; x_wconf 90' lang='lat' dir='ltr'><strong>in</strong></span> <span class='ocrx_word' id='word_1_824' title='bbox 2742 4674 2949 4728; x_wconf 88' lang='lat' dir='ltr'><strong>minore</strong></span> <span class='ocrx_word' id='word_1_825' title='bbox 2983 4673 3158 4744; x_wconf 82' lang='lat' dir='ltr'><strong>pretio</strong></span> <span class='ocrx_word' id='word_1_826' title='bbox 3188 4671 3419 4724; x_wconf 81' lang='lat' dir='ltr'><strong>haberi?</strong></span> <span class='ocrx_word' id='word_1_827' title='bbox 3446 4671 3587 4726; x_wconf 85' lang='lat' dir='ltr'><strong>Nihil</strong></span> 
     </span>
    </p>
   </div>
   <div class='ocr_carea' id='block_1_102' title="bbox 1995 4761 3584 4835">
    <p class='ocr_par' dir='ltr' id='par_1_102' title="bbox 1995 4761 3584 4835">
     <span class='ocr_line' id='line_1_102' title="bbox 1995 4761 3584 4835; baseline -0.004 -14"><span class='ocrx_word' id='word_1_828' title='bbox 1995 4781 2101 4821; x_wconf 91' lang='lat' dir='ltr'><strong>non</strong></span> <span class='ocrx_word' id='word_1_829' title='bbox 2121 4768 2227 4835; x_wconf 86' lang='lat' dir='ltr'><strong>agit</strong></span> <span class='ocrx_word' id='word_1_830' title='bbox 2246 4775 2300 4822; x_wconf 93' lang='lat' dir='ltr'><strong>et</strong></span> <span class='ocrx_word' id='word_1_831' title='bbox 2331 4767 2568 4828; x_wconf 91' lang='lat' dir='ltr'><strong>tnolitur,</strong></span> <span class='ocrx_word' id='word_1_832' title='bbox 2591 4772 2650 4818; x_wconf 90' lang='lat' dir='ltr'><strong>ut</strong></span> <span class='ocrx_word' id='word_1_833' title='bbox 2669 4764 2749 4818; x_wconf 78' lang='lat' dir='ltr'><strong>vel</strong></span> <span class='ocrx_word' id='word_1_834' title='bbox 2773 4779 2836 4818; x_wconf 84' lang='lat' dir='ltr'><strong>ex</strong></span> <span class='ocrx_word' id='word_1_835' title='bbox 2862 4763 3037 4833; x_wconf 82' lang='lat' dir='ltr'><strong>parvis</strong></span> <span class='ocrx_word' id='word_1_836' title='bbox 3059 4762 3264 4816; x_wconf 89' lang='lat' dir='ltr'><strong>meritis</strong></span> <span class='ocrx_word' id='word_1_837' title='bbox 3288 4761 3584 4828; x_wconf 87' lang='lat' dir='ltr'><strong>coroneris,</strong></span> 
     </span>
    </p>
   </div>
   <div class='ocr_carea' id='block_1_103' title="bbox 1996 4852 3588 4928">
    <p class='ocr_par' dir='ltr' id='par_1_103' title="bbox 1996 4852 3588 4928">
     <span class='ocr_line' id='line_1_103' title="bbox 1996 4852 3588 4928; baseline -0.003 -16"><span class='ocrx_word' id='word_1_838' title='bbox 1996 4867 2052 4912; x_wconf 91' lang='lat' dir='ltr'><strong>et</strong></span> <span class='ocrx_word' id='word_1_839' title='bbox 2078 4859 2267 4913; x_wconf 90' lang='lat' dir='ltr'><strong>circuit</strong></span> <span class='ocrx_word' id='word_1_840' title='bbox 2293 4857 2605 4913; x_wconf 86' lang='lat' dir='ltr'><strong>occasiones</strong></span> <span class='ocrx_word' id='word_1_841' title='bbox 2629 4870 2898 4928; x_wconf 80' lang='lat' dir='ltr'><strong>quaerens,</strong></span> <span class='ocrx_word' id='word_1_842' title='bbox 2921 4855 3074 4924; x_wconf 83' lang='lat' dir='ltr'><strong>queis</strong></span> <span class='ocrx_word' id='word_1_843' title='bbox 3097 4852 3268 4924; x_wconf 81' lang='lat' dir='ltr'><strong>possis</strong></span> <span class='ocrx_word' id='word_1_844' title='bbox 3288 4868 3317 4905; x_wconf 90' lang='lat' dir='ltr'><strong>a</strong></span> <span class='ocrx_word' id='word_1_845' title='bbox 3344 4854 3588 4922; x_wconf 85' lang='lat' dir='ltr'><strong>gehetma</strong></span> 
     </span>
    </p>
   </div>
   <div class='ocr_carea' id='block_1_104' title="bbox 1997 4951 2232 5008">
    <p class='ocr_par' dir='ltr' id='par_1_104' title="bbox 1997 4951 2232 5008">
     <span class='ocr_line' id='line_1_104' title="bbox 1997 4951 2232 5008; baseline -0.017 0"><span class='ocrx_word' id='word_1_846' title='bbox 1997 4951 2232 5008; x_wconf 88' lang='lat' dir='ltr'><strong>liberari.</strong></span> 
     </span>
    </p>
   </div>
   <div class='ocr_carea' id='block_1_105' title="bbox 2067 5037 3591 5105">
    <p class='ocr_par' dir='ltr' id='par_1_105' title="bbox 2067 5037 3591 5105">
     <span class='ocr_line' id='line_1_105' title="bbox 2067 5037 3591 5105; baseline -0.007 -5"><span class='ocrx_word' id='word_1_847' title='bbox 2067 5044 2121 5100; x_wconf 85' lang='lat'><strong>5.</strong></span> <span class='ocrx_word' id='word_1_848' title='bbox 2165 5042 2443 5098; x_wconf 81' lang='lat' dir='ltr'><strong>llumilitas</strong></span> <span class='ocrx_word' id='word_1_849' title='bbox 2471 5039 2872 5098; x_wconf 83' lang='lat' dir='ltr'><strong>commendatur.</strong></span> <span class='ocrx_word' id='word_1_850' title='bbox 2910 5037 3128 5094; x_wconf 78' lang='lat' dir='ltr'><strong>Peccata</strong></span> <span class='ocrx_word' id='word_1_851' title='bbox 3154 5039 3431 5105; x_wconf 73' lang='lat' dir='ltr'><strong>memoriae,</strong></span> <span class='ocrx_word' id='word_1_852' title='bbox 3461 5038 3591 5094; x_wconf 84' lang='lat' dir='ltr'><strong>bona</strong></span> 
     </span>
    </p>
   </div>
   <div class='ocr_carea' id='block_1_106' title="bbox 2053 5305 3578 5371">
    <p class='ocr_par' dir='ltr' id='par_1_106' title="bbox 2053 5305 3578 5371">
     <span class='ocr_line' id='line_1_106' title="bbox 2053 5305 3578 5371; baseline -0.001 -11"><span class='ocrx_word' id='word_1_853' title='bbox 2053 5313 2070 5345; x_wconf 78' lang='grc' dir='ltr'>ι</span> <span class='ocrx_word' id='word_1_854' title='bbox 2104 5311 2160 5360; x_wconf 83' lang='lat' dir='ltr'><strong>In</strong></span> <span class='ocrx_word' id='word_1_855' title='bbox 2182 5317 2363 5364; x_wconf 68' lang='lat' dir='ltr'><strong>Graeco.</strong></span> <span class='ocrx_word' id='word_1_856' title='bbox 2389 5321 2642 5371; x_wconf 45' lang='lat' dir='ltr'><strong>tam)&quot;.</strong></span> <span class='ocrx_word' id='word_1_857' title='bbox 2672 5305 2888 5371; x_wconf 74' lang='lat' dir='ltr'><strong>Anianus</strong></span> <span class='ocrx_word' id='word_1_858' title='bbox 2911 5309 3079 5364; x_wconf 80' lang='lat' dir='ltr'><strong>vertit,</strong></span> <span class='ocrx_word' id='word_1_859' title='bbox 3093 5309 3342 5370; x_wconf 75' lang='lat' dir='ltr'><strong>confossio.</strong></span> <span class='ocrx_word' id='word_1_860' title='bbox 3363 5323 3456 5357; x_wconf 87' lang='lat' dir='ltr'><strong>non</strong></span> <span class='ocrx_word' id='word_1_861' title='bbox 3475 5324 3578 5358; x_wconf 83' lang='lat' dir='ltr'><strong>ma-</strong></span> 
     </span>
    </p>
   </div>
   <div class='ocr_carea' id='block_1_107' title="bbox 1994 5369 3584 5434">
    <p class='ocr_par' dir='ltr' id='par_1_107' title="bbox 1994 5369 3584 5434">
     <span class='ocr_line' id='line_1_107' title="bbox 1994 5369 3584 5434; baseline -0.001 -12"><span class='ocrx_word' id='word_1_862' title='bbox 1994 5373 2062 5430; x_wconf 88' lang='lat' dir='ltr'><strong>le,</strong></span> <span class='ocrx_word' id='word_1_863' title='bbox 2083 5387 2178 5422; x_wconf 88' lang='lat' dir='ltr'><strong>nec</strong></span> <span class='ocrx_word' id='word_1_864' title='bbox 2193 5380 2360 5422; x_wconf 86' lang='lat' dir='ltr'><strong>contra</strong></span> <span class='ocrx_word' id='word_1_865' title='bbox 2380 5369 2707 5434; x_wconf 75' lang='lat' dir='ltr'><strong>Cbrysoswm&#39;r</strong></span> <span class='ocrx_word' id='word_1_866' title='bbox 2726 5381 2948 5430; x_wconf 89' lang='lat' dir='ltr'><strong>scopum,</strong></span> <span class='ocrx_word' id='word_1_867' title='bbox 2986 5371 3070 5431; x_wconf 88' lang='lat' dir='ltr'><strong>qui</strong></span> <span class='ocrx_word' id='word_1_868' title='bbox 3096 5369 3189 5419; x_wconf 86' lang='lat' dir='ltr'><strong>non</strong></span> <span class='ocrx_word' id='word_1_869' title='bbox 3215 5372 3410 5418; x_wconf 87' lang='lat' dir='ltr'><strong>onmiuo</strong></span> <span class='ocrx_word' id='word_1_870' title='bbox 3435 5381 3584 5430; x_wconf 75' lang='lat' dir='ltr'><strong>negat</strong></span> 
     </span>
    </p>
   </div>
   <div class='ocr_carea' id='block_1_108' title="bbox 1995 5446 3592 5516">
    <p class='ocr_par' dir='ltr' id='par_1_108' title="bbox 1995 5446 3592 5516">
     <span class='ocr_line' id='line_1_108' title="bbox 1995 5446 3592 5516; baseline 0.004 -21"><span class='ocrx_word' id='word_1_871' title='bbox 1995 5449 2078 5516; x_wconf 76' lang='lat' dir='ltr'><strong>hic</strong></span> <span class='ocrx_word' id='word_1_872' title='bbox 2099 5449 2368 5511; x_wconf 87' lang='lat' dir='ltr'><strong>peccatoris</strong></span> <span class='ocrx_word' id='word_1_873' title='bbox 2398 5447 2816 5516; x_wconf 68' lang='lat' dir='ltr'><strong>compunctionem</strong></span> <span class='ocrx_word' id='word_1_874' title='bbox 2839 5458 2954 5516; x_wconf 78' lang='lat' dir='ltr'><strong>esse</strong></span> <span class='ocrx_word' id='word_1_875' title='bbox 2973 5459 3100 5516; x_wconf 67' lang='lat' dir='ltr'><strong>vere</strong></span> <span class='ocrx_word' id='word_1_876' title='bbox 3122 5446 3461 5516; x_wconf 75' lang='lat' dir='ltr'><strong>humilitatem.</strong></span> <span class='ocrx_word' id='word_1_877' title='bbox 3475 5511 3484 5516; x_wconf 94' lang='lat'><em>_</em></span> <span class='ocrx_word' id='word_1_878' title='bbox 3499 5452 3592 5500; x_wconf 90' lang='lat' dir='ltr'><strong>sed</strong></span> 
     </span>
    </p>
   </div>
   <div class='ocr_carea' id='block_1_109' title="bbox 1996 5507 3590 5570">
    <p class='ocr_par' dir='ltr' id='par_1_109' title="bbox 1996 5507 3590 5570">
     <span class='ocr_line' id='line_1_109' title="bbox 1996 5507 3590 5570; baseline 0.003 -13"><span class='ocrx_word' id='word_1_879' title='bbox 1996 5511 2067 5559; x_wconf 85' lang='lat' dir='ltr'><strong>ait</strong></span> <span class='ocrx_word' id='word_1_880' title='bbox 2084 5507 2215 5568; x_wconf 79' lang='lat' dir='ltr'><strong>esse.</strong></span> <span class='ocrx_word' id='word_1_881' title='bbox 2242 5519 2521 5570; x_wconf 64' lang='grc' dir='ltr'><strong>ιὺτιωμοσῡνην,</strong></span> <span class='ocrx_word' id='word_1_882' title='bbox 2547 5507 2845 5567; x_wconf 85' lang='lat' dir='ltr'><strong>probitatem,</strong></span> <span class='ocrx_word' id='word_1_883' title='bbox 2860 5507 3118 5570; x_wconf 77' lang='lat' dir='ltr'><strong>justitiam,</strong></span> <span class='ocrx_word' id='word_1_884' title='bbox 3141 5507 3318 5560; x_wconf 79' lang='lat' dir='ltr'><strong>iustam</strong></span> <span class='ocrx_word' id='word_1_885' title='bbox 3339 5509 3590 5562; x_wconf 73' lang='lat' dir='ltr'><strong>existima-</strong></span> 
     </span>
    </p>
   </div>
   <div class='ocr_carea' id='block_1_110' title="bbox 1999 5569 3591 5632">
    <p class='ocr_par' dir='ltr' id='par_1_110' title="bbox 1999 5569 3591 5632">
     <span class='ocr_line' id='line_1_110' title="bbox 1999 5569 3591 5632; baseline -0.006 -11"><span class='ocrx_word' id='word_1_886' title='bbox 1999 5570 2190 5632; x_wconf 77' lang='lat' dir='ltr'><strong>limem,</strong></span> <span class='ocrx_word' id='word_1_887' title='bbox 2220 5577 2272 5618; x_wconf 88' lang='lat' dir='ltr'><strong>ut</strong></span> <span class='ocrx_word' id='word_1_888' title='bbox 2288 5571 2549 5632; x_wconf 82' lang='lat' dir='ltr'><strong>distinguat</strong></span> <span class='ocrx_word' id='word_1_889' title='bbox 2564 5581 2592 5617; x_wconf 89' lang='lat' dir='ltr'><strong>a</strong></span> <span class='ocrx_word' id='word_1_890' title='bbox 2614 5577 2893 5632; x_wconf 12' lang='lat' dir='ltr'><strong>sanctorum,</strong></span> <span class='ocrx_word' id='word_1_891' title='bbox 2911 5569 3218 5632; x_wconf 82' lang='lat' dir='ltr'><strong>humilitate:</strong></span> <span class='ocrx_word' id='word_1_892' title='bbox 3244 5584 3487 5632; x_wconf 42' lang='lat' dir='ltr'><strong>am“</strong></span> <span class='ocrx_word' id='word_1_893' title='bbox 3505 5587 3591 5622; x_wconf 75' lang='lat' dir='ltr'><strong>au.</strong></span> 
     </span>
    </p>
   </div>
   <div class='ocr_carea' id='block_1_111' title="bbox 2001 5631 3587 5743">
    <p class='ocr_par' dir='ltr' id='par_1_111' title="bbox 2001 5631 3587 5743">
     <span class='ocr_line' id='line_1_111' title="bbox 2001 5631 3587 5743; baseline 0.002 -62"><span class='ocrx_word' id='word_1_894' title='bbox 2001 5631 2394 5743; x_wconf 49' lang='grc' dir='ltr'><strong>ξυιὲὺεέἓξιὲυὲιιᾱυ,</strong></span> <span class='ocrx_word' id='word_1_895' title='bbox 2414 5637 2606 5692; x_wconf 85' lang='lat' dir='ltr'><strong>gratum</strong></span> <span class='ocrx_word' id='word_1_896' title='bbox 2628 5642 2864 5694; x_wconf 68' lang='lat' dir='ltr'><strong>(numam,</strong></span> <span class='ocrx_word' id='word_1_897' title='bbox 2885 5631 3080 5690; x_wconf 85' lang='lat' dir='ltr'><strong>indicat,</strong></span> <span class='ocrx_word' id='word_1_898' title='bbox 3102 5635 3395 5695; x_wconf 83' lang='lat' dir='ltr'><strong>quandoque</strong></span> <span class='ocrx_word' id='word_1_899' title='bbox 3421 5635 3587 5696; x_wconf 89' lang='lat' dir='ltr'><strong>etiam,</strong></span> 
     </span>
     <span class='ocr_line' id='line_1_112' title="bbox 2023 5707 2302 5743; baseline 0 0"><span class='ocrx_word' id='word_1_900' title='bbox 2023 5708 2063 5743; x_wconf 82' lang='grc' dir='ltr'><strong>η·</strong></span> <span class='ocrx_word' id='word_1_901' title='bbox 2163 5709 2191 5743; x_wconf 91' lang='lat' dir='ltr'><strong>a</strong></span> <span class='ocrx_word' id='word_1_902' title='bbox 2214 5707 2237 5743; x_wconf 72' lang='grc' dir='ltr'><em>ε</em></span> <span class='ocrx_word' id='word_1_903' title='bbox 2272 5707 2302 5743; x_wconf 84' lang='lat' dir='ltr'><strong>t.</strong></span> 
     </span>
    </p>
   </div>
   <div class='ocr_carea' id='block_1_112' title="bbox 2003 5703 2302 5755">
    <p class='ocr_par' dir='ltr' id='par_1_112' title="bbox 2003 5703 2302 5755">
     <span class='ocr_line' id='line_1_113' title="bbox 2003 5703 2302 5755; baseline -0.003 -12"><span class='ocrx_word' id='word_1_904' title='bbox 2003 5703 2302 5755; x_wconf 69' lang='lat' dir='ltr'><strong>pravitatem.</strong></span> 
     </span>
    </p>
   </div>
  </div>
