4066 6434
441 350 512 409 39
1157 351 1220 412 8.
1256 351 1538 414 JOANNIS
1571 319 2048 416 C-IIRYSOSTOMI
2085 360 2402 422 ARCHIEP.
2441 366 2974 433 CONSTANTINOP.
3663 390 3732 448 ω

463 461 573 512 αὐτ
584 457 687 527 ἦς’*
721 458 801 514 ἂν
817 458 887 513 δὲ
907 460 1176 529 εῖπῃμοι,
1215 461 1298 512 Οὐ
1320 459 1610 528 τεθέληκά
1633 473 1727 524 σε,
1749 460 1881 514 ἰδοὺ
1900 461 2037 531 ἐγὼ.

463 550 700 604 ποιείτω
712 567 816 621 μοι
840 551 908 606 τὸ
935 549 1197 621 ἀρεστὸν
1221 549 1479 606 ἐνώπιον
1497 551 1704 606 αὐτοῦ.
1740 551 1815 607 Τὸ
1845 552 1904 606 δέ
1941 553 2033 606 ἐπὶ

455 639 551 691 τοῦ
577 639 749 693 Σαοὺλ
786 639 882 693 zeal
911 637 1058 704 ἀπαξ
1087 638 1184 692 καὶ
1205 637 1290 702 6l;
1309 638 1358 670 “
1386 640 1482 692 zeal
1510 639 1768 704 πολλάκις
1800 655 2030 710 γεγενη-

458 728 638 796 μένον,
661 728 822 782 ποίαν
848 729 950 782 οὐκ
980 727 1316 782 ἐνδείκνυται
1343 727 1658 798 φιλοσοφίας
1691 726 2027 800 ύπερϐολὴνς

457 817 566 870 Kal
597 817 708 886 7&9
747 818 844 872 zeal
879 818 972 872 τδν
1015 816 1247 873 παλαιὸν
1281 817 1525 889 ὑπερέϐη
1568 818 1750 888 νόμον,
1797 820 1893 872 καὶ
1921 818 2031 873 τῶν

453 906 828 962 ἀποστολικῶν
851 908 1018 976 ἐγγὺς
1047 906 1264 977 ἐγένετο
1281 908 1732 979 προσταγμάτων.
1755 908 1855 962 Διά
1875 908 2034 963 τοῦτο

454 998 636 1052 πάντα
668 999 898 1070 ἔστεργε
925 997 997 1052 τά
1029 997 1182 1069 παρά
1200 997 1293 1051 τοῦ
1323 996 1754 1070 [441Δεσπότου,
1787 999 1848 1053 ού
1876 999 2032 1055 δικά-

454 1087 564 1152 ζων
591 1091 705 1152 τοῖς
731 1089 1056 1160 γινομένοις,
1086 1088 1202 1142 ἀλλ’
1233 1088 1294 1142 ἐν
1334 1088 1494 1160 μόνον
1523 1089 1858 1154 σπουδάζων,
1893 1107 2030 1145 παν-

453 1174 623 1245 ταχοῦ
658 1176 936 1229 πείθεσθαι
973 1175 1069 1230 καὶ
1097 1174 1327 1229 ἐπεσθαι
1355 1178 1467 1239 τοῖς
1499 1175 1628 1247 παρ’
1650 1175 1814 1229 αὐτοῦ
1843 1175 2032 1248 κειμέ-

456 1282 570 1329 νοις
589 1265 792 1336 νόμοις.
832 1267 943 1320 Kal
985 1265 1128 1338 ὁρῶν
1156 1265 1295 1338 μετά
1336 1263 1574 1322 τοσαῦτα
1619 1265 1784 1320 αὑτοῦ
1829 1283 2032 1338 κατορ-

455 1353 685 1425 θώματα
726 1354 817 1408 τδν
859 1354 1142 1423 τύραννον,
1194 1354 1288 1409 τὸν
1333 1354 1687 1426 πατραλοίαν,
1737 1355 1830 1410 τὸν
1877 1355 2034 1411 ἀδελ-

457 1445 734 1512 φοκτόνον.
772 1444 865 1498 τὸν
889 1443 1170 1516 ὑϐριστὴν,
1201 1444 1295 1498 τὸν
1335 1445 1680 1517 μαινόμενον,
1717 1445 1834 1499 ἀντ’
1864 1432 2030 1500 αὐτοῦ

453 1533 553 1604 τὴν
579 1533 743 1587 αὐτοῦ
769 1534 960 1604 έχοντα
989 1533 1289 1605 βασιλείαν,
1335 1534 1457 1588 οὐδὲ
1495 1534 1669 1600 οὕτως
1713 1535 2030 1590 ἐσκανδαλί-

452 1627 578 1692 ζετο
601 1643 616 1658 ·
647 1628 783 1694 ἀλλ’,
819 1629 916 1682 Ἂν
943 1628 1023 1700 τῷ
1055 1628 1176 1700 Θεῷ
1201 1629 1371 1684 ταῦτα
1387 1629 1540 1700 δοκῇ,
1571 1630 1754 1701 φησὶν,
1783 1630 1888 1702 ἐμὲ
1934 1632 2033 1703 μὲν

451 1717 772 1772 ἐλαύνεσθαι
813 1719 909 1772 zeal
951 1718 1252 1774 πλανᾶσθαι
1293 1719 1389 1774 καὶ
1432 1719 1676 1790 φεύγειν,
1723 1722 1930 1775 ἐκεῖνον
1971 1721 2028 1776 δέ

451 1803 595 1862 εἰναι
615 1810 675 1861 ἐν
705 1811 870 1881 τιμῇ,
915 1810 1130 1882 στέργω
1175 1809 1272 1864 καί
1303 1810 1552 1883 δέχομαι,
1594 1811 1691 1866 zeal
1723 1813 1881 1884 χάριν
1921 1813 2031 1885 ἔχω

454 1898 566 1952 τῶν
599 1899 808 1969 μυρίων
834 1900 1000 1955 αὐτοῦ
1034 1901 1242 1957 κακῶν.
1277 1903 1391 1974 Οὐχ
1427 1903 1504 1969 ὡς
1525 1903 1712 1958 πολλοί
1744 1905 1852 1960 τῶν
1874 1906 2028 1962 ἀναι-

457 1988 702 2059 σχύντων
725 1990 820 2045 καὶ
852 1991 1080 2062 ίταμῶν,
1103 1992 1225 2047 οὐδὲ
1239 1994 1299 2047 τὺ
1319 1993 1611 2050 πολλοστὸν
1639 1995 2032 2068 κατορθοῦντες

455 2079 566 2134 τῶν
602 2080 795 2150 ἐκείνῳ
838 2082 1284 2154 κατωρθωμένων
1333 2083 1401 2148 ⁸⁸,
1461 2085 1530 2138 ἂν
1576 2084 1727 2139 ῐδωσί
1766 2103 1919 2151 τινας
1968 2089 2032 2142 ἐν

455 2172 780 2244 εὐημερίαις
809 2173 990 2239 ὄντας,
1029 2175 1258 2240 ἐαυτοὺς
1295 2176 1354 2231 δέ
1397 2175 1601 2249 μικρὰν
1637 2177 2033 2247 ὑπομείναντας

523 2393 574 2429 ⁸³
597 2390 706 2466 δίς]
732 2392 823 2466 δὶςΔ
842 2391 900 2446 δέ
931 2389 1071 2466 ῐυξίίἀ.
1115 2462 1154 2466 η
1181 2390 1229 2423 ⁸⁸
1257 2385 1718 2466 κατορθουμένων
1741 2385 1880 2444 Edd.

449 2464 558 2521 Διὶ.
585 2457 768 2520 θεῶτὶ
801 2462 1035 2536 ἀρετῶν.
1109 2462 1158 2495 ⁸⁸
1185 2457 1333 2532 ταῖς]
1363 2457 1421 2512 ἐν
1442 2457 1564 2522 ταῖς
1597 2457 1659 2513 Ι).

463 2598 3210 2634 _____________________________________________

2127 466 2387 538 ἀθυμίαν,
2455 471 2685 542 μυρίαις
2731 472 2830 536 τὰς
2875 471 3087 528 ἐαυτῶν
3141 474 3322 548 ψυχὰς
3378 478 3707 540 ἀπολλύουσι

2131 557 2521 629 βλασφημίαις.
2564 561 2706 616 Ἀλλ’
2725 563 2825 633 ούχ
2851 565 2880 618 6
2899 563 3064 618 Δαυτδ
3076 567 3333 636 τοιοῦτος,
3355 569 3494 626 ἀλλά
3525 574 3707 628 πᾶσαν

2127 647 2472 702 ἐπεδείκνυτο
2533 651 2854 707 ἐπιείκειαν.
2890 654 2982 708 Διὸ
3039 657 3135 710 zeal
3193 657 3378 728 ἐλεγεν
3439 663 3471 716 6
3530 663 3701 728 Θεός·

2123 734 2320 807 Εὗρον
2354 741 2538 795 Δαυῒδ
2577 743 2684 797 τὸν
2732 742 2840 798 τοῦ
2881 745 3122 814 Ἰεσσαὶ,
3167 747 3358 818 ἄνδρα
3393 751 3546 806 κατά
3589 753 3706 822 τὴν

2123 827 2378 897 καρδίαν
2397 848 2540 899 μου.
2559 831 2827 905 Τοιαύτην
2845 834 2942 888 zeal
2963 835 3126 906 ἡμεῖς
3144 838 3475 911 κτησώμεθα
3499 842 3701 917 ψυχὴν,

2125 920 2220 972 καὶ
2249 919 2390 991 ὅπερ
2420 920 2488 975 ἀν
2524 921 2807 996 πάθωμεν,
2843 924 3064 997 οἴσομεν
3109 929 3153 961 ⁶¹
3199 930 3421 1002 ῥαδίως,
3453 935 3549 987 καὶ
3595 935 3704 1006 πρὸ

2121 1011 2222 1082 τῆς
2259 1010 2536 1081 βασιλείας
2575 1013 2826 1068 ἐντεῦθεν
2863 1018 3272 1091 καρπωσόμεθα
3307 1022 3410 1092 τῆς
3449 1041 3703 1081 ταπεινο-

2123 1101 2396 1174 φροσύνης
2440 1103 2540 1176 τὴν
2584 1105 2865 1177 πρόσοδον.
2914 1108 3145 1166 Hdde“
3183 1110 3313 1183 7&9,
3357 1115 3541 1185 φησιν,
3597 1118 3704 1173 ἀπ’

2119 1191 2286 1262 ἐμοῦ,
2317 1193 2408 1248 ότι
2431 1192 2622 1263 πρᾶός
2642 1199 2759 1266 ειμι
2787 1198 2899 1253 aea)
2910 1201 3190 1270 ταπεινὸς
3223 1191 3316 1273 tif
3329 1205 3564 1274 καρδίᾳ,
3602 1209 3703 1264 καὶ

2119 1282 2408 1352 εὑρήσετε
2441 1283 2793 1341 ἀνάπαυσιν
2811 1288 2945 1357 ταῖς
2967 1291 3197 1362 ψυχαῖς
3238 1291 3422 1362 ὑμῶν.
3472 1295 3575 1350 'Iv’
3607 1295 3702 1355 οῦν

2121 1373 2520 1446 ἀπολαύσωμεν
2561 1377 2945 1446 ἀναπαύσεως,
2995 1383 3092 1437 zeal
3123 1383 3360 1439 ἐνταῦθα
3407 1385 3504 1440 καὶ
3540 1388 3662 1443 ἐκεῖ
3680 1429 3700 1457 ,

2125 1463 2265 1534 μετά
2290 1463 2490 1537 πολλῆς
2531 1465 2634 1537 τῆς
2671 1469 2907 1540 σπουδῆς
2935 1470 3036 1542 τὴν
3074 1471 3294 1525 πάντων
3332 1473 3548 1544 μητέρα
3587 1474 3698 1528 τῶν

2120 1553 2342 1622 ἀγαθῶν
2362 1556 2431 1624 ⁸⁸,
2457 1557 2558 1628 τὴν
2580 1559 3080 1632 ταπεινοφροσύνην
3108 1561 3273 1631 λέγω,
3289 1564 3412 1627 ταῖς
3427 1564 3472 1595 ⁸⁸
3488 1563 3701 1618 ἑαυτῶν

2123 1645 2478 1719 φυτεύσωμεν
2507 1648 2724 1720 ψυχαῖς.
2761 1650 2917 1706 οὕτω
2948 1651 3058 1724 γάρ
3082 1653 3179 1707 zeal
3205 1654 3270 1707 τὸ
3296 1654 3392 1708 τοῦ
3431 1655 3546 1726 βίου
3574 1655 3703 1709 τού-

2122 1750 2219 1789 του
2255 1736 2488 1808 πέλαγος
2525 1740 2695 1811 χωρὶς
2741 1741 3002 1813 κυμάτων
3040 1741 3385 1815 δυνησόμεθα
3431 1743 3704 1816 διαϐῆναι,

2118 1821 2214 1875 zeal
2257 1823 2339 1886 εἰς
2382 1823 2476 1878 τὸν
2520 1825 2755 1897 γαληνὸν
2799 1830 3008 1885 ἐκεῖνον
3054 1831 3428 1887 καταπλεῦσαι
3481 1835 3699 1906 λιμένα,

2118 1910 2304 1982 χάριτι
2350 1912 2445 1966 καὶ
2487 1912 2866 1988 φιλανθρωπίᾳ
2914 1918 3008 1972 τοῦ
3055 1917 3256 1991 Κυρίου
3304 1920 3462 1992 ἡμῶν
3522 1923 3700 1995 Ἰησοῦ

2121 2001 2382 2070 Χριστοῦ,
2411 1995 2458 2072 ᾧ
2507 2005 2543 2076 ἡ
2592 2005 2720 2072 δόξα
2760 2008 2856 2063 καὶ
2891 2008 2956 2064 τὸ
2990 2011 3192 2083 κράτος
3219 2012 3300 2076 εἰς
3329 2014 3455 2078 τοὺς
3495 2015 3698 2082 αἰῶνας

2121 2089 2202 2144 τῶ
2231 2090 2462 2148 αἰώνων.
2507 2095 2699 2168 Ἀμήν.
2728 2087 2734 2092 ’

1991 2387 2040 2420 "
2065 2385 2306 2457 οῖσωμεν
2330 2391 2388 2441 οι
2412 2397 2541 2438 mox
2559 2379 2982 2454 καρπωσώμεθα
3000 2377 3066 2434 D.
3163 2379 3212 2413 "
3242 2375 3488 2448 ἀγαθῶνῖ
3511 2375 3605 2434 Sic
3630 2375 3704 2435 D.

1908 2714 2155 2771 ΟΜΙΛΙΑ
2192 2715 2266 2770 Δ’.

449 2854 646 2910 Πᾶσαι
690 2848 805 2924 οὖν
847 2852 910 2906 αι
943 2851 1151 2924 ,τενεαί
1188 2852 1310 2908 ἀπὸ
1349 2853 1617 2924 ΔἈϐραὰμ
1653 2853 1766 2922 ἕως
1816 2853 2020 2922 Δαυτδ,

518 2922 715 2993 γενεαὶ
745 2921 1187 2994 δεκατέσσαρες
1203 2939 1221 2955 ο
1267 2922 1364 2978 καί
1401 2921 1520 2979 ἀπὸ
1557 2921 1876 2994 Ᾰαυῒδίὲως
1913 2921 2026 2994 τῆς·

513 2992 890 3065 μετοικεσίας
917 2992 1295 3058 Βαϐυλῶνος,
1330 2994 1523 3065 γενεαί
1552 2992 2022 3065 δεκατέσσαρερλ

518 3060 615 3115 zeal
646 3061 766 3132 ἀπὸ
802 3060 912 3130 τῆς
943 3060 1346 3132 μετοικεσίας
1368 3063 1728 3132 Βαϐυλῶνος
1764 3060 2026 3132 ἔως-’τοῦ

517 3131 795 3199 Χριστοῦ,
827 3131 1024 3202 Tarsa!
1051 3131 1512 3201 δεκατέσσαρες.

522 3317 590 3368 α’.
618 3311 712 3374 Εἰς
757 3311 907 3382 τρεῖς
957 3308 1118 3364 διεῖλε
1153 3309 1378 3380 μερίδας
1416 3307 1514 3372 τὰς
1540 3307 1732 3378 γενεάς
1764 3306 1985 3373 ἁπάσας
2006 3349 2024 3376 ,

446 3402 660 3465 δεικνὺς
702 3401 782 3455 δτι
813 3401 936 3455 οὐδέ
974 3399 1084 3454 τῶν
1124 3399 1405 3454 πολιτειῶν
1440 3400 1879 3471 μεταϐληθεισῶν
1898 3399 2025 3471 ἐγέ-

447 3509 602 3546 νοντο
648 3491 910 3562 βελτίους,
966 3491 1106 3546 ἀλλά
1159 3495 1257 3546 zeal
1305 3491 1882 3564 ἀριστοκρατούμενοι,
1929 3492 2027 3546 καὶ

451 3583 881 3654 βασιλευόμενοι,
940 3585 1037 3636 zeal
1068 3582 1536 3654 ὀλιγαρχούμενοι,
1580 3587 1638 3638 ἐν
1685 3586 1795 3648 τοῖς
1839 3583 2025 3646 αὐτοῖς

448 3669 590 3744 ἦσαν
638 3674 830 3735 κακοῖς
851 3687 866 3702 ·
919 3671 1017 3724 zeal
1072 3669 1196 3724 οὕτε
1247 3671 1613 3742 δημαγωγῶν,
1656 3671 1782 3724 οὔτε
1812 3671 2023 3742 ἱερέων,

448 3763 574 3818 οὔτε
614 3761 878 3834 βασιλέων
896 3761 1096 3826 αὐτοὺς
1126 3761 1442 3830 διεπόντων,
1473 3762 1629 3834 ἐσχον
1667 3780 1720 3816 τι
1743 3762 1904 3816 πλέον
1946 3763 2028 3826 εἰς

448 3856 650 3928 ἀρετῆς
679 3854 857 3923 λόγον.
891 3855 1048 3919 Τίνος
1073 3854 1131 3908 δέ
1156 3855 1342 3909 ἐνεκεν
1374 3859 1432 3910 ἐν
1468 3857 1566 3927 μὲν
1598 3858 1663 3928 τῇ
1684 3855 1826 3928 μέσῃ
1848 3855 2028 3928 μερίδι

448 3949 599 4018 τρεῖς
625 3946 944 4018 παρέδραμε
975 3945 1234 4016 βασιλεῖς,
1276 3948 1334 4000 ἐν
1379 3946 1436 4001 δέ
1472 3950 1538 4019 τῇ
1582 3948 1786 4020 ἐσχάτῃ
1819 3946 2028 4001 δώδεκα

449 4039 565 4104 θεὶς
600 4039 815 4109 γενεάς,
865 4039 1268 4111 δεκατέσσαρας
1309 4039 1480 4105 αὐτὰς
1521 4035 1662 4096 εἶναι
1691 4041 1895 4112 ἐφησες
1953 4039 2029 4094 Τὸ

453 4131 551 4201 μέν
576 4131 839 4203 πρότερον
878 4131 1006 4200 ὑμῖν
1043 4131 1246 4202 ἀφίημι
1279 4130 1461 4200 ζητεῖν
1484 4149 1500 4163 ⁸
1543 4132 1663 4186 οὐδὲ
1701 4132 1809 4204 γὰρ
1846 4132 2027 4186 πάντα

450 4217 694 4271 ἐπιλύειν
733 4219 862 4287 ὑμῖν
901 4219 1219 4287 ἀναγκαῖον,
1254 4221 1342 4274 ἴνα
1377 4221 1455 4291 μὴ
1494 4222 1805 4290 ἀναπέσητε
1827 4238 1842 4252 ο
1884 4220 1945 4275 τὸ
1969 4220 2029 4275 δὲ

449 4305 702 4376 δεύτερον
745 4308 904 4376 ἡμεῖς
949 4307 1202 4380 ἐροῦμεν.
1264 4311 1418 4380 Ἐμοὶ
1454 4311 1564 4379 γὰρ
1597 4310 1831 4365 ἐνταῦθα
1879 4311 2031 4369 δοκεῖ

453 4398 548 4450 καὶ
591 4396 684 4450 τὸν
724 4396 914 4466 χρόνον
962 4399 1063 4467 τῆς
1112 4398 1487 4469 αἰχμαλωσίας
1529 4401 1586 4455 ἐν
1630 4401 1782 4464 τάξει
1837 4402 2031 4470 γενεᾶς

450 4487 681 4554 τιθέναι,
736 4488 831 4542 καὶ
871 4488 1034 4542 αὐτὸν
1078 4487 1171 4542 τὸν
1222 4489 1479 4561 Χριστὸν,
1527 4491 1858 4560 πανταχόθεν
1907 4510 2033 4546 συν-

449 4579 638 4634 άπτων
668 4579 799 4651 ἡμῖν
823 4578 1007 4633 αὐτόν.
1039 4580 1472 4650 ’Λναμιμνὴσκει
1504 4580 1561 4633 δὲ
1601 4581 1694 4634 καὶ
1729 4583 1826 4651 τῆς
1860 4583 2028 4653 αἰχμ-

450 4671 689 4736 αλωσίας
721 4671 935 4742 ἐκείνης
971 4670 1174 4736 καλῶς,
1202 4671 1379 4741 δηλῶν
1416 4671 1498 4724 ὅτι
1529 4671 1648 4726 οὑδέ
1683 4673 1799 4725 ἐκεῖ
1838 4673 2031 4726 κατελ-

451 4761 657 4830 θόντες,
719 4761 968 4832 ἐγένοντο
1029 4761 1458 4834 σωφρονέστεροι
1480 4778 1495 4792 ·
1555 4761 1696 4817 ῶστε
1765 4761 2028 4817 πάντοθεν

445 4851 750 4919 ἀναγκαίαν
794 4853 1027 4925 φανῆναι
1065 4851 1164 4923 τὴν
1197 4849 1360 4904 αὑτοῦ
1404 4849 1723 4920 παρουσίαν.
1761 4850 1829 4904 Τί
1861 4845 1955 4905 οὖν
1997 4852 2030 4904 6

447 4940 696 5011 Μάρκος,
758 4944 943 5013 φησὶν,
994 4943 1058 4998 οὐ
1116 4943 1263 4995 ποιεῖ
1307 4939 1487 5002 τοῦτο,
1543 4940 1663 4993 οὐδὲ
1725 4941 2035 5010 γενεαλογεῖ

446 5029 541 5082 τὸν
585 5030 818 5101 Χριστὸν
861 5032 933 5090 ⁷ο,
969 5031 1084 5085 ἀλλ’
1129 5031 1403 5102 ἐπιτόμως
1437 5029 1550 5102 [46]
1602 5030 1818 5085 ἅπαντα
1867 5031 2032 5102 φθέγ-

447 5135 641 5188 γεται;
718 5118 873 5189 Ἐμοὶ
947 5121 1095 5174 δοκεῖ
1155 5122 1184 5174 6
1255 5122 1356 5192 μὲν
1415 5120 1689 5186 Ματθαῖος
1759 5123 1864 5194 πρὸ
1923 5121 2034 5176 τῶν

447 5209 623 5264 ἄλλων
658 5205 860 5282 ἦρχθαι
896 5211 988 5264 τοῦ
1031 5211 1380 5282 πράγματος·
1412 5213 1492 5266 διὸ
1525 5214 1618 5269 zeal
1646 5213 1745 5286 τὴν
1785 5214 2034 5284 γενεαλοο

447 5305 574 5372 γίαν
606 5306 788 5376 τίθησι
816 5305 956 5376 μετὰ
987 5306 1293 5378 ἀκριϐείας,
1346 5307 1440 5360 zeal
1488 5307 1622 5378 πρὸς
1667 5309 1735 5362 τὰ
1777 5308 2031 5362 κατεπεί-

447 5417 613 5467 γοντα
645 5400 880 5454 ῖσταται·
917 5401 946 5454 6
988 5401 1046 5455 δὲ
1096 5403 1322 5475 Μάρκος
1372 5404 1490 5474 μετ’
1537 5405 1765 5469 ἐκεῖνον,
1819 5404 1899 5458 διδ
1938 5406 2026 5459 ἐπὶ

448 5488 714 5560 σύντομον
739 5486 902 5563 ἦλθεν
933 5492 1073 5558 ὁδὸν,
1099 5492 1196 5547 ἅτε
1213 5496 1325 5555 τοῖς
1349 5493 1449 5562 ἡδη
1475 5492 1708 5564 λεχθεῖσι
1735 5497 1830 5548 καὶ
1853 5495 2031 5564 δήλοις

521 5711 574 5747 ’³
601 5715 860 5789 Χριστὸν]
894 5719 1113 5792 Ἰησοῦν
1277 5721 1316 5792 ῖ¹
1344 5721 1393 5773 οἰ
1421 5721 1701 5792 προφῆται
1731 5720 1792 5774 Ι).
1869 5720 1924 5792 Τ²γ
1945 5720 2214 5792 ἐκόμαζεν
2237 5718 2364 5789 (sic)
2497 5722 2787 5792 ἐκώμασεν
2817 5724 2882 5778 D.
2962 5722 3221 5792 ⁷³ἐγίνετο
3249 5721 3306 5776 Β.
3333 5723 3396 5776 C.
3434 5721 3494 5775 E.

2123 2868 2294 2935 ἔθνος.
2327 2866 2410 2933 οῖς
2438 2869 2534 2923 καὶ
2565 2867 2768 2940 μᾶλλον
2793 2868 3082 2939 προσεῖχεν
3101 2869 3132 2922 6
3153 2866 3261 2920 τῶν
3299 2865 3569 2920 Ἰουδαίων
3602 2865 3703 2933 δῆ-

2124 2977 2248 3033 μος.
2275 2959 2477 3030 Διόπερ
2505 2960 2801 3028 ἀναγκαῖος
2843 2951 2995 3023 οὗτος
3035 2959 3146 3012 τῶν
3181 2957 3483 3029 προοιμίων
3521 2957 3552 3008 6
3575 2955 3708 3026 τρό-

2121 3069 2224 3117 πος
2246 3048 2316 3124 ἦν
2344 3052 2474 3122 παρ’
2499 3052 2700 3116 αὐτοῖς.
2735 3051 2800 3105 Εἰ
2831 3051 2889 3104 δέ
2920 3067 3050 3104 ποτε
3083 3051 3178 3104 καὶ
3223 3049 3442 3118 ἐγένετο
3479 3049 3702 3119 σημεῖα,

2121 3144 2232 3199 τῶν
2259 3143 2553 3215 βαρϐάρων
2575 3143 2761 3197 ἐνεκεν
2783 3142 3000 3210 ἐγένετο
3026 3142 3095 3207 ’³,
3126 3140 3267 3195 ὥστε
3293 3138 3521 3202 πολλοὺς
3549 3139 3705 3207 γενέ-
3798 3217 3802 3219 _

2123 3235 2247 3288 σθαι
2304 3234 2430 3298 τοὺς
2481 3233 2874 3305 προσηλύτους,
2933 3235 3029 3287 καὶ
3081 3235 3162 3295 εἰς
3202 3231 3429 3298 ἔνδειξιν
3469 3231 3572 3300 τῆς
3607 3229 3704 3283 τοῦ

2121 3323 2258 3378 Θεοῦ
2302 3323 2606 3394 δυνάμεως,
2647 3323 2702 3376 εί
2736 3340 2866 3376 ποτε
2909 3323 3106 3386 αὐτοὺς
3137 3323 3188 3376 οἰ
3221 3321 3471 3392 πολέμιοι
3511 3319 3704 3374 λαϐόν-

2120 3431 2233 3479 τες,
2257 3414 2334 3478 ώς
2369 3412 2478 3467 τῶν
2504 3414 2636 3485 παρ’
2663 3413 2846 3478 αὐτοῖς
2869 3412 3008 3467 θεῶν
3036 3411 3273 3484 ἰσχυρῶν
3295 3412 3484 3474 ὄντων,
3517 3411 3705 3479 ἐνόμι-

2124 3521 2222 3560 σαν
2251 3505 2648 3576 κεκρατηκέναι
2670 3504 2747 3547 "ﬁ
2766 3504 3019 3574 καθάπερ
3048 3505 3108 3557 ἐν
3141 3502 3422 3574 Αἰγύπτῳ,
3450 3501 3572 3556 ὅθεν
3611 3501 3706 3554 zeal

2122 3597 2288 3660 πολὺς
2331 3599 2361 3651 6
2407 3597 2713 3668 σύμμικτος
2744 3598 2791 3630 ⁷⁸
2834 3596 3002 3667 ἀνέϐη
3025 3597 3072 3628 ⁷⁸
3092 3613 3106 3625 ·
3137 3596 3232 3650 καὶ
3269 3595 3410 3666 μετὰ
3442 3593 3618 3647 ταῦτα
3644 3595 3704 3647 ἐν

2123 3684 2425 3751 Βαϐυλῶνι,
2479 3687 2548 3740 τὰ
2593 3686 2738 3741 κατά
2779 3685 2878 3758 τὴν
2919 3687 3150 3756 κάμινον
3189 3684 3285 3738 zeal
3319 3683 3389 3738 τὰ
3427 3684 3701 3754 ὀνείρατα.

2136 3778 2383 3848 Ἐγένετο
2411 3778 2470 3833 δέ
2497 3778 2592 3833 zeal
2616 3779 2778 3850 ἡνίκα
2811 3778 2935 3832 καθ’
2965 3777 3192 3841 ἐαυτοὺς
3218 3772 3380 3848 ἦσαν,
3411 3779 3615 3847 σημεῖα
3644 3777 3705 3828 ἐν

2121 3872 2188 3940 τῇ
2219 3871 2430 3941 ἐρήμῳ,
2468 3870 2719 3941 καθάπερ
2760 3871 2855 3924 zeal
2890 3869 2974 3937 ἐφ’
3007 3867 3183 3938 ἡμῶν
3219 3867 3316 3921 zeal
3344 3867 3453 3938 γὰρ
3493 3867 3586 3920 zeal
3616 3866 3701 3936 ἐφ’

2123 3961 2302 4033 ἡμῶν,
2346 3962 2509 4032 ἡνίκα
2540 3962 2640 4031 τῆς
2668 3961 2876 4030 πλάνης
2919 3959 3190 4031 ἐξῄειμεν,
3239 3957 3412 4012 πολλά
3449 3958 3705 4028 θαύματα

2125 4053 2360 4125 ἐδείχθη·
2387 4053 2525 4124 μετά
2547 4053 2604 4106 δὲ
2635 4052 2807 4106 ταῦτα
2835 4051 2949 4123 μη
2984 4050 3137 4123 ἐστη,
3169 4049 3443 4120 πανταχοῦ
3474 4049 3578 4119 τῆς
3609 4050 3701 4102 εύ-

2126 4144 2341 4208 σεϐείας
2367 4143 2740 4215 φυτευθείσης.
2772 4145 2837 4198 Εἰ
2866 4143 2925 4197 δὲ
2956 4143 3050 4197 καὶ
3089 4143 3228 4214 μετά
3256 4142 3430 4196 ταῦτα
3457 4141 3701 4209 γέγονεν,

2123 4237 2280 4305 ὀλίγα
2328 4237 2423 4292 zeal
2458 4235 2752 4308 σποράδην·
2801 4228 2934 4297 οἷον,
2974 4235 3139 4306 ἡνίκα
3174 4237 3205 4289 6
3245 4235 3394 4304 ἥλιος
3439 4232 3567 4302 ἔστη
3605 4231 3702 4286 τοῦ

2127 4317 2516 4388 γεγενημένοις
2547 4319 2860 4393 ἐπιχειρῶν.
2892 4317 3018 4382 Πῶς
3035 4312 3128 4370 οῦν
3167 4318 3198 4370 6
3217 4316 3449 4378 Λουκᾶς,
3491 4313 3584 4367 καὶ
3610 4329 3706 4381 γε·

2125 4409 2393 4478 νεαλογεῖ,
2447 4409 2541 4462 zeal
2581 4407 2670 4463 διὰ
2717 4409 2976 4462 πλειόνων
3016 4406 3177 4461 τοῦτο
3217 4407 3388 4472 ποιεῖ;
3434 4405 3566 4457 Ἀτε
3608 4400 3708 4457 τοῦ

2125 4499 2404 4556 Ματθαίου
2429 4500 2972 4572 πρωδοποιὴσαντος,
3002 4498 3246 4570 βούλεταί
3273 4514 3326 4550 τι
3352 4495 3462 4550 τῶν
3487 4493 3714 4565 εἰρημέο

2127 4609 2234 4646 νων
2263 4589 2471 4655 διδάξαι
2500 4589 2662 4645 πλέον
2688 4592 2855 4662 ἡμᾶς.
2885 4590 2996 4645 Kal
3034 4590 3263 4650 ἐκαστος
3298 4587 3358 4641 δὲ
3387 4586 3590 4658 ὁμοίως
3614 4583 3708 4638 τὸν

2127 4682 2444 4738 διδάσκαλον
2470 4683 2798 4753 ἐμιμήσατο·
2835 4682 2864 4734 6
2892 4681 2992 4753 μὲν
3023 4681 3116 4735 τὸν
3151 4679 3384 4746 Παῦλον,
3411 4679 3552 4749 ὑπὲρ
3579 4676 3708 4740 τοὺς

2128 4772 2405 4842 ποταμοὺς
2438 4770 2651 4843 ῥέοντα*
2678 4773 2708 4826 6
2739 4771 2796 4824 δέ
2820 4770 2910 4824 τὸν
2941 4771 3166 4842 Πέτρον,
3196 4767 3558 4841 βραχυλογίας
3585 4768 3708 4820 ἐπι-

2129 4861 2480 4934 μελούμενον.
2515 4863 2628 4917 Kal
2662 4862 2716 4916 τί
2761 4861 2959 4934 δήποτε
3005 4861 3306 4932 ἀρχόμενος
3355 4860 3385 4912 6
3429 4858 3708 4920 Ματθαῖος

2123 4955 2225 5008 οὐκ
2253 4950 2426 5018 εἷπεν,
2451 4954 2640 5026 ὥσπερ
2665 4956 2694 5007 6
2723 4955 3009 5026 προφήτης
3031 4954 3076 4985 ’ί
3097 4967 3113 4984 ·
3147 4953 3390 5020 "Opaca;
3418 4948 3499 5018 ἣν
3521 4945 3704 5004 εἷδον·

2125 5046 2241 5111 καὶ,
2282 5047 2338 5099 Ὁ
2362 5047 2549 5118 λόγος
2575 5048 2609 5100 ὁ
2634 5045 2946 5116 γενόμενος
2985 5045 3137 5115 πρός
3159 5059 3272 5114 ys;
3295 5044 3416 5097 Ὀτι
3445 5043 3583 5113 πρὸς
3615 5043 3707 5094 εὐ-

2124 5136 2408 5208 γνώμονας
2458 5138 2690 5208 ἐγραφε,
2733 5139 2828 5191 zeal
2867 5137 3073 5208 σφόδρα
3126 5135 3276 5206 αὐτῷ
3315 5135 3702 5206 προσέχοντας.

2125 5230 2238 5283 Kal
2258 5229 2367 5299 7&9
2398 5229 2495 5282 zeal
2519 5227 2587 5282 τὰ
2611 5229 2880 5300 γενόμενα
2907 5228 3163 5300 θαύματα
3189 5227 3338 5292 ἐϐόα,
3371 5228 3466 5280 καὶ
3495 5228 3544 5280 οἱ
3563 5226 3707 5297 δεχόο

2127 5335 2277 5388 μενοι
2328 5317 2532 5388 σφόδρα
2577 5313 2717 5388 ἦσαν
2765 5317 2962 5372 πιστοί.
3008 5318 3132 5372 Ἐπὶ
3171 5317 3228 5370 δὲ
3263 5316 3373 5370 τῶν
3410 5316 3704 5387 προφητῶν

2123 5407 2247 5462 οὗτε
2303 5406 2556 5479 θαύματα
2599 5403 2668 5476 ἦν
2718 5406 2956 5460 τοσαῦτα
2992 5408 3190 5470 αὐτοὺς
3232 5405 3700 5476 ἀνακηρύττοντα,

2127 5496 2222 5550 καὶ
2277 5497 2414 5550 πολὺ
2464 5497 2526 5550 τὸ
2581 5495 2692 5550 τῶν
2746 5495 3208 5567 ψευδοπροφητῶν
3261 5493 3619 5567 ἐπεκώμαζεν
3654 5497 3702 5530 ⁷³

3587 5725 3638 5753 τι
3667 5724 3721 5777 ει

453 5800 674 5870 ﬁmi...-
684 5788 1113 5870 κεκρατηκέναι]
1149 5790 1301 5870 ἵν’-εί
1328 5788 1690 5870 ποτεαῦτοξές
1720 5792 1768 5843 οἱ
1791 5788 2057 5870 ’πολέμιοι
2081 5791 2308 5870 λάϐωσι,
2459 5788 2776 5870 νομίσωσιν,
2812 5788 3184 5870 ώς...κὸντ“ωνλ
3213 5793 3613 5870 κεκρατηκέναι
3641 5795 3713 5870 .

454 5850 515 5932 Β.
551 5853 611 5909 C.
657 5856 720 5908 Ε.
795 5858 841 5940 ⁷-⁵
865 5860 892 5910 6
918 5850 1247 5982 σύμμικτοεῘΙ
1278 5857 1582 5929 σύμμικτος
1615 5850 1680 5913 (ἶ.
1721 5862 1812 5915 καὶ
1853 5850 2024 5931 σύμμι

455 5921 626 5979 1·.ιυιί.
669 5939 766 5982 xu.
808 5928 894 5982 .38.
931 5924 1041 5981 Jur.
1079 5943 1117 5982 ι.
1169 5930 1200 5981 5
1243 5969 1255 5982 .

2123 5880 2156 5924 ις
2187 5862 2250 5914 Α.
2297 5850 2377 5893 ’⁷³³
2411 5850 2601 5935 ἀνέϐη]
2627 5850 2774 5920 Αιίιίξ
2805 5850 2929 5927 λαός
2968 5862 3028 5916 D.
3056 5860 3116 5916 F.
3153 5850 3277 5917 δαν.
3308 5850 3454 5918 Βοιι.’
3473 5862 3568 5919 sed
3604 5863 3716 5918 vid.

455 5921 626 5979 l'fxml.
669 5939 766 5987 xu,
808 5927 894 5988 38.
931 5921 1047 5981 .lc'rl
1079 5943 1117 5993 ι,
1169 5921 1255 5982 ST.
