  <div class='ocr_page' id='page_1' title='image "/cluster/home/n/w/nwhite01/storage/ocr_20150623/57:no.7:pt.1/coo.31924054869577/054.png"; bbox 0 0 4066 6422; ppageno 0'>
   <div class='ocr_carea' id='block_1_1' title="bbox 503 468 2096 544">
    <p class='ocr_par' dir='ltr' id='par_1_1' title="bbox 503 468 2096 544">
     <span class='ocr_line' id='line_1_1' title="bbox 503 468 2096 544; baseline 0.006 -22"><span class='ocrx_word' id='word_1_1' title='bbox 503 469 628 522; x_wconf 73' lang='lat' dir='ltr'><strong>mihi</strong></span> <span class='ocrx_word' id='word_1_2' title='bbox 647 508 662 532; x_wconf 90' lang='lat'><strong>,</strong></span> <span class='ocrx_word' id='word_1_3' title='bbox 691 468 832 524; x_wconf 84' lang='lat' dir='ltr'><strong>Nolo</strong></span> <span class='ocrx_word' id='word_1_4' title='bbox 860 478 910 525; x_wconf 88' lang='lat' dir='ltr'><strong>te</strong></span> <span class='ocrx_word' id='word_1_5' title='bbox 937 485 956 524; x_wconf 82' lang='lat'><strong>.&#39;</strong></span> <span class='ocrx_word' id='word_1_6' title='bbox 984 487 1098 528; x_wconf 77' lang='lat' dir='ltr'><strong>ecce</strong></span> <span class='ocrx_word' id='word_1_7' title='bbox 1120 487 1232 544; x_wconf 82' lang='lat' dir='ltr'><strong>ego,</strong></span> <span class='ocrx_word' id='word_1_8' title='bbox 1258 473 1412 543; x_wconf 79' lang='lat' dir='ltr'><strong>faciat</strong></span> <span class='ocrx_word' id='word_1_9' title='bbox 1439 476 1563 528; x_wconf 78' lang='lat' dir='ltr'><strong>mihi</strong></span> <span class='ocrx_word' id='word_1_10' title='bbox 1592 478 1728 537; x_wconf 82' lang='lat' dir='ltr'><strong>quod</strong></span> <span class='ocrx_word' id='word_1_11' title='bbox 1752 487 1825 530; x_wconf 81' lang='lat' dir='ltr'><strong>est</strong></span> <span class='ocrx_word' id='word_1_12' title='bbox 1855 477 2096 544; x_wconf 80' lang='lat' dir='ltr'><strong>placitum</strong></span> 
     </span>
    </p>
   </div>
   <div class='ocr_carea' id='block_1_2' title="bbox 503 560 2095 640">
    <p class='ocr_par' dir='ltr' id='par_1_2' title="bbox 503 560 2095 640">
     <span class='ocr_line' id='line_1_2' title="bbox 503 560 2095 640; baseline 0.006 -27"><span class='ocrx_word' id='word_1_13' title='bbox 503 560 558 614; x_wconf 76' lang='lat' dir='ltr'><strong>in</strong></span> <span class='ocrx_word' id='word_1_14' title='bbox 580 570 851 629; x_wconf 79' lang='lat' dir='ltr'><strong>conspectu</strong></span> <span class='ocrx_word' id='word_1_15' title='bbox 873 579 987 633; x_wconf 71' lang='lat' dir='ltr'><strong>ejus</strong></span> <span class='ocrx_word' id='word_1_16' title='bbox 1015 563 1090 635; x_wconf 78' lang='lat'><strong>(2.</strong></span> <span class='ocrx_word' id='word_1_17' title='bbox 1115 562 1245 634; x_wconf 84' lang='lat' dir='ltr'><strong>Reg.</strong></span> <span class='ocrx_word' id='word_1_18' title='bbox 1271 565 1358 619; x_wconf 76' lang='grc'><strong>15.</strong></span> <span class='ocrx_word' id='word_1_19' title='bbox 1381 565 1472 620; x_wconf 73' lang='lat'><strong>25.</strong></span> <span class='ocrx_word' id='word_1_20' title='bbox 1497 565 1608 636; x_wconf 76' lang='lat'><strong>26).</strong></span> <span class='ocrx_word' id='word_1_21' title='bbox 1641 565 1774 621; x_wconf 90' lang='lat' dir='ltr'><strong>Illud</strong></span> <span class='ocrx_word' id='word_1_22' title='bbox 1800 582 1927 622; x_wconf 91' lang='lat' dir='ltr'><strong>vero</strong></span> <span class='ocrx_word' id='word_1_23' title='bbox 1953 569 2095 640; x_wconf 81' lang='lat' dir='ltr'><strong>quod</strong></span> 
     </span>
    </p>
   </div>
   <div class='ocr_carea' id='block_1_3' title="bbox 501 652 2088 731">
    <p class='ocr_par' dir='ltr' id='par_1_3' title="bbox 501 652 2088 731">
     <span class='ocr_line' id='line_1_3' title="bbox 501 652 2088 731; baseline 0.005 -24"><span class='ocrx_word' id='word_1_24' title='bbox 501 667 630 722; x_wconf 87' lang='lat' dir='ltr'><strong>erga</strong></span> <span class='ocrx_word' id='word_1_25' title='bbox 657 652 872 709; x_wconf 77' lang='lat' dir='ltr'><strong>Saulem</strong></span> <span class='ocrx_word' id='word_1_26' title='bbox 898 663 954 708; x_wconf 92' lang='lat' dir='ltr'><strong>et</strong></span> <span class='ocrx_word' id='word_1_27' title='bbox 975 655 1139 711; x_wconf 89' lang='lat' dir='ltr'><strong>semel</strong></span> <span class='ocrx_word' id='word_1_28' title='bbox 1166 667 1221 711; x_wconf 89' lang='lat' dir='ltr'><strong>et</strong></span> <span class='ocrx_word' id='word_1_29' title='bbox 1246 657 1329 712; x_wconf 92' lang='lat' dir='ltr'><strong>bis</strong></span> <span class='ocrx_word' id='word_1_30' title='bbox 1353 667 1409 712; x_wconf 92' lang='lat' dir='ltr'><strong>et</strong></span> <span class='ocrx_word' id='word_1_31' title='bbox 1435 658 1632 727; x_wconf 88' lang='lat' dir='ltr'><strong>pluries</strong></span> <span class='ocrx_word' id='word_1_32' title='bbox 1657 658 1803 726; x_wconf 90' lang='lat' dir='ltr'><strong>fecit,</strong></span> <span class='ocrx_word' id='word_1_33' title='bbox 1833 669 2088 731; x_wconf 89' lang='lat' dir='ltr'><strong>quantum</strong></span> 
     </span>
    </p>
   </div>
   <div class='ocr_carea' id='block_1_4' title="bbox 503 745 2093 817">
    <p class='ocr_par' dir='ltr' id='par_1_4' title="bbox 503 745 2093 817">
     <span class='ocr_line' id='line_1_4' title="bbox 503 745 2093 817; baseline 0.006 -18"><span class='ocrx_word' id='word_1_34' title='bbox 503 760 611 800; x_wconf 88' lang='lat' dir='ltr'><strong>non</strong></span> <span class='ocrx_word' id='word_1_35' title='bbox 638 745 990 815; x_wconf 73' lang='lat' dir='ltr'><strong>philosophiae</strong></span> <span class='ocrx_word' id='word_1_36' title='bbox 1009 747 1224 817; x_wconf 80' lang='lat' dir='ltr'><strong>culmen</strong></span> <span class='ocrx_word' id='word_1_37' title='bbox 1245 750 1505 805; x_wconf 88' lang='lat' dir='ltr'><strong>ostendit!</strong></span> <span class='ocrx_word' id='word_1_38' title='bbox 1532 749 1586 805; x_wconf 89' lang='lat' dir='ltr'><strong>Id</strong></span> <span class='ocrx_word' id='word_1_39' title='bbox 1611 753 1754 807; x_wconf 89' lang='lat' dir='ltr'><strong>enim</strong></span> <span class='ocrx_word' id='word_1_40' title='bbox 1780 762 1836 808; x_wconf 91' lang='lat' dir='ltr'><strong>et</strong></span> <span class='ocrx_word' id='word_1_41' title='bbox 1859 765 2093 808; x_wconf 85' lang='lat' dir='ltr'><strong>veterem</strong></span> 
     </span>
    </p>
   </div>
   <div class='ocr_carea' id='block_1_5' title="bbox 503 837 2094 916">
    <p class='ocr_par' dir='ltr' id='par_1_5' title="bbox 503 837 2094 916">
     <span class='ocr_line' id='line_1_5' title="bbox 503 837 2094 916; baseline 0.007 -25"><span class='ocrx_word' id='word_1_42' title='bbox 503 837 677 908; x_wconf 83' lang='lat' dir='ltr'><strong>legem</strong></span> <span class='ocrx_word' id='word_1_43' title='bbox 707 839 1030 906; x_wconf 91' lang='lat' dir='ltr'><strong>superabat,</strong></span> <span class='ocrx_word' id='word_1_44' title='bbox 1061 848 1112 896; x_wconf 90' lang='lat' dir='ltr'><strong>et</strong></span> <span class='ocrx_word' id='word_1_45' title='bbox 1140 840 1206 896; x_wconf 87' lang='lat' dir='ltr'><strong>ad</strong></span> <span class='ocrx_word' id='word_1_46' title='bbox 1235 843 1528 911; x_wconf 87' lang='lat' dir='ltr'><strong>apostolica</strong></span> <span class='ocrx_word' id='word_1_47' title='bbox 1559 855 1822 914; x_wconf 71' lang='lat' dir='ltr'><strong>pmcepta</strong></span> <span class='ocrx_word' id='word_1_48' title='bbox 1854 850 2094 916; x_wconf 80' lang='lat' dir='ltr'><strong>proxime</strong></span> 
     </span>
    </p>
   </div>
   <div class='ocr_carea' id='block_1_6' title="bbox 501 926 2093 1005">
    <p class='ocr_par' dir='ltr' id='par_1_6' title="bbox 501 926 2093 1005">
     <span class='ocr_line' id='line_1_6' title="bbox 501 926 2093 1005; baseline 0.007 -24"><span class='ocrx_word' id='word_1_49' title='bbox 501 926 812 983; x_wconf 86' lang='lat' dir='ltr'><strong>accedebat.</strong></span> <span class='ocrx_word' id='word_1_50' title='bbox 863 928 987 984; x_wconf 89' lang='lat' dir='ltr'><strong>Ideo</strong></span> <span class='ocrx_word' id='word_1_51' title='bbox 1022 931 1202 986; x_wconf 86' lang='lat' dir='ltr'><strong>omnia</strong></span> <span class='ocrx_word' id='word_1_52' title='bbox 1245 947 1366 1002; x_wconf 65' lang='lat' dir='ltr'><strong>quae</strong></span> <span class='ocrx_word' id='word_1_53' title='bbox 1397 948 1428 987; x_wconf 91' lang='lat' dir='ltr'><strong>a</strong></span> <span class='ocrx_word' id='word_1_54' title='bbox 1469 934 1580 989; x_wconf 86' lang='lat' dir='ltr'><strong>Deo</strong></span> <span class='ocrx_word' id='word_1_55' title='bbox 1619 935 2093 1005; x_wconf 79' lang='lat' dir='ltr'><strong>proficiscebantur</strong></span> 
     </span>
    </p>
   </div>
   <div class='ocr_carea' id='block_1_7' title="bbox 499 1018 2093 1099">
    <p class='ocr_par' dir='ltr' id='par_1_7' title="bbox 499 1018 2093 1099">
     <span class='ocr_line' id='line_1_7' title="bbox 499 1018 2093 1099; baseline 0.008 -28"><span class='ocrx_word' id='word_1_56' title='bbox 499 1018 923 1086; x_wconf 82' lang='lat' dir='ltr'><strong>amplectebatur</strong></span> <span class='ocrx_word' id='word_1_57' title='bbox 944 1059 962 1086; x_wconf 92' lang='lat'><strong>,</strong></span> <span class='ocrx_word' id='word_1_58' title='bbox 1003 1035 1104 1076; x_wconf 89' lang='lat' dir='ltr'><strong>nec</strong></span> <span class='ocrx_word' id='word_1_59' title='bbox 1145 1023 1406 1079; x_wconf 90' lang='lat' dir='ltr'><strong>rationem</strong></span> <span class='ocrx_word' id='word_1_60' title='bbox 1446 1025 1696 1096; x_wconf 82' lang='lat' dir='ltr'><strong>exigebat</strong></span> <span class='ocrx_word' id='word_1_61' title='bbox 1744 1043 1930 1083; x_wconf 91' lang='lat' dir='ltr'><strong>eorum</strong></span> <span class='ocrx_word' id='word_1_62' title='bbox 1972 1045 2093 1099; x_wconf 68' lang='lat' dir='ltr'><strong>qua:</strong></span> 
     </span>
    </p>
   </div>
   <div class='ocr_carea' id='block_1_8' title="bbox 419 1109 2094 1190">
    <p class='ocr_par' dir='ltr' id='par_1_8' title="bbox 419 1109 2094 1190">
     <span class='ocr_line' id='line_1_8' title="bbox 419 1109 2094 1190; baseline 0.008 -29"><span class='ocrx_word' id='word_1_63' title='bbox 419 1143 427 1149; x_wconf 90' lang='lat'><strong><em>-</em></strong></span> <span class='ocrx_word' id='word_1_64' title='bbox 499 1109 837 1173; x_wconf 82' lang='lat' dir='ltr'><strong>accidebant,</strong></span> <span class='ocrx_word' id='word_1_65' title='bbox 861 1111 956 1165; x_wconf 89' lang='lat' dir='ltr'><strong>sed</strong></span> <span class='ocrx_word' id='word_1_66' title='bbox 975 1127 1136 1167; x_wconf 90' lang='lat' dir='ltr'><strong>unum</strong></span> <span class='ocrx_word' id='word_1_67' title='bbox 1157 1113 1423 1182; x_wconf 88' lang='lat' dir='ltr'><strong>studebat,</strong></span> <span class='ocrx_word' id='word_1_68' title='bbox 1447 1127 1505 1171; x_wconf 95' lang='lat' dir='ltr'><strong>ut</strong></span> <span class='ocrx_word' id='word_1_69' title='bbox 1525 1117 1723 1187; x_wconf 91' lang='lat' dir='ltr'><strong>ubique</strong></span> <span class='ocrx_word' id='word_1_70' title='bbox 1745 1118 1864 1188; x_wconf 89' lang='lat' dir='ltr'><strong>ejus</strong></span> <span class='ocrx_word' id='word_1_71' title='bbox 1887 1119 2094 1190; x_wconf 77' lang='lat' dir='ltr'><strong>legibus</strong></span> 
     </span>
    </p>
   </div>
   <div class='ocr_carea' id='block_1_9' title="bbox 500 1199 2088 1278">
    <p class='ocr_par' dir='ltr' id='par_1_9' title="bbox 500 1199 2088 1278">
     <span class='ocr_line' id='line_1_9' title="bbox 500 1199 2088 1278; baseline 0.007 -25"><span class='ocrx_word' id='word_1_72' title='bbox 500 1199 907 1269; x_wconf 86' lang='lat' dir='ltr'><strong>obsequeretur.</strong></span> <span class='ocrx_word' id='word_1_73' title='bbox 935 1201 1002 1255; x_wconf 88' lang='lat' dir='ltr'><strong>Et</strong></span> <span class='ocrx_word' id='word_1_74' title='bbox 1023 1211 1145 1273; x_wconf 91' lang='lat' dir='ltr'><strong>post</strong></span> <span class='ocrx_word' id='word_1_75' title='bbox 1173 1211 1251 1258; x_wconf 88' lang='lat' dir='ltr'><strong>tot</strong></span> <span class='ocrx_word' id='word_1_76' title='bbox 1277 1213 1528 1276; x_wconf 87' lang='lat' dir='ltr'><strong>tantaque</strong></span> <span class='ocrx_word' id='word_1_77' title='bbox 1555 1207 1808 1276; x_wconf 67' lang='lat' dir='ltr'><strong>praeclara</strong></span> <span class='ocrx_word' id='word_1_78' title='bbox 1832 1208 2088 1278; x_wconf 80' lang='lat' dir='ltr'><strong>facinora,</strong></span> 
     </span>
    </p>
   </div>
   <div class='ocr_carea' id='block_1_10' title="bbox 499 1291 2089 1370">
    <p class='ocr_par' dir='ltr' id='par_1_10' title="bbox 499 1291 2089 1370">
     <span class='ocr_line' id='line_1_10' title="bbox 499 1291 2089 1370; baseline 0.009 -26"><span class='ocrx_word' id='word_1_79' title='bbox 499 1291 692 1349; x_wconf 87' lang='lat' dir='ltr'><strong>videns</strong></span> <span class='ocrx_word' id='word_1_80' title='bbox 721 1303 1036 1365; x_wconf 84' lang='lat' dir='ltr'><strong>tyrannum,</strong></span> <span class='ocrx_word' id='word_1_81' title='bbox 1068 1297 1410 1365; x_wconf 90' lang='lat' dir='ltr'><strong>parricidam,</strong></span> <span class='ocrx_word' id='word_1_82' title='bbox 1437 1300 1784 1370; x_wconf 82' lang='lat' dir='ltr'><strong>fratricidam,</strong></span> <span class='ocrx_word' id='word_1_83' title='bbox 1810 1311 2089 1358; x_wconf 88' lang='lat' dir='ltr'><strong>contume-</strong></span> 
     </span>
    </p>
   </div>
   <div class='ocr_carea' id='block_1_11' title="bbox 503 1383 2088 1459">
    <p class='ocr_par' dir='ltr' id='par_1_11' title="bbox 503 1383 2088 1459">
     <span class='ocr_line' id='line_1_11' title="bbox 503 1383 2088 1459; baseline 0.008 -21"><span class='ocrx_word' id='word_1_84' title='bbox 503 1383 719 1448; x_wconf 89' lang='lat' dir='ltr'><strong>liosum,</strong></span> <span class='ocrx_word' id='word_1_85' title='bbox 739 1387 1018 1453; x_wconf 87' lang='lat' dir='ltr'><strong>furiosum,</strong></span> <span class='ocrx_word' id='word_1_86' title='bbox 1035 1389 1124 1457; x_wconf 87' lang='lat' dir='ltr'><strong>qui</strong></span> <span class='ocrx_word' id='word_1_87' title='bbox 1141 1404 1362 1459; x_wconf 78' lang='lat' dir='ltr'><strong>regnum</strong></span> <span class='ocrx_word' id='word_1_88' title='bbox 1384 1405 1538 1446; x_wconf 88' lang='lat' dir='ltr'><strong>suum</strong></span> <span class='ocrx_word' id='word_1_89' title='bbox 1557 1392 1844 1458; x_wconf 78' lang='lat' dir='ltr'><strong>invaserat,</strong></span> <span class='ocrx_word' id='word_1_90' title='bbox 1873 1410 1941 1450; x_wconf 91' lang='lat' dir='ltr'><strong>ne</strong></span> <span class='ocrx_word' id='word_1_91' title='bbox 1961 1395 2088 1450; x_wconf 91' lang='lat' dir='ltr'><strong>illud</strong></span> 
     </span>
    </p>
   </div>
   <div class='ocr_carea' id='block_1_12' title="bbox 497 1475 2088 1555">
    <p class='ocr_par' dir='ltr' id='par_1_12' title="bbox 497 1475 2088 1555">
     <span class='ocr_line' id='line_1_12' title="bbox 497 1475 2088 1555; baseline 0.009 -27"><span class='ocrx_word' id='word_1_92' title='bbox 497 1475 716 1546; x_wconf 82' lang='lat' dir='ltr'><strong>quidem</strong></span> <span class='ocrx_word' id='word_1_93' title='bbox 759 1477 861 1547; x_wconf 90' lang='lat' dir='ltr'><strong>ipsi</strong></span> <span class='ocrx_word' id='word_1_94' title='bbox 902 1479 1224 1535; x_wconf 81' lang='lat' dir='ltr'><strong>offendicqu</strong></span> <span class='ocrx_word' id='word_1_95' title='bbox 1253 1480 1384 1536; x_wconf 88' lang='lat' dir='ltr'><strong>fuit:</strong></span> <span class='ocrx_word' id='word_1_96' title='bbox 1415 1482 1510 1538; x_wconf 88' lang='lat' dir='ltr'><strong>sed</strong></span> <span class='ocrx_word' id='word_1_97' title='bbox 1535 1484 1580 1537; x_wconf 80' lang='lat' dir='ltr'><strong>si</strong></span> <span class='ocrx_word' id='word_1_98' title='bbox 1611 1483 1682 1539; x_wconf 87' lang='lat' dir='ltr'><strong>ita</strong></span> <span class='ocrx_word' id='word_1_99' title='bbox 1712 1484 1822 1541; x_wconf 90' lang='lat' dir='ltr'><strong>Deo</strong></span> <span class='ocrx_word' id='word_1_100' title='bbox 1847 1486 2088 1555; x_wconf 89' lang='lat' dir='ltr'><strong>placeat,</strong></span> 
     </span>
    </p>
   </div>
   <div class='ocr_carea' id='block_1_13' title="bbox 499 1565 2090 1644">
    <p class='ocr_par' dir='ltr' id='par_1_13' title="bbox 499 1565 2090 1644">
     <span class='ocr_line' id='line_1_13' title="bbox 499 1565 2090 1644; baseline 0.007 -23"><span class='ocrx_word' id='word_1_101' title='bbox 499 1565 692 1638; x_wconf 88' lang='lat' dir='ltr'><strong>inquit,</strong></span> <span class='ocrx_word' id='word_1_102' title='bbox 725 1569 847 1636; x_wconf 86' lang='lat' dir='ltr'><strong>pelli</strong></span> <span class='ocrx_word' id='word_1_103' title='bbox 873 1585 981 1635; x_wconf 91' lang='lat' dir='ltr'><strong>me,</strong></span> <span class='ocrx_word' id='word_1_104' title='bbox 1012 1586 1194 1627; x_wconf 90' lang='lat' dir='ltr'><strong>errare</strong></span> <span class='ocrx_word' id='word_1_105' title='bbox 1219 1581 1277 1628; x_wconf 92' lang='lat' dir='ltr'><strong>et</strong></span> <span class='ocrx_word' id='word_1_106' title='bbox 1301 1572 1505 1644; x_wconf 89' lang='lat' dir='ltr'><strong>fugere,</strong></span> <span class='ocrx_word' id='word_1_107' title='bbox 1535 1576 1683 1630; x_wconf 90' lang='lat' dir='ltr'><strong>illum</strong></span> <span class='ocrx_word' id='word_1_108' title='bbox 1705 1587 1884 1633; x_wconf 90' lang='lat' dir='ltr'><strong>autem</strong></span> <span class='ocrx_word' id='word_1_109' title='bbox 1916 1579 1968 1632; x_wconf 90' lang='lat' dir='ltr'><strong>iu</strong></span> <span class='ocrx_word' id='word_1_110' title='bbox 1993 1579 2090 1633; x_wconf 88' lang='lat' dir='ltr'><strong>ho-</strong></span> 
     </span>
    </p>
   </div>
   <div class='ocr_carea' id='block_1_14' title="bbox 501 1662 2086 1740">
    <p class='ocr_par' dir='ltr' id='par_1_14' title="bbox 501 1662 2086 1740">
     <span class='ocr_line' id='line_1_14' title="bbox 501 1662 2086 1740; baseline 0.008 -27"><span class='ocrx_word' id='word_1_111' title='bbox 501 1675 634 1714; x_wconf 87' lang='lat' dir='ltr'><strong>nore</strong></span> <span class='ocrx_word' id='word_1_112' title='bbox 667 1675 810 1725; x_wconf 89' lang='lat' dir='ltr'><strong>esse,</strong></span> <span class='ocrx_word' id='word_1_113' title='bbox 842 1662 894 1718; x_wconf 90' lang='lat' dir='ltr'><strong>id</strong></span> <span class='ocrx_word' id='word_1_114' title='bbox 920 1663 1215 1733; x_wconf 90' lang='lat' dir='ltr'><strong>amplector</strong></span> <span class='ocrx_word' id='word_1_115' title='bbox 1255 1675 1416 1736; x_wconf 88' lang='lat' dir='ltr'><strong>atque</strong></span> <span class='ocrx_word' id='word_1_116' title='bbox 1456 1669 1689 1738; x_wconf 80' lang='lat' dir='ltr'><strong>suscipio</strong></span> <span class='ocrx_word' id='word_1_117' title='bbox 1711 1710 1728 1734; x_wconf 93' lang='lat'><strong>,</strong></span> <span class='ocrx_word' id='word_1_118' title='bbox 1773 1679 1828 1725; x_wconf 92' lang='lat' dir='ltr'><strong>et</strong></span> <span class='ocrx_word' id='word_1_119' title='bbox 1865 1673 2086 1740; x_wconf 83' lang='lat' dir='ltr'><strong>gratiam</strong></span> 
     </span>
    </p>
   </div>
   <div class='ocr_carea' id='block_1_15' title="bbox 503 1750 2087 1832">
    <p class='ocr_par' dir='ltr' id='par_1_15' title="bbox 503 1750 2087 1832">
     <span class='ocr_line' id='line_1_15' title="bbox 503 1750 2087 1832; baseline 0.009 -27"><span class='ocrx_word' id='word_1_120' title='bbox 503 1750 677 1807; x_wconf 84' lang='lat' dir='ltr'><strong>habeo</strong></span> <span class='ocrx_word' id='word_1_121' title='bbox 703 1766 800 1821; x_wconf 91' lang='lat' dir='ltr'><strong>pro</strong></span> <span class='ocrx_word' id='word_1_122' title='bbox 819 1755 974 1810; x_wconf 90' lang='lat' dir='ltr'><strong>malis</strong></span> <span class='ocrx_word' id='word_1_123' title='bbox 1003 1756 1319 1812; x_wconf 88' lang='lat' dir='ltr'><strong>innumeris.</strong></span> <span class='ocrx_word' id='word_1_124' title='bbox 1342 1757 1458 1813; x_wconf 85' lang='lat' dir='ltr'><strong>Non</strong></span> <span class='ocrx_word' id='word_1_125' title='bbox 1487 1768 1545 1814; x_wconf 91' lang='lat' dir='ltr'><strong>ut</strong></span> <span class='ocrx_word' id='word_1_126' title='bbox 1569 1761 1718 1815; x_wconf 93' lang='lat' dir='ltr'><strong>multi</strong></span> <span class='ocrx_word' id='word_1_127' title='bbox 1749 1761 2087 1832; x_wconf 87' lang='lat' dir='ltr'><strong>impudentes</strong></span> 
     </span>
    </p>
   </div>
   <div class='ocr_carea' id='block_1_16' title="bbox 497 1843 2087 1923">
    <p class='ocr_par' dir='ltr' id='par_1_16' title="bbox 497 1843 2087 1923">
     <span class='ocr_line' id='line_1_16' title="bbox 497 1843 2087 1923; baseline 0.009 -27"><span class='ocrx_word' id='word_1_128' title='bbox 497 1857 563 1897; x_wconf 88' lang='lat' dir='ltr'><strong>ac</strong></span> <span class='ocrx_word' id='word_1_129' title='bbox 583 1843 901 1913; x_wconf 86' lang='lat' dir='ltr'><strong>petulantes,</strong></span> <span class='ocrx_word' id='word_1_130' title='bbox 929 1845 1018 1916; x_wconf 90' lang='lat' dir='ltr'><strong>qui</strong></span> <span class='ocrx_word' id='word_1_131' title='bbox 1047 1863 1116 1902; x_wconf 90' lang='lat' dir='ltr'><strong>ne</strong></span> <span class='ocrx_word' id='word_1_132' title='bbox 1144 1847 1414 1902; x_wconf 82' lang='lat' dir='ltr'><strong>minimam</strong></span> <span class='ocrx_word' id='word_1_133' title='bbox 1441 1848 1655 1918; x_wconf 89' lang='lat' dir='ltr'><strong>quidem</strong></span> <span class='ocrx_word' id='word_1_134' title='bbox 1687 1863 1890 1920; x_wconf 88' lang='lat' dir='ltr'><strong>partem</strong></span> <span class='ocrx_word' id='word_1_135' title='bbox 1919 1853 2087 1923; x_wconf 87' lang='lat' dir='ltr'><strong>probe</strong></span> 
     </span>
    </p>
   </div>
   <div class='ocr_carea' id='block_1_17' title="bbox 498 1936 2084 2013">
    <p class='ocr_par' dir='ltr' id='par_1_17' title="bbox 498 1936 2084 2013">
     <span class='ocr_line' id='line_1_17' title="bbox 498 1936 2084 2013; baseline 0.008 -25"><span class='ocrx_word' id='word_1_136' title='bbox 498 1945 768 2003; x_wconf 84' lang='lat' dir='ltr'><strong>gestorum</strong></span> <span class='ocrx_word' id='word_1_137' title='bbox 794 1936 912 2006; x_wconf 89' lang='lat' dir='ltr'><strong>ejus</strong></span> <span class='ocrx_word' id='word_1_138' title='bbox 935 1938 1215 2008; x_wconf 82' lang='lat' dir='ltr'><strong>exsequuti</strong></span> <span class='ocrx_word' id='word_1_139' title='bbox 1243 1948 1388 2007; x_wconf 86' lang='lat' dir='ltr'><strong>sunt,</strong></span> <span class='ocrx_word' id='word_1_140' title='bbox 1413 1941 1610 2012; x_wconf 90' lang='lat' dir='ltr'><strong>quique</strong></span> <span class='ocrx_word' id='word_1_141' title='bbox 1635 1943 1679 1996; x_wconf 89' lang='lat' dir='ltr'><strong>si</strong></span> <span class='ocrx_word' id='word_1_142' title='bbox 1705 1958 1841 2013; x_wconf 89' lang='lat' dir='ltr'><strong>quos</strong></span> <span class='ocrx_word' id='word_1_143' title='bbox 1867 1944 2084 2000; x_wconf 75' lang='lat' dir='ltr'><strong>videant</strong></span> 
     </span>
    </p>
   </div>
   <div class='ocr_carea' id='block_1_18' title="bbox 498 2031 2087 2100">
    <p class='ocr_par' dir='ltr' id='par_1_18' title="bbox 498 2031 2087 2100">
     <span class='ocr_line' id='line_1_18' title="bbox 498 2031 2087 2100; baseline 0.009 -25"><span class='ocrx_word' id='word_1_144' title='bbox 498 2040 754 2095; x_wconf 78' lang='lat' dir='ltr'><strong>prospere</strong></span> <span class='ocrx_word' id='word_1_145' title='bbox 771 2042 954 2098; x_wconf 85' lang='lat' dir='ltr'><strong>agere,</strong></span> <span class='ocrx_word' id='word_1_146' title='bbox 974 2043 1035 2084; x_wconf 87' lang='lat' dir='ltr'><strong>se</strong></span> <span class='ocrx_word' id='word_1_147' title='bbox 1049 2043 1179 2085; x_wconf 91' lang='lat' dir='ltr'><strong>vero</strong></span> <span class='ocrx_word' id='word_1_148' title='bbox 1197 2043 1415 2100; x_wconf 85' lang='lat' dir='ltr'><strong>parvam</strong></span> <span class='ocrx_word' id='word_1_149' title='bbox 1435 2031 1733 2089; x_wconf 74' lang='lat' dir='ltr'><strong>molestiam</strong></span> <span class='ocrx_word' id='word_1_150' title='bbox 1752 2033 2087 2090; x_wconf 57' lang='lat' dir='ltr'><strong>mastitiam-</strong></span> 
     </span>
    </p>
   </div>
   <div class='ocr_carea' id='block_1_19' title="bbox 1695 355 2624 456">
    <p class='ocr_par' dir='ltr' id='par_1_19' title="bbox 1695 355 2624 456">
     <span class='ocr_line' id='line_1_19' title="bbox 1695 355 2624 456; baseline 0.009 -44"><span class='ocrx_word' id='word_1_151' title='bbox 1695 355 1767 413; x_wconf 78' lang='lat' dir='ltr'><strong>IN</strong></span> <span class='ocrx_word' id='word_1_152' title='bbox 1805 355 2222 456; x_wconf 54' lang='lat' dir='ltr'><strong>IATTHA‘SUPI</strong></span> <span class='ocrx_word' id='word_1_153' title='bbox 2275 359 2510 421; x_wconf 71' lang='lat' dir='ltr'><strong>IIOMIL.</strong></span> <span class='ocrx_word' id='word_1_154' title='bbox 2533 362 2624 423; x_wconf 74' lang='grc' dir='ltr'><strong>Π.</strong></span> 
     </span>
    </p>
   </div>
   <div class='ocr_carea' id='block_1_20' title="bbox 3718 387 3792 444">
    <p class='ocr_par' dir='ltr' id='par_1_20' title="bbox 3718 387 3792 444">
     <span class='ocr_line' id='line_1_20' title="bbox 3718 387 3792 444; baseline 0 -2"><span class='ocrx_word' id='word_1_155' title='bbox 3718 387 3792 444; x_wconf 76' lang='grc' dir='ltr'><strong><em>ω</em></strong></span> 
     </span>
    </p>
   </div>
   <div class='ocr_carea' id='block_1_21' title="bbox 2196 486 3779 564">
    <p class='ocr_par' dir='ltr' id='par_1_21' title="bbox 2196 486 3779 564">
     <span class='ocr_line' id='line_1_21' title="bbox 2196 486 3779 564; baseline 0.011 -28"><span class='ocrx_word' id='word_1_156' title='bbox 2196 499 2300 554; x_wconf 90' lang='lat' dir='ltr'><strong>que</strong></span> <span class='ocrx_word' id='word_1_157' title='bbox 2326 486 2528 551; x_wconf 90' lang='lat' dir='ltr'><strong>subire,</strong></span> <span class='ocrx_word' id='word_1_158' title='bbox 2558 487 2850 543; x_wconf 88' lang='lat' dir='ltr'><strong>innumeris</strong></span> <span class='ocrx_word' id='word_1_159' title='bbox 2876 489 3080 544; x_wconf 89' lang='lat' dir='ltr'><strong>animas</strong></span> <span class='ocrx_word' id='word_1_160' title='bbox 3107 505 3230 545; x_wconf 86' lang='lat' dir='ltr'><strong>suas</strong></span> <span class='ocrx_word' id='word_1_161' title='bbox 3259 487 3602 564; x_wconf 85' lang='lat' dir='ltr'><strong>blasphemiis</strong></span> <span class='ocrx_word' id='word_1_162' title='bbox 3624 497 3779 553; x_wconf 84' lang='lat' dir='ltr'><strong>labe-</strong></span> 
     </span>
    </p>
   </div>
   <div class='ocr_carea' id='block_1_22' title="bbox 2196 572 3779 653">
    <p class='ocr_par' dir='ltr' id='par_1_22' title="bbox 2196 572 3779 653">
     <span class='ocr_line' id='line_1_22' title="bbox 2196 572 3779 653; baseline 0.009 -25"><span class='ocrx_word' id='word_1_163' title='bbox 2196 572 2414 630; x_wconf 90' lang='lat' dir='ltr'><strong>factant.</strong></span> <span class='ocrx_word' id='word_1_164' title='bbox 2459 576 2531 630; x_wconf 80' lang='lat' dir='ltr'><strong>At</strong></span> <span class='ocrx_word' id='word_1_165' title='bbox 2571 591 2676 630; x_wconf 91' lang='lat' dir='ltr'><strong>non</strong></span> <span class='ocrx_word' id='word_1_166' title='bbox 2706 577 2770 631; x_wconf 93' lang='lat' dir='ltr'><strong>iis</strong></span> <span class='ocrx_word' id='word_1_167' title='bbox 2795 578 2984 633; x_wconf 89' lang='lat' dir='ltr'><strong>similis</strong></span> <span class='ocrx_word' id='word_1_168' title='bbox 3014 579 3176 635; x_wconf 82' lang='lat' dir='ltr'><strong>David</strong></span> <span class='ocrx_word' id='word_1_169' title='bbox 3211 591 3360 648; x_wconf 87' lang='lat' dir='ltr'><strong>crat,</strong></span> <span class='ocrx_word' id='word_1_170' title='bbox 3387 585 3476 653; x_wconf 86' lang='lat' dir='ltr'><strong>qui</strong></span> <span class='ocrx_word' id='word_1_171' title='bbox 3507 586 3604 641; x_wconf 87' lang='lat' dir='ltr'><strong>fuit</strong></span> <span class='ocrx_word' id='word_1_172' title='bbox 3631 589 3779 644; x_wconf 87' lang='lat' dir='ltr'><strong>omni</strong></span> 
     </span>
    </p>
   </div>
   <div class='ocr_carea' id='block_1_23' title="bbox 2199 665 3782 737">
    <p class='ocr_par' dir='ltr' id='par_1_23' title="bbox 2199 665 3782 737">
     <span class='ocr_line' id='line_1_23' title="bbox 2199 665 3782 737; baseline 0.008 -18"><span class='ocrx_word' id='word_1_173' title='bbox 2199 665 2456 720; x_wconf 77' lang='lat' dir='ltr'><strong>lnodcstia</strong></span> <span class='ocrx_word' id='word_1_174' title='bbox 2485 667 2758 737; x_wconf 72' lang='lat' dir='ltr'><strong>prmditus.</strong></span> <span class='ocrx_word' id='word_1_175' title='bbox 2795 666 2919 724; x_wconf 89' lang='lat' dir='ltr'><strong>Ideo</strong></span> <span class='ocrx_word' id='word_1_176' title='bbox 2945 669 3157 727; x_wconf 84' lang='lat' dir='ltr'><strong>dicebat</strong></span> <span class='ocrx_word' id='word_1_177' title='bbox 3191 672 3333 729; x_wconf 78' lang='lat' dir='ltr'><strong>Deus</strong></span> <span class='ocrx_word' id='word_1_178' title='bbox 3356 715 3368 728; x_wconf 95' lang='lat'><strong>.</strong></span> <span class='ocrx_word' id='word_1_179' title='bbox 3409 673 3585 730; x_wconf 75' lang='lat' dir='ltr'><strong>Inveni</strong></span> <span class='ocrx_word' id='word_1_180' title='bbox 3614 677 3782 733; x_wconf 71' lang='lat' dir='ltr'><strong>David</strong></span> 
     </span>
    </p>
   </div>
   <div class='ocr_carea' id='block_1_24' title="bbox 2195 756 3781 835">
    <p class='ocr_par' dir='ltr' id='par_1_24' title="bbox 2195 756 3781 835">
     <span class='ocr_line' id='line_1_24' title="bbox 2195 756 3781 835; baseline 0.009 -25"><span class='ocrx_word' id='word_1_181' title='bbox 2195 757 2357 824; x_wconf 73' lang='lat' dir='ltr'><strong>ﬁlium</strong></span> <span class='ocrx_word' id='word_1_182' title='bbox 2383 756 2565 824; x_wconf 64' lang='lat' dir='ltr'><strong>Iesse,</strong></span> <span class='ocrx_word' id='word_1_183' title='bbox 2596 759 2757 814; x_wconf 68' lang='lat' dir='ltr'><strong>cirum</strong></span> <span class='ocrx_word' id='word_1_184' title='bbox 2778 763 3056 815; x_wconf 76' lang='lat' dir='ltr'><strong>secundum</strong></span> <span class='ocrx_word' id='word_1_185' title='bbox 3079 777 3170 816; x_wconf 75' lang='lat' dir='ltr'><strong>cor</strong></span> <span class='ocrx_word' id='word_1_186' title='bbox 3193 775 3399 835; x_wconf 69' lang='lat' dir='ltr'><strong>incurrit</strong></span> <span class='ocrx_word' id='word_1_187' title='bbox 3427 763 3571 820; x_wconf 81' lang='lat' dir='ltr'><strong>Psal.</strong></span> <span class='ocrx_word' id='word_1_188' title='bbox 3607 767 3695 822; x_wconf 89' lang='lat'><strong>88.</strong></span> <span class='ocrx_word' id='word_1_189' title='bbox 3726 769 3781 824; x_wconf 67' lang='grc' dir='ltr'><strong>ι.</strong></span> 
     </span>
    </p>
   </div>
   <div class='ocr_carea' id='block_1_25' title="bbox 2191 847 3783 930">
    <p class='ocr_par' dir='ltr' id='par_1_25' title="bbox 2191 847 3783 930">
     <span class='ocr_line' id='line_1_25' title="bbox 2191 847 3783 930; baseline 0.009 -28"><span class='ocrx_word' id='word_1_190' title='bbox 2191 847 2253 904; x_wconf 78' lang='grc'><strong>21</strong></span> <span class='ocrx_word' id='word_1_191' title='bbox 2279 851 2320 918; x_wconf 92' lang='grc'><strong>).</strong></span> <span class='ocrx_word' id='word_1_192' title='bbox 2348 849 2533 906; x_wconf 85' lang='lat' dir='ltr'><strong>Talem</strong></span> <span class='ocrx_word' id='word_1_193' title='bbox 2558 860 2613 907; x_wconf 92' lang='lat' dir='ltr'><strong>et</strong></span> <span class='ocrx_word' id='word_1_194' title='bbox 2637 867 2737 908; x_wconf 91' lang='lat' dir='ltr'><strong>nos</strong></span> <span class='ocrx_word' id='word_1_195' title='bbox 2760 853 3128 922; x_wconf 88' lang='lat' dir='ltr'><strong>possideamus</strong></span> <span class='ocrx_word' id='word_1_196' title='bbox 3149 855 3383 911; x_wconf 86' lang='lat' dir='ltr'><strong>animam</strong></span> <span class='ocrx_word' id='word_1_197' title='bbox 3399 897 3416 924; x_wconf 88' lang='lat'><strong>,</strong></span> <span class='ocrx_word' id='word_1_198' title='bbox 3443 866 3498 914; x_wconf 85' lang='lat' dir='ltr'><strong>et</strong></span> <span class='ocrx_word' id='word_1_199' title='bbox 3525 859 3783 930; x_wconf 85' lang='lat' dir='ltr'><strong>quidquid</strong></span> 
     </span>
    </p>
   </div>
   <div class='ocr_carea' id='block_1_26' title="bbox 2195 941 3783 1019">
    <p class='ocr_par' dir='ltr' id='par_1_26' title="bbox 2195 941 3783 1019">
     <span class='ocr_line' id='line_1_26' title="bbox 2195 941 3783 1019; baseline 0.009 -26"><span class='ocrx_word' id='word_1_200' title='bbox 2195 941 2459 1010; x_wconf 79' lang='lat' dir='ltr'><strong>patimur,</strong></span> <span class='ocrx_word' id='word_1_201' title='bbox 2490 943 2681 999; x_wconf 87' lang='lat' dir='ltr'><strong>leniter</strong></span> <span class='ocrx_word' id='word_1_202' title='bbox 2703 945 2937 1001; x_wconf 90' lang='lat' dir='ltr'><strong>feramus</strong></span> <span class='ocrx_word' id='word_1_203' title='bbox 2953 986 2972 1013; x_wconf 94' lang='lat'><strong>,</strong></span> <span class='ocrx_word' id='word_1_204' title='bbox 2998 954 3054 1002; x_wconf 92' lang='lat' dir='ltr'><strong>ct</strong></span> <span class='ocrx_word' id='word_1_205' title='bbox 3075 955 3198 1002; x_wconf 89' lang='lat' dir='ltr'><strong>ante</strong></span> <span class='ocrx_word' id='word_1_206' title='bbox 3220 963 3442 1019; x_wconf 87' lang='lat' dir='ltr'><strong>regnum</strong></span> <span class='ocrx_word' id='word_1_207' title='bbox 3463 991 3478 1015; x_wconf 97' lang='lat'><strong>,</strong></span> <span class='ocrx_word' id='word_1_208' title='bbox 3509 951 3596 1007; x_wconf 88' lang='lat' dir='ltr'><strong>hic</strong></span> <span class='ocrx_word' id='word_1_209' title='bbox 3625 953 3783 1010; x_wconf 87' lang='lat' dir='ltr'><strong>nobis</strong></span> 
     </span>
    </p>
   </div>
   <div class='ocr_carea' id='block_1_27' title="bbox 2195 1032 3781 1106">
    <p class='ocr_par' dir='ltr' id='par_1_27' title="bbox 2195 1032 3781 1106">
     <span class='ocr_line' id='line_1_27' title="bbox 2195 1032 3781 1106; baseline 0.008 -21"><span class='ocrx_word' id='word_1_210' title='bbox 2195 1033 2464 1100; x_wconf 87' lang='lat' dir='ltr'><strong>pariamus</strong></span> <span class='ocrx_word' id='word_1_211' title='bbox 2503 1032 2813 1091; x_wconf 87' lang='lat' dir='ltr'><strong>lmmilitatis</strong></span> <span class='ocrx_word' id='word_1_212' title='bbox 2843 1046 3178 1106; x_wconf 71' lang='lat' dir='ltr'><strong>proventum.</strong></span> <span class='ocrx_word' id='word_1_213' title='bbox 3211 1037 3343 1093; x_wconf 80' lang='lat' dir='ltr'><strong>Nam</strong></span> <span class='ocrx_word' id='word_1_214' title='bbox 3382 1040 3453 1094; x_wconf 90' lang='lat' dir='ltr'><strong>ait</strong></span> <span class='ocrx_word' id='word_1_215' title='bbox 3480 1058 3495 1094; x_wconf 90' lang='lat'><strong>:</strong></span> <span class='ocrx_word' id='word_1_216' title='bbox 3531 1041 3724 1098; x_wconf 75' lang='lat' dir='ltr'><strong>Diu-ite</strong></span> <span class='ocrx_word' id='word_1_217' title='bbox 3747 1061 3781 1097; x_wconf 72' lang='grc' dir='ltr'><em>α</em></span> 
     </span>
    </p>
   </div>
   <div class='ocr_carea' id='block_1_28' title="bbox 2193 1124 3782 1204">
    <p class='ocr_par' dir='ltr' id='par_1_28' title="bbox 2193 1124 3782 1204">
     <span class='ocr_line' id='line_1_28' title="bbox 2193 1124 3782 1204; baseline 0.009 -30"><span class='ocrx_word' id='word_1_218' title='bbox 2193 1139 2294 1186; x_wconf 81' lang='lat' dir='ltr'><strong>me,</strong></span> <span class='ocrx_word' id='word_1_219' title='bbox 2315 1124 2434 1189; x_wconf 77' lang='lat' dir='ltr'><strong>quia</strong></span> <span class='ocrx_word' id='word_1_220' title='bbox 2455 1125 2588 1178; x_wconf 79' lang='lat' dir='ltr'><strong>mitis</strong></span> <span class='ocrx_word' id='word_1_221' title='bbox 2607 1136 2782 1179; x_wconf 79' lang='lat' dir='ltr'><strong>sumet</strong></span> <span class='ocrx_word' id='word_1_222' title='bbox 2800 1125 3009 1181; x_wconf 80' lang='lat' dir='ltr'><strong>humilis</strong></span> <span class='ocrx_word' id='word_1_223' title='bbox 3027 1131 3196 1192; x_wconf 79' lang='lat' dir='ltr'><strong>corde,</strong></span> <span class='ocrx_word' id='word_1_224' title='bbox 3213 1138 3262 1183; x_wconf 86' lang='lat' dir='ltr'><strong>et</strong></span> <span class='ocrx_word' id='word_1_225' title='bbox 3281 1129 3540 1187; x_wconf 66' lang='lat' dir='ltr'><strong>inacidatis</strong></span> <span class='ocrx_word' id='word_1_226' title='bbox 3558 1135 3782 1204; x_wconf 68' lang='lat' dir='ltr'><strong>requiem</strong></span> 
     </span>
    </p>
   </div>
   <div class='ocr_carea' id='block_1_29' title="bbox 2194 1219 3776 1297">
    <p class='ocr_par' dir='ltr' id='par_1_29' title="bbox 2194 1219 3776 1297">
     <span class='ocr_line' id='line_1_29' title="bbox 2194 1219 3776 1297; baseline 0.006 -22"><span class='ocrx_word' id='word_1_227' title='bbox 2194 1221 2452 1276; x_wconf 72' lang='lat' dir='ltr'><strong>animabus</strong></span> <span class='ocrx_word' id='word_1_228' title='bbox 2488 1219 2666 1276; x_wconf 71' lang='grc' dir='ltr'><strong>νειιὼ</strong></span> <span class='ocrx_word' id='word_1_229' title='bbox 2703 1221 2725 1290; x_wconf 88' lang='grc'><strong>(</strong></span> <span class='ocrx_word' id='word_1_230' title='bbox 2747 1220 2938 1276; x_wconf 71' lang='lat' dir='ltr'><strong>Matth.</strong></span> <span class='ocrx_word' id='word_1_231' title='bbox 2967 1224 3056 1278; x_wconf 78' lang='grc' dir='ltr'><strong>Η.</strong></span> <span class='ocrx_word' id='word_1_232' title='bbox 3077 1225 3190 1297; x_wconf 71' lang='lat'><strong>29)</strong></span> <span class='ocrx_word' id='word_1_233' title='bbox 3250 1226 3320 1282; x_wconf 86' lang='lat' dir='ltr'><strong>Ut</strong></span> <span class='ocrx_word' id='word_1_234' title='bbox 3346 1227 3500 1296; x_wconf 83' lang='lat' dir='ltr'><strong>igitur</strong></span> <span class='ocrx_word' id='word_1_235' title='bbox 3527 1238 3584 1282; x_wconf 91' lang='lat' dir='ltr'><strong>et</strong></span> <span class='ocrx_word' id='word_1_236' title='bbox 3608 1228 3696 1282; x_wconf 91' lang='lat' dir='ltr'><strong>hic</strong></span> <span class='ocrx_word' id='word_1_237' title='bbox 3719 1238 3776 1284; x_wconf 90' lang='lat' dir='ltr'><strong>et</strong></span> 
     </span>
    </p>
   </div>
   <div class='ocr_carea' id='block_1_30' title="bbox 2193 1311 3772 1382">
    <p class='ocr_par' dir='ltr' id='par_1_30' title="bbox 2193 1311 3772 1382">
     <span class='ocr_line' id='line_1_30' title="bbox 2193 1311 3772 1382; baseline 0.006 -15"><span class='ocrx_word' id='word_1_238' title='bbox 2193 1311 2302 1367; x_wconf 91' lang='lat' dir='ltr'><strong>illic</strong></span> <span class='ocrx_word' id='word_1_239' title='bbox 2327 1311 2511 1382; x_wconf 88' lang='lat' dir='ltr'><strong>requie</strong></span> <span class='ocrx_word' id='word_1_240' title='bbox 2536 1311 2796 1378; x_wconf 80' lang='lat' dir='ltr'><strong>fruamur,</strong></span> <span class='ocrx_word' id='word_1_241' title='bbox 2821 1328 3026 1369; x_wconf 87' lang='lat' dir='ltr'><strong>summa</strong></span> <span class='ocrx_word' id='word_1_242' title='bbox 3048 1331 3176 1373; x_wconf 89' lang='lat' dir='ltr'><strong>cura</strong></span> <span class='ocrx_word' id='word_1_243' title='bbox 3201 1319 3440 1374; x_wconf 91' lang='lat' dir='ltr'><strong>omnium</strong></span> <span class='ocrx_word' id='word_1_244' title='bbox 3467 1321 3728 1376; x_wconf 89' lang='lat' dir='ltr'><strong>bonorum</strong></span> <span class='ocrx_word' id='word_1_245' title='bbox 3752 1322 3772 1354; x_wconf 73' lang='grc' dir='ltr'>ί</span> 
     </span>
    </p>
   </div>
   <div class='ocr_carea' id='block_1_31' title="bbox 2188 1405 3768 1470">
    <p class='ocr_par' dir='ltr' id='par_1_31' title="bbox 2188 1405 3768 1470">
     <span class='ocr_line' id='line_1_31' title="bbox 2188 1405 3768 1470; baseline 0.006 -9"><span class='ocrx_word' id='word_1_246' title='bbox 2188 1413 2414 1461; x_wconf 88' lang='lat' dir='ltr'><strong>matrem</strong></span> <span class='ocrx_word' id='word_1_247' title='bbox 2451 1405 2802 1460; x_wconf 90' lang='lat' dir='ltr'><strong>humilitatem</strong></span> <span class='ocrx_word' id='word_1_248' title='bbox 2832 1406 2885 1460; x_wconf 91' lang='lat' dir='ltr'><strong>in</strong></span> <span class='ocrx_word' id='word_1_249' title='bbox 2907 1407 3188 1464; x_wconf 86' lang='lat' dir='ltr'><strong>animabus</strong></span> <span class='ocrx_word' id='word_1_250' title='bbox 3226 1411 3422 1466; x_wconf 83' lang='lat' dir='ltr'><strong>nostris</strong></span> <span class='ocrx_word' id='word_1_251' title='bbox 3451 1411 3768 1470; x_wconf 83' lang='lat' dir='ltr'><strong>inseramus.</strong></span> 
     </span>
    </p>
   </div>
   <div class='ocr_carea' id='block_1_32' title="bbox 2189 1500 3776 1578">
    <p class='ocr_par' dir='ltr' id='par_1_32' title="bbox 2189 1500 3776 1578">
     <span class='ocr_line' id='line_1_32' title="bbox 2189 1500 3776 1578; baseline 0.006 -22"><span class='ocrx_word' id='word_1_252' title='bbox 2189 1500 2282 1556; x_wconf 78' lang='lat' dir='ltr'><strong>Sic</strong></span> <span class='ocrx_word' id='word_1_253' title='bbox 2302 1501 2446 1556; x_wconf 88' lang='lat' dir='ltr'><strong>enim</strong></span> <span class='ocrx_word' id='word_1_254' title='bbox 2471 1512 2525 1556; x_wconf 92' lang='lat' dir='ltr'><strong>et</strong></span> <span class='ocrx_word' id='word_1_255' title='bbox 2547 1500 2703 1571; x_wconf 82' lang='lat' dir='ltr'><strong>hujus</strong></span> <span class='ocrx_word' id='word_1_256' title='bbox 2728 1502 2848 1556; x_wconf 76' lang='lat' dir='ltr'><strong>vita:</strong></span> <span class='ocrx_word' id='word_1_257' title='bbox 2875 1503 3089 1573; x_wconf 85' lang='lat' dir='ltr'><strong>pelagus</strong></span> <span class='ocrx_word' id='word_1_258' title='bbox 3113 1505 3232 1559; x_wconf 90' lang='lat' dir='ltr'><strong>sine</strong></span> <span class='ocrx_word' id='word_1_259' title='bbox 3253 1504 3504 1561; x_wconf 79' lang='lat' dir='ltr'><strong>ﬂuctibus</strong></span> <span class='ocrx_word' id='word_1_260' title='bbox 3529 1510 3776 1578; x_wconf 86' lang='lat' dir='ltr'><strong>trajicere</strong></span> 
     </span>
    </p>
   </div>
   <div class='ocr_carea' id='block_1_33' title="bbox 2193 1591 3768 1669">
    <p class='ocr_par' dir='ltr' id='par_1_33' title="bbox 2193 1591 3768 1669">
     <span class='ocr_line' id='line_1_33' title="bbox 2193 1591 3768 1669; baseline 0.006 -23"><span class='ocrx_word' id='word_1_261' title='bbox 2193 1591 2509 1662; x_wconf 85' lang='lat' dir='ltr'><strong>poterimus,</strong></span> <span class='ocrx_word' id='word_1_262' title='bbox 2537 1601 2592 1647; x_wconf 91' lang='lat' dir='ltr'><strong>et</strong></span> <span class='ocrx_word' id='word_1_263' title='bbox 2615 1592 2682 1646; x_wconf 92' lang='lat' dir='ltr'><strong>ad</strong></span> <span class='ocrx_word' id='word_1_264' title='bbox 2709 1592 3049 1662; x_wconf 88' lang='lat' dir='ltr'><strong>tranquillum</strong></span> <span class='ocrx_word' id='word_1_265' title='bbox 3079 1594 3229 1649; x_wconf 89' lang='lat' dir='ltr'><strong>illum</strong></span> <span class='ocrx_word' id='word_1_266' title='bbox 3258 1605 3472 1664; x_wconf 89' lang='lat' dir='ltr'><strong>portum</strong></span> <span class='ocrx_word' id='word_1_267' title='bbox 3498 1600 3768 1669; x_wconf 89' lang='lat' dir='ltr'><strong>navigare,</strong></span> 
     </span>
    </p>
   </div>
   <div class='ocr_carea' id='block_1_34' title="bbox 2190 1684 3770 1757">
    <p class='ocr_par' dir='ltr' id='par_1_34' title="bbox 2190 1684 3770 1757">
     <span class='ocr_line' id='line_1_34' title="bbox 2190 1684 3770 1757; baseline 0.003 -16"><span class='ocrx_word' id='word_1_268' title='bbox 2190 1685 2358 1756; x_wconf 88' lang='lat' dir='ltr'><strong>gratia</strong></span> <span class='ocrx_word' id='word_1_269' title='bbox 2394 1693 2450 1741; x_wconf 90' lang='lat' dir='ltr'><strong>et</strong></span> <span class='ocrx_word' id='word_1_270' title='bbox 2486 1684 2810 1756; x_wconf 88' lang='lat' dir='ltr'><strong>benignitate</strong></span> <span class='ocrx_word' id='word_1_271' title='bbox 2834 1685 3040 1740; x_wconf 88' lang='lat' dir='ltr'><strong>Domini</strong></span> <span class='ocrx_word' id='word_1_272' title='bbox 3067 1686 3236 1740; x_wconf 87' lang='lat' dir='ltr'><strong>nostri</strong></span> <span class='ocrx_word' id='word_1_273' title='bbox 3262 1686 3389 1742; x_wconf 84' lang='lat' dir='ltr'><strong>Jesu</strong></span> <span class='ocrx_word' id='word_1_274' title='bbox 3413 1688 3650 1757; x_wconf 78' lang='lat' dir='ltr'><strong>Christi,</strong></span> <span class='ocrx_word' id='word_1_275' title='bbox 3679 1696 3770 1752; x_wconf 83' lang='lat' dir='ltr'><strong>cui</strong></span> 
     </span>
    </p>
   </div>
   <div class='ocr_carea' id='block_1_35' title="bbox 2189 1777 3625 1850">
    <p class='ocr_par' dir='ltr' id='par_1_35' title="bbox 2189 1777 3625 1850">
     <span class='ocr_line' id='line_1_35' title="bbox 2189 1777 3625 1850; baseline 0.003 -17"><span class='ocrx_word' id='word_1_276' title='bbox 2189 1778 2359 1850; x_wconf 85' lang='lat' dir='ltr'><strong>gloria</strong></span> <span class='ocrx_word' id='word_1_277' title='bbox 2381 1788 2438 1834; x_wconf 89' lang='lat' dir='ltr'><strong>et</strong></span> <span class='ocrx_word' id='word_1_278' title='bbox 2458 1779 2739 1849; x_wconf 89' lang='lat' dir='ltr'><strong>imperium</strong></span> <span class='ocrx_word' id='word_1_279' title='bbox 2763 1777 2817 1832; x_wconf 92' lang='lat' dir='ltr'><strong>in</strong></span> <span class='ocrx_word' id='word_1_280' title='bbox 2841 1778 3032 1833; x_wconf 63' lang='lat' dir='ltr'><strong>secula</strong></span> <span class='ocrx_word' id='word_1_281' title='bbox 3062 1777 3402 1833; x_wconf 65' lang='lat' dir='ltr'><strong>saeculorum.</strong></span> <span class='ocrx_word' id='word_1_282' title='bbox 3435 1779 3625 1837; x_wconf 78' lang='lat' dir='ltr'><strong>Amen.</strong></span> 
     </span>
    </p>
   </div>
   <div class='ocr_carea' id='block_1_36' title="bbox 2187 1969 3769 2102">
    <p class='ocr_par' dir='ltr' id='par_1_36' title="bbox 2187 1969 3769 2102">
     <span class='ocr_line' id='line_1_36' title="bbox 2187 1969 3769 2102; baseline 0.013 -24"><span class='ocrx_word' id='word_1_283' title='bbox 2187 1969 3203 2102; x_wconf 62' lang='lat' dir='ltr'><strong>..:.aaaa:.rarxaarrza::</strong></span> <span class='ocrx_word' id='word_1_284' title='bbox 3217 1977 3589 2093; x_wconf 47' lang='lat' dir='ltr'><strong>mea“</strong></span> <span class='ocrx_word' id='word_1_285' title='bbox 3619 1985 3769 2041; x_wconf 62' lang='grc' dir='ltr'><strong>’που</strong></span> 
     </span>
    </p>
   </div>
   <div class='ocr_carea' id='block_1_37' title="bbox 527 2280 3768 2314">
    <p class='ocr_par' dir='ltr' id='par_1_37' title="bbox 527 2280 3768 2314">
     <span class='ocr_line' id='line_1_37' title="bbox 527 2280 3768 2314; baseline 0.001 -3"><span class='ocrx_word' id='word_1_286' title='bbox 527 2280 3768 2314; x_wconf 53' lang='lat' dir='ltr'><em>W</em></span> 
     </span>
    </p>
   </div>
   <div class='ocr_carea' id='block_1_38' title="bbox 1845 2434 2395 2537">
    <p class='ocr_par' dir='ltr' id='par_1_38' title="bbox 1845 2434 2395 2537">
     <span class='ocr_line' id='line_1_38' title="bbox 1845 2434 2395 2537; baseline 0.005 -39"><span class='ocrx_word' id='word_1_287' title='bbox 1845 2527 1854 2537; x_wconf 25' lang='grc' dir='ltr'><strong><em>υ</em></strong></span> <span class='ocrx_word' id='word_1_288' title='bbox 1891 2434 2244 2498; x_wconf 76' lang='grc' dir='ltr'><strong>ιῐοΜιιιΑ</strong></span> <span class='ocrx_word' id='word_1_289' title='bbox 2290 2435 2395 2502; x_wconf 80' lang='grc' dir='ltr'><strong>ιν.</strong></span> 
     </span>
    </p>
   </div>
   <div class='ocr_carea' id='block_1_39' title="bbox 536 2699 2115 2771">
    <p class='ocr_par' dir='ltr' id='par_1_39' title="bbox 536 2699 2115 2771">
     <span class='ocr_line' id='line_1_39' title="bbox 536 2699 2115 2771; baseline -0.006 -12"><span class='ocrx_word' id='word_1_290' title='bbox 536 2705 666 2759; x_wconf 69' lang='lat' dir='ltr'><strong>Car.</strong></span> <span class='ocrx_word' id='word_1_291' title='bbox 698 2702 736 2756; x_wconf 92' lang='grc' dir='ltr'><strong>Ι.</strong></span> <span class='ocrx_word' id='word_1_292' title='bbox 761 2703 924 2756; x_wconf 77' lang='lat' dir='ltr'><strong>v.17.</strong></span> <span class='ocrx_word' id='word_1_293' title='bbox 965 2700 1151 2755; x_wconf 79' lang='lat' dir='ltr'><strong>Omnes</strong></span> <span class='ocrx_word' id='word_1_294' title='bbox 1182 2700 1337 2771; x_wconf 79' lang='lat' dir='ltr'><strong>igitur</strong></span> <span class='ocrx_word' id='word_1_295' title='bbox 1374 2701 1715 2770; x_wconf 82' lang='lat' dir='ltr'><strong>generationes</strong></span> <span class='ocrx_word' id='word_1_296' title='bbox 1755 2699 1817 2754; x_wconf 84' lang='lat' dir='ltr'><strong>ab</strong></span> <span class='ocrx_word' id='word_1_297' title='bbox 1859 2699 2115 2753; x_wconf 78' lang='lat' dir='ltr'><strong>Abraham</strong></span> 
     </span>
    </p>
   </div>
   <div class='ocr_carea' id='block_1_40' title="bbox 607 2789 2116 2863">
    <p class='ocr_par' dir='ltr' id='par_1_40' title="bbox 607 2789 2116 2863">
     <span class='ocr_line' id='line_1_40' title="bbox 607 2789 2116 2863; baseline -0.003 -16"><span class='ocrx_word' id='word_1_298' title='bbox 607 2809 761 2863; x_wconf 77' lang='lat' dir='ltr'><strong>usque</strong></span> <span class='ocrx_word' id='word_1_299' title='bbox 784 2793 850 2846; x_wconf 84' lang='lat' dir='ltr'><strong>ad</strong></span> <span class='ocrx_word' id='word_1_300' title='bbox 879 2793 1062 2858; x_wconf 82' lang='lat' dir='ltr'><strong>David,</strong></span> <span class='ocrx_word' id='word_1_301' title='bbox 1083 2792 1426 2862; x_wconf 74' lang='lat' dir='ltr'><strong>generationes</strong></span> <span class='ocrx_word' id='word_1_302' title='bbox 1451 2791 1870 2863; x_wconf 82' lang='lat' dir='ltr'><strong>quatuordecim;</strong></span> <span class='ocrx_word' id='word_1_303' title='bbox 1897 2800 1943 2844; x_wconf 87' lang='lat' dir='ltr'><strong>et</strong></span> <span class='ocrx_word' id='word_1_304' title='bbox 1961 2807 1993 2843; x_wconf 90' lang='lat' dir='ltr'><strong>a</strong></span> <span class='ocrx_word' id='word_1_305' title='bbox 2015 2789 2116 2842; x_wconf 88' lang='lat' dir='ltr'><strong>Da-</strong></span> 
     </span>
    </p>
   </div>
   <div class='ocr_carea' id='block_1_41' title="bbox 607 2880 2109 2954">
    <p class='ocr_par' dir='ltr' id='par_1_41' title="bbox 607 2880 2109 2954">
     <span class='ocr_line' id='line_1_41' title="bbox 607 2880 2109 2954; baseline -0.003 -18"><span class='ocrx_word' id='word_1_306' title='bbox 607 2883 690 2937; x_wconf 80' lang='lat' dir='ltr'><strong>vid</strong></span> <span class='ocrx_word' id='word_1_307' title='bbox 713 2900 868 2954; x_wconf 82' lang='lat' dir='ltr'><strong>usque</strong></span> <span class='ocrx_word' id='word_1_308' title='bbox 894 2883 962 2936; x_wconf 84' lang='lat' dir='ltr'><strong>ad</strong></span> <span class='ocrx_word' id='word_1_309' title='bbox 981 2883 1472 2950; x_wconf 78' lang='lat' dir='ltr'><strong>transmigrationem</strong></span> <span class='ocrx_word' id='word_1_310' title='bbox 1499 2881 1797 2954; x_wconf 81' lang='lat' dir='ltr'><strong>Babylonis,</strong></span> <span class='ocrx_word' id='word_1_311' title='bbox 1824 2880 2109 2953; x_wconf 74' lang='lat' dir='ltr'><strong>generatio-</strong></span> 
     </span>
    </p>
   </div>
   <div class='ocr_carea' id='block_1_42' title="bbox 520 2962 2112 3045">
    <p class='ocr_par' dir='ltr' id='par_1_42' title="bbox 520 2962 2112 3045">
     <span class='ocr_line' id='line_1_42' title="bbox 520 2962 2112 3045; baseline -0.003 -16"><span class='ocrx_word' id='word_1_312' title='bbox 520 3028 524 3029; x_wconf 64' lang='lat'><strong><em>,</em></strong></span> <span class='ocrx_word' id='word_1_313' title='bbox 606 2991 694 3029; x_wconf 82' lang='lat' dir='ltr'><strong>nes</strong></span> <span class='ocrx_word' id='word_1_314' title='bbox 730 2962 1152 3045; x_wconf 56' lang='lat' dir='ltr'><strong>quatuor-decim;</strong></span> <span class='ocrx_word' id='word_1_315' title='bbox 1191 2982 1237 3028; x_wconf 84' lang='lat' dir='ltr'><strong>et</strong></span> <span class='ocrx_word' id='word_1_316' title='bbox 1277 2990 1310 3027; x_wconf 87' lang='lat' dir='ltr'><strong>a</strong></span> <span class='ocrx_word' id='word_1_317' title='bbox 1354 2974 1796 3044; x_wconf 82' lang='lat' dir='ltr'><strong>trammigratione</strong></span> <span class='ocrx_word' id='word_1_318' title='bbox 1836 2970 2112 3043; x_wconf 76' lang='lat' dir='ltr'><strong>Babylonis</strong></span> 
     </span>
    </p>
   </div>
   <div class='ocr_carea' id='block_1_43' title="bbox 605 3065 1952 3137">
    <p class='ocr_par' dir='ltr' id='par_1_43' title="bbox 605 3065 1952 3137">
     <span class='ocr_line' id='line_1_43' title="bbox 605 3065 1952 3137; baseline 0.002 -18"><span class='ocrx_word' id='word_1_319' title='bbox 605 3083 758 3136; x_wconf 79' lang='lat' dir='ltr'><strong>usque</strong></span> <span class='ocrx_word' id='word_1_320' title='bbox 777 3067 844 3120; x_wconf 82' lang='lat' dir='ltr'><strong>ad</strong></span> <span class='ocrx_word' id='word_1_321' title='bbox 872 3067 1146 3134; x_wconf 79' lang='lat' dir='ltr'><strong>Christum,</strong></span> <span class='ocrx_word' id='word_1_322' title='bbox 1171 3067 1512 3137; x_wconf 81' lang='lat' dir='ltr'><strong>generationes</strong></span> <span class='ocrx_word' id='word_1_323' title='bbox 1540 3065 1952 3137; x_wconf 71' lang='lat' dir='ltr'><strong>quatuordecim.~</strong></span> 
     </span>
    </p>
   </div>
   <div class='ocr_carea' id='block_1_44' title="bbox 603 3196 2110 3268">
    <p class='ocr_par' dir='ltr' id='par_1_44' title="bbox 603 3196 2110 3268">
     <span class='ocr_line' id='line_1_44' title="bbox 603 3196 2110 3268; baseline 0 -16"><span class='ocrx_word' id='word_1_324' title='bbox 603 3199 656 3252; x_wconf 73' lang='lat' dir='ltr'><strong>t.</strong></span> <span class='ocrx_word' id='word_1_325' title='bbox 679 3197 878 3253; x_wconf 91' lang='lat' dir='ltr'><strong>Omnes</strong></span> <span class='ocrx_word' id='word_1_326' title='bbox 900 3197 1272 3268; x_wconf 87' lang='lat' dir='ltr'><strong>generationes</strong></span> <span class='ocrx_word' id='word_1_327' title='bbox 1292 3197 1344 3252; x_wconf 89' lang='lat' dir='ltr'><strong>in</strong></span> <span class='ocrx_word' id='word_1_328' title='bbox 1373 3206 1480 3252; x_wconf 90' lang='lat' dir='ltr'><strong>tres</strong></span> <span class='ocrx_word' id='word_1_329' title='bbox 1506 3206 1684 3266; x_wconf 86' lang='lat' dir='ltr'><strong>partes</strong></span> <span class='ocrx_word' id='word_1_330' title='bbox 1703 3196 1904 3263; x_wconf 89' lang='lat' dir='ltr'><strong>divisit,</strong></span> <span class='ocrx_word' id='word_1_331' title='bbox 1926 3205 2110 3252; x_wconf 85' lang='lat' dir='ltr'><strong>osten-</strong></span> 
     </span>
    </p>
   </div>
   <div class='ocr_carea' id='block_1_45' title="bbox 530 3287 2108 3360">
    <p class='ocr_par' dir='ltr' id='par_1_45' title="bbox 530 3287 2108 3360">
     <span class='ocr_line' id='line_1_45' title="bbox 530 3287 2108 3360; baseline -0.001 -15"><span class='ocrx_word' id='word_1_332' title='bbox 530 3290 666 3346; x_wconf 88' lang='lat' dir='ltr'><strong>dens</strong></span> <span class='ocrx_word' id='word_1_333' title='bbox 694 3291 812 3345; x_wconf 89' lang='lat' dir='ltr'><strong>illos</strong></span> <span class='ocrx_word' id='word_1_334' title='bbox 839 3291 1002 3344; x_wconf 89' lang='lat' dir='ltr'><strong>etiam</strong></span> <span class='ocrx_word' id='word_1_335' title='bbox 1029 3297 1150 3360; x_wconf 91' lang='lat' dir='ltr'><strong>post</strong></span> <span class='ocrx_word' id='word_1_336' title='bbox 1177 3288 1482 3359; x_wconf 72' lang='lat' dir='ltr'><strong>reipublicae</strong></span> <span class='ocrx_word' id='word_1_337' title='bbox 1507 3287 1734 3344; x_wconf 90' lang='lat' dir='ltr'><strong>formam</strong></span> <span class='ocrx_word' id='word_1_338' title='bbox 1761 3289 1960 3358; x_wconf 89' lang='lat' dir='ltr'><strong>pluries</strong></span> <span class='ocrx_word' id='word_1_339' title='bbox 1986 3305 2108 3343; x_wconf 88' lang='lat' dir='ltr'><strong>mu-</strong></span> 
     </span>
    </p>
   </div>
   <div class='ocr_carea' id='block_1_46' title="bbox 531 3379 2108 3448">
    <p class='ocr_par' dir='ltr' id='par_1_46' title="bbox 531 3379 2108 3448">
     <span class='ocr_line' id='line_1_46' title="bbox 531 3379 2108 3448; baseline 0 -13"><span class='ocrx_word' id='word_1_340' title='bbox 531 3389 694 3435; x_wconf 88' lang='lat' dir='ltr'><strong>tatam</strong></span> <span class='ocrx_word' id='word_1_341' title='bbox 722 3395 826 3435; x_wconf 91' lang='lat' dir='ltr'><strong>non</strong></span> <span class='ocrx_word' id='word_1_342' title='bbox 855 3382 1089 3436; x_wconf 87' lang='lat' dir='ltr'><strong>evasisse</strong></span> <span class='ocrx_word' id='word_1_343' title='bbox 1124 3380 1372 3436; x_wconf 90' lang='lat' dir='ltr'><strong>meliores</strong></span> <span class='ocrx_word' id='word_1_344' title='bbox 1393 3420 1410 3446; x_wconf 94' lang='lat'><strong>,</strong></span> <span class='ocrx_word' id='word_1_345' title='bbox 1443 3379 1540 3435; x_wconf 90' lang='lat' dir='ltr'><strong>sed</strong></span> <span class='ocrx_word' id='word_1_346' title='bbox 1575 3380 1689 3435; x_wconf 89' lang='lat' dir='ltr'><strong>sive</strong></span> <span class='ocrx_word' id='word_1_347' title='bbox 1724 3381 2070 3436; x_wconf 79' lang='lat' dir='ltr'><strong>aristoeratia:</strong></span> <span class='ocrx_word' id='word_1_348' title='bbox 2091 3421 2108 3448; x_wconf 94' lang='lat'><strong>,</strong></span> 
     </span>
    </p>
   </div>
   <div class='ocr_carea' id='block_1_47' title="bbox 528 3470 2110 3544">
    <p class='ocr_par' dir='ltr' id='par_1_47' title="bbox 528 3470 2110 3544">
     <span class='ocr_line' id='line_1_47' title="bbox 528 3470 2110 3544; baseline 0 -20"><span class='ocrx_word' id='word_1_349' title='bbox 528 3472 642 3524; x_wconf 83' lang='lat' dir='ltr'><strong>sive</strong></span> <span class='ocrx_word' id='word_1_350' title='bbox 668 3485 851 3538; x_wconf 86' lang='lat' dir='ltr'><strong>regno,</strong></span> <span class='ocrx_word' id='word_1_351' title='bbox 879 3471 992 3525; x_wconf 91' lang='lat' dir='ltr'><strong>sive</strong></span> <span class='ocrx_word' id='word_1_352' title='bbox 1011 3470 1315 3542; x_wconf 76' lang='lat' dir='ltr'><strong>oligarchiae</strong></span> <span class='ocrx_word' id='word_1_353' title='bbox 1344 3480 1612 3544; x_wconf 89' lang='lat' dir='ltr'><strong>parerent,</strong></span> <span class='ocrx_word' id='word_1_354' title='bbox 1635 3472 1688 3524; x_wconf 92' lang='lat' dir='ltr'><strong>in</strong></span> <span class='ocrx_word' id='word_1_355' title='bbox 1722 3471 1908 3525; x_wconf 90' lang='lat' dir='ltr'><strong>iisdem</strong></span> <span class='ocrx_word' id='word_1_356' title='bbox 1932 3485 2110 3526; x_wconf 86' lang='lat' dir='ltr'><strong>versa-</strong></span> 
     </span>
    </p>
   </div>
   <div class='ocr_carea' id='block_1_48' title="bbox 528 3560 2111 3632">
    <p class='ocr_par' dir='ltr' id='par_1_48' title="bbox 528 3560 2111 3632">
     <span class='ocr_line' id='line_1_48' title="bbox 528 3560 2111 3632; baseline 0 -16"><span class='ocrx_word' id='word_1_357' title='bbox 528 3571 614 3616; x_wconf 85' lang='lat' dir='ltr'><strong>tos</strong></span> <span class='ocrx_word' id='word_1_358' title='bbox 640 3563 794 3616; x_wconf 91' lang='lat' dir='ltr'><strong>malis</strong></span> <span class='ocrx_word' id='word_1_359' title='bbox 820 3577 940 3617; x_wconf 89' lang='lat' dir='ltr'><strong>esse</strong></span> <span class='ocrx_word' id='word_1_360' title='bbox 969 3579 984 3615; x_wconf 88' lang='lat'><strong>:</strong></span> <span class='ocrx_word' id='word_1_361' title='bbox 1009 3577 1072 3616; x_wconf 92' lang='lat' dir='ltr'><strong>ac</strong></span> <span class='ocrx_word' id='word_1_362' title='bbox 1098 3577 1273 3632; x_wconf 91' lang='lat' dir='ltr'><strong>neque</strong></span> <span class='ocrx_word' id='word_1_363' title='bbox 1315 3561 1538 3616; x_wconf 90' lang='lat' dir='ltr'><strong>ducibus</strong></span> <span class='ocrx_word' id='word_1_364' title='bbox 1559 3601 1576 3629; x_wconf 95' lang='lat'><strong>,</strong></span> <span class='ocrx_word' id='word_1_365' title='bbox 1617 3575 1791 3631; x_wconf 90' lang='lat' dir='ltr'><strong>neque</strong></span> <span class='ocrx_word' id='word_1_366' title='bbox 1819 3560 2111 3616; x_wconf 82' lang='lat' dir='ltr'><strong>sacerdoti-</strong></span> 
     </span>
    </p>
   </div>
   <div class='ocr_carea' id='block_1_49' title="bbox 528 3650 2107 3722">
    <p class='ocr_par' dir='ltr' id='par_1_49' title="bbox 528 3650 2107 3722">
     <span class='ocr_line' id='line_1_49' title="bbox 528 3650 2107 3722; baseline 0 -16"><span class='ocrx_word' id='word_1_367' title='bbox 528 3652 646 3714; x_wconf 89' lang='lat' dir='ltr'><strong>bus,</strong></span> <span class='ocrx_word' id='word_1_368' title='bbox 677 3667 848 3721; x_wconf 88' lang='lat' dir='ltr'><strong>neque</strong></span> <span class='ocrx_word' id='word_1_369' title='bbox 889 3651 1104 3722; x_wconf 86' lang='lat' dir='ltr'><strong>regibus</strong></span> <span class='ocrx_word' id='word_1_370' title='bbox 1144 3667 1259 3707; x_wconf 90' lang='lat' dir='ltr'><strong>rem</strong></span> <span class='ocrx_word' id='word_1_371' title='bbox 1300 3652 1561 3722; x_wconf 87' lang='lat' dir='ltr'><strong>publicam</strong></span> <span class='ocrx_word' id='word_1_372' title='bbox 1591 3650 2107 3720; x_wconf 84' lang='lat' dir='ltr'><strong>administrantibus,</strong></span> 
     </span>
    </p>
   </div>
   <div class='ocr_carea' id='block_1_50' title="bbox 525 3741 2109 3813">
    <p class='ocr_par' dir='ltr' id='par_1_50' title="bbox 525 3741 2109 3813">
     <span class='ocr_line' id='line_1_50' title="bbox 525 3741 2109 3813; baseline -0.003 -14"><span class='ocrx_word' id='word_1_373' title='bbox 525 3743 782 3813; x_wconf 89' lang='lat' dir='ltr'><strong>majorem</strong></span> <span class='ocrx_word' id='word_1_374' title='bbox 813 3758 976 3812; x_wconf 90' lang='lat' dir='ltr'><strong>penes</strong></span> <span class='ocrx_word' id='word_1_375' title='bbox 1001 3743 1118 3797; x_wconf 91' lang='lat' dir='ltr'><strong>illos</strong></span> <span class='ocrx_word' id='word_1_376' title='bbox 1144 3743 1352 3798; x_wconf 81' lang='lat' dir='ltr'><strong>virtutis</strong></span> <span class='ocrx_word' id='word_1_377' title='bbox 1376 3743 1636 3798; x_wconf 89' lang='lat' dir='ltr'><strong>rationem</strong></span> <span class='ocrx_word' id='word_1_378' title='bbox 1666 3741 1848 3797; x_wconf 81' lang='lat' dir='ltr'><strong>fuisse.</strong></span> <span class='ocrx_word' id='word_1_379' title='bbox 1882 3741 1988 3798; x_wconf 87' lang='lat' dir='ltr'><strong>Cur</strong></span> <span class='ocrx_word' id='word_1_380' title='bbox 2009 3757 2109 3796; x_wconf 86' lang='lat' dir='ltr'><strong>au-</strong></span> 
     </span>
    </p>
   </div>
   <div class='ocr_carea' id='block_1_51' title="bbox 525 3835 2109 3904">
    <p class='ocr_par' dir='ltr' id='par_1_51' title="bbox 525 3835 2109 3904">
     <span class='ocr_line' id='line_1_51' title="bbox 525 3835 2109 3904; baseline -0.001 -14"><span class='ocrx_word' id='word_1_381' title='bbox 525 3846 633 3890; x_wconf 90' lang='lat' dir='ltr'><strong>tem</strong></span> <span class='ocrx_word' id='word_1_382' title='bbox 657 3837 707 3889; x_wconf 91' lang='lat' dir='ltr'><strong>in</strong></span> <span class='ocrx_word' id='word_1_383' title='bbox 731 3837 902 3891; x_wconf 89' lang='lat' dir='ltr'><strong>media</strong></span> <span class='ocrx_word' id='word_1_384' title='bbox 927 3845 1072 3904; x_wconf 89' lang='lat' dir='ltr'><strong>parte</strong></span> <span class='ocrx_word' id='word_1_385' title='bbox 1098 3845 1207 3890; x_wconf 88' lang='lat' dir='ltr'><strong>tres</strong></span> <span class='ocrx_word' id='word_1_386' title='bbox 1223 3835 1561 3903; x_wconf 70' lang='lat' dir='ltr'><strong>prmtcrmisit</strong></span> <span class='ocrx_word' id='word_1_387' title='bbox 1579 3848 1750 3904; x_wconf 85' lang='lat' dir='ltr'><strong>reges,</strong></span> <span class='ocrx_word' id='word_1_388' title='bbox 1770 3835 1823 3888; x_wconf 90' lang='lat' dir='ltr'><strong>in</strong></span> <span class='ocrx_word' id='word_1_389' title='bbox 1842 3844 2109 3902; x_wconf 86' lang='lat' dir='ltr'><strong>postrema</strong></span> 
     </span>
    </p>
   </div>
   <div class='ocr_carea' id='block_1_52' title="bbox 524 3924 2102 3996">
    <p class='ocr_par' dir='ltr' id='par_1_52' title="bbox 524 3924 2102 3996">
     <span class='ocr_line' id='line_1_52' title="bbox 524 3924 2102 3996; baseline -0.001 -15"><span class='ocrx_word' id='word_1_390' title='bbox 524 3938 702 3981; x_wconf 88' lang='lat' dir='ltr'><strong>autem</strong></span> <span class='ocrx_word' id='word_1_391' title='bbox 730 3934 879 3996; x_wconf 90' lang='lat' dir='ltr'><strong>parte</strong></span> <span class='ocrx_word' id='word_1_392' title='bbox 898 3924 1327 3996; x_wconf 90' lang='lat' dir='ltr'><strong>generationibus</strong></span> <span class='ocrx_word' id='word_1_393' title='bbox 1351 3925 1631 3979; x_wconf 92' lang='lat' dir='ltr'><strong>duodecim</strong></span> <span class='ocrx_word' id='word_1_394' title='bbox 1665 3933 1865 3979; x_wconf 85' lang='lat' dir='ltr'><strong>tantum</strong></span> <span class='ocrx_word' id='word_1_395' title='bbox 1898 3925 2102 3993; x_wconf 90' lang='lat' dir='ltr'><strong>positis,</strong></span> 
     </span>
    </p>
   </div>
   <div class='ocr_carea' id='block_1_53' title="bbox 523 4015 2106 4086">
    <p class='ocr_par' dir='ltr' id='par_1_53' title="bbox 523 4015 2106 4086">
     <span class='ocr_line' id='line_1_53' title="bbox 523 4015 2106 4086; baseline 0 -17"><span class='ocrx_word' id='word_1_396' title='bbox 523 4016 926 4086; x_wconf 81' lang='lat' dir='ltr'><strong>quatuordecim</strong></span> <span class='ocrx_word' id='word_1_397' title='bbox 968 4016 1109 4086; x_wconf 88' lang='lat' dir='ltr'><strong>ipsas</strong></span> <span class='ocrx_word' id='word_1_398' title='bbox 1136 4031 1255 4070; x_wconf 90' lang='lat' dir='ltr'><strong>esse</strong></span> <span class='ocrx_word' id='word_1_399' title='bbox 1283 4015 1445 4070; x_wconf 84' lang='lat' dir='ltr'><strong>dicit?</strong></span> <span class='ocrx_word' id='word_1_400' title='bbox 1488 4017 1723 4070; x_wconf 85' lang='lat' dir='ltr'><strong>Primam</strong></span> <span class='ocrx_word' id='word_1_401' title='bbox 1753 4015 2106 4084; x_wconf 70' lang='lat' dir='ltr'><strong>quaestionem</strong></span> 
     </span>
    </p>
   </div>
   <div class='ocr_carea' id='block_1_54' title="bbox 525 4103 2108 4175">
    <p class='ocr_par' dir='ltr' id='par_1_54' title="bbox 525 4103 2108 4175">
     <span class='ocr_line' id='line_1_54' title="bbox 525 4103 2108 4175; baseline -0.001 -15"><span class='ocrx_word' id='word_1_402' title='bbox 525 4107 674 4161; x_wconf 80' lang='lat' dir='ltr'><strong>vobis</strong></span> <span class='ocrx_word' id='word_1_403' title='bbox 700 4105 1013 4160; x_wconf 77' lang='lat' dir='ltr'><strong>solvendam</strong></span> <span class='ocrx_word' id='word_1_404' title='bbox 1043 4106 1316 4175; x_wconf 89' lang='lat' dir='ltr'><strong>relinquo;</strong></span> <span class='ocrx_word' id='word_1_405' title='bbox 1365 4121 1469 4159; x_wconf 90' lang='lat' dir='ltr'><strong>non</strong></span> <span class='ocrx_word' id='word_1_406' title='bbox 1505 4106 1648 4160; x_wconf 90' lang='lat' dir='ltr'><strong>enim</strong></span> <span class='ocrx_word' id='word_1_407' title='bbox 1683 4105 1860 4158; x_wconf 88' lang='lat' dir='ltr'><strong>omnia</strong></span> <span class='ocrx_word' id='word_1_408' title='bbox 1898 4103 2108 4158; x_wconf 89' lang='lat' dir='ltr'><strong>solvere</strong></span> 
     </span>
    </p>
   </div>
   <div class='ocr_carea' id='block_1_55' title="bbox 525 4195 2108 4266">
    <p class='ocr_par' dir='ltr' id='par_1_55' title="bbox 525 4195 2108 4266">
     <span class='ocr_line' id='line_1_55' title="bbox 525 4195 2108 4266; baseline -0.003 -14"><span class='ocrx_word' id='word_1_409' title='bbox 525 4201 676 4252; x_wconf 80' lang='lat' dir='ltr'><strong>vobis</strong></span> <span class='ocrx_word' id='word_1_410' title='bbox 702 4212 922 4254; x_wconf 90' lang='lat' dir='ltr'><strong>necesse</strong></span> <span class='ocrx_word' id='word_1_411' title='bbox 949 4207 1048 4259; x_wconf 91' lang='lat' dir='ltr'><strong>est,</strong></span> <span class='ocrx_word' id='word_1_412' title='bbox 1082 4212 1150 4252; x_wconf 90' lang='lat' dir='ltr'><strong>ne</strong></span> <span class='ocrx_word' id='word_1_413' title='bbox 1176 4196 1326 4250; x_wconf 89' lang='lat' dir='ltr'><strong>vobis</strong></span> <span class='ocrx_word' id='word_1_414' title='bbox 1355 4195 1623 4251; x_wconf 87' lang='lat' dir='ltr'><strong>fastidium</strong></span> <span class='ocrx_word' id='word_1_415' title='bbox 1645 4209 1962 4266; x_wconf 89' lang='lat' dir='ltr'><strong>generemus</strong></span> <span class='ocrx_word' id='word_1_416' title='bbox 1986 4211 2001 4248; x_wconf 91' lang='lat'><strong>:</strong></span> <span class='ocrx_word' id='word_1_417' title='bbox 2021 4208 2108 4250; x_wconf 87' lang='lat' dir='ltr'><strong>se-</strong></span> 
     </span>
    </p>
   </div>
   <div class='ocr_carea' id='block_1_56' title="bbox 523 4287 2108 4358">
    <p class='ocr_par' dir='ltr' id='par_1_56' title="bbox 523 4287 2108 4358">
     <span class='ocr_line' id='line_1_56' title="bbox 523 4287 2108 4358; baseline -0.001 -14"><span class='ocrx_word' id='word_1_418' title='bbox 523 4291 750 4345; x_wconf 85' lang='lat' dir='ltr'><strong>cundam</strong></span> <span class='ocrx_word' id='word_1_419' title='bbox 774 4303 949 4345; x_wconf 87' lang='lat' dir='ltr'><strong>autem</strong></span> <span class='ocrx_word' id='word_1_420' title='bbox 975 4289 1383 4358; x_wconf 65' lang='lat' dir='ltr'><strong>explauabiu‘tus</strong></span> <span class='ocrx_word' id='word_1_421' title='bbox 1404 4289 1443 4342; x_wconf 85' lang='grc'><strong>¹.</strong></span> <span class='ocrx_word' id='word_1_422' title='bbox 1471 4288 1594 4342; x_wconf 76' lang='lat' dir='ltr'><strong>Milli</strong></span> <span class='ocrx_word' id='word_1_423' title='bbox 1621 4297 1767 4343; x_wconf 81' lang='lat' dir='ltr'><strong>certe</strong></span> <span class='ocrx_word' id='word_1_424' title='bbox 1791 4287 1998 4342; x_wconf 85' lang='lat' dir='ltr'><strong>videtur</strong></span> <span class='ocrx_word' id='word_1_425' title='bbox 2015 4298 2108 4342; x_wconf 82' lang='lat' dir='ltr'><strong>ca-</strong></span> 
     </span>
    </p>
   </div>
   <div class='ocr_carea' id='block_1_57' title="bbox 524 4368 2105 4444">
    <p class='ocr_par' dir='ltr' id='par_1_57' title="bbox 524 4368 2105 4444">
     <span class='ocr_line' id='line_1_57' title="bbox 524 4368 2105 4444; baseline -0.003 -15"><span class='ocrx_word' id='word_1_426' title='bbox 524 4374 784 4444; x_wconf 87' lang='lat' dir='ltr'><strong>ptivitatis</strong></span> <span class='ocrx_word' id='word_1_427' title='bbox 812 4381 1022 4441; x_wconf 86' lang='lat' dir='ltr'><strong>tempus</strong></span> <span class='ocrx_word' id='word_1_428' title='bbox 1047 4371 1132 4426; x_wconf 86' lang='lat' dir='ltr'><strong>hic</strong></span> <span class='ocrx_word' id='word_1_429' title='bbox 1162 4387 1258 4440; x_wconf 89' lang='lat' dir='ltr'><strong>pro</strong></span> <span class='ocrx_word' id='word_1_430' title='bbox 1287 4385 1388 4425; x_wconf 89' lang='lat' dir='ltr'><strong>una</strong></span> <span class='ocrx_word' id='word_1_431' title='bbox 1415 4371 1758 4440; x_wconf 87' lang='lat' dir='ltr'><strong>generatione</strong></span> <span class='ocrx_word' id='word_1_432' title='bbox 1791 4368 2062 4425; x_wconf 73' lang='lat' dir='ltr'><strong>mumerari</strong></span> <span class='ocrx_word' id='word_1_433' title='bbox 2081 4406 2105 4438; x_wconf 88' lang='lat'><strong>,</strong></span> 
     </span>
    </p>
   </div>
   <div class='ocr_carea' id='block_1_58' title="bbox 523 4462 2106 4536">
    <p class='ocr_par' dir='ltr' id='par_1_58' title="bbox 523 4462 2106 4536">
     <span class='ocr_line' id='line_1_58' title="bbox 523 4462 2106 4536; baseline -0.002 -13"><span class='ocrx_word' id='word_1_434' title='bbox 523 4467 619 4522; x_wconf 87' lang='lat' dir='ltr'><strong>sed</strong></span> <span class='ocrx_word' id='word_1_435' title='bbox 647 4475 702 4522; x_wconf 90' lang='lat' dir='ltr'><strong>et</strong></span> <span class='ocrx_word' id='word_1_436' title='bbox 729 4466 902 4536; x_wconf 83' lang='lat' dir='ltr'><strong>ipsum</strong></span> <span class='ocrx_word' id='word_1_437' title='bbox 926 4464 1196 4520; x_wconf 89' lang='lat' dir='ltr'><strong>Christum</strong></span> <span class='ocrx_word' id='word_1_438' title='bbox 1225 4462 1464 4536; x_wconf 85' lang='lat' dir='ltr'><strong>[alteram</strong></span> <span class='ocrx_word' id='word_1_439' title='bbox 1493 4463 1770 4535; x_wconf 89' lang='lat' dir='ltr'><strong>implere],</strong></span> <span class='ocrx_word' id='word_1_440' title='bbox 1799 4480 1959 4534; x_wconf 87' lang='lat' dir='ltr'><strong>quem</strong></span> <span class='ocrx_word' id='word_1_441' title='bbox 1986 4465 2106 4521; x_wconf 83' lang='lat' dir='ltr'><strong>ubi-</strong></span> 
     </span>
    </p>
   </div>
   <div class='ocr_carea' id='block_1_59' title="bbox 521 4552 2102 4624">
    <p class='ocr_par' dir='ltr' id='par_1_59' title="bbox 521 4552 2102 4624">
     <span class='ocr_line' id='line_1_59' title="bbox 521 4552 2102 4624; baseline 0 -14"><span class='ocrx_word' id='word_1_442' title='bbox 521 4572 628 4624; x_wconf 88' lang='lat' dir='ltr'><strong>que</strong></span> <span class='ocrx_word' id='word_1_443' title='bbox 670 4556 822 4611; x_wconf 91' lang='lat' dir='ltr'><strong>nobis</strong></span> <span class='ocrx_word' id='word_1_444' title='bbox 851 4552 1141 4623; x_wconf 86' lang='lat' dir='ltr'><strong>conjungit.</strong></span> <span class='ocrx_word' id='word_1_445' title='bbox 1180 4554 1223 4608; x_wconf 87' lang='lat' dir='ltr'><strong>E</strong></span> <span class='ocrx_word' id='word_1_446' title='bbox 1261 4569 1320 4608; x_wconf 89' lang='lat' dir='ltr'><strong>re</strong></span> <span class='ocrx_word' id='word_1_447' title='bbox 1352 4565 1528 4608; x_wconf 87' lang='lat' dir='ltr'><strong>autem</strong></span> <span class='ocrx_word' id='word_1_448' title='bbox 1563 4554 1918 4623; x_wconf 85' lang='lat' dir='ltr'><strong>captivitatem</strong></span> <span class='ocrx_word' id='word_1_449' title='bbox 1956 4555 2102 4610; x_wconf 89' lang='lat' dir='ltr'><strong>illam</strong></span> 
     </span>
    </p>
   </div>
   <div class='ocr_carea' id='block_1_60' title="bbox 521 4645 2104 4716">
    <p class='ocr_par' dir='ltr' id='par_1_60' title="bbox 521 4645 2104 4716">
     <span class='ocr_line' id='line_1_60' title="bbox 521 4645 2104 4716; baseline -0.001 -13"><span class='ocrx_word' id='word_1_450' title='bbox 521 4655 910 4704; x_wconf 88' lang='lat' dir='ltr'><strong>commemorat</strong></span> <span class='ocrx_word' id='word_1_451' title='bbox 932 4687 948 4713; x_wconf 93' lang='lat'><strong>,</strong></span> <span class='ocrx_word' id='word_1_452' title='bbox 976 4646 1266 4700; x_wconf 89' lang='lat' dir='ltr'><strong>ostendens</strong></span> <span class='ocrx_word' id='word_1_453' title='bbox 1295 4645 1420 4698; x_wconf 89' lang='lat' dir='ltr'><strong>illuc</strong></span> <span class='ocrx_word' id='word_1_454' title='bbox 1443 4645 1697 4700; x_wconf 87' lang='lat' dir='ltr'><strong>deductos</strong></span> <span class='ocrx_word' id='word_1_455' title='bbox 1722 4686 1737 4713; x_wconf 93' lang='lat'><strong>,</strong></span> <span class='ocrx_word' id='word_1_456' title='bbox 1766 4662 1870 4700; x_wconf 89' lang='lat' dir='ltr'><strong>non</strong></span> <span class='ocrx_word' id='word_1_457' title='bbox 1899 4655 2104 4716; x_wconf 86' lang='lat' dir='ltr'><strong>tempe-</strong></span> 
     </span>
    </p>
   </div>
   <div class='ocr_carea' id='block_1_61' title="bbox 524 4736 2106 4804">
    <p class='ocr_par' dir='ltr' id='par_1_61' title="bbox 524 4736 2106 4804">
     <span class='ocr_line' id='line_1_61' title="bbox 524 4736 2106 4804; baseline 0.001 -11"><span class='ocrx_word' id='word_1_458' title='bbox 524 4738 786 4793; x_wconf 86' lang='lat' dir='ltr'><strong>rantiores</strong></span> <span class='ocrx_word' id='word_1_459' title='bbox 803 4737 1065 4801; x_wconf 85' lang='lat' dir='ltr'><strong>evasisse;</strong></span> <span class='ocrx_word' id='word_1_460' title='bbox 1095 4736 1164 4790; x_wconf 89' lang='lat' dir='ltr'><strong>ita</strong></span> <span class='ocrx_word' id='word_1_461' title='bbox 1187 4745 1243 4788; x_wconf 92' lang='lat' dir='ltr'><strong>ut</strong></span> <span class='ocrx_word' id='word_1_462' title='bbox 1262 4751 1476 4804; x_wconf 87' lang='lat' dir='ltr'><strong>prorsus</strong></span> <span class='ocrx_word' id='word_1_463' title='bbox 1503 4738 1836 4791; x_wconf 88' lang='lat' dir='ltr'><strong>necessarius</strong></span> <span class='ocrx_word' id='word_1_464' title='bbox 1861 4738 2106 4794; x_wconf 88' lang='lat' dir='ltr'><strong>videatur</strong></span> 
     </span>
    </p>
   </div>
   <div class='ocr_carea' id='block_1_62' title="bbox 525 4826 2100 4897">
    <p class='ocr_par' dir='ltr' id='par_1_62' title="bbox 525 4826 2100 4897">
     <span class='ocr_line' id='line_1_62' title="bbox 525 4826 2100 4897; baseline -0.001 -13"><span class='ocrx_word' id='word_1_465' title='bbox 525 4829 686 4884; x_wconf 89' lang='lat' dir='ltr'><strong>fuisse</strong></span> <span class='ocrx_word' id='word_1_466' title='bbox 700 4827 898 4883; x_wconf 80' lang='lat' dir='ltr'><strong>Clu-isti</strong></span> <span class='ocrx_word' id='word_1_467' title='bbox 914 4827 1190 4882; x_wconf 83' lang='lat' dir='ltr'><strong>adventus.</strong></span> <span class='ocrx_word' id='word_1_468' title='bbox 1213 4826 1348 4893; x_wconf 84' lang='lat' dir='ltr'><strong>Quid</strong></span> <span class='ocrx_word' id='word_1_469' title='bbox 1369 4842 1496 4896; x_wconf 89' lang='lat' dir='ltr'><strong>ergo</strong></span> <span class='ocrx_word' id='word_1_470' title='bbox 1517 4828 1723 4881; x_wconf 80' lang='lat' dir='ltr'><strong>Marcus</strong></span> <span class='ocrx_word' id='word_1_471' title='bbox 1746 4843 1848 4883; x_wconf 88' lang='lat' dir='ltr'><strong>non</strong></span> <span class='ocrx_word' id='word_1_472' title='bbox 1872 4828 2100 4897; x_wconf 89' lang='lat' dir='ltr'><strong>idipsum</strong></span> 
     </span>
    </p>
   </div>
   <div class='ocr_carea' id='block_1_63' title="bbox 523 4919 2102 4992">
    <p class='ocr_par' dir='ltr' id='par_1_63' title="bbox 523 4919 2102 4992">
     <span class='ocr_line' id='line_1_63' title="bbox 523 4919 2102 4992; baseline -0.003 -14"><span class='ocrx_word' id='word_1_473' title='bbox 523 4925 649 4992; x_wconf 82' lang='lat' dir='ltr'><strong>agit,</strong></span> <span class='ocrx_word' id='word_1_474' title='bbox 673 4937 847 4992; x_wconf 88' lang='lat' dir='ltr'><strong>neque</strong></span> <span class='ocrx_word' id='word_1_475' title='bbox 868 4921 991 4976; x_wconf 83' lang='lat' dir='ltr'><strong>Jcsu</strong></span> <span class='ocrx_word' id='word_1_476' title='bbox 1012 4920 1370 4990; x_wconf 82' lang='lat' dir='ltr'><strong>genealogiam</strong></span> <span class='ocrx_word' id='word_1_477' title='bbox 1393 4929 1652 4983; x_wconf 89' lang='lat' dir='ltr'><strong>recenset,</strong></span> <span class='ocrx_word' id='word_1_478' title='bbox 1669 4919 1764 4974; x_wconf 90' lang='lat' dir='ltr'><strong>sed</strong></span> <span class='ocrx_word' id='word_1_479' title='bbox 1785 4921 2102 4990; x_wconf 87' lang='lat' dir='ltr'><strong>compendio</strong></span> 
     </span>
    </p>
   </div>
   <div class='ocr_carea' id='block_1_64' title="bbox 520 5011 2102 5082">
    <p class='ocr_par' dir='ltr' id='par_1_64' title="bbox 520 5011 2102 5082">
     <span class='ocr_line' id='line_1_64' title="bbox 520 5011 2102 5082; baseline -0.001 -13"><span class='ocrx_word' id='word_1_480' title='bbox 520 5017 700 5070; x_wconf 75' lang='lat' dir='ltr'><strong>ontiuia</strong></span> <span class='ocrx_word' id='word_1_481' title='bbox 745 5012 1111 5068; x_wconf 59' lang='lat' dir='ltr'><strong>refertlhlihi</strong></span> <span class='ocrx_word' id='word_1_482' title='bbox 1156 5011 1370 5082; x_wconf 89' lang='lat' dir='ltr'><strong>quidem</strong></span> <span class='ocrx_word' id='word_1_483' title='bbox 1414 5011 1623 5066; x_wconf 89' lang='lat' dir='ltr'><strong>videtur</strong></span> <span class='ocrx_word' id='word_1_484' title='bbox 1661 5011 1937 5066; x_wconf 82' lang='lat' dir='ltr'><strong>Matthacus</strong></span> <span class='ocrx_word' id='word_1_485' title='bbox 1977 5022 2102 5068; x_wconf 86' lang='lat' dir='ltr'><strong>ante</strong></span> 
     </span>
    </p>
   </div>
   <div class='ocr_carea' id='block_1_65' title="bbox 523 5101 2105 5172">
    <p class='ocr_par' dir='ltr' id='par_1_65' title="bbox 523 5101 2105 5172">
     <span class='ocr_line' id='line_1_65' title="bbox 523 5101 2105 5172; baseline -0.001 -13"><span class='ocrx_word' id='word_1_486' title='bbox 523 5120 710 5161; x_wconf 90' lang='lat' dir='ltr'><strong>omnes</strong></span> <span class='ocrx_word' id='word_1_487' title='bbox 734 5119 948 5159; x_wconf 89' lang='lat' dir='ltr'><strong>mamuu</strong></span> <span class='ocrx_word' id='word_1_488' title='bbox 977 5102 1125 5171; x_wconf 90' lang='lat' dir='ltr'><strong>operi</strong></span> <span class='ocrx_word' id='word_1_489' title='bbox 1153 5101 1454 5157; x_wconf 86' lang='lat' dir='ltr'><strong>admovisse</strong></span> <span class='ocrx_word' id='word_1_490' title='bbox 1478 5119 1492 5156; x_wconf 90' lang='lat'><strong>:</strong></span> <span class='ocrx_word' id='word_1_491' title='bbox 1514 5109 1837 5172; x_wconf 89' lang='lat' dir='ltr'><strong>quapropter</strong></span> <span class='ocrx_word' id='word_1_492' title='bbox 1853 5102 2105 5172; x_wconf 80' lang='lat' dir='ltr'><strong>genealo-</strong></span> 
     </span>
    </p>
   </div>
   <div class='ocr_carea' id='block_1_66' title="bbox 586 5332 2115 5396">
    <p class='ocr_par' dir='ltr' id='par_1_66' title="bbox 586 5332 2115 5396">
     <span class='ocr_line' id='line_1_66' title="bbox 586 5332 2115 5396; baseline 0.001 -14"><span class='ocrx_word' id='word_1_493' title='bbox 586 5335 603 5365; x_wconf 77' lang='lat'><strong><em>‘</em></strong></span> <span class='ocrx_word' id='word_1_494' title='bbox 644 5342 765 5385; x_wconf 85' lang='lat' dir='ltr'><strong>Tres</strong></span> <span class='ocrx_word' id='word_1_495' title='bbox 785 5340 889 5385; x_wconf 48' lang='grc' dir='ltr'><strong>διδ.</strong></span> <span class='ocrx_word' id='word_1_496' title='bbox 925 5335 995 5396; x_wconf 82' lang='lat' dir='ltr'><strong>sic</strong></span> <span class='ocrx_word' id='word_1_497' title='bbox 1015 5334 1297 5392; x_wconf 86' lang='lat' dir='ltr'><strong>babent,....</strong></span> <span class='ocrx_word' id='word_1_498' title='bbox 1339 5336 1602 5385; x_wconf 83' lang='lat' dir='ltr'><strong>secundam</strong></span> <span class='ocrx_word' id='word_1_499' title='bbox 1644 5340 1803 5386; x_wconf 79' lang='lat' dir='ltr'><strong>autent</strong></span> <span class='ocrx_word' id='word_1_500' title='bbox 1834 5332 2115 5396; x_wconf 74' lang='lat' dir='ltr'><strong>explanabi~</strong></span> 
     </span>
    </p>
   </div>
   <div class='ocr_carea' id='block_1_67' title="bbox 528 5394 2109 5506">
    <p class='ocr_par' dir='ltr' id='par_1_67' title="bbox 528 5394 2109 5506">
     <span class='ocr_line' id='line_1_67' title="bbox 528 5394 2109 5460; baseline -0.001 -16"><span class='ocrx_word' id='word_1_501' title='bbox 528 5409 651 5456; x_wconf 70' lang='lat' dir='ltr'><strong>mas,</strong></span> <span class='ocrx_word' id='word_1_502' title='bbox 671 5397 770 5448; x_wconf 82' lang='lat' dir='ltr'><strong>imo</strong></span> <span class='ocrx_word' id='word_1_503' title='bbox 790 5403 834 5446; x_wconf 82' lang='lat' dir='ltr'><strong>et</strong></span> <span class='ocrx_word' id='word_1_504' title='bbox 858 5394 1067 5456; x_wconf 74' lang='lat' dir='ltr'><strong>prinum</strong></span> <span class='ocrx_word' id='word_1_505' title='bbox 1088 5413 1102 5444; x_wconf 86' lang='grc'><em>‹</em></span> <span class='ocrx_word' id='word_1_506' title='bbox 1123 5409 1293 5458; x_wconf 81' lang='lat' dir='ltr'><strong>noque,</strong></span> <span class='ocrx_word' id='word_1_507' title='bbox 1319 5405 1414 5446; x_wconf 91' lang='lat' dir='ltr'><strong>etc.</strong></span> <span class='ocrx_word' id='word_1_508' title='bbox 1439 5397 1512 5446; x_wconf 89' lang='lat' dir='ltr'><strong>lbi</strong></span> <span class='ocrx_word' id='word_1_509' title='bbox 1539 5409 1642 5448; x_wconf 87' lang='lat' dir='ltr'><strong>tres</strong></span> <span class='ocrx_word' id='word_1_510' title='bbox 1665 5400 1854 5460; x_wconf 67' lang='lat' dir='ltr'><strong>paginae</strong></span> <span class='ocrx_word' id='word_1_511' title='bbox 1875 5394 2109 5458; x_wconf 82' lang='lat' dir='ltr'><strong>adjiciun-</strong></span> 
     </span>
     <span class='ocr_line' id='line_1_68' title="bbox 530 5411 2109 5506; baseline 0 0"><span class='ocrx_word' id='word_1_512' title='bbox 530 5466 626 5506; x_wconf 87' lang='lat' dir='ltr'><strong>tur.</strong></span> <span class='ocrx_word' id='word_1_513' title='bbox 651 5469 704 5506; x_wconf 85' lang='grc' dir='ltr'><strong>ιιι</strong></span> <span class='ocrx_word' id='word_1_514' title='bbox 723 5455 1029 5506; x_wconf 69' lang='lat' dir='ltr'><strong>exnluccutur</strong></span> <span class='ocrx_word' id='word_1_515' title='bbox 1062 5411 1156 5506; x_wconf 44' lang='lat' dir='ltr'><strong>illa:</strong></span> <span class='ocrx_word' id='word_1_516' title='bbox 1193 5459 1560 5506; x_wconf 79' lang='lat' dir='ltr'><strong>uuatuordecim</strong></span> <span class='ocrx_word' id='word_1_517' title='bbox 1592 5459 1962 5506; x_wconf 67' lang='lat' dir='ltr'><strong>generationes.</strong></span> <span class='ocrx_word' id='word_1_518' title='bbox 1998 5470 2109 5506; x_wconf 74' lang='lat' dir='ltr'><strong>(huc</strong></span> 
     </span>
    </p>
   </div>
   <div class='ocr_carea' id='block_1_68' title="bbox 530 5455 2110 5521">
    <p class='ocr_par' dir='ltr' id='par_1_68' title="bbox 530 5455 2110 5521">
     <span class='ocr_line' id='line_1_69' title="bbox 530 5455 2110 5521; baseline 0 -15"><span class='ocrx_word' id='word_1_519' title='bbox 530 5455 704 5515; x_wconf 88' lang='lat' dir='ltr'><strong>tur,ut</strong></span> <span class='ocrx_word' id='word_1_520' title='bbox 723 5455 1029 5521; x_wconf 66' lang='lat' dir='ltr'><strong>evaICcutur</strong></span> <span class='ocrx_word' id='word_1_521' title='bbox 1062 5455 1156 5506; x_wconf 74' lang='lat' dir='ltr'><strong>illa:</strong></span> <span class='ocrx_word' id='word_1_522' title='bbox 1193 5455 1560 5518; x_wconf 78' lang='lat' dir='ltr'><strong>quatuordecim</strong></span> <span class='ocrx_word' id='word_1_523' title='bbox 1592 5455 1962 5521; x_wconf 66' lang='lat' dir='ltr'><strong>generationes,</strong></span> <span class='ocrx_word' id='word_1_524' title='bbox 1998 5470 2110 5521; x_wconf 72' lang='lat' dir='ltr'><strong>qnze</strong></span> 
     </span>
    </p>
   </div>
   <div class='ocr_carea' id='block_1_69' title="bbox 529 5519 2109 5582">
    <p class='ocr_par' dir='ltr' id='par_1_69' title="bbox 529 5519 2109 5582">
     <span class='ocr_line' id='line_1_70' title="bbox 529 5519 2109 5582; baseline -0.001 -16"><span class='ocrx_word' id='word_1_525' title='bbox 529 5528 640 5569; x_wconf 79' lang='lat' dir='ltr'><strong>ante</strong></span> <span class='ocrx_word' id='word_1_526' title='bbox 666 5520 990 5582; x_wconf 79' lang='lat' dir='ltr'><strong>captivitatem</strong></span> <span class='ocrx_word' id='word_1_527' title='bbox 1025 5521 1360 5582; x_wconf 79' lang='lat' dir='ltr'><strong>numerantur,</strong></span> <span class='ocrx_word' id='word_1_528' title='bbox 1384 5533 1572 5582; x_wconf 75' lang='lat' dir='ltr'><strong>necnon</strong></span> <span class='ocrx_word' id='word_1_529' title='bbox 1594 5519 1956 5582; x_wconf 68' lang='lat' dir='ltr'><strong>(platuordecim</strong></span> <span class='ocrx_word' id='word_1_530' title='bbox 1980 5519 2109 5576; x_wconf 75' lang='lat' dir='ltr'><strong>alite,</strong></span> 
     </span>
    </p>
   </div>
   <div class='ocr_carea' id='block_1_70' title="bbox 528 5577 2108 5642">
    <p class='ocr_par' dir='ltr' id='par_1_70' title="bbox 528 5577 2108 5642">
     <span class='ocr_line' id='line_1_71' title="bbox 528 5577 2108 5642; baseline 0.001 -16"><span class='ocrx_word' id='word_1_531' title='bbox 528 5593 637 5641; x_wconf 60' lang='lat' dir='ltr'><strong>(lum</strong></span> <span class='ocrx_word' id='word_1_532' title='bbox 661 5577 770 5642; x_wconf 64' lang='grc' dir='ltr'><strong>ῃυὲι</strong></span> <span class='ocrx_word' id='word_1_533' title='bbox 785 5577 1133 5642; x_wconf 81' lang='lat' dir='ltr'><strong>captivitatem.</strong></span> <span class='ocrx_word' id='word_1_534' title='bbox 1157 5581 1272 5642; x_wconf 79' lang='lat' dir='ltr'><strong>Quia</strong></span> <span class='ocrx_word' id='word_1_535' title='bbox 1297 5594 1414 5628; x_wconf 88' lang='lat' dir='ltr'><strong>vero</strong></span> <span class='ocrx_word' id='word_1_536' title='bbox 1431 5581 1536 5631; x_wconf 66' lang='lat' dir='ltr'><strong>haec</strong></span> <span class='ocrx_word' id='word_1_537' title='bbox 1567 5577 1628 5630; x_wconf 84' lang='lat' dir='ltr'><strong>ab</strong></span> <span class='ocrx_word' id='word_1_538' title='bbox 1652 5581 1838 5629; x_wconf 82' lang='lat' dir='ltr'><strong>Amano</strong></span> <span class='ocrx_word' id='word_1_539' title='bbox 1861 5579 1986 5628; x_wconf 88' lang='lat' dir='ltr'><strong>lecta</strong></span> <span class='ocrx_word' id='word_1_540' title='bbox 2013 5593 2108 5627; x_wconf 82' lang='lat' dir='ltr'><strong>non</strong></span> 
     </span>
    </p>
   </div>
   <div class='ocr_carea' id='block_1_71' title="bbox 528 5640 2109 5704">
    <p class='ocr_par' dir='ltr' id='par_1_71' title="bbox 528 5640 2109 5704">
     <span class='ocr_line' id='line_1_72' title="bbox 528 5640 2109 5704; baseline 0.001 -18"><span class='ocrx_word' id='word_1_541' title='bbox 528 5640 777 5704; x_wconf 65' lang='lat' dir='ltr'><strong>sunt,&#39;ncc</strong></span> <span class='ocrx_word' id='word_1_542' title='bbox 802 5640 1027 5704; x_wconf 79' lang='lat' dir='ltr'><strong>videntur</strong></span> <span class='ocrx_word' id='word_1_543' title='bbox 1052 5652 1165 5704; x_wconf 77' lang='lat' dir='ltr'><strong>esse</strong></span> <span class='ocrx_word' id='word_1_544' title='bbox 1181 5640 1524 5704; x_wconf 82' lang='lat' dir='ltr'><strong>Chrysostomi,</strong></span> <span class='ocrx_word' id='word_1_545' title='bbox 1553 5644 1601 5692; x_wconf 87' lang='lat' dir='ltr'><strong>in</strong></span> <span class='ocrx_word' id='word_1_546' title='bbox 1634 5641 1779 5692; x_wconf 71' lang='grc' dir='ltr'><strong>[ὶιίρηι</strong></span> <span class='ocrx_word' id='word_1_547' title='bbox 1804 5642 2109 5692; x_wconf 66' lang='lat' dir='ltr'><strong>(‘eittuienta-</strong></span> 
     </span>
    </p>
   </div>
   <div class='ocr_carea' id='block_1_72' title="bbox 525 5700 1459 5762">
    <p class='ocr_par' dir='ltr' id='par_1_72' title="bbox 525 5700 1459 5762">
     <span class='ocr_line' id='line_1_73' title="bbox 525 5700 1459 5762; baseline 0.004 -15"><span class='ocrx_word' id='word_1_548' title='bbox 525 5701 709 5752; x_wconf 86' lang='lat' dir='ltr'><strong>riorum</strong></span> <span class='ocrx_word' id='word_1_549' title='bbox 733 5703 778 5750; x_wconf 89' lang='lat' dir='ltr'><strong>in</strong></span> <span class='ocrx_word' id='word_1_550' title='bbox 797 5700 1064 5750; x_wconf 72' lang='lat' dir='ltr'><strong>Manlianum</strong></span> <span class='ocrx_word' id='word_1_551' title='bbox 1081 5700 1306 5762; x_wconf 75' lang='lat' dir='ltr'><strong>ablegata</strong></span> <span class='ocrx_word' id='word_1_552' title='bbox 1329 5709 1459 5754; x_wconf 83' lang='lat' dir='ltr'><strong>sunt.</strong></span> 
     </span>
    </p>
   </div>
   <div class='ocr_carea' id='block_1_73' title="bbox 2207 2699 3781 2775">
    <p class='ocr_par' dir='ltr' id='par_1_73' title="bbox 2207 2699 3781 2775">
     <span class='ocr_line' id='line_1_74' title="bbox 2207 2699 3781 2775; baseline -0.003 -16"><span class='ocrx_word' id='word_1_553' title='bbox 2207 2703 2346 2775; x_wconf 85' lang='lat' dir='ltr'><strong>giam</strong></span> <span class='ocrx_word' id='word_1_554' title='bbox 2390 2710 2638 2758; x_wconf 88' lang='lat' dir='ltr'><strong>accurate</strong></span> <span class='ocrx_word' id='word_1_555' title='bbox 2680 2701 2862 2772; x_wconf 80' lang='lat' dir='ltr'><strong>ponit,</strong></span> <span class='ocrx_word' id='word_1_556' title='bbox 2898 2707 2954 2756; x_wconf 92' lang='lat' dir='ltr'><strong>ct</strong></span> <span class='ocrx_word' id='word_1_557' title='bbox 2978 2699 3032 2756; x_wconf 91' lang='lat' dir='ltr'><strong>in</strong></span> <span class='ocrx_word' id='word_1_558' title='bbox 3057 2700 3123 2755; x_wconf 86' lang='lat' dir='ltr'><strong>iis</strong></span> <span class='ocrx_word' id='word_1_559' title='bbox 3147 2715 3268 2771; x_wconf 69' lang='lat' dir='ltr'><strong>qua:</strong></span> <span class='ocrx_word' id='word_1_560' title='bbox 3296 2706 3594 2756; x_wconf 85' lang='lat' dir='ltr'><strong>necessaria</strong></span> <span class='ocrx_word' id='word_1_561' title='bbox 3630 2703 3781 2758; x_wconf 87' lang='lat' dir='ltr'><strong>erant</strong></span> 
     </span>
    </p>
   </div>
   <div class='ocr_carea' id='block_1_74' title="bbox 2205 2791 3785 2862">
    <p class='ocr_par' dir='ltr' id='par_1_74' title="bbox 2205 2791 3785 2862">
     <span class='ocr_line' id='line_1_75' title="bbox 2205 2791 3785 2862; baseline -0.003 -12"><span class='ocrx_word' id='word_1_562' title='bbox 2205 2795 2434 2861; x_wconf 87' lang='lat' dir='ltr'><strong>insistit;</strong></span> <span class='ocrx_word' id='word_1_563' title='bbox 2479 2792 2687 2848; x_wconf 77' lang='lat' dir='ltr'><strong>Marcus</strong></span> <span class='ocrx_word' id='word_1_564' title='bbox 2731 2805 2862 2847; x_wconf 92' lang='lat' dir='ltr'><strong>vero</strong></span> <span class='ocrx_word' id='word_1_565' title='bbox 2900 2799 3022 2861; x_wconf 90' lang='lat' dir='ltr'><strong>post</strong></span> <span class='ocrx_word' id='word_1_566' title='bbox 3064 2791 3238 2862; x_wconf 88' lang='lat' dir='ltr'><strong>ipsum</strong></span> <span class='ocrx_word' id='word_1_567' title='bbox 3281 2792 3512 2862; x_wconf 85' lang='lat' dir='ltr'><strong>scripsit,</strong></span> <span class='ocrx_word' id='word_1_568' title='bbox 3559 2792 3785 2860; x_wconf 81' lang='lat' dir='ltr'><strong>ideoque</strong></span> 
     </span>
    </p>
   </div>
   <div class='ocr_carea' id='block_1_75' title="bbox 2203 2882 3786 2956">
    <p class='ocr_par' dir='ltr' id='par_1_75' title="bbox 2203 2882 3786 2956">
     <span class='ocr_line' id='line_1_76' title="bbox 2203 2882 3786 2956; baseline -0.004 -14"><span class='ocrx_word' id='word_1_569' title='bbox 2203 2884 2522 2956; x_wconf 90' lang='lat' dir='ltr'><strong>compendio</strong></span> <span class='ocrx_word' id='word_1_570' title='bbox 2542 2883 2739 2948; x_wconf 90' lang='lat' dir='ltr'><strong>studet,</strong></span> <span class='ocrx_word' id='word_1_571' title='bbox 2765 2892 2949 2952; x_wconf 89' lang='lat' dir='ltr'><strong>utpote</strong></span> <span class='ocrx_word' id='word_1_572' title='bbox 2966 2882 3055 2953; x_wconf 88' lang='lat' dir='ltr'><strong>qui</strong></span> <span class='ocrx_word' id='word_1_573' title='bbox 3076 2882 3186 2952; x_wconf 88' lang='lat' dir='ltr'><strong>jam</strong></span> <span class='ocrx_word' id='word_1_574' title='bbox 3210 2882 3350 2938; x_wconf 88' lang='lat' dir='ltr'><strong>dicta</strong></span> <span class='ocrx_word' id='word_1_575' title='bbox 3371 2891 3425 2936; x_wconf 90' lang='lat' dir='ltr'><strong>et</strong></span> <span class='ocrx_word' id='word_1_576' title='bbox 3449 2891 3572 2937; x_wconf 90' lang='lat' dir='ltr'><strong>nota</strong></span> <span class='ocrx_word' id='word_1_577' title='bbox 3598 2898 3786 2938; x_wconf 77' lang='lat' dir='ltr'><strong>recen-</strong></span> 
     </span>
    </p>
   </div>
   <div class='ocr_carea' id='block_1_76' title="bbox 2204 2973 3781 3045">
    <p class='ocr_par' dir='ltr' id='par_1_76' title="bbox 2204 2973 3781 3045">
     <span class='ocr_line' id='line_1_77' title="bbox 2204 2973 3781 3045; baseline -0.004 -11"><span class='ocrx_word' id='word_1_578' title='bbox 2204 2987 2340 3034; x_wconf 87' lang='lat' dir='ltr'><strong>seat.</strong></span> <span class='ocrx_word' id='word_1_579' title='bbox 2387 2974 2494 3030; x_wconf 87' lang='lat' dir='ltr'><strong>Cur</strong></span> <span class='ocrx_word' id='word_1_580' title='bbox 2528 2990 2655 3043; x_wconf 84' lang='lat' dir='ltr'><strong>ergo</strong></span> <span class='ocrx_word' id='word_1_581' title='bbox 2699 2975 2869 3030; x_wconf 87' lang='lat' dir='ltr'><strong>Lucas</strong></span> <span class='ocrx_word' id='word_1_582' title='bbox 2905 2974 3065 3028; x_wconf 90' lang='lat' dir='ltr'><strong>etiam</strong></span> <span class='ocrx_word' id='word_1_583' title='bbox 3094 2973 3455 3044; x_wconf 86' lang='lat' dir='ltr'><strong>genealogiam</strong></span> <span class='ocrx_word' id='word_1_584' title='bbox 3482 2974 3781 3045; x_wconf 86' lang='lat' dir='ltr'><strong>etquidem</strong></span> 
     </span>
    </p>
   </div>
   <div class='ocr_carea' id='block_1_77' title="bbox 2203 3065 3787 3139">
    <p class='ocr_par' dir='ltr' id='par_1_77' title="bbox 2203 3065 3787 3139">
     <span class='ocr_line' id='line_1_78' title="bbox 2203 3065 3787 3139; baseline -0.001 -15"><span class='ocrx_word' id='word_1_585' title='bbox 2203 3068 2442 3139; x_wconf 90' lang='lat' dir='ltr'><strong>pluribus</strong></span> <span class='ocrx_word' id='word_1_586' title='bbox 2492 3066 2713 3122; x_wconf 82' lang='lat' dir='ltr'><strong>scribit?</strong></span> <span class='ocrx_word' id='word_1_587' title='bbox 2766 3067 2898 3132; x_wconf 90' lang='lat' dir='ltr'><strong>Quia</strong></span> <span class='ocrx_word' id='word_1_588' title='bbox 2950 3065 3232 3121; x_wconf 74' lang='lat' dir='ltr'><strong>Matthzeus</strong></span> <span class='ocrx_word' id='word_1_589' title='bbox 3271 3065 3380 3135; x_wconf 86' lang='lat' dir='ltr'><strong>jam</strong></span> <span class='ocrx_word' id='word_1_590' title='bbox 3440 3079 3787 3136; x_wconf 63' lang='grc' dir='ltr'><strong>νηηοοεευτςιι</strong></span> 
     </span>
    </p>
   </div>
   <div class='ocr_carea' id='block_1_78' title="bbox 2201 3156 3786 3230">
    <p class='ocr_par' dir='ltr' id='par_1_78' title="bbox 2201 3156 3786 3230">
     <span class='ocr_line' id='line_1_79' title="bbox 2201 3156 3786 3230; baseline -0.001 -14"><span class='ocrx_word' id='word_1_591' title='bbox 2201 3162 2450 3230; x_wconf 86' lang='lat' dir='ltr'><strong>viamque</strong></span> <span class='ocrx_word' id='word_1_592' title='bbox 2491 3165 2806 3229; x_wconf 88' lang='lat' dir='ltr'><strong>paraverat,</strong></span> <span class='ocrx_word' id='word_1_593' title='bbox 2843 3156 3007 3211; x_wconf 90' lang='lat' dir='ltr'><strong>voluit</strong></span> <span class='ocrx_word' id='word_1_594' title='bbox 3055 3157 3144 3211; x_wconf 92' lang='lat' dir='ltr'><strong>ille</strong></span> <span class='ocrx_word' id='word_1_595' title='bbox 3185 3157 3381 3227; x_wconf 90' lang='lat' dir='ltr'><strong>aliquid</strong></span> <span class='ocrx_word' id='word_1_596' title='bbox 3422 3157 3648 3228; x_wconf 88' lang='lat' dir='ltr'><strong>amplius</strong></span> <span class='ocrx_word' id='word_1_597' title='bbox 3686 3175 3786 3214; x_wconf 89' lang='lat' dir='ltr'><strong>nos</strong></span> 
     </span>
    </p>
   </div>
   <div class='ocr_carea' id='block_1_79' title="bbox 2201 3247 3786 3318">
    <p class='ocr_par' dir='ltr' id='par_1_79' title="bbox 2201 3247 3786 3318">
     <span class='ocr_line' id='line_1_80' title="bbox 2201 3247 3786 3318; baseline -0.002 -11"><span class='ocrx_word' id='word_1_598' title='bbox 2201 3251 2450 3307; x_wconf 89' lang='lat' dir='ltr'><strong>edocere.</strong></span> <span class='ocrx_word' id='word_1_599' title='bbox 2492 3249 2729 3318; x_wconf 84' lang='lat' dir='ltr'><strong>Quisque</strong></span> <span class='ocrx_word' id='word_1_600' title='bbox 2769 3247 3152 3315; x_wconf 86' lang='lat' dir='ltr'><strong>discipulorum</strong></span> <span class='ocrx_word' id='word_1_601' title='bbox 3182 3248 3490 3317; x_wconf 89' lang='lat' dir='ltr'><strong>magistrum</strong></span> <span class='ocrx_word' id='word_1_602' title='bbox 3521 3263 3674 3303; x_wconf 90' lang='lat' dir='ltr'><strong>suum</strong></span> <span class='ocrx_word' id='word_1_603' title='bbox 3701 3257 3786 3304; x_wconf 86' lang='lat' dir='ltr'><strong>est</strong></span> 
     </span>
    </p>
   </div>
   <div class='ocr_carea' id='block_1_80' title="bbox 2202 3338 3780 3407">
    <p class='ocr_par' dir='ltr' id='par_1_80' title="bbox 2202 3338 3780 3407">
     <span class='ocr_line' id='line_1_81' title="bbox 2202 3338 3780 3407; baseline -0.003 -10"><span class='ocrx_word' id='word_1_604' title='bbox 2202 3342 2469 3407; x_wconf 88' lang='lat' dir='ltr'><strong>imitatus;</strong></span> <span class='ocrx_word' id='word_1_605' title='bbox 2507 3341 2591 3394; x_wconf 91' lang='lat' dir='ltr'><strong>hic</strong></span> <span class='ocrx_word' id='word_1_606' title='bbox 2620 3340 2862 3404; x_wconf 88' lang='lat' dir='ltr'><strong>Paulum,</strong></span> <span class='ocrx_word' id='word_1_607' title='bbox 2885 3338 3129 3394; x_wconf 88' lang='lat' dir='ltr'><strong>ubertate</strong></span> <span class='ocrx_word' id='word_1_608' title='bbox 3155 3338 3370 3392; x_wconf 77' lang='lat' dir='ltr'><strong>ﬂumina</strong></span> <span class='ocrx_word' id='word_1_609' title='bbox 3400 3349 3739 3407; x_wconf 87' lang='lat' dir='ltr'><strong>superantem</strong></span> <span class='ocrx_word' id='word_1_610' title='bbox 3763 3357 3780 3405; x_wconf 91' lang='lat'><strong>;</strong></span> 
     </span>
    </p>
   </div>
   <div class='ocr_carea' id='block_1_81' title="bbox 2200 3428 3784 3497">
    <p class='ocr_par' dir='ltr' id='par_1_81' title="bbox 2200 3428 3784 3497">
     <span class='ocr_line' id='line_1_82' title="bbox 2200 3428 3784 3497; baseline -0.002 -8"><span class='ocrx_word' id='word_1_611' title='bbox 2200 3434 2292 3490; x_wconf 86' lang='lat' dir='ltr'><strong>ille</strong></span> <span class='ocrx_word' id='word_1_612' title='bbox 2313 3434 2550 3497; x_wconf 89' lang='lat' dir='ltr'><strong>Petrum,</strong></span> <span class='ocrx_word' id='word_1_613' title='bbox 2579 3430 2822 3487; x_wconf 88' lang='lat' dir='ltr'><strong>brevitati</strong></span> <span class='ocrx_word' id='word_1_614' title='bbox 2843 3429 3164 3485; x_wconf 90' lang='lat' dir='ltr'><strong>studentem.</strong></span> <span class='ocrx_word' id='word_1_615' title='bbox 3193 3428 3300 3483; x_wconf 88' lang='lat' dir='ltr'><strong>Cur</strong></span> <span class='ocrx_word' id='word_1_616' title='bbox 3320 3444 3482 3497; x_wconf 91' lang='lat' dir='ltr'><strong>porro</strong></span> <span class='ocrx_word' id='word_1_617' title='bbox 3505 3430 3784 3486; x_wconf 70' lang='lat' dir='ltr'><strong>Matthteus</strong></span> 
     </span>
    </p>
   </div>
   <div class='ocr_carea' id='block_1_82' title="bbox 2199 3519 3780 3589">
    <p class='ocr_par' dir='ltr' id='par_1_82' title="bbox 2199 3519 3780 3589">
     <span class='ocr_line' id='line_1_83' title="bbox 2199 3519 3780 3589; baseline -0.005 -7"><span class='ocrx_word' id='word_1_618' title='bbox 2199 3526 2256 3582; x_wconf 92' lang='lat' dir='ltr'><strong>in</strong></span> <span class='ocrx_word' id='word_1_619' title='bbox 2281 3524 2502 3579; x_wconf 80' lang='lat' dir='ltr'><strong>exordio</strong></span> <span class='ocrx_word' id='word_1_620' title='bbox 2529 3537 2635 3576; x_wconf 90' lang='lat' dir='ltr'><strong>non</strong></span> <span class='ocrx_word' id='word_1_621' title='bbox 2663 3520 2835 3588; x_wconf 82' lang='lat' dir='ltr'><strong>dixit,</strong></span> <span class='ocrx_word' id='word_1_622' title='bbox 2866 3520 3004 3575; x_wconf 90' lang='lat' dir='ltr'><strong>sicut</strong></span> <span class='ocrx_word' id='word_1_623' title='bbox 3027 3530 3080 3574; x_wconf 92' lang='lat' dir='ltr'><strong>et</strong></span> <span class='ocrx_word' id='word_1_624' title='bbox 3107 3519 3380 3589; x_wconf 74' lang='lat' dir='ltr'><strong>propheta:</strong></span> <span class='ocrx_word' id='word_1_625' title='bbox 3399 3559 3415 3586; x_wconf 92' lang='lat'><strong>,</strong></span> <span class='ocrx_word' id='word_1_626' title='bbox 3457 3519 3594 3574; x_wconf 77' lang='lat' dir='ltr'><strong>Visio</strong></span> <span class='ocrx_word' id='word_1_627' title='bbox 3627 3538 3780 3588; x_wconf 81' lang='lat' dir='ltr'><strong>quam</strong></span> 
     </span>
    </p>
   </div>
   <div class='ocr_carea' id='block_1_83' title="bbox 2198 3609 3776 3683">
    <p class='ocr_par' dir='ltr' id='par_1_83' title="bbox 2198 3609 3776 3683">
     <span class='ocr_line' id='line_1_84' title="bbox 2198 3609 3776 3683; baseline -0.004 -12"><span class='ocrx_word' id='word_1_628' title='bbox 2198 3615 2322 3678; x_wconf 71' lang='lat' dir='ltr'><strong>vidi,</strong></span> <span class='ocrx_word' id='word_1_629' title='bbox 2348 3614 2455 3680; x_wconf 86' lang='lat' dir='ltr'><strong>vel,</strong></span> <span class='ocrx_word' id='word_1_630' title='bbox 2487 3611 2670 3668; x_wconf 85' lang='lat' dir='ltr'><strong>Sermo</strong></span> <span class='ocrx_word' id='word_1_631' title='bbox 2705 3611 2792 3682; x_wconf 82' lang='lat' dir='ltr'><strong>qui</strong></span> <span class='ocrx_word' id='word_1_632' title='bbox 2832 3614 2995 3683; x_wconf 75' lang='lat' dir='ltr'><strong>factus</strong></span> <span class='ocrx_word' id='word_1_633' title='bbox 3033 3619 3106 3668; x_wconf 77' lang='lat' dir='ltr'><strong>est</strong></span> <span class='ocrx_word' id='word_1_634' title='bbox 3142 3610 3211 3662; x_wconf 83' lang='lat' dir='ltr'><strong>ad</strong></span> <span class='ocrx_word' id='word_1_635' title='bbox 3249 3609 3366 3664; x_wconf 75' lang='lat' dir='ltr'><strong>me?</strong></span> <span class='ocrx_word' id='word_1_636' title='bbox 3408 3610 3670 3676; x_wconf 81' lang='lat' dir='ltr'><strong>Quouiatn</strong></span> <span class='ocrx_word' id='word_1_637' title='bbox 3708 3611 3776 3664; x_wconf 90' lang='lat' dir='ltr'><strong>ad</strong></span> 
     </span>
    </p>
   </div>
   <div class='ocr_carea' id='block_1_84' title="bbox 2199 3699 3781 3776">
    <p class='ocr_par' dir='ltr' id='par_1_84' title="bbox 2199 3699 3781 3776">
     <span class='ocr_line' id='line_1_85' title="bbox 2199 3699 3781 3776; baseline -0.004 -14"><span class='ocrx_word' id='word_1_638' title='bbox 2199 3707 2335 3776; x_wconf 88' lang='lat' dir='ltr'><strong>frugi</strong></span> <span class='ocrx_word' id='word_1_639' title='bbox 2380 3705 2624 3760; x_wconf 89' lang='lat' dir='ltr'><strong>homines</strong></span> <span class='ocrx_word' id='word_1_640' title='bbox 2656 3701 2956 3769; x_wconf 86' lang='lat' dir='ltr'><strong>scribebat,</strong></span> <span class='ocrx_word' id='word_1_641' title='bbox 2987 3700 3076 3771; x_wconf 91' lang='lat' dir='ltr'><strong>qui</strong></span> <span class='ocrx_word' id='word_1_642' title='bbox 3104 3699 3393 3754; x_wconf 88' lang='lat' dir='ltr'><strong>admodum</strong></span> <span class='ocrx_word' id='word_1_643' title='bbox 3424 3700 3580 3756; x_wconf 90' lang='lat' dir='ltr'><strong>dictis</strong></span> <span class='ocrx_word' id='word_1_644' title='bbox 3604 3711 3781 3757; x_wconf 85' lang='lat' dir='ltr'><strong>atten-</strong></span> 
     </span>
    </p>
   </div>
   <div class='ocr_carea' id='block_1_85' title="bbox 2197 3793 3784 3866">
    <p class='ocr_par' dir='ltr' id='par_1_85' title="bbox 2197 3793 3784 3866">
     <span class='ocr_line' id='line_1_86' title="bbox 2197 3793 3784 3866; baseline -0.003 -11"><span class='ocrx_word' id='word_1_645' title='bbox 2197 3800 2406 3855; x_wconf 89' lang='lat' dir='ltr'><strong>derent.</strong></span> <span class='ocrx_word' id='word_1_646' title='bbox 2455 3797 2666 3852; x_wconf 85' lang='lat' dir='ltr'><strong>Etenim</strong></span> <span class='ocrx_word' id='word_1_647' title='bbox 2703 3797 2813 3866; x_wconf 87' lang='lat' dir='ltr'><strong>jam</strong></span> <span class='ocrx_word' id='word_1_648' title='bbox 2851 3802 3054 3864; x_wconf 89' lang='lat' dir='ltr'><strong>patrata</strong></span> <span class='ocrx_word' id='word_1_649' title='bbox 3084 3793 3335 3848; x_wconf 89' lang='lat' dir='ltr'><strong>miracula</strong></span> <span class='ocrx_word' id='word_1_650' title='bbox 3360 3793 3698 3859; x_wconf 88' lang='lat' dir='ltr'><strong>clamabant,</strong></span> <span class='ocrx_word' id='word_1_651' title='bbox 3727 3803 3784 3851; x_wconf 88' lang='lat' dir='ltr'><strong>et</strong></span> 
     </span>
    </p>
   </div>
   <div class='ocr_carea' id='block_1_86' title="bbox 2198 3884 3781 3962">
    <p class='ocr_par' dir='ltr' id='par_1_86' title="bbox 2198 3884 3781 3962">
     <span class='ocr_line' id='line_1_87' title="bbox 2198 3884 3781 3962; baseline -0.005 -16"><span class='ocrx_word' id='word_1_652' title='bbox 2198 3893 2288 3962; x_wconf 91' lang='lat' dir='ltr'><strong>qui</strong></span> <span class='ocrx_word' id='word_1_653' title='bbox 2315 3890 2649 3960; x_wconf 87' lang='lat' dir='ltr'><strong>evangelium</strong></span> <span class='ocrx_word' id='word_1_654' title='bbox 2678 3887 3030 3957; x_wconf 90' lang='lat' dir='ltr'><strong>accipiebant,</strong></span> <span class='ocrx_word' id='word_1_655' title='bbox 3062 3885 3216 3954; x_wconf 91' lang='lat' dir='ltr'><strong>plane</strong></span> <span class='ocrx_word' id='word_1_656' title='bbox 3241 3884 3432 3940; x_wconf 84' lang='lat' dir='ltr'><strong>ﬁdeles</strong></span> <span class='ocrx_word' id='word_1_657' title='bbox 3455 3895 3626 3942; x_wconf 88' lang='lat' dir='ltr'><strong>erant.</strong></span> <span class='ocrx_word' id='word_1_658' title='bbox 3652 3887 3781 3942; x_wconf 79' lang='lat' dir='ltr'><strong>Pro-</strong></span> 
     </span>
    </p>
   </div>
   <div class='ocr_carea' id='block_1_87' title="bbox 2198 3976 3778 4053">
    <p class='ocr_par' dir='ltr' id='par_1_87' title="bbox 2198 3976 3778 4053">
     <span class='ocr_line' id='line_1_88' title="bbox 2198 3976 3778 4053; baseline -0.003 -15"><span class='ocrx_word' id='word_1_659' title='bbox 2198 3987 2476 4053; x_wconf 89' lang='lat' dir='ltr'><strong>phetarnm</strong></span> <span class='ocrx_word' id='word_1_660' title='bbox 2500 3999 2629 4036; x_wconf 88' lang='lat' dir='ltr'><strong>vero</strong></span> <span class='ocrx_word' id='word_1_661' title='bbox 2653 3990 2894 4045; x_wconf 82' lang='lat' dir='ltr'><strong>tempore</strong></span> <span class='ocrx_word' id='word_1_662' title='bbox 2923 3993 3028 4032; x_wconf 91' lang='lat' dir='ltr'><strong>non</strong></span> <span class='ocrx_word' id='word_1_663' title='bbox 3055 3985 3134 4030; x_wconf 91' lang='lat' dir='ltr'><strong>tot</strong></span> <span class='ocrx_word' id='word_1_664' title='bbox 3155 3985 3310 4030; x_wconf 90' lang='lat' dir='ltr'><strong>erant</strong></span> <span class='ocrx_word' id='word_1_665' title='bbox 3337 3976 3590 4031; x_wconf 89' lang='lat' dir='ltr'><strong>miracula</strong></span> <span class='ocrx_word' id='word_1_666' title='bbox 3611 4018 3628 4043; x_wconf 97' lang='lat'><strong>,</strong></span> <span class='ocrx_word' id='word_1_667' title='bbox 3657 3995 3778 4047; x_wconf 75' lang='lat' dir='ltr'><strong>qua:</strong></span> 
     </span>
    </p>
   </div>
   <div class='ocr_carea' id='block_1_88' title="bbox 2201 4069 3793 4145">
    <p class='ocr_par' dir='ltr' id='par_1_88' title="bbox 2201 4069 3793 4145">
     <span class='ocr_line' id='line_1_89' title="bbox 2201 4069 3793 4145; baseline 0.004 -21"><span class='ocrx_word' id='word_1_668' title='bbox 2201 4070 2576 4125; x_wconf 88' lang='lat' dir='ltr'><strong>auctoritatem</strong></span> <span class='ocrx_word' id='word_1_669' title='bbox 2599 4069 2730 4138; x_wconf 88' lang='lat' dir='ltr'><strong>ipsis</strong></span> <span class='ocrx_word' id='word_1_670' title='bbox 2750 4069 3020 4136; x_wconf 88' lang='lat' dir='ltr'><strong>indereut,</strong></span> <span class='ocrx_word' id='word_1_671' title='bbox 3039 4080 3096 4126; x_wconf 89' lang='lat' dir='ltr'><strong>et</strong></span> <span class='ocrx_word' id='word_1_672' title='bbox 3116 4087 3304 4142; x_wconf 86' lang='lat' dir='ltr'><strong>magna</strong></span> <span class='ocrx_word' id='word_1_673' title='bbox 3326 4081 3455 4129; x_wconf 91' lang='lat' dir='ltr'><strong>tunc</strong></span> <span class='ocrx_word' id='word_1_674' title='bbox 3473 4075 3793 4145; x_wconf 88' lang='lat' dir='ltr'><strong>erumpebat</strong></span> 
     </span>
    </p>
   </div>
   <div class='ocr_carea' id='block_1_89' title="bbox 2203 4159 3793 4232">
    <p class='ocr_par' dir='ltr' id='par_1_89' title="bbox 2203 4159 3793 4232">
     <span class='ocr_line' id='line_1_90' title="bbox 2203 4159 3793 4232; baseline 0.004 -18"><span class='ocrx_word' id='word_1_675' title='bbox 2203 4159 2786 4229; x_wconf 86' lang='lat' dir='ltr'><strong>pseudoprophetarum</strong></span> <span class='ocrx_word' id='word_1_676' title='bbox 2815 4160 2969 4215; x_wconf 91' lang='lat' dir='ltr'><strong>turba</strong></span> <span class='ocrx_word' id='word_1_677' title='bbox 2986 4202 3002 4227; x_wconf 96' lang='lat'><strong>,</strong></span> <span class='ocrx_word' id='word_1_678' title='bbox 3031 4162 3225 4231; x_wconf 89' lang='lat' dir='ltr'><strong>quibus</strong></span> <span class='ocrx_word' id='word_1_679' title='bbox 3249 4163 3419 4232; x_wconf 87' lang='lat' dir='ltr'><strong>magis</strong></span> <span class='ocrx_word' id='word_1_680' title='bbox 3443 4165 3793 4220; x_wconf 87' lang='lat' dir='ltr'><strong>attendebant</strong></span> 
     </span>
    </p>
   </div>
   <div class='ocr_carea' id='block_1_90' title="bbox 2199 4251 3789 4325">
    <p class='ocr_par' dir='ltr' id='par_1_90' title="bbox 2199 4251 3789 4325">
     <span class='ocr_line' id='line_1_91' title="bbox 2199 4251 3789 4325; baseline 0.004 -17"><span class='ocrx_word' id='word_1_681' title='bbox 2199 4252 2390 4308; x_wconf 64' lang='lat' dir='ltr'><strong>Judaai.</strong></span> <span class='ocrx_word' id='word_1_682' title='bbox 2413 4251 2772 4318; x_wconf 86' lang='lat' dir='ltr'><strong>Quamobrem</strong></span> <span class='ocrx_word' id='word_1_683' title='bbox 2794 4251 2880 4308; x_wconf 84' lang='lat' dir='ltr'><strong>hic</strong></span> <span class='ocrx_word' id='word_1_684' title='bbox 2897 4253 3278 4322; x_wconf 64' lang='lat' dir='ltr'><strong>prooemiorum</strong></span> <span class='ocrx_word' id='word_1_685' title='bbox 3299 4255 3490 4310; x_wconf 90' lang='lat' dir='ltr'><strong>modus</strong></span> <span class='ocrx_word' id='word_1_686' title='bbox 3506 4255 3646 4325; x_wconf 93' lang='lat' dir='ltr'><strong>apud</strong></span> <span class='ocrx_word' id='word_1_687' title='bbox 3667 4257 3789 4314; x_wconf 70' lang='lat' dir='ltr'><strong>illos</strong></span> 
     </span>
    </p>
   </div>
   <div class='ocr_carea' id='block_1_91' title="bbox 2201 4341 3793 4415">
    <p class='ocr_par' dir='ltr' id='par_1_91' title="bbox 2201 4341 3793 4415">
     <span class='ocr_line' id='line_1_92' title="bbox 2201 4341 3793 4415; baseline 0.003 -17"><span class='ocrx_word' id='word_1_688' title='bbox 2201 4342 2537 4398; x_wconf 87' lang='lat' dir='ltr'><strong>necessarius</strong></span> <span class='ocrx_word' id='word_1_689' title='bbox 2572 4351 2709 4397; x_wconf 89' lang='lat' dir='ltr'><strong>erat.</strong></span> <span class='ocrx_word' id='word_1_690' title='bbox 2755 4341 2810 4396; x_wconf 89' lang='lat' dir='ltr'><strong>Si</strong></span> <span class='ocrx_word' id='word_1_691' title='bbox 2854 4357 2984 4397; x_wconf 93' lang='lat' dir='ltr'><strong>vero</strong></span> <span class='ocrx_word' id='word_1_692' title='bbox 3028 4344 3180 4414; x_wconf 87' lang='lat' dir='ltr'><strong>signa</strong></span> <span class='ocrx_word' id='word_1_693' title='bbox 3216 4344 3534 4414; x_wconf 87' lang='lat' dir='ltr'><strong>quandoque</strong></span> <span class='ocrx_word' id='word_1_694' title='bbox 3574 4346 3793 4415; x_wconf 83' lang='lat' dir='ltr'><strong>fierent,</strong></span> 
     </span>
    </p>
   </div>
   <div class='ocr_carea' id='block_1_92' title="bbox 2202 4432 3791 4506">
    <p class='ocr_par' dir='ltr' id='par_1_92' title="bbox 2202 4432 3791 4506">
     <span class='ocr_line' id='line_1_93' title="bbox 2202 4432 3791 4506; baseline 0.002 -19"><span class='ocrx_word' id='word_1_695' title='bbox 2202 4432 2552 4488; x_wconf 86' lang='lat' dir='ltr'><strong>barbarorum</strong></span> <span class='ocrx_word' id='word_1_696' title='bbox 2573 4446 2755 4497; x_wconf 90' lang='lat' dir='ltr'><strong>causa,</strong></span> <span class='ocrx_word' id='word_1_697' title='bbox 2779 4440 2836 4486; x_wconf 90' lang='lat' dir='ltr'><strong>ut</strong></span> <span class='ocrx_word' id='word_1_698' title='bbox 2855 4433 3005 4487; x_wconf 91' lang='lat' dir='ltr'><strong>multi</strong></span> <span class='ocrx_word' id='word_1_699' title='bbox 3023 4435 3275 4506; x_wconf 87' lang='lat' dir='ltr'><strong>proselyti</strong></span> <span class='ocrx_word' id='word_1_700' title='bbox 3297 4435 3632 4505; x_wconf 54' lang='lat' dir='ltr'><strong>accederent,</strong></span> <span class='ocrx_word' id='word_1_701' title='bbox 3659 4437 3791 4490; x_wconf 77' lang='lat' dir='ltr'><strong>ede-</strong></span> 
     </span>
    </p>
   </div>
   <div class='ocr_carea' id='block_1_93' title="bbox 2201 4523 3794 4596">
    <p class='ocr_par' dir='ltr' id='par_1_93' title="bbox 2201 4523 3794 4596">
     <span class='ocr_line' id='line_1_94' title="bbox 2201 4523 3794 4596; baseline 0.003 -18"><span class='ocrx_word' id='word_1_702' title='bbox 2201 4523 2418 4579; x_wconf 77' lang='lat' dir='ltr'><strong>bantur.</strong></span> <span class='ocrx_word' id='word_1_703' title='bbox 2450 4523 2676 4578; x_wconf 89' lang='lat' dir='ltr'><strong>Fichant</strong></span> <span class='ocrx_word' id='word_1_704' title='bbox 2702 4538 2916 4595; x_wconf 91' lang='lat' dir='ltr'><strong>quoque</strong></span> <span class='ocrx_word' id='word_1_705' title='bbox 2935 4525 3084 4595; x_wconf 89' lang='lat' dir='ltr'><strong>signa</strong></span> <span class='ocrx_word' id='word_1_706' title='bbox 3107 4525 3174 4580; x_wconf 90' lang='lat' dir='ltr'><strong>ad</strong></span> <span class='ocrx_word' id='word_1_707' title='bbox 3205 4526 3296 4582; x_wconf 87' lang='lat' dir='ltr'><strong>Dei</strong></span> <span class='ocrx_word' id='word_1_708' title='bbox 3329 4529 3616 4596; x_wconf 87' lang='lat' dir='ltr'><strong>potentiam</strong></span> <span class='ocrx_word' id='word_1_709' title='bbox 3642 4529 3794 4583; x_wconf 76' lang='lat' dir='ltr'><strong>exhi-</strong></span> 
     </span>
    </p>
   </div>
   <div class='ocr_carea' id='block_1_94' title="bbox 2200 4614 3792 4685">
    <p class='ocr_par' dir='ltr' id='par_1_94' title="bbox 2200 4614 3792 4685">
     <span class='ocr_line' id='line_1_95' title="bbox 2200 4614 3792 4685; baseline 0.003 -15"><span class='ocrx_word' id='word_1_710' title='bbox 2200 4615 2450 4681; x_wconf 86' lang='lat' dir='ltr'><strong>bendam,</strong></span> <span class='ocrx_word' id='word_1_711' title='bbox 2483 4614 2697 4685; x_wconf 86' lang='lat' dir='ltr'><strong>quando</strong></span> <span class='ocrx_word' id='word_1_712' title='bbox 2724 4616 3014 4670; x_wconf 84' lang='lat' dir='ltr'><strong>adversarii</strong></span> <span class='ocrx_word' id='word_1_713' title='bbox 3041 4618 3276 4671; x_wconf 87' lang='lat' dir='ltr'><strong>subactis</strong></span> <span class='ocrx_word' id='word_1_714' title='bbox 3309 4617 3531 4684; x_wconf 66' lang='lat' dir='ltr'><strong>inda-is,</strong></span> <span class='ocrx_word' id='word_1_715' title='bbox 3566 4619 3792 4675; x_wconf 84' lang='lat' dir='ltr'><strong>deorum</strong></span> 
     </span>
    </p>
   </div>
   <div class='ocr_carea' id='block_1_95' title="bbox 2199 4705 3792 4780">
    <p class='ocr_par' dir='ltr' id='par_1_95' title="bbox 2199 4705 3792 4780">
     <span class='ocr_line' id='line_1_96' title="bbox 2199 4705 3792 4780; baseline 0.001 -19"><span class='ocrx_word' id='word_1_716' title='bbox 2199 4719 2420 4762; x_wconf 87' lang='lat' dir='ltr'><strong>suorum</strong></span> <span class='ocrx_word' id='word_1_717' title='bbox 2448 4705 2498 4759; x_wconf 94' lang='lat' dir='ltr'><strong>vi</strong></span> <span class='ocrx_word' id='word_1_718' title='bbox 2528 4714 2585 4760; x_wconf 93' lang='lat' dir='ltr'><strong>et</strong></span> <span class='ocrx_word' id='word_1_719' title='bbox 2609 4705 2810 4759; x_wconf 81' lang='lat' dir='ltr'><strong>auxilio</strong></span> <span class='ocrx_word' id='word_1_720' title='bbox 2836 4720 2896 4759; x_wconf 89' lang='lat' dir='ltr'><strong>se</strong></span> <span class='ocrx_word' id='word_1_721' title='bbox 2923 4707 3116 4761; x_wconf 86' lang='lat' dir='ltr'><strong>vicisse</strong></span> <span class='ocrx_word' id='word_1_722' title='bbox 3145 4707 3420 4775; x_wconf 89' lang='lat' dir='ltr'><strong>putabant,</strong></span> <span class='ocrx_word' id='word_1_723' title='bbox 3453 4717 3508 4762; x_wconf 92' lang='lat' dir='ltr'><strong>ut</strong></span> <span class='ocrx_word' id='word_1_724' title='bbox 3535 4707 3588 4762; x_wconf 90' lang='lat' dir='ltr'><strong>in</strong></span> <span class='ocrx_word' id='word_1_725' title='bbox 3618 4709 3792 4780; x_wconf 67' lang='lat' dir='ltr'><strong>Egy-</strong></span> 
     </span>
    </p>
   </div>
   <div class='ocr_carea' id='block_1_96' title="bbox 2203 4794 3797 4868">
    <p class='ocr_par' dir='ltr' id='par_1_96' title="bbox 2203 4794 3797 4868">
     <span class='ocr_line' id='line_1_97' title="bbox 2203 4794 3797 4868; baseline 0.004 -19"><span class='ocrx_word' id='word_1_726' title='bbox 2203 4805 2296 4868; x_wconf 88' lang='lat' dir='ltr'><strong>pto</strong></span> <span class='ocrx_word' id='word_1_727' title='bbox 2318 4796 2574 4865; x_wconf 89' lang='lat' dir='ltr'><strong>contigit,</strong></span> <span class='ocrx_word' id='word_1_728' title='bbox 2604 4794 2746 4850; x_wconf 89' lang='lat' dir='ltr'><strong>unde</strong></span> <span class='ocrx_word' id='word_1_729' title='bbox 2785 4797 3082 4864; x_wconf 88' lang='lat' dir='ltr'><strong>promiscua</strong></span> <span class='ocrx_word' id='word_1_730' title='bbox 3123 4797 3274 4850; x_wconf 87' lang='lat' dir='ltr'><strong>turba</strong></span> <span class='ocrx_word' id='word_1_731' title='bbox 3320 4796 3551 4866; x_wconf 85' lang='lat' dir='ltr'><strong>profecta</strong></span> <span class='ocrx_word' id='word_1_732' title='bbox 3579 4809 3664 4854; x_wconf 92' lang='lat' dir='ltr'><strong>est</strong></span> <span class='ocrx_word' id='word_1_733' title='bbox 3695 4817 3708 4853; x_wconf 90' lang='lat'><strong>:</strong></span> <span class='ocrx_word' id='word_1_734' title='bbox 3741 4810 3797 4856; x_wconf 89' lang='lat' dir='ltr'><strong>et</strong></span> 
     </span>
    </p>
   </div>
   <div class='ocr_carea' id='block_1_97' title="bbox 2200 4885 3797 4960">
    <p class='ocr_par' dir='ltr' id='par_1_97' title="bbox 2200 4885 3797 4960">
     <span class='ocr_line' id='line_1_98' title="bbox 2200 4885 3797 4960; baseline 0.003 -20"><span class='ocrx_word' id='word_1_735' title='bbox 2200 4896 2387 4957; x_wconf 87' lang='lat' dir='ltr'><strong>postea</strong></span> <span class='ocrx_word' id='word_1_736' title='bbox 2417 4887 2470 4940; x_wconf 88' lang='lat' dir='ltr'><strong>in</strong></span> <span class='ocrx_word' id='word_1_737' title='bbox 2500 4885 2791 4956; x_wconf 83' lang='lat' dir='ltr'><strong>Babylone,</strong></span> <span class='ocrx_word' id='word_1_738' title='bbox 2821 4900 2942 4955; x_wconf 73' lang='lat' dir='ltr'><strong>qua:</strong></span> <span class='ocrx_word' id='word_1_739' title='bbox 2966 4885 3032 4940; x_wconf 90' lang='lat' dir='ltr'><strong>ad</strong></span> <span class='ocrx_word' id='word_1_740' title='bbox 3059 4885 3330 4941; x_wconf 87' lang='lat' dir='ltr'><strong>fornacem</strong></span> <span class='ocrx_word' id='word_1_741' title='bbox 3359 4895 3416 4941; x_wconf 90' lang='lat' dir='ltr'><strong>et</strong></span> <span class='ocrx_word' id='word_1_742' title='bbox 3438 4889 3644 4943; x_wconf 87' lang='lat' dir='ltr'><strong>somnia</strong></span> <span class='ocrx_word' id='word_1_743' title='bbox 3673 4905 3797 4960; x_wconf 90' lang='lat' dir='ltr'><strong>spe-</strong></span> 
     </span>
    </p>
   </div>
   <div class='ocr_carea' id='block_1_98' title="bbox 2197 4976 3793 5046">
    <p class='ocr_par' dir='ltr' id='par_1_98' title="bbox 2197 4976 3793 5046">
     <span class='ocr_line' id='line_1_99' title="bbox 2197 4976 3793 5046; baseline -0.001 -12"><span class='ocrx_word' id='word_1_744' title='bbox 2197 4986 2366 5034; x_wconf 89' lang='lat' dir='ltr'><strong>ctant.</strong></span> <span class='ocrx_word' id='word_1_745' title='bbox 2414 4977 2545 5032; x_wconf 87' lang='lat' dir='ltr'><strong>Erat</strong></span> <span class='ocrx_word' id='word_1_746' title='bbox 2578 4977 2738 5032; x_wconf 86' lang='lat' dir='ltr'><strong>etiam</strong></span> <span class='ocrx_word' id='word_1_747' title='bbox 2778 4991 2901 5030; x_wconf 90' lang='lat' dir='ltr'><strong>cum</strong></span> <span class='ocrx_word' id='word_1_748' title='bbox 2940 4977 3089 5046; x_wconf 87' lang='lat' dir='ltr'><strong>signa</strong></span> <span class='ocrx_word' id='word_1_749' title='bbox 3129 4976 3420 5033; x_wconf 89' lang='lat' dir='ltr'><strong>ederentur</strong></span> <span class='ocrx_word' id='word_1_750' title='bbox 3461 4978 3515 5032; x_wconf 91' lang='lat' dir='ltr'><strong>in</strong></span> <span class='ocrx_word' id='word_1_751' title='bbox 3554 4979 3793 5043; x_wconf 85' lang='lat' dir='ltr'><strong>deserto,</strong></span> 
     </span>
    </p>
   </div>
   <div class='ocr_carea' id='block_1_99' title="bbox 2198 5067 3795 5142">
    <p class='ocr_par' dir='ltr' id='par_1_99' title="bbox 2198 5067 3795 5142">
     <span class='ocr_line' id='line_1_100' title="bbox 2198 5067 3795 5142; baseline 0 -18"><span class='ocrx_word' id='word_1_752' title='bbox 2198 5070 2414 5142; x_wconf 89' lang='lat' dir='ltr'><strong>quando</strong></span> <span class='ocrx_word' id='word_1_753' title='bbox 2443 5069 2522 5123; x_wconf 87' lang='lat' dir='ltr'><strong>sui</strong></span> <span class='ocrx_word' id='word_1_754' title='bbox 2549 5067 2687 5136; x_wconf 90' lang='lat' dir='ltr'><strong>juris</strong></span> <span class='ocrx_word' id='word_1_755' title='bbox 2710 5075 2887 5133; x_wconf 90' lang='lat' dir='ltr'><strong>erant,</strong></span> <span class='ocrx_word' id='word_1_756' title='bbox 2918 5067 3368 5138; x_wconf 90' lang='lat' dir='ltr'><strong>quemadmodum</strong></span> <span class='ocrx_word' id='word_1_757' title='bbox 3397 5078 3453 5124; x_wconf 86' lang='lat' dir='ltr'><strong>et</strong></span> <span class='ocrx_word' id='word_1_758' title='bbox 3476 5070 3618 5139; x_wconf 90' lang='lat' dir='ltr'><strong>apud</strong></span> <span class='ocrx_word' id='word_1_759' title='bbox 3647 5085 3745 5123; x_wconf 86' lang='lat' dir='ltr'><strong>nos</strong></span> <span class='ocrx_word' id='word_1_760' title='bbox 3779 5085 3795 5123; x_wconf 89' lang='lat'><strong>:</strong></span> 
     </span>
    </p>
   </div>
   <div class='ocr_carea' id='block_1_100' title="bbox 2199 5161 3785 5234">
    <p class='ocr_par' dir='ltr' id='par_1_100' title="bbox 2199 5161 3785 5234">
     <span class='ocr_line' id='line_1_101' title="bbox 2199 5161 3785 5234; baseline 0 -15"><span class='ocrx_word' id='word_1_761' title='bbox 2199 5163 2398 5218; x_wconf 89' lang='lat' dir='ltr'><strong>etenim</strong></span> <span class='ocrx_word' id='word_1_762' title='bbox 2426 5161 2565 5230; x_wconf 91' lang='lat' dir='ltr'><strong>apud</strong></span> <span class='ocrx_word' id='word_1_763' title='bbox 2597 5175 2696 5215; x_wconf 90' lang='lat' dir='ltr'><strong>nos</strong></span> <span class='ocrx_word' id='word_1_764' title='bbox 2724 5176 2846 5215; x_wconf 90' lang='lat' dir='ltr'><strong>cum</strong></span> <span class='ocrx_word' id='word_1_765' title='bbox 2877 5163 2946 5217; x_wconf 90' lang='lat' dir='ltr'><strong>ab</strong></span> <span class='ocrx_word' id='word_1_766' title='bbox 2970 5177 3157 5218; x_wconf 90' lang='lat' dir='ltr'><strong>errore</strong></span> <span class='ocrx_word' id='word_1_767' title='bbox 3181 5179 3600 5234; x_wconf 90' lang='lat' dir='ltr'><strong>emergeremus,</strong></span> <span class='ocrx_word' id='word_1_768' title='bbox 3634 5166 3785 5234; x_wconf 86' lang='lat' dir='ltr'><strong>signa</strong></span> 
     </span>
    </p>
   </div>
   <div class='ocr_carea' id='block_1_101' title="bbox 2200 5249 3787 5322">
    <p class='ocr_par' dir='ltr' id='par_1_101' title="bbox 2200 5249 3787 5322">
     <span class='ocr_line' id='line_1_102' title="bbox 2200 5249 3787 5322; baseline 0 -12"><span class='ocrx_word' id='word_1_769' title='bbox 2200 5249 2364 5310; x_wconf 59' lang='lat' dir='ltr'><strong>multa</strong></span> <span class='ocrx_word' id='word_1_770' title='bbox 2389 5253 2626 5308; x_wconf 81' lang='lat' dir='ltr'><strong>exhibita</strong></span> <span class='ocrx_word' id='word_1_771' title='bbox 2652 5261 2809 5317; x_wconf 91' lang='lat' dir='ltr'><strong>sunt;</strong></span> <span class='ocrx_word' id='word_1_772' title='bbox 2837 5263 2958 5322; x_wconf 91' lang='lat' dir='ltr'><strong>post</strong></span> <span class='ocrx_word' id='word_1_773' title='bbox 2981 5253 3098 5309; x_wconf 64' lang='lat' dir='ltr'><strong>haec</strong></span> <span class='ocrx_word' id='word_1_774' title='bbox 3125 5263 3326 5322; x_wconf 91' lang='lat' dir='ltr'><strong>autem,</strong></span> <span class='ocrx_word' id='word_1_775' title='bbox 3356 5271 3478 5310; x_wconf 89' lang='lat' dir='ltr'><strong>cum</strong></span> <span class='ocrx_word' id='word_1_776' title='bbox 3508 5271 3630 5310; x_wconf 89' lang='lat' dir='ltr'><strong>vera</strong></span> <span class='ocrx_word' id='word_1_777' title='bbox 3661 5258 3787 5310; x_wconf 89' lang='lat' dir='ltr'><strong>reli-</strong></span> 
     </span>
    </p>
   </div>
   <div class='ocr_carea' id='block_1_102' title="bbox 2199 5342 3788 5414">
    <p class='ocr_par' dir='ltr' id='par_1_102' title="bbox 2199 5342 3788 5414">
     <span class='ocr_line' id='line_1_103' title="bbox 2199 5342 3788 5414; baseline 0.001 -15"><span class='ocrx_word' id='word_1_778' title='bbox 2199 5345 2291 5414; x_wconf 87' lang='lat' dir='ltr'><strong>gio</strong></span> <span class='ocrx_word' id='word_1_779' title='bbox 2318 5343 2515 5412; x_wconf 90' lang='lat' dir='ltr'><strong>ubique</strong></span> <span class='ocrx_word' id='word_1_780' title='bbox 2541 5342 2883 5397; x_wconf 85' lang='lat' dir='ltr'><strong>disseminata</strong></span> <span class='ocrx_word' id='word_1_781' title='bbox 2914 5353 3057 5400; x_wconf 88' lang='lat' dir='ltr'><strong>esset</strong></span> <span class='ocrx_word' id='word_1_782' title='bbox 3079 5385 3093 5408; x_wconf 94' lang='lat'><strong>,</strong></span> <span class='ocrx_word' id='word_1_783' title='bbox 3125 5344 3211 5398; x_wconf 89' lang='lat' dir='ltr'><strong>illa</strong></span> <span class='ocrx_word' id='word_1_784' title='bbox 3240 5355 3607 5400; x_wconf 88' lang='lat' dir='ltr'><strong>cessaverunt.</strong></span> <span class='ocrx_word' id='word_1_785' title='bbox 3635 5345 3788 5412; x_wconf 89' lang='lat' dir='ltr'><strong>Quod</strong></span> 
     </span>
    </p>
   </div>
   <div class='ocr_carea' id='block_1_103' title="bbox 2201 5435 3788 5508">
    <p class='ocr_par' dir='ltr' id='par_1_103' title="bbox 2201 5435 3788 5508">
     <span class='ocr_line' id='line_1_104' title="bbox 2201 5435 3788 5508; baseline 0.003 -19"><span class='ocrx_word' id='word_1_786' title='bbox 2201 5436 2246 5490; x_wconf 87' lang='lat' dir='ltr'><strong>si</strong></span> <span class='ocrx_word' id='word_1_787' title='bbox 2272 5443 2389 5505; x_wconf 86' lang='lat' dir='ltr'><strong>post</strong></span> <span class='ocrx_word' id='word_1_788' title='bbox 2413 5436 2614 5489; x_wconf 72' lang='lat' dir='ltr'><strong>exitum</strong></span> <span class='ocrx_word' id='word_1_789' title='bbox 2643 5450 2710 5489; x_wconf 75' lang='lat' dir='ltr'><strong>ex</strong></span> <span class='ocrx_word' id='word_1_790' title='bbox 2741 5435 2956 5490; x_wconf 85' lang='lat' dir='ltr'><strong>deserto</strong></span> <span class='ocrx_word' id='word_1_791' title='bbox 2975 5437 3125 5506; x_wconf 87' lang='lat' dir='ltr'><strong>signa</strong></span> <span class='ocrx_word' id='word_1_792' title='bbox 3155 5437 3292 5490; x_wconf 82' lang='lat' dir='ltr'><strong>facta</strong></span> <span class='ocrx_word' id='word_1_793' title='bbox 3317 5445 3479 5502; x_wconf 88' lang='lat' dir='ltr'><strong>sunt,</strong></span> <span class='ocrx_word' id='word_1_794' title='bbox 3510 5439 3598 5492; x_wconf 87' lang='lat' dir='ltr'><strong>illa</strong></span> <span class='ocrx_word' id='word_1_795' title='bbox 3622 5454 3788 5508; x_wconf 85' lang='lat' dir='ltr'><strong>pauca</strong></span> 
     </span>
    </p>
   </div>
   <div class='ocr_carea' id='block_1_104' title="bbox 2161 5527 3788 5594">
    <p class='ocr_par' dir='ltr' id='par_1_104' title="bbox 2161 5527 3788 5594">
     <span class='ocr_line' id='line_1_105' title="bbox 2161 5527 3788 5594; baseline 0.004 -14"><span class='ocrx_word' id='word_1_796' title='bbox 2161 5543 2163 5547; x_wconf 74' lang='lat'><em>&#39;</em></span> <span class='ocrx_word' id='word_1_797' title='bbox 2201 5535 2259 5581; x_wconf 88' lang='lat' dir='ltr'><strong>et</strong></span> <span class='ocrx_word' id='word_1_798' title='bbox 2281 5528 2478 5581; x_wconf 88' lang='lat' dir='ltr'><strong>rariora</strong></span> <span class='ocrx_word' id='word_1_799' title='bbox 2507 5527 2755 5589; x_wconf 79' lang='lat' dir='ltr'><strong>fuerunt;</strong></span> <span class='ocrx_word' id='word_1_800' title='bbox 2794 5536 2849 5581; x_wconf 89' lang='lat' dir='ltr'><strong>ut</strong></span> <span class='ocrx_word' id='word_1_801' title='bbox 2875 5543 2996 5582; x_wconf 92' lang='lat' dir='ltr'><strong>cum</strong></span> <span class='ocrx_word' id='word_1_802' title='bbox 3025 5529 3102 5581; x_wconf 92' lang='lat' dir='ltr'><strong>sol</strong></span> <span class='ocrx_word' id='word_1_803' title='bbox 3130 5529 3404 5594; x_wconf 83' lang='lat' dir='ltr'><strong>substitit,</strong></span> <span class='ocrx_word' id='word_1_804' title='bbox 3436 5531 3518 5586; x_wconf 84' lang='lat' dir='ltr'><strong>vel</strong></span> <span class='ocrx_word' id='word_1_805' title='bbox 3549 5547 3669 5586; x_wconf 90' lang='lat' dir='ltr'><strong>cum</strong></span> <span class='ocrx_word' id='word_1_806' title='bbox 3699 5549 3788 5587; x_wconf 88' lang='lat' dir='ltr'><strong>re-</strong></span> 
     </span>
    </p>
   </div>
   <div class='ocr_carea' id='block_1_105' title="bbox 2205 5617 3790 5689">
    <p class='ocr_par' dir='ltr' id='par_1_105' title="bbox 2205 5617 3790 5689">
     <span class='ocr_line' id='line_1_106' title="bbox 2205 5617 3790 5689; baseline 0.001 -15"><span class='ocrx_word' id='word_1_807' title='bbox 2205 5631 2438 5674; x_wconf 90' lang='lat' dir='ltr'><strong>trorsum</strong></span> <span class='ocrx_word' id='word_1_808' title='bbox 2468 5617 2653 5674; x_wconf 88' lang='lat' dir='ltr'><strong>abivit.</strong></span> <span class='ocrx_word' id='word_1_809' title='bbox 2683 5617 2860 5686; x_wconf 81' lang='lat' dir='ltr'><strong>&#39;Signa</strong></span> <span class='ocrx_word' id='word_1_810' title='bbox 2903 5633 3114 5689; x_wconf 87' lang='lat' dir='ltr'><strong>quoque</strong></span> <span class='ocrx_word' id='word_1_811' title='bbox 3140 5621 3280 5687; x_wconf 90' lang='lat' dir='ltr'><strong>apud</strong></span> <span class='ocrx_word' id='word_1_812' title='bbox 3311 5634 3412 5674; x_wconf 89' lang='lat' dir='ltr'><strong>nos</strong></span> <span class='ocrx_word' id='word_1_813' title='bbox 3441 5620 3574 5676; x_wconf 88' lang='lat' dir='ltr'><strong>facta</strong></span> <span class='ocrx_word' id='word_1_814' title='bbox 3607 5623 3790 5681; x_wconf 84' lang='lat' dir='ltr'><strong>videre</strong></span> 
     </span>
    </p>
   </div>
   <div class='ocr_carea' id='block_1_106' title="bbox 2205 5693 3827 5784">
    <p class='ocr_par' dir='ltr' id='par_1_106' title="bbox 2205 5693 3827 5784">
     <span class='ocr_line' id='line_1_107' title="bbox 2205 5693 3827 5784; baseline -0.004 -19"><span class='ocrx_word' id='word_1_815' title='bbox 2205 5710 2352 5765; x_wconf 89' lang='lat' dir='ltr'><strong>licuit</strong></span> <span class='ocrx_word' id='word_1_816' title='bbox 2377 5725 2390 5764; x_wconf 88' lang='lat'><strong>:</strong></span> <span class='ocrx_word' id='word_1_817' title='bbox 2420 5727 2539 5766; x_wconf 85' lang='lat' dir='ltr'><strong>nam</strong></span> <span class='ocrx_word' id='word_1_818' title='bbox 2568 5718 2724 5766; x_wconf 69' lang='lat' dir='ltr'><strong>aetate</strong></span> <span class='ocrx_word' id='word_1_819' title='bbox 2752 5718 2930 5766; x_wconf 86' lang='lat' dir='ltr'><strong>nostra</strong></span> <span class='ocrx_word' id='word_1_820' title='bbox 2961 5709 3061 5765; x_wconf 88' lang='lat' dir='ltr'><strong>sub</strong></span> <span class='ocrx_word' id='word_1_821' title='bbox 3086 5709 3316 5779; x_wconf 82' lang='lat' dir='ltr'><strong>Juliano,</strong></span> <span class='ocrx_word' id='word_1_822' title='bbox 3338 5711 3429 5780; x_wconf 87' lang='lat' dir='ltr'><strong>qui</strong></span> <span class='ocrx_word' id='word_1_823' title='bbox 3454 5725 3644 5768; x_wconf 73' lang='lat' dir='ltr'><strong>ontucs</strong></span> <span class='ocrx_word' id='word_1_824' title='bbox 3677 5709 3780 5764; x_wconf 74' lang='lat' dir='ltr'><strong>i&#39;m-</strong></span> <span class='ocrx_word' id='word_1_825' title='bbox 3813 5693 3827 5784; x_wconf 41' lang='grc' dir='ltr'><em>ς</em></span> 
     </span>
    </p>
   </div>
  </div>
