4066 6472
345 399 408 452 ll
1083 388 1144 446 8.
1181 388 1470 446 JOANNIS
1507 389 1908 446 CllRYSOSTU

2028 395 2346 453 AllCillEP.
2385 401 2927 462 CONSTANTINOP.
3197 410 3203 417 ’
3538 418 3606 476 42

347 503 546 564 [aetate
574 493 868 561 superavit,
891 490 1053 544 multa
1077 490 1447 558 mirabiliaque
1472 490 1609 546 facta
1629 501 1772 546 sunt.
1801 493 1930 544 Cum

346 586 491 638 etaim
547 584 718 638 iudici
765 581 1018 652 templum
1059 579 1566 651 Jerosolymitanum
1609 585 1933 642 retediﬁcare

348 684 636 738 tentarent,
667 673 804 743 ignis
843 688 876 725 e
909 670 1268 726 fundamentis
1304 685 1597 741 erumpens
1622 688 1812 729 omnes
1835 675 1932 730 de-

348 766 576 829 terruit;
603 773 656 818 et
681 777 805 818 cum
831 761 1078 816 Julianus
1105 761 1340 816 furorem
1369 777 1524 816 suum
1556 763 1608 818 in
1639 779 1761 819 vasa
1783 780 1932 820 sacra

342 863 660 918 exerceret,
690 862 928 923 quaestor
950 861 1005 908 et
1031 853 1228 908 Juliani
1264 854 1559 909 avunculus
1595 855 1695 925 ipsi
1733 870 1930 927 cognoo

347 946 507 1001 minis
553 945 694 1015 plexi
738 953 906 999 sunt:
937 943 1085 1014 prior
1119 944 1263 998 enim
1304 959 1335 998 a
1372 946 1643 1000 vermibus
1679 961 1933 1002 corrosus

348 1037 552 1092 interiit
575 1079 591 1104 ,
619 1037 757 1091 alter
781 1051 913 1091 vero
940 1036 1146 1090 medius
1173 1036 1419 1106 diruptus
1443 1045 1557 1103 est;
1600 1041 1934 1109 peractisque

348 1130 546 1185 ibidem
575 1129 853 1185 sacriﬁciis
874 1129 1049 1182 fontes
1069 1128 1396 1193 defecerunt,
1423 1140 1479 1185 et
1504 1130 1670 1187 fames
1699 1149 1818 1202 quae
1842 1148 1930 1187 eo-

347 1223 472 1277 dem
514 1223 811 1291 imperante
845 1221 1090 1276 civitates
1114 1221 1345 1289 invasit,
1377 1223 1672 1277 maximum
1697 1233 1815 1279 erat
1837 1223 1937 1279 mi-

351 1314 614 1370 raculum.

400 1518 458 1572 2.
485 1517 633 1573 Solet
668 1516 810 1571 enirn
846 1515 991 1570 Deus
1033 1515 1154 1570 haec
1200 1513 1454 1570 exhibere
1482 1531 1494 1568 :
1523 1515 1735 1584 quando
1777 1515 1919 1571 mala

333 1626 491 1679 supra
515 1608 731 1662 modum
755 1617 1035 1677 augentur,
1061 1621 1182 1661 cum
1213 1621 1340 1660 suos
1361 1606 1412 1658 in
1429 1607 1680 1660 aerumnis
1695 1606 1918 1671 versari,

334 1702 780 1770 adversariosque
823 1700 1098 1770 tyrannica
1140 1699 1190 1752 vi
1238 1697 1552 1752 debacchari
1584 1699 1766 1762 videt,
1799 1709 1924 1753 tunc

335 1806 492 1846 suam
501 1789 736 1844 ostendit
751 1789 1061 1856 potentiam.
1079 1787 1132 1840 Id
1147 1787 1286 1856 quod
1303 1786 1464 1841 etiam
1483 1787 1534 1840 in
1552 1787 1770 1842 Perside
1785 1786 1923 1840 circa

336 1883 551 1939 Judmos
582 1880 848 1951 praestitit.
877 1879 1027 1945 Quod
1058 1894 1184 1948 ergo
1212 1893 1318 1932 non
1370 1878 1483 1931 sine
1522 1893 1682 1932 causa
1727 1876 1925 1932 Christi

342 1975 708 2042 progenitores
755 1971 806 2025 in
851 1978 963 2024 tres
1010 1977 1191 2039 partes
1225 1968 1590 2030 distribuerit,
1639 1983 1706 2022 ex
1753 1982 1916 2036 supra

341 2063 496 2115 dictis
533 2061 705 2130 palam
732 2069 832 2115 est.
866 2058 1270 2115 Animadvertas
1301 2057 1460 2112 velim
1513 2059 1600 2111 ubi
1629 2059 1846 2123 incipiat
1875 2065 1927 2107 et

347 2172 454 2226 quo
477 2154 692 2211 desinat
721 2172 736 2210 :
778 2153 846 2209 ab
877 2153 1142 2208 Abraham
1175 2154 1226 2208 in
1266 2152 1550 2218 Davidem;
1582 2168 1611 2206 a
1644 2153 1841 2207 Davide
1870 2170 1922 2208 In

340 2248 700 2318 captivitatem
725 2247 1040 2319 Babylonis;
1088 2248 1158 2302 ab
1205 2245 1306 2301 hac
1333 2246 1390 2300 in
1423 2246 1600 2314 ipsum
1629 2244 1948 2307 Christum.

339 2339 471 2393 Nam
495 2338 648 2392 initio
667 2337 856 2392 ambos
885 2353 988 2392 una
1018 2337 1157 2392 serie
1180 2337 1374 2406 posuit,
1396 2337 1647 2390 Davidem
1678 2347 1732 2391 et
1755 2337 1924 2392 Abra-

341 2433 351 2482 l
375 2447 553 2485 alnum
593 2448 607 2485 :
633 2431 829 2485 deinde
858 2439 1129 2498 resumpta
1160 2430 1470 2499 genealogia
1498 2439 1784 2500 utrumque
1805 2445 1923 2484 me-

337 2523 580 2578 moravit.
612 2522 766 2587 Nam,
795 2531 853 2575 ut
875 2522 984 2591 jam
1014 2521 1156 2585 dixi,
1189 2523 1293 2576 illis
1323 2521 1477 2576 facta:
1534 2522 1744 2575 fuerant
1791 2537 1921 2589 pro-

337 2613 636 2668 missiones.
663 2611 773 2668 Cur
816 2628 1009 2682 porro,
1065 2621 1122 2666 ut
1151 2613 1525 2681 Babylonicam
1576 2613 1923 2680 transmigra-

336 2706 534 2759 tioncm
569 2706 907 2770 memoravit,
941 2720 1045 2757 non
1085 2704 1306 2774 perinde
1331 2705 1623 2759 descensus
1655 2704 1706 2758 in
1753 2703 1923 2775 Aﬁgy-

335 2805 484 2864 ptum
502 2795 830 2850 mentionem
859 2795 981 2850 fecit
1004 2795 1026 2848 ἓ
1052 2795 1182 2862 Quia
1214 2794 1496 2865 Egyptios
1523 2810 1628 2848 non
1649 2794 1782 2848 ultra
1809 2809 1922 2849 tne-

336 2889 586 2955 tuebant,
639 2888 960 2958 Babylonios
1005 2904 1133 2941 vero
1163 2887 1337 2941 adlmc
1390 2887 1686 2941 tremebant
1742 2887 1916 2942 :illud

330 2981 473 3034 enim
501 2981 733 3048 priscum
764 2989 881 3035 erat
899 3021 912 3042 .
937 2981 1040 3034 hoc
1069 2996 1196 3034 vero
1236 2995 1424 3034 recens
1447 3019 1463 3047 ,
1510 2989 1564 3033 ct
1593 2980 1749 3048 paulo
1792 2988 1917 3034 ante

331 3082 578 3139 gestum;
611 3080 771 3140 atque
801 3071 928 3127 illuc
957 3087 1062 3126 non
1109 3071 1178 3125 ob
1209 3080 1427 3140 peccata
1473 3069 1689 3126 deducti
1718 3079 1876 3126 erant
1897 3113 1912 3136 ,

330 3165 466 3218 istuc
507 3177 635 3218 vero
677 3165 942 3218 scelerum
965 3177 1124 3217 causa
1158 3162 1400 3218 translati
1427 3162 1658 3218 fuerant.
1699 3162 1756 3218 Si
1785 3163 1907 3231 quis

331 3271 463 3309 vero
494 3256 768 3312 nominum
792 3256 1286 3324 interpretationem
1309 3255 1528 3324 aggredi
1571 3255 1737 3320 velit,
1771 3257 1912 3310 mul-

327 3355 433 3400 tam
467 3347 537 3400 ibi
565 3348 797 3416 reperiet
821 3345 1131 3416 speculandi
1176 3347 1454 3400 materiam
1481 3388 1497 3412 ,
1531 3362 1651 3416 qua:
1676 3346 1739 3400 ad
1780 3346 1912 3401 Novi

325 3437 651 3492 Testamenti
676 3437 1080 3506 intellig-entiam
1108 3437 1338 3491 maxime
1371 3435 1648 3502 conferat;
1681 3437 1912 3506 exempli

323 3542 481 3582 causa
505 3544 573 3582 ex
608 3528 915 3583 nominibus
955 3528 1242 3583 Ahrahami
1274 3569 1290 3592 ,
1315 3527 1521 3591 Jacobi,
1557 3526 1866 3582 Salomonis
1890 3568 1907 3594 ,

323 3619 666 3674 Zurobahelis
695 3638 708 3674 :
743 3636 848 3673 non
881 3621 1024 3674 enim
1053 3629 1255 3676 temere
1281 3620 1396 3674 hate
1435 3619 1538 3673 illis
1582 3620 1796 3674 nomina
1821 3619 1903 3672 in-

321 3711 430 3765 dita
462 3719 602 3764 sunt.
629 3711 736 3766 Sed
765 3727 832 3765 nc
872 3711 1081 3779 longius
1106 3719 1452 3765 excurrentes
1495 3709 1794 3765 molestiam
1823 3711 1910 3765 in-

323 3801 577 3865 feramus,
611 3801 790 3855 missis
820 3802 944 3866 illis,
973 3801 1040 3854 ad
1067 3801 1233 3871 magis
1261 3801 1563 3855 necessaria
1607 3801 1903 3856 veniamus.

319 3894 452 3945 Cum
487 3893 666 3961 itaque
717 3892 1085 3960 progenitores
1109 3907 1298 3946 omnes
1324 3900 1694 3946 emtmerasset
1715 3932 1730 3955 ,
1755 3899 1810 3946 et
1854 3892 1907 3946 in

317 3983 609 4050 .losephum
632 3982 898 4046 desiisset,
925 3999 1030 4036 non
1061 3982 1148 4037 hic
1165 3983 1332 4048 stetit,
1358 3982 1452 4038 sed
1471 3982 1696 4047 addidit,
1711 3982 1906 4052 Joseplt

315 4075 483 4126 uirum
503 4072 686 4128 Maria:
711 4089 730 4128 :
756 4074 1046 4129 ostendens
1073 4089 1134 4128 se
1159 4083 1378 4144 propter
1399 4074 1544 4128 illam
1563 4074 1681 4144 ejus
1704 4090 1902 4145 genea-

317 4165 515 4233 logiam
554 4165 793 4219 duxisse.
825 4165 1027 4220 Deinde
1072 4180 1140 4219 ne
1170 4166 1394 4220 audiens
1416 4207 1432 4231 ,
1477 4164 1652 4220 Virum
1675 4164 1862 4221 Maria
1882 4208 1899 4234 ,

307 4264 534 4322 putares
559 4255 828 4308 communi
859 4265 1060 4308 natum
1090 4256 1206 4323 lege
1235 4256 1508 4310 Christum
1541 4265 1722 4311 natum
1751 4272 1895 4314 esse:

291 4345 680 4397 animadverte
700 4343 967 4412 quomodo
993 4359 1055 4397 ea
1076 4342 1235 4397 addat
1258 4359 1378 4413 qua:
1403 4346 1710 4412 opinionem
1740 4348 1895 4403 istam

313 4437 604 4503 corrigunt.
641 4435 871 4500 Audisti,
907 4435 1116 4502 inquit,
1147 4435 1359 4498 virum,
1401 4436 1594 4489 audisti
1625 4447 1848 4493 matrem
1879 4479 1896 4506 ,

312 4526 506 4580 audisti
534 4540 728 4580 nomen
762 4540 928 4593 puero
956 4525 1164 4588 datam;
1196 4524 1317 4578 audi
1351 4523 1511 4578 etiam
1536 4529 1896 4594 generationis

313 4615 552 4671 nmdum.
595 4615 682 4670 l8.
729 4613 858 4667 Iesu
901 4613 1089 4668 Christi
1135 4623 1307 4668 autent
1351 4616 1608 4684 generatio
1653 4617 1727 4670 sic
1763 4627 1892 4671 erat.

310 4709 478 4772 Quam
507 4707 656 4768 mihi,
697 4721 900 4776 quceso,
933 4705 1333 4774 generationem
1366 4707 1579 4760 narras?
1609 4723 1732 4761 nam
1761 4725 1888 4776 pro-

308 4804 576 4871 genitores
602 4799 718 4869 ejus
737 4799 848 4868 jam
881 4798 1085 4854 dixisti.
1110 4799 1180 4852 At
1203 4798 1324 4851 volo
1343 4799 1504 4852 etiam
1524 4801 1888 4866 generationis

308 4891 524 4944 inodum
573 4906 860 4958 expone-re.
897 4889 1080 4944 Viden‘
1116 4888 1386 4957 quonme
1411 4888 1709 4944 auditorem
1735 4892 1887 4948 exci-

303 4970 517 5022 laverit?
532 4968 666 5024 Nam
689 4975 837 5039 quasi
857 4976 984 5029 novi
996 4977 1266 5047 quidpiam
1289 4977 1554 5044 dicturus,
1579 4993 1638 5034 se
1661 4979 1875 5035 modum

297 5074 513 5127 quoque
560 5061 943 5129 explicaturum
991 5069 1270 5150 promittit.
1302 5070 1366 5124 Et
1393 5069 1517 5124 vide
1555 5071 1686 5125 mihi
1732 5071 1880 5142 opti-

299 5166 440 5204 mam
465 5151 731 5206 dictorum
778 5160 1238 5224 consequentiam.
1262 5159 1380 5215 Non
1422 5161 1565 5218 enim
1607 5163 1786 5216 statim
1813 5163 1880 5217 ad

296 5242 704 5308 generationem
729 5246 876 5299 venit
907 5262 922 5298 :
952 5247 1045 5300 sed
1077 5265 1173 5303 nos
1195 5252 1421 5318 primum
1452 5253 1657 5317 edocet,
1686 5264 1882 5324 qtmtus

295 5341 440 5385 esset
462 5334 531 5388 ab
559 5335 864 5388 Abrahamo
887 5377 902 5401 ,
931 5347 1126 5405 quotus
1169 5355 1200 5393 a
1232 5341 1431 5395 Davide
1457 5354 1510 5397 et
1552 5360 1582 5397 a
1615 5343 1869 5398 transmi-

297 5421 539 5487 gratione
567 5422 873 5493 Babylonis,
899 5435 952 5478 et
974 5425 1283 5495 diligentem
1311 5431 1606 5488 auditorem
1635 5448 1732 5502 per
1761 5433 1877 5488 hac

296 5509 362 5564 ad
389 5520 686 5578 temporum
703 5519 1156 5581 cimiputationem
1188 5518 1393 5576 invitat.
1424 5523 1716 5579 ostendens
1740 5523 1880 5577 hunc

295 5613 417 5652 esse
443 5599 714 5655 Christum
744 5618 773 5656 a
819 5605 1096 5674 prophetis
1143 5607 1508 5676 prindicatum.
1559 5608 1688 5664 Cum
1735 5615 1878 5673 enim

299 5694 668 5754 generationes
699 5699 1096 5764 numeraveris,
1126 5708 1288 5766 atque
1333 5715 1399 5754 cx
1443 5703 1695 5771 temporis
1728 5717 1877 5757 com-

2060 505 2332 570 putatione
2359 505 2612 565 didiceris
2635 511 2886 567 eumdem
2919 512 3096 583 ipsum
3119 529 3240 570 esse
3263 557 3277 583 ,
3311 515 3470 572 facile
3489 521 3639 573 exei-

2053 595 2168 664 pics
2211 597 2526 652 miraculum
2573 599 2626 654 in
2655 600 2774 669 ejus
2817 610 2939 657 ortu
2979 613 3264 672 patratum.
3311 607 3447 674 Quia
3494 611 3638 663 enim

2051 700 2300 755 magnum
2329 688 2603 758 quidpiam
2633 691 2950 761 loquuturus
2978 703 3114 760 erat,
3155 696 3297 766 quod
3324 713 3390 752 ex
3414 698 3637 769 Virgine

2049 785 2206 830 natus
2227 787 2386 841 esset,
2414 779 2722 850 priusquam
2747 791 2959 853 tempus
2978 795 3254 856 commtet
3271 828 3286 851 ,
3307 787 3637 847 subobscure

2049 864 2306 934 loquitur,
2340 866 2519 923 Virum
2545 869 2728 926 Maria:
2753 872 2938 928 dicens
2963 914 2980 941 ,
3011 875 3140 944 quin
3179 886 3235 932 et
3261 882 3626 948 generationis

2046 957 2244 1012 seriem
2269 959 2558 1017 intersecat
2589 980 2604 1017 :
2638 963 2962 1036 insuperque
2987 983 3156 1022 annos
3183 979 3504 1038 enumerat,
3529 973 3626 1028 ad-

2045 1062 2270 1104 monens
2307 1049 2636 1120 auditorem,
2660 1053 2800 1109 hunc
2821 1055 2994 1124 ipsum
3025 1071 3146 1113 esse
3169 1099 3184 1123 ,
3211 1075 3372 1128 quem
3405 1064 3632 1130 patriar-

2040 1136 2142 1190 cha
2156 1136 2322 1194 Jacob
2341 1139 2493 1208 (Gen.
2515 1142 2605 1198 49.
2635 1143 2746 1216 £0),
2773 1143 3140 1202 deﬁcientibus
3164 1149 3378 1207 demum
3396 1151 3631 1208 Judaicis

2043 1228 2389 1298 principibus,
2427 1231 2728 1289 adiuturum
2763 1234 2934 1291 dixit:
2958 1253 3118 1308 quem
3161 1242 3418 1310 propheta
3442 1244 3624 1300 Daniel

2041 1318 2210 1390 (Cap.
2241 1321 2295 1376 9.
2327 1338 2375 1376 υ.
2406 1323 2478 1379 25
2499 1354 2524 1365 -
2550 1325 2660 1398 27)
2699 1336 2819 1398 post
2847 1329 3038 1384 multas
3093 1331 3209 1386 illas
3258 1332 3620 1391 hebdomadas

2037 1421 2323 1467 venturum
2381 1429 2504 1470 esse
2565 1419 2830 1487 praedixit.
2897 1420 2951 1475 Si
3001 1421 3123 1490 quis
3172 1431 3349 1478 autem
3401 1427 3628 1481 voluerit

2036 1517 2207 1558 anxios
2235 1505 2354 1558 illos
2392 1521 2490 1575 per
2526 1507 2982 1566 hebdomadarum
3019 1527 3298 1568 numerum
3328 1515 3402 1569 ab
3425 1518 3616 1586 angelo

2037 1595 2239 1651 Danieli
2269 1597 2440 1653 dictos
2462 1640 2478 1665 ,
2521 1600 2588 1655 ab
2611 1601 2968 1658 aediﬁcatione
2991 1603 3140 1659 urbis
3163 1620 3484 1662 enumerans
3505 1649 3520 1672 ,
3553 1611 3606 1664 in

2035 1684 2205 1753 ipsius
2229 1697 2404 1742 ortum
2434 1688 2765 1747 descendere
2791 1733 2806 1758 ,
2827 1690 2830 1692 ’
2853 1692 2970 1748 hate
3015 1709 3138 1748 cum
3171 1696 3275 1750 illis
3298 1700 3605 1755 con-sentire

2032 1776 2420 1846 deprehendet.
2452 1781 2545 1836 Dic
2568 1798 2698 1852 ergo
2723 1785 2993 1853 quomodo
3020 1795 3176 1841 natus
3198 1789 3269 1842 sit
3295 1805 3308 1841 :
3333 1786 3460 1842 Cum
3479 1801 3609 1844 esset

2032 1870 2344 1938 desponsata
2371 1881 2533 1925 mater
2549 1874 2662 1943 ejus
2688 1873 2878 1928 Maria.
2912 1876 3028 1931 Non
3056 1877 3224 1943 dixit,
3269 1879 3430 1949 Virgo
3454 1921 3469 1947 ,
3511 1883 3609 1936 sed

2030 1961 2345 2028 simpliciter
2367 2003 2384 2028 ,
2441 1962 2630 2031 Mater,
2659 1975 2717 2020 ut
2741 1981 2923 2021 sermo
2961 1968 3114 2023 facile
3138 1981 3442 2039 caperetur.
3477 1971 3602 2026 Ideo

2025 2065 2146 2104 cum
2180 2053 2700 2125 prius-praeparasset
2725 2059 3020 2115 auditorem
3050 2061 3116 2115 ad
3145 2064 3341 2133 aliquid
3389 2080 3598 2134 eorum,

2025 2159 2144 2212 quas
2172 2161 2235 2199 ex
2268 2161 2418 2202 more
2461 2151 2710 2216 veniunt,
2737 2153 3060 2208 audiendum
3085 2195 3102 2221 ,
3145 2163 3201 2210 et
3244 2158 3295 2210 in
3337 2157 3437 2213 hac
3461 2159 3608 2228 cogi-

2027 2235 2225 2290 tatione
2252 2237 2603 2298 retinuisset.
2635 2251 2759 2295 tunc
2786 2244 3043 2311 percellit,
3090 2260 3204 2300 rem
3235 2246 3599 2302 admirandam

2022 2324 2352 2394 subjungens
2383 2326 2466 2381 his
2493 2329 2668 2384 verbis
2697 2347 2712 2383 :
2745 2332 3024 2402 Antequam
3043 2335 3382 2402 convenirent,
3407 2337 3606 2392 inventa

2019 2426 2092 2468 cst
2117 2418 2170 2470 in
2187 2427 2328 2471 utero
2352 2419 2542 2474 habens
2568 2423 2631 2476 de
2667 2422 2868 2491 Spiritu
2889 2435 3084 2480 sancto.
3113 2427 3226 2481 Non
3257 2427 3410 2496 dixit,
3440 2431 3604 2486 Ante-

2025 2532 2182 2588 quam
2205 2517 2490 2574 duceretnr
2523 2519 2575 2573 in
2621 2520 2838 2576 domum
2866 2525 3046 2592 sponsi
3078 2542 3093 2579 :
3136 2525 3277 2580 intus
3311 2527 3454 2582 enim
3492 2527 3604 2596 jam

2022 2620 2158 2665 erat.
2177 2609 2313 2666 Nam
2337 2626 2456 2665 mos
2486 2611 2674 2680 priscis
2700 2622 2814 2668 erat
2841 2629 3066 2684 sponsas
3094 2625 3147 2670 ut
3177 2617 3460 2686 plurimum
3484 2619 3586 2673 do-

2023 2703 2095 2756 mi
2123 2712 2305 2758 tenere
2327 2743 2342 2767 ,
2390 2703 2499 2758 imo
2526 2705 2854 2758 etiamnunc
2889 2705 2940 2759 id
2976 2705 3155 2760 videre
3195 2718 3280 2762 est
3322 2725 3338 2764 :
3382 2719 3437 2763 et
3479 2708 3598 2763 Loti

2018 2793 2200 2862 generi
2231 2808 2354 2848 cum
2398 2794 2513 2861 ipso
2543 2792 2871 2851 habitabant.
2899 2795 3180 2853 Habitabat
3231 2813 3361 2868 ergo
3388 2809 3444 2854 et
3484 2799 3598 2870 ipsa

2020 2899 2138 2941 cum
2166 2884 2426 2955 Joscpho.

2093 3053 2160 3130 5.¹
2196 3052 2301 3108 Cur
2329 3051 2498 3108 Maria
2540 3068 2641 3106 non
2665 3060 2782 3106 ante
2805 3051 3063 3123 sponsalia
3100 3053 3401 3122 conceperit.
3429 3052 3602 3121 Spiri-

2018 3151 2096 3197 tus
2122 3143 2346 3213 Operatio
2373 3144 2426 3197 in
2455 3141 2661 3214 Virgine
2679 3161 2780 3196 non
2807 3142 3135 3212 exploranda.
3158 3173 3228 3182 —
3245 3144 3348 3197 Sed
3371 3159 3468 3198 cur
3491 3160 3596 3200 non

1988 3243 2140 3289 ante
2193 3234 2460 3303 sponsalia
2509 3235 2803 3302 concepit?
2830 3233 2916 3298 Ut,
2959 3232 3405 3301 quemadmodum
3447 3233 3579 3299 dixi,

2017 3338 2104 3376 res
2133 3325 2510 3387 occultaretur,
2539 3332 2595 3378 et
2624 3333 2682 3378 ut
2711 3323 2876 3393 Virgo
2913 3338 3130 3393 pravam
3175 3338 3388 3377 omnem
3417 3328 3597 3393 suspi-

2013 3417 2219 3472 cionem
2247 3417 2525 3487 ell'ugeret.
2564 3417 2787 3485 Quando
2828 3417 2970 3471 enim
3015 3417 3122 3479 ille,
3167 3417 3256 3485 qui
3284 3417 3406 3486 plus
3433 3432 3592 3486 quam

2013 3523 2198 3562 omnes
2239 3509 2499 3578 zelotypia
2532 3509 2726 3578 corripi
2756 3515 2984 3577 poterat,
3029 3507 3314 3562 videbatur
3338 3523 3455 3562 eam
3488 3524 3592 3562 non

2015 3599 2175 3653 modo
2206 3614 2310 3652 non
2343 3599 2625 3654 traducere
2649 3641 2664 3664 ,
2697 3614 2795 3654 nec
2839 3598 3160 3654 iuhonorare
3184 3639 3201 3666 ,
3227 3599 3321 3654 sed
3349 3601 3510 3654 etiam
3539 3604 3592 3654 in

2011 3691 2338 3743 consortium
2385 3691 2646 3758 accipere,
2697 3690 2900 3758 ipsique
2929 3690 3231 3744 lninistrare
3273 3693 3589 3760 praegnanti,

2011 3780 2184 3847 palam
2216 3789 2296 3833 est
2325 3794 2444 3834 eum
2478 3794 2582 3833 non
2611 3780 2687 3834 sic
2717 3779 3001 3846 facturum,
3036 3779 3134 3833 nisi
3159 3794 3465 3848 persuasum
3499 3781 3591 3832 ha-

2008 3870 2208 3924 buisset
2253 3886 2370 3925 eam
2417 3887 2480 3925 ex
2509 3872 2706 3940 Spiritu
2751 3881 2935 3925 sancto
2973 3872 3324 3940 concepisse;
3356 3873 3588 3940 aliOquin

2007 3961 2147 4014 illaut
2197 3977 2295 4017 nec
2339 3963 2478 4031 apud
2521 3977 2580 4018 se
2625 3963 2955 4027 retinuisset,
2987 3976 3085 4016 nec
3115 3962 3167 4015 in
3195 3962 3314 4016 aliis
3354 3977 3454 4017 suo
3483 3964 3586 4016 mi-

2006 4052 2226 4105 nisterio
2255 4053 2502 4124 dignatus
2527 4063 2691 4108 esset.
2724 4051 2980 4122 Apposite
3021 4061 3199 4106 autem
3237 4062 3291 4106 et
3333 4053 3460 4106 illud
3501 4053 3586 4106 ad-

2000 4142 2156 4212 jecit,
2191 4142 2406 4198 Inventa
2435 4155 2507 4198 est
2537 4145 2590 4197 in
2630 4153 2772 4197 utero
2801 4143 3030 4208 habens;
3063 4143 3114 4197 id
3145 4142 3286 4212 quod
3314 4144 3416 4197 dici
3449 4145 3586 4198 solet

2003 4233 2053 4286 in
2098 4235 2256 4287 rebus
2285 4235 2582 4303 stupendis,
2633 4249 2752 4303 qua:
2796 4243 2994 4302 praeter
3034 4247 3182 4301 spem
3228 4242 3281 4286 et
3310 4244 3586 4302 exspecta-

2001 4325 2200 4379 tionem
2248 4341 2462 4380 omnem
2507 4327 2775 4380 accidunt.
2821 4325 2900 4380 Nc
2943 4327 3100 4396 igitur
3127 4327 3261 4380 ultra
3302 4328 3581 4395 procedas,

2001 4433 2067 4471 ne
2097 4417 2222 4486 quid
2250 4434 2458 4487 quaeras
2490 4419 2623 4472 ultra
2651 4435 2712 4473 ea
2741 4434 2860 4489 quae
2885 4420 3023 4473 dicta
3053 4429 3197 4479 sunt.
3228 4435 3404 4489 neque
3431 4419 3582 4474 dixe-

1997 4512 2092 4575 ris,
2122 4512 2398 4577 Quomodo
2420 4512 2651 4579 Spiritus
2673 4522 2888 4566 sauctus
2914 4512 2964 4566 id
2991 4528 3053 4565 ex
3083 4511 3300 4582 Virgine
3328 4520 3580 4580 operatus

1987 4615 2062 4658 est
2092 4604 2116 4657 1’
2145 4604 2200 4658 Si
2238 4604 2378 4657 enim
2407 4614 2591 4658 natura
2622 4616 2878 4674 operante
2903 4620 3062 4660 nemo
3094 4613 3266 4674 potest
3296 4604 3565 4658 formatio-

1945 4722 1951 4726 -
1989 4696 2070 4749 nis
2110 4695 2325 4749 modum
2370 4695 2637 4765 explicare
2661 4738 2677 4757 ,
2709 4696 2978 4766 quomodo
3007 4696 3208 4766 Spiritu
3259 4696 3575 4749 mirabiliter

1986 4797 2175 4858 agt-nte
2199 4829 2214 4853 ,
2262 4788 2554 4856 poterimus
2597 4788 2710 4843 haec
2755 4790 3040 4857 explanare
3063 4790 3088 4840 ἲ
3120 4787 3195 4842 Ne
3224 4789 3365 4842 enim
3409 4804 3572 4842 cvan-

1985 4880 2228 4947 gelistam
2257 4894 2481 4933 vexares
2509 4887 2564 4934 et
2589 4879 2908 4948 importunis
2935 4880 3320 4950 quaestionibus
3341 4878 3574 4944 exagi'a-

1986 4986 2092 5035 res,
2121 4972 2233 5037 ipse
2250 4972 2528 5026 enuntiato
2551 4971 2790 5025 miraculi
2821 4981 3041 5025 auctore
3067 4987 3186 5024 sese
3217 4970 3300 5023 his
3325 4972 3573 5024 omnibus

1986 5061 2246 5116 liberavit.
2283 5061 2420 5117 Nihil
2469 5063 2603 5116 ultra
2633 5063 2766 5129 scio,
2801 5063 2998 5132 inquit,
3034 5063 3134 5115 nisi
3167 5062 3268 5116 hoc
3303 5075 3332 5114 a
3363 5061 3567 5130 Spiritu

1983 5150 2179 5205 {aetum
2211 5167 2357 5207 esse.
2395 5153 2724 5207 Erubeseant
2755 5152 2787 5205 ii
2833 5154 2921 5221 qui
2955 5167 3239 5222 supernam
3269 5152 3570 5220 generatio.

1984 5257 2106 5295 nem
2137 5243 2404 5298 curiosius
2428 5245 2729 5313 explorant.
2756 5243 2810 5298 Si
2841 5244 2982 5298 enim
3019 5245 3153 5296 hanc
3179 5259 3298 5312 qua:
3325 5244 3568 5296 innume-

1982 5334 2056 5387 ris
2076 5335 2298 5390 testibus
2323 5335 2644 5394 celebratur,
2671 5345 2725 5388 et
2744 5344 2867 5388 ante
2892 5345 2968 5390 tot
2997 5334 3190 5388 smcula
3219 5335 3569 5403 pnenuntiata

1981 5424 2154 5478 fuerat
2181 5442 2299 5494 qua‘.
2325 5435 2378 5480 et
2397 5427 2568 5480 oculis
2594 5437 2647 5478 et
2675 5426 2839 5478 tactni
2892 5428 3072 5494 pervia
3113 5424 3239 5489 fuit,
3282 5439 3441 5478 nemo
3469 5439 3567 5493 po-

1982 5525 2086 5571 test
2109 5519 2422 5587 explicare:
2457 5521 2510 5572 in
2560 5535 2720 5587 quem
2753 5536 2856 5572 non
2904 5519 3122 5572 insaniae
3162 5518 3431 5573 cumulum
3472 5518 3567 5570 de-

1979 5608 2202 5662 veniunt
2232 5609 2288 5675 ii,
2328 5610 2422 5678 qui
2466 5624 2714 5662 arcanam
2761 5610 2902 5663 illam
2951 5625 3164 5662 curiose
3188 5618 3488 5663 scrutantur
3516 5617 3568 5661 rt

1979 5700 2310 5769 esplorant‘l
2354 5702 2539 5772 Neque
2584 5702 2728 5758 enim
2776 5701 3028 5769 Gabriel,
3075 5716 3249 5771 neque
3285 5701 3565 5756 Matthwus
