4066 6476
502 354 562 430 Li
1642 374 1708 430 IN
1745 373 2161 431 mnu/1w.“
2227 375 2449 433 HOMIL.
2496 377 2583 434 Iv.

513 497 738 566 δρόμου,
769 498 864 552 καί
891 499 1052 554 πάλιν
1083 500 1422 574 ἀνεχαίτισεν
1463 505 1543 568 είς
1574 504 1644 559 τά
1665 506 1860 561 ὀπίσω.
1891 506 2019 561 Ἴδοι
2041 507 2089 563 δ’

3689 392 3761 447 ιε

2177 499 2310 553 οὐδὲ
2344 502 2454 572 γὰρ
2486 503 2687 562 εὐθέως
2725 508 2818 559 ἐπὶ
2848 507 2948 578 τὴν
2985 509 3237 579 γέννησιν
3268 505 3450 580 ἦλθεν,
3479 509 3592 564 ἀλλ’
3621 512 3748 566 ἀνα-

515 593 581 646 ἄν
613 606 699 652 τις
724 589 885 643 τοῦτο
917 592 960 624 ⁷⁷
998 593 1087 650 καὶ
1106 594 1193 663 ἐφ’
1227 595 1384 666 ἡμῶν
1415 597 1800 667 γεγενημένον.
1837 599 1947 651 Καὶ
1979 597 2090 669 γάρ
2175 593 2480 664 μιμνήσκει
2501 597 2710 664 πρῶτον
2733 599 2899 668 ἡμᾶς.
2920 603 3116 662 πόστος
3136 595 3205 671 ἦν
3224 601 3333 654 ἀπὸ
3351 600 3444 654 τοῦ
3473 602 3742 672 Ἀϐραὰμ,

510 682 603 736 καὶ
634 681 692 732 ἐν
723 683 786 750 τῇ
815 683 977 751 γενεᾷ
998 686 1062 752 τῇ
1094 684 1356 754 ἡμετέρᾳ,
1392 684 1484 736 ἐπὶ
1511 683 1604 736 τοῦ
1630 683 1838 747 πάντας
1863 683 2088 754 ἀσεϐείᾳ
2175 683 2371 748 πόστος
2401 686 2509 739 ἀπὸ
2537 687 2631 740 τοῦ
2659 689 2842 752 Δαιίἱδ,
2872 691 2978 743 ἀπὸ
2998 693 3044 724 ⁸³
3072 692 3171 761 τῆς
3201 691 3542 762 μετοικεσίας
3567 692 3744 744 Βαϐυ-

506 771 828 842 νικήσαντος
877 773 1183 836 Ἰουλιανοῦ,
1220 773 1391 826 πολλὰ
1425 774 1519 826 καὶ
1552 773 1831 845 παράδοξα
1865 774 2084 843 συνέϐη.

505 863 616 914 Καὶ
671 862 781 933 γὰρ
835 865 944 916 τῶν
993 865 1256 918 Ἰουδαίων
1299 865 1390 918 τὸν
1429 867 1487 919 ἐν
1523 866 1914 937 Ἰεροσολύμοις
1957 868 2084 921 ναδν

499 955 810 1026 ἀναστῆσαι
842 957 1284 1030 ἐπιχειρούντων,
1322 958 1434 1029 πῦρ
1469 959 1580 1011 τῶν
1617 960 1880 1029 θεμελίων
1907 963 2082 1031 ἐκπη-

497 1047 669 1117 δῆσαν
698 1049 744 1080 ⁷⁸
767 1048 1012 1112 ἅπαντας
1029 1048 1342 1103 διεκώλυσεο
1370 1051 1465 1104 καί
1485 1050 1574 1103 ὅτε
1602 1051 1696 1104 ἐπὶ
1724 1052 1793 1105 τὰ
1821 1052 1988 1123 σκεύη
2015 1053 2082 1106 τά

498 1140 621 1209 ἱερὰ
650 1139 747 1210 τὴν
780 1140 947 1195 αὑτοῦ
985 1142 1267 1212 παροινίαν
1292 1144 1340 1182 1’
1371 1143 1680 1209 ἐπεδείξατο
1707 1144 1736 1196 6
1762 1160 1823 1196 τε
1853 1146 2074 1213 ταμίας,

495 1232 532 1285 δ.
544 1249 598 1284 τε
626 1232 767 1295 θεῖος
789 1233 883 1286 καὶ
905 1233 1192 1304 ὁμώνυμος
1214 1234 1442 1300 ἐκείνου,
1464 1237 1493 1288 6
1515 1235 1613 1304 μὲν
1635 1237 2077 1307 σκοληκόϐρωτος

496 1322 782 1390 γενόμενος
807 1323 1083 1392 ἐξέψυξεν,
1109 1327 1138 1378 6
1161 1324 1218 1377 δέ
1243 1325 1461 1379 ἐλάκισε
1488 1326 1534 1358 ⁸⁸
1564 1327 1745 1397 μέσος
1773 1328 1949 1383 καὶτὸ
1975 1331 2075 1394 τὰς

494 1413 675 1480 πηγὰς
716 1412 772 1465 δέ
814 1413 1108 1479 ἐπιλιπεῖν,
1154 1414 1356 1468 θυσιῶν
1389 1417 1507 1469 ἐκεῖ
1538 1418 1866 1489 γενομένων,
1899 1419 1992 1472 καὶ
2027 1420 2070 1452 ⁸³

493 1507 608 1573 μετ’
638 1505 801 1558 αὐτοῦ
849 1506 942 1559 τοῦ
991 1507 1254 1578 βασιλέως
1301 1511 1392 1563 τὸν
1443 1509 1600 1581 λιμὸν
1635 1512 1716 1575 είς
1753 1511 1851 1576 τὰς
1887 1514 2071 1578 πόλεις

489 1598 872 1665 συνεμπεσεῖν,
899 1601 1124 1668 σημεῖον
1160 1601 1413 1669 μέγιστον
1445 1597 1533 1674 ἦν.

555 1685 622 1754 β’.
653 1687 808 1765 Ἔθος
834 1687 943 1756 γὰρ
963 1689 1188 1744 τοιαῦτα
1219 1696 1392 1744 ποιεῖν
1418 1693 1497 1764 τῷ
1533 1691 1671 1764 θεῷ·
1705 1696 1832 1750 ὅταν
1853 1697 2060 1771 αὐξηθῇ

483 1776 549 1828 τὰ
573 1776 738 1839 κακὰ,
757 1778 993 1843 καὶτοὺς
1024 1780 1123 1851 μὲν
1140 1782 1304 1836 αὑτοῦ
1335 1786 1705 1855 κακουμένους
1729 1787 1835 1860 ἴδῃ,
1851 1792 1975 1854 τοὺς
2003 1791 2060 1844 δὲ

478 1868 506 1919 ἐ
522 1867 757 1932 λαντίους
779 1870 983 1942 σφόδρα
1004 1873 1069 1944 τῇ
1091 1875 1214 1926 κατ’
1235 1875 1416 1927 αὐτῶν
1439 1877 1713 1947 τυραννίδι
1736 1879 2057 1950 μεθύοντας,

472 1971 505 2007 τ
525 1959 601 2010 Ξτε
629 1959 728 2028 τὴν
760 1961 968 2015 οἰκείαν
1006 1963 1407 2020 ἐπιδείκνυσθαι
1436 1968 1770 2027 δυναστείαν·
1804 1973 1834 2025 ὃ
1868 1975 1962 2027 καί⁷
1999 1977 2058 2028 ἐν

479 2047 698 2118 Περσίδι
729 2049 1028 2121 πεποίηκεν
1073 2053 1302 2108 ἐπὶτῶν
1338 2056 1626 2114 Ἰουδαίων.
1662 2061 1784 2112 Ὅτι
1823 2061 1921 2131 μὲν
1962 2057 2056 2115 οὖν

475 2140 571 2205 ο)χ
597 2139 780 2205 ἁπλῶς
808 2142 929 2196 οὐδὲ
949 2143 1025 2208 ὡς
1053 2144 1210 2216 ἔτυχε
1232 2147 1419 2206 ποιῶν.
1439 2150 1518 2211 είς
1538 2152 1686 2220 τρεῖς
1713 2153 1909 2224 μοίρας
1929 2156 2055 2218 τοὺς

482 2230 774 2299 προγόνους
799 2231 1034 2304 διένειμε
1063 2235 1156 2289 τοῦ
1190 2237 1448 2306 Χριστοῦ,
1475 2239 1630 2312 δῆλον
1666 2241 1731 2294 ἐκ
1755 2243 1863 2296 τῶν
1899 2246 2052 2316 εἰρη-

479 2317 675 2386 μένων.
702 2321 900 2376 Σκόπει
931 2323 988 2377 δὲ
1013 2327 1108 2379 καὶ
1131 2327 1292 2382 πόθεν
1315 2331 1561 2400 ἄρχεται,
1597 2336 1692 2389 καὶ
1722 2341 1822 2390 ποῦ
1861 2337 2047 2390 τελευ-

481 2410 565 2478 τᾷ·
601 2410 731 2464 Ἀπὸ
759 2411 852 2466 τοῦ
894 2413 1139 2486 Ἀϐραὰμ
1168 2420 1248 2482 εἰς
1280 2420 1372 2474 τὸν
1402 2424 1585 2477 Δαυῖδ⁴
1620 2426 1730 2478 ἀπὸ
1753 2425 1846 2480 τοῦ
1882 2427 2047 2482 Δαυῗδ

477 2500 556 2562 είς
593 2501 691 2571 τὴν
720 2505 1062 2572 μετοικεσίαν
1097 2507 1432 2574 Βαϐυλῶνος·
1471 2514 1578 2567 ἀπὸ
1601 2515 1804 2587 ταύτης
1838 2519 1917 2581 εἰς
1949 2520 2046 2571 αὕ-

475 2590 564 2642 τὸν
595 2589 687 2644 τὸν
714 2593 966 2663 Χριστόν.
994 2598 1103 2650 Καὶ
1129 2599 1237 2670 γὰρ
1259 2600 1352 2654 καὶ
1380 2604 1677 2674 ἀρχόμενος
1698 2608 1824 2670 τοὺς
1846 2609 1940 2662 δύο
1964 2609 2044 2663 τέ·

474 2680 653 2735 θεικεν
696 2685 912 2756 ἐφεξῆς,
953 2688 1043 2741 τόν
1084 2706 1144 2743 τε
1187 2692 1348 2746 Δαυῒδ
1389 2696 1483 2748 καὶ
1518 2696 1612 2750 τὸν
1638 2697 1909 2770 Ἀϐραὰμ,
1946 2701 2043 2754 καὶ

472 2771 869 2840 ἀνακεφαλαιού
878 2792 1036 2844 μενος
1058 2779 1380 2854 ἀμφοτέρων
1399 2784 1799 2855 ἐμνημόνευσεν
1819 2787 2038 2856 ὁμοίως.

472 2862 582 2914 Καὶ
629 2864 755 2934 γὰρ,
788 2866 922 2938 ὅπερ
959 2867 1129 2940 ἔφθην
1172 2872 1361 2940 εἰπὼν,
1405 2876 1541 2946 πρὸς
1578 2879 1772 2942 αὐτοὺς
1809 2874 1948 2950 ἦσαν
1985 2882 2040 2934 αἱ

470 2952 795 3021 ἐπαγγελίαι
825 2961 1208 3043 γεγενημέναι.
1244 2963 1308 3016 Τί
1339 2965 1535 3036 δήποτε
1575 2967 1651 3034 δέ,
1689 2968 1878 3042 ῶσπερ
1925 2969 2037 3043 [48]

469 3039 569 3109 τῆς
611 3036 1305 3116 μετοικεσίαςΒαϐυλῶνος
1348 3055 1615 3126 ἐμνήσθη,
1659 3056 1759 3110 οὐκ
1795 3036 2038 3130 ἐμνήσθη

469 3131 565 3184 καὶ
588 3134 687 3203 τῆς
715 3135 936 3190 καθόδου
960 3139 1058 3208 τῆς
1086 3142 1164 3204 εἰς
1185 3143 1455 3211 Αἴγυπτον
1479 3161 1494 3210 ;
1527 3146 1647 3199 ’Ότι
1672 3148 1912 3211 ἐκείνους
1940 3150 2040 3220 μὲν

469 3222 650 3276 οὐκέτι
680 3225 1033 3291 ἐδεδοίκεσαν,
1082 3231 1302 3295 τούτους
1347 3232 1404 3286 δέ
1447 3233 1676 3306 ἔτρεμον
1711 3237 1810 3290 ἐτι·
1851 3239 1944 3292 καὶ
1978 3239 2040 3291 τὸ

473 3313 570 3382 μὲν
595 3315 818 3385 ἀρχαῖον
841 3312 930 3387 ἦν,
967 3317 1028 3372 τὺ
1063 3319 1119 3373 δὲ
1148 3322 1339 3393 νεαρὸν
1376 3324 1470 3376 καὶ
1495 3325 1621 3396 ἄρτι
1651 3328 2036 3398 γεγενημένον’

469 3404 630 3456 κάκεῖ
653 3406 752 3474 μὲν
776 3406 835 3459 οὐ
859 3408 927 3461 δι’
950 3410 1320 3482 ἁμαρτήματα
1346 3407 1772 3486 κατηνέχθησαν,
1803 3417 2037 3472 ἐνταῦθα

468 3491 526 3544 δὲ
567 3492 654 3547 διά
695 3497 1038 3568 παρανομίας
1077 3501 1480 3574 ἀπηνέχθησαν.
1509 3505 1572 3557 Εἰ
1604 3505 1661 3558 δέ
1688 3524 1771 3570 τις
1803 3507 1898 3563 καὶ
1927 3509 2038 3563 τῶν

467 3582 745 3654 ὀνομάτων
798 3589 978 3642 αὐτῶν
1037 3590 1138 3654 τὰς
1187 3592 1480 3664 ἑρμηνείας
1540 3597 1858 3666 μεταϐαλεῖν
1917 3600 2038 3655 ἐπι-

468 3679 759 3748 χειρήσειε,
788 3680 988 3753 πολλὴν
1016 3683 1236 3755 εὑρήσει
1270 3686 1363 3754 καὶ⁸
1391 3686 1641 3742 ἐντεῦθεν
1679 3691 1778 3761 τὴν
1809 3689 2040 3762 θεωρίαν

465 3765 649 3834 οὖσαν,
702 3773 794 3827 καί
848 3774 1059 3845 μεγάλα
1107 3777 1243 3848 πρὸς
1285 3779 1383 3850 τὴν
1427 3778 1629 3852 Καινὴν
1684 3783 2039 3839 συντελοῦσαν

467 3859 760 3932 Διαθήκην·
790 3856 922 3927 οἷον,
959 3863 1068 3917 ἀπὸ
1105 3865 1200 3918 τοῦ
1237 3865 1510 3938 Ἀϐραὰμ.
1543 3869 1652 3922 ἀπὸ
1686 3870 1780 3924 τοῦ
1822 3871 2036 3939 Ἰακὼϐ,

467 3949 573 4004 ἀπὸ
621 3950 716 4004 τοῦ
770 3952 1102 4024 Σολομῶνος,
1154 3956 1264 4012 ἀπὸ
1315 3958 1409 4012 τοῦ
1456 3961 1779 4032 Ζοροϐάϐελ·
1824 3967 1883 4019 οὐ
1928 3968 2038 4039 γὰρ

467 4038 649 4103 ἁπλῶς
670 4039 842 4094 ταῦτα
870 4042 1050 4108 αὐτοῖς
1083 4047 1362 4100 ἐπετίθετο
1392 4047 1460 4100 τά
1486 4049 1741 4118 ὀνόματα.
1785 4055 1924 4108 Ἀλλ’
1950 4038 2036 4109 ἵνα

467 4130 542 4199 μὴ
578 4129 820 4202 δόξωμεν
864 4132 998 4187 πολὺ
1035 4134 1210 4204 μῆκος
1248 4135 1525 4200 ποιοῦντες
1575 4139 1831 4212 ἐνοχλεῖν,
1863 4143 2037 4198 ταῦτα

464 4220 730 4290 παρέντες
765 4223 858 4277 ἐπὶ
895 4225 966 4276 τά
1001 4225 1394 4293 κατεπείγοντα
1431 4226 1618 4299 ἴωμεν.
1650 4230 1834 4286 Εἰπὼν
1859 4232 2036 4289 τοίνυν

462 4315 586 4375 τοὺς
637 4314 932 4385 προγόνους
971 4314 1235 4380 ἅπαντας,
1294 4318 1385 4371 καὶ
1441 4319 1768 4392 τελευτήσας
1818 4324 1898 4389 εἰς
1943 4325 2036 4380 τὸν

463 4403 691 4474 Ἰωσὴφ,
730 4406 830 4459 οὐκ
859 4405 986 4478 ἔστη
1036 4409 1197 4480 μέχρι
1238 4409 1450 4474 τούτου,
1495 4410 1630 4466 ἀλλὰ
1675 4413 2032 4485 προσέθηκεν·

474 4494 685 4565 Ἰωσὴφ
718 4496 823 4550 τὸν
845 4496 1033 4568 ἄνδρα
1066 4502 1315 4569 Μαρίας·
1348 4501 1560 4566 δεικνὺς
1600 4505 1680 4557 ὅτι
1715 4505 1783 4559 δι’
1821 4507 2034 4579 ἐκείνην

459 4584 553 4636 καί
608 4584 796 4639 τοῦτον
851 4587 1292 4661 ἐγενεαλόγησεν.
1349 4587 1483 4646 Εἶτα
1527 4594 1615 4647 ἵνα
1669 4595 1743 4665 μὴ
1797 4597 2036 4663 ἀκούσας

463 4675 677 4745 Ἄνδρα
703 4679 950 4747 Μαρίας,
982 4680 1060 4752 τῷ
1082 4682 1243 4753 κοινῷ
1277 4684 1505 4759 νομίσῃς
1529 4687 1779 4758 τετέχθαι
1806 4689 1906 4760 τῆς
1933 4690 2034 4760 φύ-

462 4784 598 4830 σεως
643 4769 812 4840 νόμῳ,
873 4773 1063 4825 σκόπει
1119 4773 1236 4838 πῶς
1293 4776 1426 4829 αὐτὸ
1463 4777 1766 4849 διορθοῦται
1807 4782 1872 4852 τῇ
1933 4783 2032 4835 ἐπ-

458 4863 661 4930 αγωγῇ.
701 4863 996 4926 ’Πκουσας,
1046 4866 1229 4936 φησὶν,
1284 4865 1471 4939 ἄνδρα,
1516 4871 1751 4941 ἤκουσας
1797 4874 2028 4946 μητέρα,

458 4951 695 5020 ήκουσας
739 4952 904 5024 ὄνομα
947 4954 1025 5026 τῷ
1062 4957 1260 5029 παιδίῳ
1304 4960 1478 5013 τεθέψ
1518 4961 1712 5016 οὐκοῦν
1741 4963 1903 5017 ἄκουε
1939 4966 2032 5018 καὶ
2093 5023 2098 5026 _

457 5042 547 5093 τδν
570 5044 768 5113 τρόπον
796 5046 894 5116 τῆς
925 5048 1248 5118 γεννήσεως.
1290 5049 1401 5106 Τοῦ
1433 5050 1502 5104 δὲ
1541 5051 1744 5119 Ἰησοῦ
1771 5055 2028 5121 Χριστοῦ

458 5133 496 5196 ἡ
538 5131 821 5200 γέννησις
850 5134 1036 5202 οὕτως
1069 5133 1166 5207 ἦν.
1203 5137 1368 5192 Ποίαν
1402 5157 1491 5209 μοι
1523 5141 1776 5212 γέννησιν
1815 5142 2025 5210 λέγεις;

458 5223 576 5276 εἰπὲ
607 5239 718 5294 μοι·
748 5224 990 5294 καίτοιγε
1026 5228 1152 5290 τοὺς
1182 5229 1479 5298 προγόνους
1499 5226 1678 5294 εἶπας.
1720 5231 1878 5284 Ἀλλά
1902 5232 2027 5301 βού-

458 5313 616 5384 λομαι
666 5316 760 5368 καὶ
807 5317 898 5368 τὸν
939 5317 1133 5387 τρόπον
1164 5319 1261 5392 τῆς
1303 5322 1607 5394 γεννήσεως
1648 5325 1842 5378 εἰπεῖν.
1874 5320 2027 5389 Εἶδες

458 5406 572 5469 πῶς
613 5404 928 5478 διανέστησε
965 5408 1056 5461 τὸν
1097 5409 1403 5482 ἀκροατήν;
1450 5413 1536 5479 Ὠς
1567 5414 1674 5484 γὰρ
1719 5413 1926 5484 μέλλων
1974 5433 2028 5469 τι

457 5499 766 5569 καινότερον
803 5502 967 5571 ἐρεῖν,
1014 5505 1399 5574 ἐπαγγέλλεται
1437 5512 1530 5564 καὶ
1573 5512 1664 5566 τόν
1693 5513 1890 5582 τρόπον
1931 5515 2022 5569 λέ-

455 5599 586 5646 γειν.
609 5593 721 5643 Καὶ
746 5594 936 5647 σκόπει
964 5597 1072 5648 τῶν
1097 5601 1403 5667 εἰρημένων
1422 5604 1740 5660 ἀκολουθίαν
1767 5606 2017 5676 ἀρίστην.

813 5763 952 5819 Add.
988 5766 1152 5819 πάλιν
1186 5766 1320 5824 Edd.

497 5763 542 5794 ’τ
571 5763 766 5837 actm]

434 5903 519 5958 s‘ic
549 5903 613 5959 ΑΖ
637 5907 820 5961 cmleri
855 5909 1060 5972 αὐτοῖς.

1455 5770 1498 5802 ⁷⁸
1531 5770 2043 5847 βοιίίςειε-ἀναπηδῆ
2052 5793 2172 5847 σαν.

428 5833 613 5929 ’,ί-καί]
642 5837 736 5929 καί.
753 5833 818 5918 τό
850 5835 1010 5925 Etld:
1067 5838 1112 5868 ⁸³
1136 5838 1270 5929 3.756]
1303 5841 1496 5929 210516;
1527 5843 1737 5929 dzo'nl).
1768 5842 1831 5929 .
2028 5833 2047 5900 ἆ

2151 5848 2270 5929 ἀπόΔ
2292 5847 2426 5929 Μρτ.
2447 5833 2606 5929 Πι,ςιι.“
2651 5846 2704 5929 ξυ
2728 5847 2850 5929 τήν]
2875 5849 2954 5929 ii;
2975 5847 3072 5929 τίη)
3095 5847 3248 5929 Cal).

1136 5907 1687 5989 “_éml£_nt6v=my_F.
1759 5913 1973 5989 ,δῖ-ἀπό]
2007 5916 2076 5989 τά
2105 5919 2310 5989 ἀπό-Α.
2338 5919 2377 5970 Β
2435 5917 2618 5971 καὶτὰ
2640 5912 2748 5970 ἀπό
2876 5907 2947 5971 Ἐξ
3013 5918 3061 5950 ⁸⁷
3093 5917 3414 5989 τούτῳῖεἰϐ
3443 5919 3506 5972 Α.
3530 5920 3588 5974 Β.
3621 5907 3685 5989 RQ

2170 773 2360 841 λῶνος,
2422 777 2515 829 καὶ
2579 777 2668 830 τὸν
2723 780 2920 849 ἀκριϐῆ
2967 781 3055 835 διὰ
3093 781 3295 834 τούτων
3345 780 3618 852 ἀκροατὴν
3663 781 3744 841 εἰς

2171 865 2414 930 ἐξέτασιν
2443 867 2699 936 ἐμϐάλλει
2728 871 2834 922 τῶν
2861 871 3085 942 χρόνων,
3114 870 3227 943 [49]
3251 871 3462 934 δεικνὺς
3489 871 3568 924 ὃτι
3588 865 3740 933 οὗτός

2170 957 2316 1011 ἐστιν
2349 958 2553 1020 ἐκεῖνος
2587 961 2618 1012 6
2648 959 2881 1030 Χριστὸς
2906 961 2934 1012 6
2973 960 3060 1014 διὰ
3092 961 3198 1013 τῶν
3239 959 3538 1032 Προφητῶν
3571 977 3742 1028 κηρυ-

2168 1045 2333 1115 χθείς.
2371 1046 2538 1099 Ὅταν
2560 1047 2666 1117 γὰρ
2697 1048 3007 1122 ἀριθμήσῃς
3041 1050 3140 1113 τὰς
3178 1051 3389 1118 γενεὰς,
3439 1050 3531 1103 καὶ
3563 1050 3742 1123 μάθῃς

2167 1135 2274 1188 ἀπὸ
2318 1136 2414 1188 τοῦ
2468 1139 2682 1208 χρόνου,
2731 1141 2813 1193 ὅτι
2852 1136 3005 1204 οὗτος
3050 1143 3254 1204 ἐκεῖνός
3294 1144 3460 1204 ἐστιν.
3504 1142 3741 1204 εὐκόλως

2164 1224 2288 1298 δέξῃ
2346 1227 2438 1280 καὶ
2490 1228 2551 1280 τὸ
2585 1227 2766 1298 θαῦμα
2815 1231 2875 1283 τὸ
2914 1232 3042 1303 περί
3081 1233 3180 1302 τὴν
3218 1232 3466 1303 γέννησιν
3505 1232 3738 1302 συμϐάν.

2177 1314 2394 1384 Ἐπειδὴ
2443 1315 2550 1386 γάρ
2609 1316 2801 1385 ἔμελλε
2854 1319 2996 1388 μέγα
3055 1335 3106 1370 τι
3153 1317 3504 1386 φθέγγεσθαι,
3551 1318 3632 1370 ὅτι
3676 1317 3740 1369 ἐκ

2165 1403 2442 1475 Παρθένου
2479 1406 2694 1476 ἐτέχθη,
2724 1409 2850 1478 πρὶν
2883 1407 2916 1478 ἢ
2954 1408 3054 1476 μὲν
3079 1407 3379 1478 ἀριθμῆσαι
3405 1408 3496 1461 τὸν
3527 1407 3739 1478 χρόνον,

2167 1497 2448 1560 συσκιάζει
2463 1498 2522 1550 τὸ
2537 1500 2655 1570 είρη
2664 1499 2839 1569 μένον,
2850 1500 3063 1568 Ἄνδρα
3078 1501 3322 1566 Μαρίας,
3335 1497 3520 1563 εἰπὼν,
3543 1498 3739 1569 μᾶλλον

2162 1587 2220 1640 δέ
2251 1588 2345 1640 καὶ
2378 1589 2658 1658 συντέμνει
2683 1589 2783 1660 τὴν
2814 1591 2860 1622 ³³
2890 1591 3140 1661 διήγησιν
3167 1589 3333 1658 αὐτῆς
3357 1588 3404 1620 ⁸⁸
3424 1590 3521 1658 τῆς
3544 1589 3736 1659 γεννή-

2163 1693 2321 1741 σεωςο
2357 1678 2580 1748 ἀριθμεῖ
2616 1679 2672 1733 δὲ
2701 1680 2793 1733 καὶ
2835 1681 2904 1733 τὰ
2940 1680 3033 1749 ἐτη
3067 1680 3270 1744 λοιπὸν,
3309 1680 3736 1749 ἀναμιμνήσκων

2157 1766 2250 1820 τὸν
2275 1767 2570 1839 ἀκροατὴν,
2596 1769 2675 1821 ὅτι
2703 1765 2856 1832 οὗτος
2883 1770 3085 1833 ἐκεῖνός
3123 1771 3288 1833 ἐστιν,
3323 1771 3379 1823 ὃν
3407 1770 3435 1821 6
3469 1769 3734 1839 πατριάρ-

2159 1871 2262 1926 χης
2307 1855 2521 1921 Ἰακὼϐ,
2575 1857 2936 1912 ἐπιλιπόντων
2966 1858 3012 1890 ⁸⁵
3046 1858 3228 1911 λοιπὸν
3272 1857 3381 1910 τῶν
3436 1856 3734 1912 Ἰουδαϊκῶν

2163 1947 2460 2018 ἀρχόντων,
2486 1949 2822 2020 παρέσεσθαι
2845 1949 3063 2021 ἔφησεψ
3087 1950 3145 2002 ὃν
3167 1950 3195 2002 6
3220 1949 3501 2020 προφήτης
3539 1948 3737 2020 Δανιὴλ

2157 2038 2298 2107 μετά
2329 2037 2427 2100 τὰς
2457 2037 2758 2108 ἑϐδομάδας
2791 2039 2888 2103 τὰς
2933 2039 3133 2102 πολλὰς
3165 2039 3379 2102 ἐκείνας
3419 2036 3571 2107 ἥξειν
3605 2054 3733 2107 προσ

2154 2127 2487 2199 ανεφώνησε.
2548 2131 2668 2182 Κᾶν
2702 2130 2935 2204 ἐθελήσῃ
2985 2148 3066 2194 τις
3114 2132 3182 2185 τὰ
3225 2132 3318 2199 ἐτη
3352 2130 3520 2183 ταῦτα
3562 2129 3631 2182 τὰ
3677 2130 3732 2182 ἐν

2154 2216 2462 2288 ἑϐδομάδων
2500 2217 2718 2288 ἀριθμῷ
2766 2221 2918 2291 παρά
2957 2220 3050 2273 τοῦ
3088 2221 3319 2288 ἀγγέλου
3361 2220 3626 2291 εἰρημένα
3658 2220 3730 2289 τῷ

2151 2306 2350 2377 Δανιὴλ
2397 2307 2506 2360 ἀπὸ
2551 2308 2598 2340 ⁸⁸
2637 2308 2739 2377 τῆς
2781 2309 3069 2380 οἰκοδομῆς
3105 2310 3203 2380 τῆς
3241 2310 3445 2373 πόλεως
3484 2309 3730 2382 ἀριθμῶν

2150 2398 2452 2468 καταϐῆναι
2510 2399 2590 2461 εἰς
2647 2399 2747 2470 τὴν
2802 2401 2966 2454 αὑτοῦ
3016 2402 3289 2473 γέννησιν,
3331 2402 3518 2471 ὄψεται
3559 2402 3732 2456 ταῦτα

2147 2487 2380 2549 ἐκείνοις
2430 2490 2841 2558 συμφωνοῦντα.
2903 2492 3028 2554 Πῶς
3076 2487 3170 2544 οὖν
3217 2493 3510 2562 ἐγεννήθη,
3569 2493 3726 2560 εἰπές

2146 2581 2645 2648 Μνηστευθείσης
2684 2580 2796 2649 τῆς
2836 2584 3062 2652 μητρὸς
3101 2585 3288 2638 αὐτοῦ
3331 2585 3579 2652 Μαρίας.
3617 2585 3729 2637 Οὐκ

2148 2667 2289 2734 εἷπε,
2317 2672 2616 2742 Παρθένου,
2644 2673 2756 2726 ἀλλ’
2782 2674 2990 2738 ἁπλῶς,
3026 2676 3280 2744 Μητρὸς,
3311 2674 3452 2728 ῶστε
3486 2677 3729 2746 εὐπαρά-

2147 2762 2331 2816 δεκτον
2355 2765 2609 2832 γενέσθαι
2637 2767 2729 2820 τὸν
2757 2767 2934 2835 λόγον.
2966 2768 3055 2821 Διδ
3085 2768 3347 2838 πρότερον
3374 2767 3721 2840 παρασκευά‹

2154 2871 2250 2916 σας
2304 2856 2608 2927 προσδοκᾷν
2662 2856 2753 2909 τὸν
2807 2858 3082 2929 ἀκροατὴν
3133 2857 3464 2910 ἀκούσεσθαί
3512 2874 3564 2910 τι
3619 2858 3727 2910 τῶν

2151 2945 2415 3016 συνήθων,
2451 2947 2546 2999 καὶ
2580 2947 2864 3018 κατασχὼν
2897 2949 3072 3020 τούτῳ
3099 2951 3168 3012 ⁸⁷,
3197 2951 3317 3002 τότε
3342 2948 3633 3020 ἐκπλήττει
3658 2950 3721 3019 τῇ

2144 3035 2238 3088 τοῦ
2302 3036 2601 3107 παραδόξου
2669 3039 2992 3110 πράγματος
3040 3042 3320 3110 ἐπαγωγῇ,
3384 3039 3585 3107 λέγων,
3645 3039 3723 3093 δτι

2143 3123 2288 3191 Πρὶν
2349 3124 2388 3193 ἢ
2443 3127 2763 3181 συνελθεῖν
2813 3127 3053 3196 αὐτοὺς,
3119 3128 3330 3198 εὑρέθη
3388 3129 3459 3183 ἐν
3511 3127 3723 3197 γαστρί

2145 3215 2375 3282 ἔχουσα
2393 3217 2462 3269 ἐκ
2481 3219 2826 3288 Πνεύματος
2840 3219 3031 3290 ἁγίου.
3052 3221 3167 3274 Οὐκ
3186 3217 3326 3274 εἰπε·
3354 3220 3488 3288 Πρὶν
3505 3220 3536 3290 ἢ
3556 3219 3721 3288 ἀχθῆ-

2147 3322 2234 3358 ναι
2269 3305 2438 3378 αὐτὴν
2464 3308 2544 3371 είς
2567 3308 2663 3380 τὴν
2696 3311 2868 3365 οἰκίαν
2900 3311 2994 3365 τοῦ
3027 3313 3284 3381 νυμφίου·
3313 3311 3406 3364 καὶ
3439 3313 3548 3382 γὰρ
3574 3309 3721 3364 ἔνδον

2144 3390 2234 3466 ἦν.
2277 3397 2437 3461 Ἔθος
2465 3400 2574 3469 γὰρ
2610 3402 2720 3465 τοῖς
2767 3402 3013 3466 παλαιοῖς
3060 3403 3136 3466 ὡς
3175 3402 3244 3455 τὰ
3272 3401 3442 3455 πολλὰ
3481 3402 3539 3455 ἐν
3571 3401 3720 3472 οἰκίᾳ

2141 3485 2241 3549 τὰς
2269 3487 2750 3557 μεμνηστευμένας
2771 3488 2936 3558 ἔχειν,
2961 3491 3094 3542 ὅπου
3123 3506 3187 3557 γε
3215 3491 3308 3542 καὶ
3332 3489 3426 3543 νῦν
3454 3490 3610 3544 τοῦτο
3636 3507 3719 3559 γιο

2143 3577 2365 3647 νόμενον
2397 3577 2498 3630 ίδοι
2532 3595 2616 3640 τις
2636 3576 2721 3632 ἄν·
2749 3581 2909 3633 καὶοί
2944 3581 3184 3652 γαμϐροί
3213 3581 3266 3635 δέ
3296 3582 3391 3636 τοῦ
3418 3581 3542 3636 Λὼτ
3571 3583 3719 3636 ἔνδον

2143 3663 2282 3738 ἦσαν
2315 3669 2432 3738 μετ’
2463 3667 2648 3725 αὐτοῦ.
2679 3670 2866 3726 Ἐνδον
2896 3667 2988 3725 οὖν
3026 3674 3121 3727 καὶ
3148 3671 3286 3746 αὑτὴ
3317 3674 3456 3746 μετά
3481 3674 3575 3728 τοῦ
3602 3673 3718 3747 [50]

2157 3756 2349 3828 Ἰωσὴφ
2380 3753 2467 3828 ἦν.

2209 3855 2278 3916 γ’.
2305 3850 2415 3903 Καὶ
2439 3850 2582 3914 τίνος
2605 3851 2792 3905 ἕνεκεν
2811 3851 2872 3904 οὐ
2895 3849 3002 3924 πρὸ
3022 3851 3123 3921 τῆς
3137 3851 3432 3924 μνηστείας
3448 3853 3680 3926 ἐκύησεν
3701 3871 3717 3920 ;

2147 3941 2278 4006 Ἵνα,
2301 3943 2439 4013 ὅπερ
2463 3942 2598 4015 ἔφην
2637 3943 2681 3976 ⁸⁸
2703 3944 2762 4008 ἐξ
2791 3945 2983 4016 ἀρχῆς,
3012 3945 3314 4016 συσκιασθῇ
3356 3946 3416 3998 τὸ
3439 3945 3721 4014 γινόμενον

2141 4033 2302 4098 τέως,
2333 4036 2426 4086 καὶ
2467 4035 2554 4088 ἵνα
2600 4037 2778 4089 πᾶσαν
2820 4037 3063 4106 πονηρὰν
3099 4035 3401 4108 διαφύγῃὴ
3442 4035 3720 4106 Παρθένος

2140 4124 2414 4181 ὑπόνοιαν.
2441 4127 2608 4180 Ὅταν
2643 4128 2750 4200 γὰρ
2795 4129 2823 4182 6
2863 4128 3183 4198 ζηλοτυπεῖν
3212 4129 3441 4197 ὀφείλων
3483 4129 3719 4199 μάλιστα

2140 4215 2358 4270 πάντων
2415 4219 2672 4290 φαίνηται
2726 4221 2802 4292 μὴ
2847 4220 3006 4292 μόνον
3036 4221 3082 4253 ⁸⁸
3113 4219 3478 4292 ἐκπομπεύων
3523 4223 3716 4292 αὐτὴν,

2141 4309 2274 4380 μηδὲ
2307 4311 2610 4382 ἀτιμάζων,
2644 4312 2781 4367 ἀλλὰ
2814 4314 2907 4368 καὶ
2931 4313 3224 4386 δεχόμενος
3264 4309 3370 4368 καὶ
3397 4313 3718 4385 θεραπεύων

2140 4403 2278 4471 μετὰ
2296 4404 2394 4474 τὴν
2429 4403 2643 4476 κύησιν,
2675 4405 2897 4485 εὔδηλον
2916 4407 2997 4460 ὅτι
3023 4409 3071 4459 εἰ
3105 4407 3178 4478 μὴ
3214 4405 3401 4476 σαφῶς
3425 4403 3493 4478 ἦν
3527 4424 3719 4460 πεπει-

2137 4492 2247 4556 κὼς
2288 4494 2499 4560 ἐαυτὸν,
2531 4496 2614 4549 ὅτι
2649 4497 2714 4550 ἐκ
2736 4496 2837 4566 τῆς
2867 4494 2962 4550 τοῦ
2993 4496 3309 4566 Πνεύματος
3341 4497 3618 4567 ἐνεργείας
3656 4497 3718 4550 τὸ

2136 4586 2561 4656 γεγεννημένον,
2605 4587 2706 4640 οὐκ
2763 4587 2831 4642 ἂν
2861 4587 3134 4658 κατέσχε,
3185 4590 3278 4642 καὶ
3317 4587 3486 4642 τᾶλλα
3538 4589 3718 4640 πάντα

2137 4677 2474 4749 ὑπηρέτησε.
2509 4679 2730 4750 Κυρίως
2771 4679 2827 4734 δὲ
2862 4681 3070 4752 σφόδρα
3114 4680 3207 4733 καὶ
3250 4681 3332 4740 τὸ,
3381 4679 3610 4746 Εὐρέθη
3646 4679 3720 4732 ἐν

2138 4768 2346 4838 γαστρί
2381 4767 2632 4837 ἔχουσα,
2664 4769 2927 4823 τέθεικεν’
2960 4771 3097 4838 ὅπερ
3117 4770 3209 4822 ἐπὶ¹
3235 4769 3343 4822 τῶν
3372 4769 3713 4840 παραδόξων,

2135 4859 2230 4912 καὶ
2269 4859 2399 4932 παρ’
2435 4860 2622 4913 ἐλπίδα
2656 4862 2836 4914 πᾶσαν
2865 4860 3242 4922 ἐκϐαινόντων,
3270 4859 3362 4913 καὶ
3390 4861 3450 4912 οὐ
3483 4861 3716 4930 προσδοο
3756 4868 3767 4948 ί

2135 4947 2396 5017 κωμένων
2423 4948 2676 5015 λέγεσθαι
2710 4949 2887 5004 εἴωθε.
2923 4949 3015 5020 Μὴ
3051 4949 3229 5002 τοίνυν
3261 4949 3576 5020 περαιτέρω
3603 4949 3714 5018 χὼ·
3756 4949 3763 4981 '7

2136 5057 2238 5110 ρει,
2272 5040 2408 5111 μηδέ
2446 5041 2597 5112 ζήτει
2621 5042 2781 5096 πλέον
2814 5060 2864 5094 τι
2900 5041 3009 5095 τῶν
3042 5043 3365 5114 εἰρημένων,
3400 5043 3534 5114 μηδὲ
3562 5042 3708 5126 λέγεο
3758 5069 3764 5097 ι

2134 5132 2242 5183 Καὶ
2260 5131 2378 5194 πῶς
2398 5131 2458 5185 τὺ
2481 5132 2704 5203 Πνεῦμα
2733 5134 3023 5202 εἰργάσατο
3045 5133 3205 5188 τοῦτο
3230 5136 3294 5187 ἐκ
3313 5135 3609 5206 παρθένου;
3644 5135 3709 5188 Εἰ

2133 5223 2241 5296 γὰρ
2264 5224 2364 5296 τῆς
2394 5225 2606 5296 φύσεως
2649 5226 3024 5297 ἐργαζομένης
3069 5226 3328 5281 ἀδύνατον
3371 5226 3708 5298 ἑρμηνεῦσαι

2134 5315 2226 5386 τῆς
2253 5315 2590 5381 διαπλάσεως
2617 5316 2708 5371 τὸν
2730 5319 2951 5390 τρόπον,
2981 5318 3099 5382 πῶς
3122 5317 3217 5372 τοῦ
3244 5317 3555 5387 Πνεύματος
3578 5316 3708 5370 θαυ-

2132 5410 2564 5482 ματουργοῦντος
2607 5411 2948 5484 δυνησόμεθα
2987 5411 3158 5466 ταῦτα
3201 5410 3373 5464 εἰπεῖν
3397 5424 3412 5472 ;
3440 5407 3557 5462 Ἵνα
3591 5407 3705 5476 γὰρ

2133 5498 2205 5568 μὴ
2225 5500 2433 5572 κόπτῃς
2451 5500 2498 5532 ⁹⁰
2519 5500 2611 5554 τὸν
2627 5501 3036 5573 εὐαγγελιστὴν,
3069 5499 3201 5571 μηδέ
3223 5499 3443 5570 ἐνοχλῇς
3468 5499 3702 5568 συνεχῶς

2130 5591 2301 5644 ταῦῑα
2352 5591 2592 5663 ἐρωτῶν,
2633 5593 2802 5648 εἰπὼν
2845 5593 2937 5646 τὸν
2980 5594 3347 5662 ἐργασάμενον
3389 5591 3451 5644 τὸ
3492 5589 3702 5658 θαῦμα,

2295 5776 2339 5848 τε
2366 5777 2671 5848 παράνοιαν
2703 5778 2766 5834 Α,
2808 5776 2869 5848 Β,
2903 5777 2966 5832 Ε.
3026 5847 3029 5848 ν
3099 5775 3144 5848 ἦα
3172 5727 3408 5848 ἐλάκῃσε
3431 5777 3495 5831 C.
3523 5776 3587 5833 Π.
3625 5777 3689 5837 Ρ.

2656 5846 2704 5922 7”
2728 5847 2850 5922 γῆν]
2875 5849 2954 5922 si:
2975 5847 3072 5922 τήν
3095 5847 3248 5922 (Ζευς
3269 5846 3375 5922 FL-
3414 5849 3466 5922 δέ
3493 5849 3691 5922 αἰαῖ]ίί

518 5985 583 6061 ¹ιιι
605 5977 1076 6061 conjvceratﬁay.
1102 5980 1264 6061 vplgo
1289 5981 1464 6034 τοῦτο.
1543 5983 1587 6014 ⁸⁸
1612 5981 1770 6054 ἔφην]
1803 5972 1975 6058 εφθηύ
1999 5988 2046 6039 εἰ

2149 6007 2168 6040 υ
2195 5987 2332 6042 Edd.
2394 5989 2440 6019 ⁸⁸
2472 5989 2546 6058 μὴ
2579 5989 2762 6056 μόνον,
2783 5988 2858 6061 μὴ
2883 5990 3042 6059 μόνον
3067 5994 3140 6061 μή
3169 5972 3304 6046 Ειίίί.
3337 5972 3348 5974 ⁷
3376 5991 3422 6022 ⁹⁰
3457 5972 3688 6060 κόπτῃς]

433 6040 600 6099 Ἳιιῐςη
627 6047 876 6096 τιενειτ--νο
929 6047 1052 6105 γκι.
1089 6043 1280 6104 Mai-2..
