4066 6496
477 382 541 435 13
1611 384 1681 440 IN
1719 383 2027 441 ΒΑΤΊἮΕ

2122 391 2139 445 Ι
2183 391 2396 453 ΙΙΟΜΙΙ·
2457 400 2544 458 ιν.

457 507 601 564 aliud
645 508 921 580 quidpiam
963 508 1146 567 dicere
1169 519 1492 581 potuerunt,
1532 513 1634 568 nisi
1660 513 1803 583 quod
1830 531 1894 568 ex
1925 515 2048 585 Spi-

457 602 564 656 ritu
593 612 750 658 natus
774 603 888 668 sit;
916 605 1184 674 quomodo
1204 615 1381 660 autem
1411 615 1465 660 et
1489 620 1593 675 qua
1621 609 1826 661 ratione
1841 622 1904 662 ex
1929 609 2045 680 Spi-

456 693 562 748 ritu
588 703 746 748 natus
775 695 868 760 sit,
898 695 1075 749 nullus
1100 711 1288 751 eorum
1315 698 1696 766 interpretatus
1719 707 1842 765 est;
1876 716 2048 770 neque

456 786 600 840 enim
628 786 680 841 id
702 785 820 843 ﬁeri
851 796 1076 856 poterat.
1101 788 1284 859 Neque
1306 790 1582 846 arbitreris
1607 800 1660 847 te
1689 800 1854 846 totum
1875 793 2047 848 edidi-

436 875 594 934 cisse
609 889 733 930 cum
749 877 922 940 audis,
947 875 1024 932 Ex
1042 877 1271 948 Spiritu:
1289 894 1411 934 nam
1433 888 1710 950 postquam
1725 881 2050 939 hocedidici-

454 981 593 1030 mus,
612 965 776 1020 multa
795 965 970 1021 adhuc
988 967 1314 1038 ignoramus;
1336 969 1565 1039 exempli
1580 985 1762 1040 causa,
1779 973 2047 1044 quomodo

455 1073 501 1114 is
525 1058 618 1127 qui
649 1059 937 1113 immensus
969 1069 1072 1123 est,
1098 1060 1151 1114 iu
1189 1061 1342 1115 vulva
1380 1063 1724 1130 continetur;
1777 1066 2047 1133 quomodo

455 1149 502 1203 is
537 1150 629 1218 qui
659 1149 840 1202 omnia
886 1149 1162 1216 continet,
1193 1149 1247 1206 in
1291 1161 1444 1206 utero
1478 1153 1719 1208 mulieris
1763 1162 2041 1224 gestatur;

452 1241 727 1309 quomodo
755 1239 919 1310 Virgo
947 1241 1158 1311 pariat,
1185 1251 1242 1297 et
1278 1241 1438 1312 Virgo
1473 1253 1705 1300 maneat.
1733 1245 2036 1315 Quomodo,

455 1352 646 1407 quaso
674 1347 752 1405 te,
773 1337 1004 1409 Spiritus
1029 1339 1281 1408 templum
1303 1339 1431 1394 illud
1450 1340 1752 1395 eﬂ'ormavit
1771 1342 1794 1394 ?
1813 1357 2039 1411 quomo-

456 1427 528 1482 do
553 1441 662 1483 non
693 1436 858 1484 totam
895 1443 1112 1484 carnem
1151 1444 1218 1484 ex
1248 1438 1418 1486 matre
1445 1433 1691 1502 sumpsit,
1710 1432 1806 1487 sed
1836 1443 2041 1503 partem

455 1517 592 1586 ejus,
621 1533 782 1586 quam
812 1519 960 1573 auxit
986 1529 1042 1574 et
1081 1520 1370 1574 formavit?
1407 1520 1540 1576 Nam
1583 1523 1725 1592 quod
1777 1539 1844 1578 ex
1877 1539 2041 1582 carne

457 1605 693 1676 Virginis
717 1608 1004 1676 prodierit,
1030 1609 1320 1665 declaravit
1345 1611 1429 1666 his
1476 1613 1654 1668 verbis
1688 1631 1701 1668 :
1730 1613 1880 1680 Quod
1904 1615 2038 1669 enim

453 1697 508 1752 iu
535 1714 596 1752 ea
620 1709 797 1753 natum
823 1709 896 1753 est
918 1715 938 1753 :
961 1710 1016 1756 et
1045 1701 1241 1756 l’aulus
1261 1742 1277 1767 ,
1309 1701 1520 1757 Factum
1545 1721 1608 1758 ea:
1643 1705 1854 1759 muliere
1892 1705 2033 1776 (Gal.

453 1790 509 1846 4.
537 1791 598 1860 4)
628 1808 643 1844 :
681 1791 767 1846 Ex
789 1793 1018 1857 muliere,
1049 1793 1238 1863 inquit,
1270 1809 1361 1850 ora
1389 1795 1672 1852 obstruens
1718 1813 1904 1852 eorum
1945 1797 2037 1870 qui

452 1878 716 1947 dicerent,
741 1883 891 1952 quasi
918 1897 1012 1952 per
1031 1883 1313 1953 quemdam
1342 1886 1580 1940 canalem
1603 1903 1698 1957 per
1717 1904 1836 1942 eam
1859 1898 2034 1945 trans-

453 1972 580 2026 iisse
633 1973 904 2028 Christum
947 1974 1048 2044 (a).
1097 1974 1230 2033 Nam
1259 1977 1302 2030 si
1359 1977 1462 2032 hoc
1500 1989 1660 2044 esset,
1708 1982 1834 2050 quid
1882 1992 2038 2038 utero

451 2078 586 2132 opus
615 2063 840 2121 luisset?
877 2065 934 2120 Si
963 2064 1066 2120 hoc
1096 2076 1239 2122 esset
1262 2107 1276 2129 ,
1319 2067 1448 2122 nihil
1496 2068 1717 2125 haberet
1756 2072 2033 2128 nobiscum

450 2167 776 2220 commune;
810 2155 904 2210 sed
932 2156 1036 2211 alia
1064 2167 1208 2212 esset
1227 2159 1313 2212 illa
1339 2173 1487 2224 caro,
1515 2175 1623 2214 non
1647 2176 1715 2216 ex
1731 2178 1903 2218 massa
1932 2180 2032 2220 no-

450 2250 580 2295 stra.
603 2243 884 2308 Quomodo
903 2259 1032 2316 ergo
1048 2261 1113 2302 ex
1139 2248 1315 2303 radice
1339 2248 1506 2304 Jessze
1526 2251 1550 2305 ?
1570 2253 1840 2320 quomodo
1863 2255 2030 2326 virga,

452 2333 536 2386 vel
574 2333 738 2388 Filius
775 2334 1049 2391 hominis?
1088 2339 1356 2408 quomodo
1379 2340 1477 2397 llos
1499 2343 1516 2374 ⁸
1537 2342 1562 2395 ?
1585 2345 1852 2412 quomodo
1871 2345 2031 2402 Maria

450 2433 623 2480 mater
641 2428 828 2482 esset?
858 2443 966 2496 quo
995 2439 1150 2498 pacto
1191 2445 1258 2486 ex
1292 2433 1496 2488 semine
1537 2435 1741 2490 David?
1763 2439 2032 2507 quomodo

449 2513 674 2570 {ormam
703 2518 845 2572 servi
873 2521 1184 2588 acceperit?
1223 2525 1494 2591 quomodo
1536 2523 1748 2578 Verbum
1789 2543 1910 2581 caro
1944 2532 2030 2600 fa-

449 2616 586 2661 ctum
604 2617 680 2662 est
704 2607 886 2678 (Joan.
913 2610 968 2666 1.
997 2611 1085 2682 ll)
1109 2611 1134 2666 ?
1159 2628 1263 2683 qua
1307 2613 1516 2670 ratione
1553 2615 1746 2671 Paulus
1775 2617 2031 2675 Romanis

447 2696 618 2752 dixit:
647 2697 732 2752 Ea:
767 2698 944 2766 quibus
966 2700 1193 2756 Christus
1238 2703 1516 2758 secundum
1569 2721 1793 2771 carnem,
1823 2709 1910 2776 qui
1950 2718 2027 2765 est

447 2804 600 2858 super
624 2791 796 2844 omnia
822 2789 960 2846 Deus
992 2790 1167 2865 (Rom.
1196 2793 1250 2849 9.
1278 2794 1376 2864 5)?
1403 2794 1556 2862 Quod
1577 2796 1737 2867 igitur
1764 2812 1831 2854 ex
1853 2801 2027 2869 nobis,

447 2893 513 2934 ex
540 2895 713 2935 massa
739 2891 919 2936 nostra
943 2891 996 2938 et
1015 2897 1081 2938 ex
1108 2893 1264 2940 utero
1293 2884 1522 2956 Virginis
1556 2887 2028 2959 prodiesit¢alam

447 2979 621 3026 estex
649 2971 807 3029 dictis
843 2989 1018 3046 exque
1057 2973 1175 3031 aliis
1223 2975 1466 3046 plurimis
1493 2993 1509 3032 :
1536 2979 2028 3048 quomodo.1utem

448 3073 556 3114 non
586 3060 735 3116 item.
764 3060 844 3118 Ne
869 3062 1029 3132 igitur
1054 3063 1106 3118 id
1134 3071 1187 3118 tu
1213 3079 1424 3134 quieras
1445 3107 1464 3133 ,
1491 3066 1587 3121 sed
1607 3068 1859 3138 accipeid
1885 3071 2029 3141 quod

445 3150 736 3219 revelatur,
759 3160 814 3208 et
838 3166 906 3208 ne
929 3153 1142 3209 curiose
1169 3164 1412 3210 scrutare
1433 3155 1487 3212 id
1511 3157 1652 3227 quod
1679 3165 1904 3215 tacetur.
1934 3162 2024 3218 l9.

444 3239 643 3310 Joseplt
662 3251 831 3297 autem
859 3243 936 3296 vir
962 3245 1093 3315 ejus,
1118 3259 1236 3299 cum
1253 3254 1383 3300 esset
1401 3247 1595 3316 justus,
1625 3248 1814 3319 inquit,
1835 3259 1884 3304 et
1909 3251 2027 3304 nol-

446 3331 517 3384 let
545 3345 656 3385 eam
682 3331 949 3387 traducere
967 3374 983 3400 ,
1010 3331 1170 3388 voluit
1219 3335 1413 3390 occulte
1442 3335 1692 3392 dimittere
1737 3354 1866 3393 eam.
1893 3341 2026 3398 Cum

435 3414 694 3484 dixisset,
727 3418 812 3474 Ex
859 3419 1062 3490 Spiritu
1090 3431 1298 3491 sancto,
1329 3432 1384 3479 et
1410 3423 1527 3480 sine
1559 3425 1671 3482 ullo
1702 3442 2015 3501 congressu,

431 3517 736 3563 sermonem
784 3523 942 3565 suum
981 3511 1142 3567 etiam
1179 3513 1396 3569 aliunde
1431 3513 1733 3572 conﬁrmat.
1777 3518 1858 3574 Ne
1897 3523 2018 3591 quis

432 3597 582 3652 etiim
609 3597 831 3668 diceret,
857 3599 1011 3658 Unde
1037 3602 1141 3659 hoc
1164 3603 1506 3660 manifestum
1539 3608 1668 3664 est?
1694 3609 1817 3680 quis
1845 3611 2015 3680 novit,

431 3689 554 3758 quis
573 3691 775 3747 audivit
802 3692 908 3749 tale
938 3693 1213 3766 quidpiam
1251 3695 1449 3753 factum
1476 3699 1638 3755 esse?
1674 3715 1743 3757 ne
1780 3703 2020 3774 suspica-

432 3779 573 3835 reris
605 3779 922 3851 discipulum
967 3784 1021 3840 in
1057 3785 1286 3856 gratiam
1325 3790 1567 3859 magistri
1615 3790 1719 3847 hoc
1742 3806 2020 3849 commen-

432 3879 548 3925 tum
577 3886 699 3928 esse
725 3888 740 3926 :
771 3874 973 3930 inducit
1011 3875 1334 3947 Josephum,
1366 3894 1461 3949 per
1485 3895 1550 3936 ea
1577 3897 1697 3951 quze
1725 3897 1913 3953 passus
1933 3896 2021 3943 est

431 3959 520 4016 his
544 3961 701 4017 ﬁdem
722 3963 1022 4033 facientem,
1049 3981 1112 4022 ac
1139 3968 1184 4022 si
1209 3966 1413 4026 diceret
1444 3987 1458 4024 :
1485 3969 1544 4026 Si
1567 3971 1698 4027 mihi
1726 3973 1889 4031 ﬁdem
1912 3991 2020 4033 non

431 4049 620 4119 habes,
642 4053 686 4107 si
720 4054 1078 4111 testimonium
1116 4073 1292 4112 meum
1317 4060 1412 4115 tibi
1438 4073 1743 4130 suspectum
1769 4074 1872 4130 est,
1903 4081 2022 4122 cre-

431 4139 502 4196 de
535 4142 653 4196 viro
697 4142 862 4199 illius.
903 4145 1096 4217 Josepls
1142 4147 1286 4203 enim
1305 4190 1320 4214 ,
1351 4149 1428 4206 ait
1451 4190 1466 4216 ,
1495 4151 1574 4205 uir
1594 4153 1724 4223 ejus,
1751 4171 1866 4210 cum
1893 4165 2023 4213 esset

422 4233 615 4301 justus.
654 4233 861 4291 Justum
892 4235 978 4291 hic
1019 4240 1163 4294 omni
1202 4240 1397 4295 virtute
1431 4241 1711 4311 praeditum
1750 4245 1920 4302 dicit:
1950 4248 2019 4304 ad

426 4324 687 4392 justitiam
715 4327 858 4382 enim
899 4329 1128 4398 pertinet
1154 4345 1262 4385 non
1287 4345 1408 4387 esse
1435 4348 1676 4399 avarum,
1705 4345 1896 4407 estque
1925 4336 2017 4408 ju-

429 4418 573 4472 stitia
599 4420 776 4474 omnis
801 4421 970 4476 virtus
1005 4431 1103 4477 :et
1138 4422 1236 4479 hoc
1284 4425 1516 4480 maxime
1560 4441 1723 4483 sensu
1744 4428 2019 4500 Scriptura

427 4512 651 4580 justitue
688 4528 821 4569 voce
859 4516 1043 4582 utitur,
1073 4524 1132 4571 ut
1172 4518 1390 4587 quando
1419 4519 1549 4574 dicit
1581 4538 1594 4573 :
1632 4520 1800 4577 Homo
1819 4524 2017 4594 justus,

429 4617 585 4660 veras
605 4603 727 4677 (Job
755 4605 806 4660 l.
841 4607 898 4677 l)
924 4622 938 4672 ;
963 4621 1028 4662 ae
1054 4623 1266 4665 rursum
1285 4649 1303 4675 ,
1335 4608 1501 4665 Erant
1525 4613 1670 4668 ambo
1703 4613 1826 4679 iusti
1863 4613 2014 4689 (Luc.

433 4692 488 4746 ι.
514 4691 593 4764 6).

487 4854 543 4909 4.
580 4852 798 4926 Joseplu'
846 4853 1028 4911 Maria:
1055 4858 1151 4912 viri
1203 4859 1397 4918 laudes.
1421 4893 1492 4903 -—
1514 4863 1697 4922 Justus
1738 4885 1868 4940 ergo
1890 4889 2004 4929 cum

416 4954 564 5010 esset,
592 4945 646 5001 id
683 4956 797 5014 est,
841 4947 1122 5018 benignus.
1154 4951 1484 5022 moderatus,
1511 4958 1669 5013 voluit
1697 4963 1891 5017 occulte
1918 4965 2002 5019 di-

418 5037 614 5092 mittere
654 5054 785 5092 eam.
819 5039 945 5094 ldeo
971 5041 1025 5094 id
1063 5043 1204 5111 quod
1243 5045 1465 5117 contigit
1503 5061 1717 5106 enarrat
1758 5063 1880 5109 ante
1909 5072 2002 5111 no-

421 5129 586 5184 titiam
613 5128 814 5196 datam,
831 5139 908 5185 'ut
932 5146 1000 5187 ne
1027 5132 1191 5190 ﬁdem
1219 5135 1446 5202 deroges
1469 5139 1531 5194 iis
1563 5155 1684 5209 quae
1709 5159 1768 5200 re
1793 5149 2000 5216 cognita

467 5379 540 5456 (ς)
572 5379 626 5432 ld
645 5380 970 5456 Valentiniani
985 5380 1227 5456 dicebant,
1250 5388 1306 5431 ut
1320 5381 1475 5456 habet
1493 5383 1784 5456 Epiphanius
1798 5398 1849 5447 p.
1875 5387 1981 5445 172,

405 5441 684 5553 axbgyenaeo
705 5459 754 5508 p.
781 5444 892 5504 189,
907 5456 994 5506 per
1011 5442 1214 5493 Mariam
1234 5441 1549 5505 pertransisse
1565 5441 1688 5497 uelut
1706 5441 1884 5514 aquam
1897 5441 1988 5514 per

470 5579 639 5644 '_H:ec,
663 5584 897 5644 quomodo
915 5579 1043 5644 ﬂos?
1063 5594 1158 5629 non
1175 5577 1406 5644 leguntur
1428 5579 1552 5644 apud
1575 5577 1737 5644 savil.,
1762 5585 1815 5628 et
1835 5589 1863 5627 a
1881 5577 1988 5644 plu-

404 5641 536 5750 mulis
557 5647 664 5690 Mss.
679 5639 881 5703 absunt,
905 5639 994 5694 Sed
1015 5639 1253 5694 habentur
1283 5644 1335 5694 iu
1355 5639 1520 5695 Morel.
1558 5649 1612 5694 et
1641 5639 1766 5692 lecta
1784 5639 1900 5691 sunt
1926 5641 1990 5690 ab

485 5713 613 5752 iano.

3641 421 3717 479 46

2139 513 2287 572 gesta
2319 515 2460 561 sunt.
2490 508 2650 564 Certe
2675 511 2719 565 si
2749 512 2872 568 talis
2903 515 2988 569 illa
3021 515 3233 587 fuisset,
3254 535 3358 576 non
3381 523 3542 579 modo
3565 526 3727 597 digna

2141 605 2258 649 erat
2287 612 2408 665 qua:
2435 600 2824 668 traduceretur,
2843 605 2938 659 sed
2959 607 3119 660 etiam
3144 610 3286 665 illam
3306 614 3566 684 supplicio
3585 617 3726 673 al'lici

2143 685 2230 739 lex
2256 685 2499 754 jubebat.
2521 689 2714 744 Verum
2737 692 2934 765 Joseph
2963 712 3066 751 non
3095 700 3255 753 modo
3283 703 3331 756 ei
3361 705 3501 773 quod
3529 722 3724 777 majus,

2143 776 2238 832 sed
2263 778 2423 832 etiam
2455 779 2503 835 ei
2533 781 2676 851 quod
2716 784 2892 840 minus
2918 797 3036 842 erat
3071 792 3356 857 consuluit,
3385 811 3580 866 nempe
3619 776 3724 869 pu-

2142 867 2280 922 dori.
2307 867 2424 924 Non
2456 872 2618 926 modo
2639 874 2780 929 enim
2821 877 3013 945 punire
3040 879 3271 946 nolebat,
3303 885 3398 938 sed
3438 902 3505 940 ne
3545 867 3725 944 tradu-

2142 970 2268 1013 cere
2293 959 2530 1029 quidem.
2565 961 2808 1020 Vidisliu’
2834 965 3205 1039 philosophum
3234 975 3428 1038 virum,
3459 986 3512 1030 et
3537 986 3724 1049 tyran-

2143 1049 2264 1103 nico
2285 1050 2377 1104 illo
2399 1052 2589 1108 allecto
2614 1059 2876 1112 vacuum?
2896 1058 3077 1116 Nostis
3097 1065 3237 1118 enim
3254 1077 3483 1135 quantus
3505 1073 3723 1127 morbus

2141 1136 2212 1190 sit
2258 1139 2541 1210 zelotypia.
2575 1142 2932 1210 Quamobrem
2960 1149 3006 1205 is
3049 1152 3136 1221 qui
3188 1153 3240 1207 id
3295 1156 3458 1224 probe
3498 1159 3720 1226 sciebat,

2140 1228 2316 1320 dixit;
2347 1231 2541 1320 [flentis
2567 1236 2676 1289 zelo
2723 1247 2796 1292 σει
2828 1238 2975 1309 furor
3011 1243 3108 1298 viri
3151 1246 3303 1316 ejus;
3344 1264 3446 1302 non
3473 1260 3644 1320 parcet
3667 1252 3721 1306 in

2138 1312 2222 1369 die
2259 1317 2491 1372 vindicta:
2519 1318 2702 1392 (Prov.
2747 1329 2785 1379 ἱ.
2822 1326 2954 1395 54);
3003 1340 3081 1398 et,
3128 1312 3275 1386 Dura
3318 1335 3448 1388 sicut
3473 1312 3726 1407 'iuferuus

2135 1407 2391 1500 antelatio
2439 1410 2613 1478 (Cant.
2659 1413 2692 1469 8
2759 1415 2838 1483 6).
2881 1417 3037 1474 Certe
3079 1422 3278 1477 multos
3320 1427 3589 1493 novimus,
3629 1431 3724 1500 qui

2135 1496 2322 1552 malint
2349 1502 2581 1557 animam
2609 1512 2877 1573 amittere,
2918 1525 3078 1579 quam
3121 1512 3173 1566 in
3218 1514 3496 1586 zel0typi:e
3538 1496 3721 1590 suspi-
3769 1583 3772 1586 ,

2137 1587 2344 1644 cionem
2379 1592 2633 1651 incidere.
2659 1596 2756 1652 llic
2784 1615 2946 1668 porro
2989 1617 3096 1658 non
3144 1620 3292 1660 mera
3319 1610 3554 1678 suspicio
3580 1622 3716 1676 erat,

2133 1692 2252 1732 cum
2285 1684 2423 1737 uteri
2455 1695 2632 1742 tumor
2659 1704 2770 1744 rem
2793 1692 2966 1760 palam
2997 1693 3212 1749 faceret.
3235 1699 3482 1756 Attamen
3509 1703 3578 1756 ita
3603 1713 3720 1760 erat

2130 1772 2200 1825 ah
2226 1774 2326 1829 hoc
2355 1778 2516 1833 animi
2547 1783 2738 1838 morbo
2765 1784 2918 1850 liber,
2946 1797 3005 1840 ut
3043 1803 3112 1842 ne
3151 1789 3204 1843 in
3235 1791 3470 1848 minimis
3503 1796 3718 1864 quidem

2132 1863 2290 1918 vellet
2322 1865 2524 1937 Virgini
2568 1874 2875 1928 maestitiam
2905 1876 3122 1933 inferre.
3154 1879 3288 1947 Quia
3315 1897 3445 1953 ergo
3467 1863 3610 1941 illam
3638 1889 3719 1942 iu-

2132 1959 2214 2005 tus
2235 1955 2374 2022 apud
2398 1972 2458 2012 se
2484 1960 2716 2017 retinere
2756 1980 2854 2032 per
2883 1965 3056 2034 legem
3086 1984 3191 2023 non
3222 1970 3385 2026 licere
3413 1973 3714 2044 videbatur,

2131 2043 2412 2101 traducere
2450 2061 2628 2106 autem
2655 2052 2797 2108 illam
2823 2063 2880 2110 et
2907 2056 2959 2111 in
2983 2057 3245 2126 judicium
3273 2063 3508 2132 trahere,
3543 2066 3595 2120 id
3623 2043 3718 2122 ne-

2129 2138 2368 2191 cessario
2395 2151 2513 2195 erat
2537 2143 2604 2197 ad
2633 2155 2861 2201 mortem
2891 2150 3101 2205 tradere
3134 2169 3147 2205 :
3181 2162 3426 2210 neutrum
3453 2156 3595 2226 fecit,
3619 2161 3716 2216 sed

2127 2238 2288 2294 supra
2341 2231 2512 2301 legem
2535 2235 2647 2302 jam
2698 2251 2758 2292 se
2798 2254 2987 2308 gerere
3025 2245 3209 2313 coepit.
3237 2246 3528 2315 Oportebat
3569 2252 3713 2307 enim

2124 2315 2233 2383 jam
2285 2320 2603 2380 adveniente
2631 2329 2820 2394 gratia,
2853 2331 3018 2386 multa
3046 2334 3194 2404 signa
3225 2336 3419 2394 adesse
3469 2341 3715 2396 sublimis

2129 2404 2352 2477 hujusce
2381 2411 2631 2471 instituti.
2678 2418 3138 2485 Quemadmodum
3169 2427 3314 2480 enim
3345 2429 3444 2493 sol,
3475 2431 3712 2487 nondum

2124 2499 2304 2554 radios
2341 2505 2654 2573 ostendens,
2685 2510 2896 2565 eminus
2936 2521 3113 2568 tamen
3163 2525 3372 2584 partem
3422 2523 3711 2578 maximam

2122 2587 2269 2643 orbis
2311 2590 2544 2648 illustrat
2582 2613 2597 2650 :
2642 2595 2721 2653 sic
2762 2615 2976 2670 quoque
3021 2601 3264 2659 Christus
3309 2623 3373 2662 ex
3417 2619 3573 2664 utero
3617 2611 3711 2668 illo

2126 2682 2450 2750 exoriturus,
2477 2696 2761 2758 antequam
2802 2693 3170 2761 egrederetur,
3213 2699 3400 2752 orbem
3446 2709 3616 2755 totum
3647 2703 3713 2757 il-

2123 2767 2418 2829 luminavit.
2449 2773 2652 2832 Idcirco
2693 2779 2774 2834 vel
2821 2790 2947 2836 ante
2992 2794 3200 2852 partum
3229 2787 3504 2858 prophetm
3532 2793 3714 2847 exsul-

2123 2859 2322 2925 tabant,
2354 2873 2411 2917 et
2452 2863 2707 2931 mulieres
2755 2869 2934 2926 l‘utnra
2963 2873 3347 2943 prmdicebant.
3377 2889 3431 2932 et
3471 2879 3710 2938 Joannes

2121 2951 2355 3008 nondum
2397 2971 2430 3010 e
2457 2959 2608 3012 vulva
2652 2975 2926 3031 egressus,
2953 2964 3021 3019 ab
3060 2975 3213 3024 utero
3251 2969 3578 3030 exsultabat.
3611 2973 3710 3030 llic

2120 3044 2298 3114 Itaque
2317 3047 2539 3104 multam
2567 3049 2770 3122 Joseph
2791 3055 3030 3110 ostendit
3055 3055 3445 3128 philosophiam
3477 3079 3491 3115 :
3534 3077 3708 3132 neque

2116 3134 2260 3188 enim
2307 3139 2580 3194 accusavit
2627 3141 2791 3206 illam,
2839 3159 3020 3214 neque
3063 3147 3406 3217 exprobravit
3447 3150 3558 3217 illi,
3607 3153 3707 3207 sed

2115 3224 2387 3284 dimittere
2429 3240 2633 3288 tantum
2665 3236 2949 3306 cogitabat.
2983 3238 3042 3294 lu
3091 3239 3194 3294 hoc
3241 3257 3423 3296 rerum
3463 3253 3624 3312 statu,
3651 3251 3709 3299 et

2117 3315 2169 3371 in
2213 3316 2313 3372 hac
2355 3325 2689 3392 negotiorum
2729 3325 3060 3390 difﬁcultate.
3092 3330 3310 3386 advenit
3346 3333 3569 3402 angelus
3611 3336 3703 3405 qui

2112 3408 2436 3465 anxietatem
2465 3426 2681 3470 omnem
2708 3417 2881 3473 tollat.
2910 3417 3268 3485 Quaerendum
3293 3431 3472 3477 autem
3503 3433 3586 3479 est
3602 3441 3702 3481 cur

2112 3500 2334 3569 angelus
2371 3517 2478 3558 non
2505 3513 2630 3560 ante
2656 3507 2881 3572 venerit,
2899 3523 3058 3577 quam
3085 3510 3167 3564 vir
3187 3511 3278 3566 ille
3301 3510 3417 3568 haec
3436 3513 3492 3574 in
3518 3515 3701 3570 animo

2111 3601 2371 3658 versaret,
2400 3593 2495 3649 sed
2541 3609 2662 3652 cum
2695 3597 2809 3653 hare
2855 3597 2946 3654 ille
2974 3600 3251 3671 cogitaret.
3279 3610 3407 3658 tunc
3453 3604 3696 3662 venerit:

2111 3695 2233 3736 nam
2258 3683 2335 3736 ait
2353 3700 2366 3738 :
2387 3683 2478 3738 20.
2505 3683 2634 3739 IIth
2651 3685 2745 3741 illo
2776 3688 3046 3758 cogitante,
3063 3687 3283 3758 angelus
3310 3699 3445 3745 venit
3462 3735 3478 3760 ,
3513 3706 3700 3762 quam-

2109 3787 2270 3841 quam
2295 3775 2454 3829 etiam
2483 3785 2769 3846 antequam
2796 3777 2882 3832 illa
2911 3780 3239 3848 conciperet,
3269 3782 3487 3840 nuntius
3510 3795 3696 3838 acces-

2109 3863 2262 3932 serit,
2291 3865 2434 3920 unde
2454 3851 2624 3921 etiam
2654 3867 2759 3923 alia
2797 3869 3027 3939 qumstio
3063 3872 3257 3926 oritur.
3288 3869 3420 3925 Nam
3467 3872 3564 3926 etsi
3595 3887 3696 3926 an-

2108 3951 2264 4023 gelus
2283 3955 2400 4009 viro
2425 3969 2533 4010 non
2550 3957 2779 4025 dixerat,
2798 3974 2894 4012 cur
2912 3958 3075 4028 Virgo
3097 3959 3262 4014 tacuit
3282 3960 3398 4015 lucc
3415 3960 3486 4014 ab
3508 3962 3696 4030 angelo

2112 4044 2317 4110 audita,
2348 4054 2552 4103 etcum
2590 4062 2848 4117 sponsum
2890 4063 3045 4104 suum
3077 4051 3293 4105 anxium
3336 4050 3560 4117 videret,
3589 4067 3700 4107 non

2109 4135 2228 4203 ejus
2253 4137 2578 4190 anxietatem
2602 4137 2853 4192 sustulit?
2880 4153 2978 4193 cur
3001 4154 3132 4209 ergo
3156 4147 3442 4209 antequam
3471 4141 3560 4196 ille
3587 4149 3700 4196 tur-

2112 4224 2352 4291 baretur,
2383 4226 2604 4296 angelus
2649 4244 2757 4282 non
2802 4244 2917 4284 rem
2962 4230 3034 4284 illi
3072 4231 3321 4300 aperuit?
3350 4247 3472 4286 nam
3520 4247 3699 4302 opera:

2109 4316 2341 4386 pretium
2397 4326 2480 4371 est
2541 4319 2776 4388 priorem
2829 4322 3182 4391 quaestionem
3238 4323 3412 4392 primo
3466 4325 3698 4380 solvere.

2109 4409 2290 4475 Quare
2315 4426 2428 4466 rem
2463 4411 2537 4466 illi
2565 4427 2672 4468 non
2701 4415 2952 4484 aperuit?
2993 4415 3072 4471 Ne
3095 4417 3242 4472 dicto
3269 4418 3427 4472 lidem
3457 4429 3698 4490 negaret,

2110 4510 2166 4554 et
2195 4500 2427 4570 idipsum
2453 4503 2722 4560 accideret
2748 4506 2825 4560 illi
2846 4507 2987 4576 quod
3009 4507 3305 4563 Zachariae.
3328 4509 3463 4565 Nam
3489 4527 3548 4565 re
3573 4527 3702 4566 ocu-

2113 4591 2179 4646 lis
2207 4603 2479 4664 percepta,
2516 4593 2672 4652 facile
2716 4607 2990 4654 erattunc
3034 4600 3258 4656 credere
3290 4618 3305 4656 :
3347 4616 3471 4656 cum
3522 4611 3701 4657 autem

2112 4684 2360 4741 nondum
2399 4687 2679 4757 coepisset,
2729 4705 2840 4744 non
2885 4690 3046 4746 facile
3095 4692 3246 4745 credi
3287 4699 3529 4759 poterat.
3575 4692 3708 4747 Ideo

2114 4777 2171 4834 id
2223 4778 2455 4850 angelus
2500 4780 2660 4835 initio
2701 4797 2811 4836 non
2864 4782 3024 4846 dixit,
3075 4791 3134 4836 et
3186 4782 3350 4850 Virgo
3399 4783 3593 4836 eadem
3635 4784 3706 4839 de

2113 4884 2280 4925 causa
2328 4871 2521 4926 tacuit.
2567 4871 2760 4943 Neque
2807 4873 2958 4928 enim
3008 4881 3254 4943 putasset
3300 4875 3404 4929 sibi
3457 4892 3574 4931 rem
3623 4879 3710 4933 in-

2110 4961 2432 5017 credibilem
2474 4964 2753 5023 nuntianti
2801 4980 2833 5019 a
2879 4981 3083 5035 sponso
3127 4965 3292 5021 tidem
3333 4982 3456 5022 esse
3497 4967 3708 5025 haben-

2111 5054 2267 5120 dam;
2323 5056 2435 5109 imo
2486 5056 2767 5115 timuisset
2817 5071 2877 5112 se
2935 5057 3090 5113 illum
3149 5059 3206 5114 in
3260 5059 3402 5114 iram
3453 5063 3706 5117 concita-

2110 5151 2293 5200 turam
2334 5161 2480 5211 esse,
2519 5147 2676 5215 quasi
2722 5146 3026 5203 admissum
3067 5158 3358 5220 peccatum
3403 5160 3700 5222 tegentem.

2110 5235 2170 5292 Si
2219 5237 2367 5292 enim
2415 5239 2581 5293 etiam
2628 5239 2746 5309 ipsa
2789 5256 2913 5310 qua:
2968 5248 3175 5297 tantam
3223 5243 3458 5314 gratiam
3506 5259 3704 5312 perce-

2108 5337 2270 5398 ptura
2320 5337 2459 5393 erat,
2512 5329 2815 5385 humanum
2867 5333 3003 5402 quid
3057 5349 3216 5404 passa
3268 5343 3352 5389 est
3405 5345 3462 5389 et
3511 5334 3700 5391 dixit:

2110 5416 2384 5483 Quomodo
2420 5417 2514 5487 ﬁet
2554 5420 2733 5486 istud,
2791 5425 3046 5492 quoniam
3085 5427 3256 5479 virum
3301 5442 3406 5479 non
3448 5441 3705 5497 cognosco

2111 5508 2281 5580 (Luc.
2349 5511 2398 5564 ι.
2465 5511 2622 5584 si)?
2688 5516 2866 5570 multo
2938 5517 3111 5588 magis
3181 5503 3272 5572 ille
3337 5517 3700 5575 dubitasset:

2110 5613 2236 5658 (“um
2270 5603 2505 5659 maxime
2553 5603 2610 5660 id
2653 5605 2900 5662 audisset
2941 5624 2973 5663 a
3023 5607 3258 5663 muliere
3291 5609 3423 5665 hinc
3452 5610 3560 5666 sibi
3604 5627 3704 5668 sn-

2110 5700 2320 5759 specta.
