4066 6424
459 402 526 455 45
1161 406 1217 464 S.
1257 407 1541 464 JOANNIS
1571 409 2062 468 CHRYSOSTOMI
2096 413 2414 473 AliClllEP.
2450 416 2997 474 CONSTANTINOP.
3644 426 3715 479 ια

520 523 574 576 5.
606 520 731 575 ideo
765 519 919 584 Virgo
940 517 1150 586 quidem
1183 517 1310 568 nihil
1344 517 1441 585 ipsi
1465 516 1630 569 dicit:
1659 517 1879 584 angelus
1906 530 2032 569 veto

449 625 692 680 tempore
712 609 1023 678 congruenti
1054 607 1287 661 advenit.
1315 609 1513 672 Quare,
1547 606 1775 674 inquies,
1807 605 2032 673 itlipsnm

446 717 574 772 erga
606 701 877 768 Virginem
903 713 1006 750 non
1039 695 1184 756 fecit,
1217 711 1317 749 nec
1353 697 1896 763 pos-tetinccptionem
1928 694 2030 765 ipsi

447 806 561 846 rem
587 788 865 842 nuntiavit.
896 785 974 840 Ne
998 785 1050 838 in
1073 784 1475 854 perturbatione
1501 801 1690 853 magna
1719 784 1871 839 foret.
1900 784 2029 838 Nam

453 879 747 935 timendum
771 890 888 934 erat
911 894 980 934 ne
1002 879 1090 934 illa
1119 880 1194 934 rei
1225 879 1502 934 veritatem
1531 893 1634 932 non
1663 879 1810 933 clare
1834 881 2029 945 sciens,

447 970 515 1024 de
556 985 614 1023 se
643 969 772 1040 quid
819 969 1075 1025 acerbum
1126 973 1460 1034 decerneret,
1494 986 1598 1022 ttett
1643 970 1878 1024 dedecus
1927 988 2033 1026 non

447 1060 625 1115 ferens
652 1059 718 1113 ad
744 1059 988 1129 laqueum
1019 1059 1101 1115 vel
1129 1059 1194 1113 ad
1219 1058 1453 1128 gladium
1493 1069 1821 1128 properaret.
1851 1061 2033 1114 Adtui-

446 1150 612 1205 t'anda
647 1150 844 1220 quippe
870 1149 1030 1219 Virgo
1069 1159 1208 1213 erat,
1239 1150 1461 1219 ejusque
1502 1149 1752 1204 virtutem
1795 1151 2032 1206 declarat

445 1241 618 1296 Lucas
662 1255 782 1294 cum
825 1241 922 1308 ait,
961 1253 1077 1294 eam
1122 1242 1337 1310 quando
1379 1241 1754 1295 salutationem
1800 1245 2024 1312 accepit,

442 1352 548 1387 non
578 1335 757 1388 statim
789 1335 986 1404 gaudio
1034 1334 1299 1403 perfusam
1331 1334 1519 1398 fuisse,
1548 1350 1646 1393 nec
1671 1335 1811 1390 dicta
1842 1352 2028 1392 susce-

440 1428 618 1494 pisse;
652 1426 744 1481 sed
776 1429 1039 1482 turbatam
1075 1429 1388 1498 qutcsivisse
1416 1429 1592 1499 qualis
1634 1438 1776 1483 esset
1809 1430 1906 1482 ista
1936 1444 2027 1482 sa-

439 1519 644 1573 lutatio.
675 1519 802 1586 Quae
822 1531 1001 1575 autem
1029 1521 1106 1576 sic
1130 1535 1438 1591 comparata
1462 1531 1598 1589 erat,
1632 1537 1869 1577 maerore
1897 1538 2028 1577 con-

436 1611 571 1664 tecta
626 1611 854 1678 fuisset,
903 1613 980 1667 rei
1035 1612 1306 1667 infamiam
1356 1629 1540 1668 secum
1595 1623 1882 1683 reputans,
1926 1629 2027 1670 nec

433 1715 659 1769 sperans
690 1715 851 1771 posse
894 1719 954 1758 se
980 1703 1287 1772 quempiam
1329 1705 1658 1758 audientium
1685 1705 1756 1759 ad
1795 1705 2024 1760 creden-

439 1793 569 1846 dtnu
598 1791 874 1856 inducere,
901 1794 1042 1863 quod
1070 1794 1122 1848 id
1154 1809 1257 1848 non
1307 1809 1375 1849 ex
1424 1795 1693 1850 adulterio
1724 1795 2020 1865 profectum

437 1893 602 1937 esset.
627 1884 702 1937 Ne
731 1885 907 1954 itaque
937 1885 988 1939 id
1013 1887 1272 1948 eveniret,
1293 1895 1416 1940 ante
1442 1887 1846 1957 conceptionem
1875 1889 2022 1942 venit

439 1974 680 2043 angelus.
711 1974 919 2029 Etenim
948 1976 1232 2044 oportebat
1257 1977 1696 2046 imperturbatum
1737 1991 1858 2033 esse
1899 1987 2020 2032 ute-

429 2080 548 2119 rum
592 2065 778 2129 illum,
823 2065 874 2119 in
919 2082 1080 2134 quem
1127 2067 1366 2121 omnium
1408 2068 1633 2122 Creator
1679 2066 2018 2136 ingressurus

425 2163 561 2219 erat,
595 2164 650 2209 et
679 2155 824 2208 omni
876 2155 1106 2208 tumultu
1141 2171 1364 2209 vacuam
1411 2156 1646 2211 animam
1697 2157 1866 2222 illam,
1897 2172 2016 2226 quae

430 2245 812 2314 mysteriorum
865 2253 1133 2299 tantorum
1181 2247 1423 2301 ministra
1470 2247 1648 2301 futura
1692 2255 1828 2301 erat.
1882 2247 2014 2301 l’ro-

424 2347 607 2404 pterea
657 2335 855 2407 Virgini
895 2348 1022 2392 ante
1050 2340 1486 2407 conceptionem,
1534 2337 1773 2408 .iosepho
1810 2347 2010 2404 autem,

419 2442 542 2481 cum
563 2435 797 2495 gestaret
822 2436 1032 2481 uterum
1061 2427 1242 2497 Virgo,
1262 2428 1516 2498 loquutus
1557 2440 1660 2484 est.
1685 2427 1838 2494 Quod
1861 2427 2012 2483 multi

419 2517 804 2587 simpliciorttm
826 2534 949 2572 uon-
965 2519 1348 2589 intelligentes,
1383 2521 1468 2575 hic
1487 2520 1868 2575 dissonantium
1891 2535 2010 2576 esse

418 2609 669 2664 dixerunt
707 2626 719 2662 :
763 2610 1015 2677 quoniam
1045 2609 1220 2664 Lucas
1246 2611 1386 2665 dixit
1420 2611 1601 2666 Maria:
1631 2613 1880 2667 nuntium
1913 2627 2007 2666 ve-

418 2699 584 2766 nisse,
628 2697 911 2754 Matthzeus
955 2710 1137 2754 autem
1181 2699 1465 2769 Josepho:
1511 2715 1617 2754 non
1664 2700 2008 2757 advertentes

417 2794 701 2862 utrumque
725 2801 936 2861 gestum
969 2791 1154 2846 fuisse.
1191 2792 1246 2847 Id
1273 2792 1415 2862 quod
1443 2793 1611 2848 etiam
1656 2794 1709 2847 in
1757 2793 2007 2848 omnibus

416 2884 656 2938 historiis
682 2885 1076 2938 observandum
1122 2893 1246 2940 est:
1279 2886 1356 2939 sic
1403 2887 1549 2939 enim
1600 2886 1792 2941 multas
1830 2886 2005 2941 disso-

415 2977 648 3042 nantias,
673 2986 726 3029 ut
751 2975 967 3045 quidem
1006 2985 1278 3045 putantur,
1309 2977 1678 3046 expediemus.
1711 2976 1873 3032 Venit
1901 2980 2002 3030 ita-

412 3080 516 3132 que
546 3067 789 3133 angelus,
819 3067 1132 3136 perturbato
1158 3067 1414 3137 Josepho.
1440 3067 1574 3122 Nam
1605 3078 1658 3122 et
1687 3076 1912 3137 propter
1938 3082 2000 3120 ea

409 3172 526 3226 quae
563 3171 722 3225 supra
759 3156 902 3211 dicta
934 3166 1080 3223 sunt.
1113 3166 1170 3212 et
1197 3163 1257 3211 ut
1301 3157 1422 3226 ejus
1466 3156 1802 3227 philosophia
1830 3173 1998 3229 appa-

407 3255 570 3312 reret,
590 3246 876 3301 adventum
899 3261 1056 3301 suum
1081 3245 1284 3302 differt.
1304 3247 1438 3302 Cum
1467 3262 1597 3303 vero
1617 3263 1705 3303 res
1724 3247 1836 3318 jam
1855 3257 2000 3306 esset

407 3338 691 3407 Implenda,
732 3339 950 3394 advenit
979 3339 1218 3394 demum.
1263 3337 1393 3393 Hm
1434 3351 1604 3392 autent
1639 3356 1697 3394 eo
1722 3341 1995 3412 cogitante,

405 3431 613 3501 erigetur
641 3431 694 3484 in
719 3433 906 3486 somnis
933 3433 1179 3504 apparuit
1205 3433 1418 3502 Joseplt.
1452 3431 1639 3488 Viden’
1668 3433 1768 3487 viri
1812 3433 1998 3490 mode-

405 3521 711 3574 rationem?
751 3521 866 3576 Non
894 3521 1056 3575 modo
1086 3537 1190 3574 non
1223 3522 1444 3590 punivit,
1478 3520 1574 3575 sed
1600 3522 1801 3576 nemini
1830 3522 1984 3590 dixit,

405 3625 467 3666 ac
504 3625 570 3666 ne
598 3609 674 3664 illi
698 3611 920 3680 quidem
942 3626 1063 3680 quae
1089 3611 1142 3665 in
1170 3612 1530 3680 suspicionem
1558 3611 1838 3677 veniebat;
1891 3611 1989 3668 sed

407 3717 522 3757 rem
549 3717 733 3757 secum
766 3705 1062 3773 cogitabat,
1081 3714 1137 3758 et
1164 3719 1413 3761 secessus
1441 3705 1868 3774 causamVirgini
1898 3691 1997 3761 ob?

404 3804 585 3864 tegere
632 3793 902 3850 studebat.
952 3794 1138 3865 Neque
1183 3796 1327 3851 enim
1356 3795 1493 3852 dixit
1543 3796 1717 3864 ipsum
1763 3794 1996 3848 voluisse

405 3885 547 3940 illam
573 3884 792 3954 ejicere,
819 3885 913 3940 sed
939 3885 1210 3942 dimittere
1241 3905 1256 3943 :
1284 3901 1455 3957 usque
1483 3886 1621 3941 adeo
1647 3886 1911 3956 benignus
1936 3892 1995 3938 et

405 3976 720 4031 moderatus
759 3977 840 4031 vir
869 3987 1004 4032 erat.
1037 3977 1160 4033 llatc
1198 3988 1376 4033 autem
1408 3978 1661 4048 cogitanti
1702 3977 1756 4033 in
1789 3974 1995 4031 somnis

399 4079 623 4138 apparet
653 4069 895 4138 angelus.
928 4069 996 4124 Et
1023 4085 1123 4124 cur
1147 4085 1253 4124 non
1282 4079 1488 4140 aperte,
1523 4079 1580 4123 ut
1608 4067 1910 4139 paStoribus
1937 4075 1995 4123 et

400 4159 678 4213 Zachariae
723 4159 869 4213 visus
911 4169 1015 4224 est,
1052 4175 1260 4215 necnon
1289 4162 1450 4214 etiam
1495 4159 1741 4230 Virgini?
1785 4159 1991 4213 Admo-

399 4248 525 4301 dum
557 4247 730 4301 fidelis
757 4249 836 4300 vir
876 4257 1010 4312 erat,
1044 4265 1218 4318 neque
1261 4252 1452 4317 egebat
1481 4250 1570 4303 tali
1601 4250 1823 4304 visione.
1859 4249 1990 4303 Nam

401 4337 582 4408 Virgo,
616 4339 702 4392 cui
745 4337 1168 4393 annuntiabatur
1211 4355 1299 4394 res
1328 4349 1495 4404 tanta,
1521 4350 1576 4395 et
1617 4341 1777 4409 longe
1826 4341 1992 4410 major

399 4443 558 4495 quam
591 4429 883 4494 Zacharia),
913 4431 1078 4485 etiam
1109 4441 1232 4485 ante
1262 4448 1376 4486 rem
1404 4433 1572 4502 ipsam
1614 4434 1806 4503 egebat
1829 4434 1993 4488 mira-

399 4519 494 4574 bili
542 4519 776 4590 quadam
833 4520 1088 4575 visione:
1141 4533 1388 4591 pastores
1448 4536 1615 4591 vero,
1666 4534 1849 4593 utpote
1899 4523 1990 4592 qui

398 4610 724 4679 agrestiores
753 4620 958 4678 essent,
986 4612 1254 4680 apertiore
1286 4612 1490 4666 visione
1525 4626 1661 4683 opus
1701 4612 1989 4667 habebant.

399 4699 495 4755 llic
513 4713 691 4756 autem
720 4711 846 4772 post
876 4715 1110 4773 partttut,
1143 4717 1262 4756 cum
1292 4717 1453 4771 prava
1483 4703 1788 4774 suSpicione
1826 4703 1990 4757 anitui

399 4803 692 4854 teneretur,
721 4804 775 4847 et
819 4804 1042 4865 paratus
1092 4804 1269 4847 tamen
1300 4803 1448 4848 esset
1490 4794 1556 4848 ad
1602 4795 1795 4848 bonam
1840 4809 1992 4864 spem

399 4882 555 4935 facile
604 4884 812 4949 reduci,
842 4885 886 4938 si
917 4887 1039 4953 quis
1080 4885 1179 4939 hac
1226 4885 1278 4940 in
1310 4899 1367 4940 re
1393 4884 1504 4939 dux
1556 4885 1632 4940 illi
1677 4894 1988 4955 appareret,

398 4972 784 5026 revelationem
811 4976 1024 5044 accipit.
1080 4974 1206 5031 Ideo
1257 4984 1380 5045 post
1433 4976 1798 5046 suspicionem
1839 4976 1991 5032 adest

398 5063 572 5116 bonus
603 5063 842 5127 nuntius,
875 5072 932 5117 ut
960 5064 1064 5119 hoc
1093 5065 1264 5133 ipsum
1297 5066 1371 5120 illi
1403 5065 1546 5122 foret
1573 5081 1699 5121 vera
1723 5065 1989 5122 dictorum

395 5156 804 5210 demonstratio.
836 5156 969 5210 Cum
1007 5157 1152 5210 enim
1181 5160 1380 5213 nemini
1408 5159 1648 5224 dixisset,
1680 5157 1773 5214 sed
1804 5160 1984 5213 animo

395 5249 570 5302 solum
604 5248 720 5302 ha:e
737 5247 1050 5317 cogitasset,
1077 5256 1133 5302 et
1160 5247 1258 5303 hac
1286 5249 1357 5304 de
1396 5265 1455 5305 re
1484 5251 1794 5319 loquentem
1822 5265 1986 5319 ange-

398 5341 508 5392 lum
536 5339 770 5405 audiret,
803 5337 1161 5393 indubitatum
1197 5339 1298 5409 ipsi
1323 5340 1534 5408 signum
1558 5349 1706 5406 erat,
1735 5342 1984 5410 angelum

403 5442 432 5481 λ
457 5428 565 5482 Deo
605 5428 832 5496 jussum,
863 5422 981 5480 haec
1005 5423 1207 5479 dictum
1243 5425 1492 5480 venisse:
1523 5425 1688 5496 ipsius
1729 5425 1875 5480 enim
1901 5437 1990 5478 so~

405 5518 510 5571 lius
533 5525 614 5570 est
643 5516 821 5572 cordis
851 5530 1044 5570 arcana
1076 5515 1234 5571 scire.
1269 5514 1404 5569 Vide
1431 5516 1608 5586 itaque
1646 5525 1846 5586 quanta
1874 5513 1990 5570 elli-

405 5607 614 5660 eiantnr
638 5621 653 5669 ;
695 5605 794 5657 viri
823 5605 1156 5673 philosophia
1181 5605 1500 5670 ostenditur,
1534 5615 1588 5660 et
1611 5605 1758 5660 illud
1787 5621 1989 5675 Oppor-

410 5706 534 5750 tune
570 5696 638 5750 ab
667 5695 860 5764 angelo
899 5697 1160 5765 prolatum
1200 5696 1268 5752 ad
1309 5693 1468 5749 fidem
1515 5695 1630 5766 ejus
1673 5694 1989 5751 ﬁrmandam

2139 510 2342 563 confert
2355 552 2369 574 ,
2386 511 2694 581 dictumque
2717 531 2889 582 ipsum
2909 534 3022 568 sine
3040 516 3346 587 suspicione
3364 528 3570 583 manet,
3585 524 3726 589 quod

2142 602 2381 654 ostendit
2425 601 2598 670 ipsum
2627 620 2689 660 ea
2719 622 2930 675 passmu
2973 623 3113 677 esse,
3145 626 3264 680 qua:
3294 612 3374 667 vir
3399 613 3576 683 quivis
3606 613 3728 683 jam

2140 689 2251 763 pati
2285 701 2512 762 poterat.

2203 863 2260 919 6.
2307 859 2587 927 Quomodo
2624 870 2801 916 autem
2832 863 2991 918 fidem
3021 861 3118 932 ipsi
3146 864 3274 921 facit
3300 868 3558 937 angelus?
3589 871 3722 927 Audi

2133 959 2186 1006 et
2208 954 2402 1007 mirare
2427 951 2688 1007 (lictorum
2713 957 3048 1022 sapientiam.
3073 959 3347 1012 Accedens
3372 961 3446 1014 ait
3469 979 3481 1014 :
3505 962 3721 1031 Ioseph,

2133 1043 2210 1110 [ili
2237 1041 2401 1096 David
2421 1085 2435 1106 ,
2459 1045 2564 1098 noli
2584 1041 2758 1098 timere
2775 1048 3001 1116 accipere
3023 1047 3245 1102 Mariam
3271 1054 3539 1123 conjuge»:
3558 1064 3720 1110 ruant.

2129 1137 2316 1189 Statim
2352 1133 2600 1190 Davidem
2634 1136 2687 1190 in
2733 1137 3045 1192 memoriam
3078 1151 3326 1207 revocat,
3360 1145 3501 1200 unde
3546 1151 3723 1201 nasci-

2130 1234 2283 1280 turus
2309 1235 2421 1279 erat
2465 1225 2748 1291 Christus;
2781 1243 2954 1295 neque
2990 1230 3117 1284 sinit
3141 1231 3290 1285 illum
3324 1234 3525 1288 turbari
3547 1275 3563 1300 ,
3593 1236 3720 1291 dum

2131 1325 2226 1384 per
2243 1316 2501 1382 majorum
2527 1329 2720 1370 nomen
2747 1319 3152 1384 promissionem
3172 1322 3423 1378 univerSo
3440 1330 3626 1394 generi
3645 1328 3721 1380 fa-

2127 1416 2265 1460 etam
2293 1405 2343 1460 in
2363 1408 2676 1461 memoriam
2706 1419 2939 1462 revocat.
2962 1409 3066 1465 Sed
3083 1412 3237 1478 cujus
3258 1415 3334 1469 rei
3360 1417 3528 1484 gratia
3553 1417 3717 1489 lilium

2131 1498 2292 1552 David
2350 1503 2523 1568 Ipsum
2573 1499 2837 1568 appellat?
2869 1500 2951 1554 Ne
2993 1503 3169 1557 timeas
3193 1519 3212 1556 :
3241 1517 3562 1576 quamquam
3593 1507 3717 1565 alibi

2131 1586 2270 1642 Deus
2299 1602 2402 1642 non
2434 1589 2502 1642 ita
2533 1588 2685 1655 fecit;
2708 1589 2800 1644 sed
2826 1590 3054 1659 quodam
3080 1593 3148 1648 de
3171 1609 3339 1650 uxore
3367 1599 3598 1654 Abrahtc
3625 1615 3716 1656 se-

2125 1693 2220 1736 cus
2249 1696 2405 1752 quam
2436 1692 2744 1752 oportuerat
2771 1687 3036 1755 cogitante
3061 1728 3076 1754 ,
3123 1691 3418 1748 terroribus
3448 1695 3715 1768 minisque

2124 1774 2176 1826 in
2229 1773 2492 1844 loquendo
2537 1788 2664 1830 usus
2711 1776 2852 1832 Deus
2893 1786 3013 1844 est;
3043 1783 3252 1837 etiamsi
3282 1783 3355 1838 ibi
3381 1802 3595 1856 quoque
3625 1805 3713 1845 res

2125 1875 2218 1932 per
2243 1865 2593 1934 ignorantiam
2617 1867 2770 1922 fieret
2797 1885 2810 1921 :
2842 1884 3014 1939 neque
3035 1873 3178 1926 enim
3202 1887 3380 1929 rerum
3404 1889 3600 1947 gnarus
3625 1879 3714 1935 ille

2123 1953 2310 2009 Saram
2333 1964 2613 2026 acceperat
2639 1974 2652 2010 :
2677 1966 2910 2014 attamen
2943 1963 3302 2029 perterrefeeit
3325 1981 3447 2021 eum
3470 1985 3485 2034 ;
3509 1969 3595 2023 hic
3616 1985 3714 2026 au-

2123 2053 2229 2098 tem
2258 2047 2438 2101 mitius
2462 2046 2655 2115 agitur.
2685 2045 2878 2118 Ingens
2905 2051 3046 2105 enim
3076 2063 3193 2108 erat
3223 2067 3401 2111 rerum
3430 2075 3551 2128 qua:
3579 2073 3710 2132 age-

2123 2135 2317 2189 bantur
2336 2137 2664 2206 magnitudo,
2695 2151 3048 2210 magnumque
3071 2145 3210 2201 inter
3232 2146 3400 2202 virum
3424 2159 3710 2222 utrumque

2120 2227 2408 2284 discrimen
2437 2245 2451 2283 :
2483 2241 2807 2299 quaprOpter
2832 2248 2934 2286 non
2966 2244 3083 2289 erat
3113 2235 3478 2307 increpatione
3505 2256 3658 2312 opus.
3690 2247 3702 2275 '

2119 2314 2250 2371 Cum
2279 2329 2455 2372 autem
2482 2320 2648 2386 dixit,
2684 2320 2767 2375 Ne
2796 2324 2974 2378 linteas
2993 2365 3009 2391 ,
3038 2327 3276 2382 declarat
3301 2331 3474 2399 ipsum
3501 2342 3709 2389 metue-

2121 2420 2181 2461 re
2213 2425 2278 2462 ne
2309 2410 2471 2462 Deum
2512 2410 2744 2465 offendat
2765 2455 2778 2475 ,
2806 2415 2850 2467 si
2877 2415 3171 2470 adulteram
3215 2433 3435 2475 uxorem
3468 2423 3657 2479 habeat
3686 2443 3702 2484 ;

2119 2501 2188 2552 ita
2220 2499 2319 2553 uisi
2346 2500 2446 2554 hoc
2471 2501 2691 2568 fuisset,
2727 2503 2870 2557 illam
2893 2503 3162 2562 dimittere
3185 2523 3250 2564 ne
3274 2512 3562 2582 cogitasset
3584 2519 3707 2586 qui-

2117 2589 2262 2644 dem.
2308 2591 2400 2646 llis
2447 2593 2605 2661 igitur
2647 2596 2893 2650 omnibus
2928 2597 3230 2656 declaratur
3251 2643 3265 2666 ,
3296 2617 3326 2657 a
3360 2601 3468 2658 Deo
3494 2609 3703 2666 venisse

2116 2679 2361 2750 angelum
2383 2724 2396 2745 ,
2433 2686 2520 2753 qui
2561 2687 2737 2739 omnia
2778 2698 2897 2756 qua:
2935 2690 3187 2759 cogitavit
3215 2701 3270 2748 et
3305 2695 3485 2750 animo
3514 2711 3702 2766 passus

2114 2784 2196 2828 est
2213 2770 2436 2845 .inscplt,
2465 2772 2516 2830 in
2541 2776 2774 2833 medium
2805 2783 2981 2836 attulit
2999 2793 3053 2838 et
3068 2789 3335 2854 exposuit.
3362 2789 3591 2860 Virginis
3610 2801 3708 2844 an-

2119 2871 2221 2917 tem
2249 2865 2591 2932 prontnttiato
2615 2869 2848 2934 nomine,
2881 2885 2990 2928 non
3018 2873 3104 2930 hic
3131 2877 3314 2944 stetit,
3341 2879 3438 2934 sed
3465 2879 3702 2945 addidit,

2112 2952 2389 3026 Cnniugcm
2419 2965 2606 3023 tuam,
2651 2974 2811 3028 quam
2860 2975 2968 3017 non
3018 2965 3088 3020 ita
3137 2975 3402 3037 vocasset,
3443 2972 3488 3026 si
3519 2973 3702 3027 vitiata

2115 3046 2319 3102 fuisset.
2349 3045 2641 3119 Conjugem
2666 3065 2796 3107 vero
2824 3051 2911 3108 hic
2937 3069 3188 3126 sponsam
3218 3071 3372 3116 vocat
3397 3079 3413 3117 :
3440 3066 3703 3133 quemad-

2116 3137 2332 3192 modum
2364 3148 2416 3194 et
2443 3153 2671 3210 generos
2709 3155 2905 3200 vocare
2947 3147 3084 3203 solet
3127 3147 3399 3220 Scriptura
3437 3167 3699 3226 sponsm,

2111 3239 2234 3285 ante
2259 3229 2489 3300 nuptias.
2507 3229 2646 3300 Quid
2661 3247 2790 3291 vero
2805 3238 3068 3308 signiﬁcat
3085 3238 3232 3308 illud,
3249 3243 3487 3316 Accipere
3501 3245 3526 3302 2
3547 3244 3699 3304 Domi

2110 3321 2341 3376 retinere
2370 3340 2383 3376 :
2411 3319 2523 3391 jam
2553 3325 2695 3380 enim
2726 3324 2872 3383 illam
2898 3330 3081 3387 animo
3107 3331 3402 3391 dimiserat.
3436 3331 3593 3394 [iane
3618 3335 3703 3394 di-

2109 3413 2326 3468 missam
2348 3415 2522 3470 retine
2541 3457 2556 3479 ,
2580 3429 2738 3487 quam
2765 3420 2860 3476 tibi
2885 3416 3022 3479 Deus
3049 3425 3240 3492 tradit,
3274 3438 3380 3484 non
3408 3436 3696 3498 parentes:

2109 3501 2272 3558 tradit
2299 3513 2477 3560 autem
2505 3517 2612 3561 non
2637 3509 2703 3564 ad
2733 3511 2944 3581 nuptias
2963 3553 2979 3578 ,
3007 3511 3101 3570 sed
3125 3526 3182 3570 ut
3201 3529 3320 3572 cum
3347 3518 3435 3575 illa
3460 3517 3698 3589 habiles;

2109 3591 2270 3648 tradit
2295 3607 2458 3664 porro
2488 3607 2584 3666 per
2611 3609 2800 3655 vocem
2828 3615 3023 3658 meam.
3057 3600 3125 3660 Ut
3152 3603 3294 3662 illam
3328 3619 3510 3679 postea
3537 3610 3697 3667 Chri-

2107 3692 2220 3737 stus
2247 3681 2464 3742 tradidit
2487 3685 2784 3760 discipulo,
2817 3689 2887 3747 ita
2918 3702 2972 3750 et
3003 3708 3147 3752 nunc
3175 3693 3411 3771 Josepho
3443 3702 3687 3760 traditur.

2107 3771 2308 3831 Deinde
2336 3789 2451 3833 rem
2500 3779 2728 3838 obscure
2770 3783 3012 3841 indicans
3032 3827 3046 3851 ,
3075 3799 3300 3857 pravam
3331 3793 3690 3863 suspicionem

2106 3882 2212 3923 non
2265 3873 2625 3937 memoravit,
2667 3875 2762 3930 sed
2811 3875 3122 3936 honestiore
3179 3881 3696 3958 congruentioreque

2105 3959 2262 4014 modo
2289 3963 2659 4032 conceptionis
2685 3967 2924 4034 exposita
2954 3980 3115 4025 causa
3133 4013 3148 4036 ,
3177 3972 3319 4027 illam
3345 3975 3581 4044 suStulit,
3604 3987 3696 4033 es-

2103 4051 2325 4106 tcndens
2363 4063 2484 4107 eum
2507 4093 2522 4119 ,
2556 4065 2776 4125 propter
2814 4061 3056 4115 eamdem
3101 4063 3270 4131 ipsam
3302 4075 3518 4122 cauSam
3545 4110 3561 4136 ,
3592 4081 3693 4142 qua

2105 4137 2324 4196 timebat
2347 4149 2401 4196 et
2427 4143 2569 4198 illam
2593 4146 2862 4204 dimittere
2885 4151 3115 4216 volebat,
3137 4155 3258 4222 jure
3285 4155 3428 4211 illam
3457 4137 3696 4230 recipere

2099 4243 2151 4285 et
2181 4233 2414 4288 retinere
2441 4234 2638 4292 debere
2666 4255 2679 4290 :
2708 4239 2892 4310 sicque
2922 4255 2987 4296 ex
3015 4243 3306 4300 abundanti
3334 4247 3450 4315 ejus
3478 4251 3687 4305 moesti-

2099 4322 2226 4376 tiam
2255 4325 2494 4379 resolvit.
2527 4327 2642 4381 Non
2689 4332 2850 4384 modo
2872 4373 2886 4394 ,
2930 4332 3135 4402 inquit,
3170 4336 3358 4392 illicito
3399 4349 3692 4409 congressu

2098 4425 2227 4481 pura
2255 4422 2340 4468 est
2358 4455 2372 4477 ,
2401 4415 2495 4470 sed
2518 4416 2677 4472 etiam
2700 4433 2860 4488 supra
2887 4432 3130 4479 naturam
3157 4434 3364 4481 uterum
3387 4438 3578 4498 gestat.
3605 4430 3686 4486 Ne

2097 4503 2257 4572 igitur
2283 4513 2483 4559 metum
2519 4519 2685 4576 ponas
2717 4515 2918 4566 tantum
2940 4553 2954 4572 ,
2987 4513 3082 4568 sed
3115 4513 3166 4570 in
3193 4529 3437 4587 magnam
3469 4531 3692 4592 erumpe

2096 4590 2334 4648 laetitiam
2366 4612 2379 4648 :
2415 4593 2565 4664 Quod
2590 4600 2723 4654 enim
2748 4602 2800 4655 in
2828 4618 2887 4656 ea
2913 4616 3089 4659 natum
3118 4617 3188 4660 est
3208 4649 3223 4673 ,
3254 4608 3318 4663 de
3346 4605 3546 4680 Spiritu
3575 4590 3691 4666 δοίη.

2090 4694 2172 4736 cto
2197 4695 2291 4739 est.
2339 4685 2672 4757 Stupendum
2704 4691 2906 4746 dictum
2931 4732 2949 4760 ,
2981 4693 3270 4751 humanam
3302 4701 3684 4768 cogitationem

2089 4785 2384 4842 superans,
2419 4776 2671 4848 legesque
2713 4790 2918 4836 naturae
2957 4791 3362 4842 transcenderis.
3402 4789 3687 4857 Quomodo

2089 4862 2247 4934 igitur
2266 4867 2448 4923 credet
2466 4870 2542 4924 vir
2567 4871 2697 4924 tales
2719 4888 2824 4927 non
2842 4887 3094 4943 expertus
3113 4881 3443 4936 narrationes
3459 4877 3483 4935 ?
3499 4883 3538 4936 Α
3561 4899 3684 4952 prte-

2089 4955 2384 5021 teritorum,
2414 4959 2604 5029 inquit,
2633 4963 2979 5020 revelatione.
3008 4967 3132 5022 Ideo
3154 4971 3329 5024 omnia
3355 4989 3473 5042 qua:
3496 4984 3674 5030 mente

2087 5047 2375 5116 cogitabat,
2403 5050 2678 5119 revelavit,
2703 5069 2823 5122 qua)
2848 5070 3036 5124 passus
3058 5068 3160 5126 est,
3185 5076 3303 5129 quzr
3333 5061 3525 5127 timuit,
3553 5080 3674 5134 qua:

2085 5135 2262 5192 facere
2284 5139 2660 5209 meditabatur,
2687 5153 2745 5198 ut
2766 5143 2870 5199 illis
2891 5146 2942 5200 iu
2967 5148 3198 5203 medium
3222 5151 3489 5220 adductis,
3513 5154 3672 5210 etiam

2088 5228 2170 5282 his
2195 5229 2355 5286 fidem
2377 5233 2628 5302 haberet;
2659 5239 2766 5292 imo
2789 5254 2896 5293 non
2918 5256 2981 5295 ex
3011 5245 3295 5312 praaeritis
3317 5255 3518 5302 tantum
3536 5288 3552 5312 ,
3574 5249 3672 5303 sed

2084 5319 2245 5374 etiam
2267 5337 2333 5376 ex
2363 5323 2552 5379 futuris
2573 5327 2639 5380 ad
2663 5329 2985 5384 credendum
3017 5332 3166 5388 illum
3210 5335 3435 5391 inducit.
3458 5337 3548 5393 2i.
3578 5338 3682 5392 Pa-

2087 5403 2185 5457 riet
2204 5416 2392 5471 autem.
2421 5407 2611 5477 inquit,
2637 5411 2820 5478 ﬁlium,
2849 5425 2894 5466 et
2916 5417 3116 5470 vocabis
3138 5434 3318 5472 nomen
3342 5422 3452 5490 ejus
3472 5424 3668 5481 lerunt.

2086 5489 2164 5546 Ne
2184 5505 2335 5564 putes
2354 5497 2496 5550 enim
2520 5501 2643 5567 quia
2663 5515 2728 5554 ex
2753 5500 2951 5572 Spiritu
2977 5517 3163 5561 sancto
3188 5521 3288 5580 est,
3315 5489 3371 5564 le
3392 5512 3512 5567 ideo
3533 5514 3666 5570 alic-

2178 5701 2195 5731 ¹
2229 5702 2340 5760 Alii,
2367 5715 2456 5752 non
2480 5701 2743 5768 increpavit
2763 5717 2809 5760 at
2833 5717 3092 5775 0}}0.’lt‘b-d.
