4066 6428
495 356 559 408 -ίἺ
1203 359 1257 414 S.
1301 360 1586 417 JOANNIS
1625 361 2116 419 CIIRYSOSTOMI
2156 361 2474 420 ARCIIIEP.
2512 345 3068 416 CONSTASTINOP.
3665 345 3740 403 ΑΒ

475 473 574 542 τῆς
601 461 816 540 φύσεως
837 471 1035 541 νόμων.
1059 466 1183 531 Πῶς
1202 461 1295 520 οὖν
1317 464 1598 518 πιστεύσει
1621 464 1649 514 6
1670 461 1872 514 τούτων
1893 460 2051 514 61m-

480 581 573 633 ρος
592 563 701 614 τῶν
721 563 882 632 διηγη
891 562 1074 630 μάτων
1097 559 1238 628 ἀνήρ
1255 575 1268 622 ;
1304 557 1436 609 Ἀπὸ
1454 556 1562 608 τῶν
1585 555 1628 585 ¹⁹
1656 552 2052 622 παρελθόντων,

479 656 662 724 φησὶν,
683 653 790 706 61:6
815 653 922 704 τῶν
946 653 992 684 ¹⁰
1019 648 1435 718 ἀποκαλύψεων.
1463 647 1560 700 Διά
1591 649 1700 717 γὰρ
1721 645 1878 698 τοῦτο
1901 645 1968 697 τά
1998 646 2054 697 ἐν

477 747 542 814 τῇ
560 745 767 813 διανοίᾳ
791 743 967 795 πάντα
994 740 1346 809 ὲξεκάλυψεν,
1365 739 1506 809 ἆπερ
1525 737 1743 799 ἔπαθεν,
1769 736 1911 806 ἀπερ
1929 735 2054 786 ἔδει·

478 851 588 897 σεν,
610 835 750 903 ἅπερ
769 833 991 902 ποιῆσαι
1015 831 1389 894 ἐϐουλεύσατο,
1407 831 1493 883 ἵνα
1512 827 1628 899 [58]
1648 827 1937 892 ὲξὲκείνων
1958 826 2051 878 καὶ

477 921 631 974 τοῦτο
660 920 1000 990 πιστώσηται
1025 939 1036 952 ’
1067 921 1264 991 μᾶλλον
1284 919 1361 982 δὲ,
1384 919 1484 972 ούκ
1507 917 1615 971 61:6
1635 917 1742 969 τῶν
1765 913 2048 985 παρελθόν-

477 1029 583 1064 των
609 1012 766 1080 μόνον
790 1013 857 1072 ’¹,
886 1011 1023 1064 ἀλλά
1043 1013 1137 1064 καὶ
1163 1011 1271 1082 ἀπὸ
1308 1011 1417 1063 τῶν
1451 1008 1746 1079 μελλόντων
1777 1005 1936 1058 αὐτὸν
1969 1006 2057 1056 έπ-

481 1103 694 1169 ἀῖεται·
735 1101 966 1165 Τέξεται
1002 1103 1090 1165 δὲ,
1124 1103 1310 1172 φησὶν,
1351 1102 1505 1164 υἱὸν,
1541 1100 1642 1153 καὶ
1684 1097 1964 1160 καλέσεις
1991 1102 2058 1146 τό

485 1188 882 1256 ὄνομααῠτοῦ
904 1191 1165 1257 Ἰησοῦν.
1181 1190 1272 1261 Μὴ
1292 1191 1418 1260 γάρ,
1438 1189 1624 1260 ἐπειδὴ
1655 1190 1719 1241 ἐκ
1751 1185 2062 1256 Πνεύματός

486 1280 634 1331 ἐστιν
665 1281 842 1347 ἁγίου,
865 1281 1091 1352 νομίσῃς
1123 1261 1400 1352 ἀλλότριόν
1421 1298 1480 1332 σε
1505 1282 1604 1348 τῆς
1630 1277 1899 1340 διακονίας
1921 1271 2057 1327 εἶναι

488 1370 587 1440 τῆς
606 1370 744 1422 κατά
764 1373 862 1440 τὴν
889 1371 1221 1440 οἰκονομίαν.
1243 1373 1306 1424 El
1326 1374 1431 1444 γάρ
1462 1374 1555 1426 καὶ
1580 1375 1658 1435 εἰς
1685 1374 1781 1442 τὴν
1809 1373 2060 1440 γέννησιν

487 1457 640 1510 οὐδὲν
671 1459 962 1525 συντελεῖς,
992 1460 1105 1513 ἀλλ’
1144 1462 1425 1530 ἀνέπαφος
1469 1461 1679 1531 ἔμεινεν
1704 1464 1737 1532 ἡ
1771 1460 2063 1532 Παρθένος,

487 1550 636 1618 ὅμως
673 1549 811 1621 ὅπερ
861 1552 979 1604 ἐστὶ
1025 1553 1232 1624 πατρὸς
1261 1552 1390 1606 ίδιον
1417 1593 1431 1617 ,
1482 1555 1541 1606 οὐ
1570 1555 1963 1624 λυμαινόμενον
2006 1552 2066 1603 :6

487 1640 587 1706 τῆς
629 1640 924 1710 παρθενίας
969 1642 1204 1712 ἀξίωμα,
1249 1641 1408 1695 τοῦτό
1450 1660 1532 1696 σοι
1575 1643 1864 1712 δίδωμι,τδ
1896 1643 2066 1711 ὄνομα

490 1730 758 1784 ἐπιθεῖναι
783 1732 863 1801 τῷ
895 1733 1198 1802 τικτομένῳ
1220 1751 1236 1766 ο
1273 1735 1337 1787 σὺ
1370 1734 1479 1804 γάρ
1513 1735 1673 1787 αὐτὸν
1708 1734 1971 1795 καλέσεις.
2004 1734 2066 1785 Εἰ

491 1825 600 1892 γάρ
629 1825 724 1876 καὶ
775 1823 849 1894 μὴ
883 1824 973 1887 σδς
1015 1827 1045 1878 6
1077 1825 1254 1888 τόκος,
1294 1825 1430 1878 ἀλλά
1466 1826 1534 1878 τὰ
1586 1825 1787 1896 πατρὸς
1827 1823 2068 1895 ἐπιδείξῃ

493 1915 623 1982 περί
657 1915 840 1968 αὐτόν.
875 1917 974 1968 Διά
1004 1917 1162 1969 τοῦτό
1203 1935 1260 1970 σε
1285 1919 1380 1971 καὶ
1410 1919 1518 1970 61:6
1557 1918 1656 1987 τῆς
1684 1916 1776 1968 τοῦ
1808 1917 2068 1986 όνόματος

495 2001 696 2066 θέσεως
741 2004 942 2066 εὐθέως
988 2005 1172 2058 οἰκειῶ
1221 2005 1299 2076 τῷ
1329 2006 1649 2076 τικτομένῳ.
1688 2003 1840 2066 Εἶτα,
1866 2005 1953 2057 ἵνα
1995 2005 2068 2073 μὴ

430 2165 437 2175 1
497 2093 658 2146 πάλιν
689 2095 752 2146 ὲκ
783 2095 973 2148 τούτου
1014 2097 1221 2166 πατέρα
1237 2114 1320 2158 τις
1348 2097 1508 2150 αὐτὸν
1541 2096 1877 2164 ὑποπτεύσῃ,
1913 2095 2070 2149 ἄκου-

497 2200 588 2236 σον
616 2185 682 2238 τά
715 2183 843 2255 ἑξῆς
879 2187 995 2250 πῶς
1029 2189 1166 2258 μετά
1201 2189 1487 2259 ἀκριϐείας
1513 2188 1713 2258 τίθησι.
1751 2188 1976 2251 ἵέεεται
2000 2189 2067 2248 ’⁸,

497 2275 680 2342 φησὶν,
709 2279 845 2330 υἱόν
866 2294 880 2308 ο
921 2279 1022 2331 οὐκ
1054 2275 1196 2345 εἶπε,
1237 2279 1461 2344 Τέξεταί
1502 2297 1606 2339 σοι,
1641 2277 1758 2330 ἀλλ’
1792 2277 1976 2340 ἁπλῶς
1999 2278 2069 2339 ’³,

503 2366 755 2433 Τέξεται,
787 2371 1059 2440 μετέωρον
1087 2372 1218 2424 αὐτὸ
1246 2371 1359 2435 θείς
1381 2388 1396 2404 ο
1426 2372 1488 2424 06
1517 2370 1626 2440 γάρ
1665 2368 1813 2438 αύτῷ
1839 2369 2067 2432 ἔτικτεν,

495 2457 630 2510 ἀλλά
663 2462 729 2530 τῇ
757 2461 1048 2534 οἰκουμένῃ
1079 2464 1248 2536 πάσῃ.

449 2602 461 2611 _
566 2549 631 2613 ζ’.
657 2551 755 2604 Διά
778 2552 935 2606 τοῦτο
957 2555 1131 2608 καὶτὸ
1146 2557 1316 2626 ὄνομα
1341 2559 1404 2610 ὲκ
1421 2559 1528 2612 τῶν
1555 2559 1800 2630 οὐρανῶν
1821 2555 1948 2628 ἦλθε
1978 2574 2069 2610 κο-

501 2639 670 2710 μίζων
687 2644 713 2694 ὁ
732 2641 980 2710 ἄγγελος,
999 2646 1093 2697 καὶ
1109 2647 1356 2700 ἐντεῦθεν
1372 2649 1584 2712 δεικνὺς
1610 2649 1922 2718 θαυμαστὸν
1946 2647 2074 2701 ὄντα

497 2733 588 2784 τὸν
617 2733 794 2799 τόκον,
831 2734 908 2805 τῷ
949 2724 1221 2790 τὸνθεόν
1250 2735 1390 2793 εἶναι
1437 2742 1529 2794 τὸν
1569 2742 1666 2811 τὴν
1706 2739 2074 2810 προσηγορίαν

498 2823 706 2877 ἄνωθεν
740 2826 1027 2896 πέμποντα
1064 2829 1152 2882 διὰ
1179 2830 1274 2883 τοῦ
1308 2832 1541 2901 ἀγγέλου
1579 2833 1657 2903 τῷ
1696 2834 1911 2901 Ἰωσήφ.
1941 2831 2074 2884 Οὐδὲ

499 2914 610 2984 γὰρ
633 2915 788 2969 τοῦτο
819 2918 1000 2983 ἅπλῶς
1027 2916 1117 2990 ἦν,
1141 2920 1276 2976 ἀλλὰ
1303 2923 1512 2994 μυρίων
1540 2924 1760 2992 ἀγαθῶν
1781 2923 2072 2993 θησαυρός.

500 3003 591 3056 Διὸ
613 3006 705 3058 καὶ
729 3008 1023 3080 ἑρμηνεύει
1051 3012 1210 3066 τοῦτο
1232 3016 1261 3066 ό
1292 3013 1542 3084 ἅγγελος,
1567 3016 1660 3069 καί⁵
1688 3013 1929 3085 χρηστὰς
1945 3015 2075 3066 ὕπο·

498 3097 664 3150 τείνει
686 3098 928 3166 ἐλπίδας,
959 3103 1052 3156 καὶ
1079 3104 1251 3177 ταύτῃ
1297 3107 1435 3178 πρὸς
1465 3107 1648 3160 πίστιν
1683 3106 1845 3160 αὐτὸν
1877 3105 2078 3174 ἐπαγό-

503 3203 685 3254 μενος.
751 3191 894 3262 Πρὸς
927 3193 1036 3265 γὰρ
1087 3195 1261 3250 ταῦτα
1313 3198 1774 3270 ὲπιρῤεπέστερον
1807 3198 2078 3270 εἰώθαμεν

499 3279 675 3352 ἐχειν·
725 3282 806 3335 διὸ
859 3287 952 3340 καὶ
996 3288 1194 3358 μᾶλλον
1239 3291 1420 3355 αὐτοῖς
1477 3291 1752 3346 πιστεύειν
1793 3289 2075 3361 φιλοῦμεν.

512 3371 647 3424 Ἀπὸ
689 3375 906 3431 πάντων
934 3378 1115 3431 τοίνυν
1152 3381 1571 3445 κατασκευάσας
1599 3381 1697 3453 τὴν
1742 3381 1941 3445 πίστιν,
1971 3379 2079 3435 ἀπὸ

500 3463 610 3517 τῶν
643 3468 1019 3538 παρελθόντων
1047 3511 1062 3532 ,
1102 3473 1210 3525 61:6
1272 3475 1380 3527 τῶν
1440 3474 1772 3543 μελλόντων,
1823 3473 1932 3526 61:6
1971 3472 2080 3525 τῶν

503 3553 832 3622 ἐνεστώτων,
854 3558 963 3611 61:6
989 3561 1088 3630 τῆς
1117 3565 1193 3626 είς
1219 3565 1380 3617 αὐτὸν
1411 3567 1597 3634 τιμῆς,
1632 3566 1838 3632 εἰσάγει
1865 3567 1959 3618 καὶ
1989 3565 2081 3617 τὸν

506 3645 792 3715 προφήτην
859 3649 1128 3722 εὐκαίρως
1182 3654 1392 3718 τούτοις
1457 3656 1627 3708 ἅπασι
1689 3655 2078 3726 ψηφιζόμενον.

508 3731 644 3801 Πρὶν
687 3733 719 3804 ἢ
747 3733 804 3786 δὲ
841 3736 1002 3790 αὐτὸν
1031 3740 1365 3810 εἰσαγαγεῖν,
1398 3745 1464 3797 :6
1506 3744 1766 3814 μέλλοντα
1795 3747 1861 3815 τῇ
1900 3746 2082 3796 οἰκου-

511 3823 650 3894 μένῃ
693 3823 762 3878 δι’
815 3827 979 3881 αὐτοῦ
1032 3832 1408 3903 συμϐήσεσθαι
1459 3835 1638 3902 ἀγαθά
1680 3838 2078 3906 προαναφωνεῖ.

517 3913 642 3968 ἳίνα
664 3917 720 3969 δὲ
743 3917 916 3973 ταῦτά
949 3922 1129 3988 ὲστιν;
1168 3925 1477 3997 Ἀμαρτιῶν
1663 3928 1952 3999 ἀπαλλαγὴ
1987 3928 2084 3980 καὶ

508 4003 804 4074 ἀναίρεσις.
829 4009 1023 4077 Αὐτὸς
1039 4013 1150 4082 γὰρ
1180 4015 1385 4082 σώσει,
1408 4020 1560 4088 φησὶ,
1589 4020 1693 4072 τὸν
1713 4020 1869 4074 λαὸν
1897 4019 2085 4073 αὐτοῦ

504 4091 622 4146 ἀπὸ
655 4095 775 4149 τῶν
817 4100 1116 4169 ἁμαρτιῶν
1143 4107 1342 4160 αὐτῶν
1392 4111 1499 4163 Καὶ
1548 4112 1776 4164 ἐνταῦθα
1808 4112 1869 4164 τὸ
1915 4111 2087 4180 παρά-

503 4187 655 4251 δοξον
695 4190 1044 4248 ἐνδείκνυται.
1079 4196 1153 4246 Οὐ
1192 4197 1300 4266 γὰρ
1335 4200 1584 4269 πολέμων
1624 4203 1923 4274 αἰσθητῶν,
1953 4207 2074 4262 οὐδὲ

505 4277 816 4347 βαρϐάρων,
847 4279 960 4331 ἀλλ’
995 4281 1024 4334 δ
1057 4284 1234 4354 πολλῷ
1260 4287 1462 4340 τούτων
1493 4291 1674 4358 μεῖζον
1708 4293 1796 4363 ἦν,
1827 4296 2070 4368 ἁμαρτη-

507 4368 692 4436 μάτων
741 4371 1056 4441 άπαλλαγὴν
1107 4376 1552 4444 εὐαγγελίζεταιο
1601 4384 1630 4436 ὃ
1693 4387 1884 4456 μηδενί
1940 4408 2069 4444 ποτε

463 4466 465 4468 ’
502 4457 810 4551 ἔμπροσθεν
839 4462 1056 4528 ἐγένετο
1082 4465 1322 4521 δυνατόν.
1358 4472 1465 4522 Καὶ
1503 4473 1647 4537 τίνος
1675 4477 1877 4543 ἕνεκεν,
1914 4483 2066 4551 φησι,

641 4549 803 4644 λαὸκ
830 4554 1036 4644 αὑτοῦ,
1071 4551 1209 4621 εἷπε,
1243 4560 1335 4611 καὶ
1366 4561 1484 4631 οὐχὶ
1510 4565 1602 4617 καὶ
1645 4567 1713 4620 :6
1745 4569 1869 4641 ἔθνη
1903 4547 2056 4644 προσ-

497 4638 727 4736 έθηκενς
760 4642 874 4736 ilva
899 4643 972 4714 μὴ
1001 4648 1212 4736 πτοήσῃ
1241 4649 1331 4702 τὸν
1357 4653 1631 4724 ἀκροατὴν
1654 4658 1809 4722 τέως.
1843 4638 2065 4736 Τῷγᾶρ

417 4805 420 4812 1
497 4727 1090 4824 συνετῶςάκροωμένῳ
1118 4739 1209 4790 καὶ
1249 4739 1316 4794 :6
1357 4741 1482 4813 ἔθνη
1509 4746 1744 4816 ᾐνίξατο.
1787 4727 1928 4814 Λαδς

495 4819 658 4871 αὐτοῦ
697 4821 793 4891 οὐχ
827 4825 876 4876 οἰ
925 4825 1165 4882 Ἰουδαῖοι
1215 4831 1404 4900 μόνον,
1451 4836 1586 4890 ἀλλὰ
1642 4841 1737 4892 καὶ
1779 4819 1978 4906 πάντες
2015 4819 2061 4897 οἱ

495 4911 806 5002 προσιόντες
854 4917 945 4969 καὶ
989 4918 1265 4990 δεχόμενοι
1309 4925 1408 4996 τὴν
1455 4928 1582 4998 παρ’
1625 4931 1788 4984 αὐτοῦ
1844 4935 2060 5002 γνῶσιν.

453 5043 462 5074 λ
492 4999 921 5095 ξκόπει-δὲπῶς
947 5011 1110 5064 αὐτοῦ
1141 5015 1318 5067 καὶτὸ
1342 5015 1557 5085 ἀξίωμα
1590 5020 1718 5088 ἡμῖν
1748 4999 2061 5095 παρήνοιξε,

490 5088 616 5142 λαὸν
650 5093 814 5146 66:06
846 5098 1024 5152 καλῶν
1073 5103 1164 5156 τὸν
1212 5107 1381 5176 δῆμον
1418 5111 1509 5164 τὸν
1555 5088 1856 5169 Ἰουδαϊκόν.
1884 5088 2063 5173 ’τοότᾲ

488 5181 596 5249 γἰρ
628 5181 780 5274 οὐδὲν
818 5185 944 5240 ἄλλο
983 5188 1285 5257 δεικνύντος
1322 5200 1489 5262 ἐστὶν,
1522 5203 1554 5271 ἢ
1583 5205 1664 5256 ὅτι
1704 5206 1838 5259 Θεοῦ
1873 5209 2005 5274 Παῖς
2033 5213 2062 5264 6

486 5273 822 5370 τικτόμενος,
861 5278 951 5330 καὶ
985 5283 1112 5351 περὶ
1142 5285 1235 5337 τοῦ
1270 5289 1374 5340 τῶν
1417 5293 1530 5345 ἀνω
1560 5293 1823 5362 βασιλέως
1850 5303 1878 5353 ὁ
1905 5301 2060 5370 λόγος

485 5366 632 5462 εστίν
659 5368 830 5462 αύτῷ.
878 5372 1011 5424 Οὐδὲ
1056 5373 1165 5446 γὰρ
1197 5379 1564 5454 ἁμαρτήματα
1611 5389 1828 5458 ἀφιέναι
1868 5366 2056 5462 ἑτέρας

487 5457 604 5553 εστὶ
651 5461 963 5553 δυνάμεως,
1013 5466 1128 5520 ἀλλ’
1175 5470 1207 5539 ἢ
1252 5472 1350 5541 τῆς
1391 5476 1576 5542 οὐσίας
1624 5481 1790 5553 μόνης
1821 5457 2055 5553 ἐκείνης.

485 5550 528 5580 ¹’⁶
548 5553 696 5606 Ἐπεὶ
727 5551 820 5624 οὖν
879 5558 1148 5628 τοσαύτης
1181 5563 1566 5640 ἀπελαύσαμεν
1604 5550 1845 5644 δωρεάς,
1881 5550 2056 5630 πάντα

2178 463 2440 534 ποιῶμεν,
2468 460 2610 513 ῶστε
2663 459 2738 531 μὴ
2784 458 2882 529 τὴν
2915 458 3236 531 εὐεργεσίαν
3281 455 3612 530 καθυϐρίσαι
3651 459 3750 526 τὴν

2177 555 2465 624 τοσαύτην.
2500 553 2563 605 Εἰ
2603 551 2714 621 γὰρ
2759 551 2853 604 καὶ
2900 550 3008 620 πρὸ
3037 550 3138 620 τῆς
3182 549 3348 620 τιμῆς
3388 547 3592 618 ταύτης
3630 546 3751 612 ἀξια

2178 647 2450 708 κολάσεως
2495 645 2562 697 :6
2593 643 2852 713 γινόμενα
2885 637 2975 712 ἦν,
3018 640 3198 711 πολλῷ
3234 640 3434 710 μᾶλλον
3482 639 3624 716 μετά
3655 638 3755 709 τὴν

2179 739 2382 807 ἄφατον
2410 735 2612 805 ταύτην
2636 732 2969 802 εὐεργεσίαν.

2252 826 2363 880 Καὶ
2391 825 2564 879 ταῦτα
2589 825 2687 892 οὐχ
2722 821 2908 884 ἁπλῶς
2937 820 3079 890 λέγω
3108 820 3224 885 νῦν,
3257 821 3371 875 ἀλλ’
3406 819 3597 892 ἐπειδὴ
3627 819 3757 873 πολο

2179 920 2306 982 λοὺς
2333 916 2444 986 ὁρῶ
2478 913 2616 986 μετὰ
2642 914 2703 966 :6
2737 913 3021 982 βάπτισμα
3049 911 3416 984 ῥᾳθυμότερον
3442 913 3550 964 τῶν
3577 912 3757 982 ἀμυή-

2181 1031 2289 1066 των
2318 1009 2712 1071 διατελοῦντας,
2745 1009 2839 1059 καί
2867 1005 3020 1058 οὐδὲν
3054 1005 3276 1075 ἔχοντας
3310 1006 3438 1058 ἴδιον
3468 1004 3756 1076 γνώρισμα

2185 1104 2477 1164 πολιτείας.
2511 1101 2608 1154 Διά
2649 1117 2731 1152 τοι
2777 1098 2936 1152 τοῦτο
2966 1099 3068 1151 οῦκ
3107 1099 3165 1150 ὲν
3201 1098 3397 1168 ἀγορᾷ,
3427 1099 3527 1150 οὐκ
3562 1099 3622 1149 έν
3669 1099 3761 1150 ὲκ-

2185 1195 2385 1265 κλησίᾳ
2410 1192 2633 1246 δυνατὸν
2659 1190 2857 1244 εἰδέναι
2876 1189 3108 1259 ταχέως,
3136 1190 3220 1253 τίς
3259 1190 3356 1260 μὲν
3385 1190 3414 1242 6
3447 1189 3659 1252 πιστὸς,
3679 1189 3762 1253 τίς

2186 1289 2243 1341 δὲ
2264 1289 2291 1339 6
2317 1285 2392 1356 μὴ
2418 1284 2606 1345 πιστὸς
2623 1321 2639 1347 ,
2660 1282 2797 1352 πλὴν
2834 1281 2887 1332 εἰ
2908 1297 2994 1345 τις
3018 1281 3158 1334 κατὰ
3182 1280 3275 1334 τὸν
3296 1281 3486 1352 καιρὸν
3509 1281 3762 1350 ἐπισταίη

2187 1379 2294 1430 τῶν
2343 1373 2680 1445 μυστηρίων,
2728 1373 2822 1425 καὶ
2858 1372 2956 1424 ῖδοι
2993 1372 3120 1434 τοὺς
3165 1373 3263 1442 μὲν
3313 1370 3761 1442 ἐκϐαλλομένους,

2189 1468 2315 1528 τοὺς
2343 1465 2398 1518 δὲ
2430 1463 2577 1516 ἔνδον
2611 1462 2890 1532 μένοντας.
2932 1463 3129 1533 Ἐχρῆν
3165 1463 3223 1514 δὲ
3260 1461 3359 1514 οὐκ
3400 1461 3510 1514 ἀπὸ
3546 1459 3642 1514 τοῦ
3680 1461 3767 1513 τό-

2190 1575 2315 1618 που,
2345 1555 2460 1608 ἀλλ’
2488 1553 2597 1607 ἀπὸ
2623 1553 2719 1606 τοῦ
2756 1553 2957 1624 τρόπου
2993 1551 3374 1622 γνωρίζεσθαι.
3405 1552 3486 1604 T6
3530 1551 3629 1621 μὲν
3658 1549 3766 1619 γὰρ

2193 1649 2388 1714 ἔξωθεν
2420 1649 2464 1678 ’⁵
2497 1644 2807 1716 ἀξιώματα,
2847 1645 3070 1708 εἰκότως
3109 1645 3216 1697 ἀπὸ
3230 1643 3337 1696 τῶν
3370 1643 3568 1707 ἔξωθεν
3610 1660 3765 1713 περι-

2197 1737 2462 1809 κειμένων
2486 1734 2602 1808 [60]
2631 1734 2944 1804 τεκμηρίων
2971 1736 3087 1787 ἐστὶ
3115 1734 3388 1806 κατάδηλα
3407 1753 3420 1765 ο
3455 1734 3525 1788 :6
3549 1734 3604 1786 δὲ
3630 1734 3766 1804 ἠμέ-
3823 1762 3830 1767 -

2194 1847 2327 1902 τερα
2375 1830 2483 1884 61:6
2521 1830 2622 1898 τῆς
2649 1829 2824 1898 ψυχῆς
2863 1822 3001 1880 εἶναι
3053 1827 3306 1897 γνώριμα
3341 1829 3467 1896 χρή.
3516 1828 3621 1880 Τὸν
3666 1829 3774 1899 γὰρ

2195 1921 2384 1974 πιστὸν
2438 1919 2537 1972 οὐκ
2574 1918 2683 1970 61:6
2713 1917 2813 1986 τῆς
2863 1916 3072 1986 δωρεᾶς
3121 1917 3226 1986 χρὴ
3262 1916 3547 1985 φαίνεσθαι
3587 1919 3771 1988 μόνον,

2194 2009 2327 2061 ἀλλὰ
2378 2008 2472 2060 καὶ
2523 2007 2630 2060 61:6
2672 2007 2768 2076 τῆς
2817 2005 2962 2075 ζωῆς
3005 2005 3104 2073 τῆς
3149 2006 3362 2074 καινῆς.
3405 2005 3510 2058 Τὸν
3558 2008 3773 2071 πιστὸν,

2195 2099 2456 2168 φωστῆρα
2485 2098 2566 2150 δεῖ
2611 2094 2749 2150 εἶναι
2786 2095 2880 2148 τοῦ
2925 2096 3130 2165 κόσμου
3179 2096 3274 2149 καὶ
3321 2095 3473 2158 ἃλας.
3519 2096 3684 2149 Ὅταν
3714 2098 3773 2150 δὲ

2197 2191 2330 2260 μηδὲ
2391 2189 2572 2260 σαυτῷ
2626 2190 2854 2263 φαίνῃς,
2893 2189 3028 2258 μηδὲ
3082 2190 3182 2258 τὴν
3237 2189 3442 2242 οἰκείαν
3502 2190 3774 2258 σηπεδῦνα

2197 2283 2576 2353 ὲπισφίγγης,
2635 2280 2798 2333 πόθεν
2861 2297 2920 2332 σε
2968 2279 3228 2350 εἰσόμεθα
3272 2280 3486 2343 λοιπόν;
3534 2280 3617 2332 ὅτι
3660 2281 3775 2332 τῶν

2193 2375 2448 2445 ναμάτων
2487 2373 2688 2443 ἐπέϐης
2723 2373 2830 2424 τῶν
2859 2370 3018 2442 ἱερῶν
3045 2387 3059 2435 ;
3107 2370 3265 2424 Ἀλλά
3295 2369 3453 2424 τοῦτό
3495 2388 3576 2424 σοι
3608 2372 3773 2424 κολά-

2194 2483 2330 2530 σεως
2359 2467 2566 2534 ἐφόδιον
2593 2466 2825 2534 γίνεται.
2870 2463 3048 2534 Τιμῆς
3092 2463 3202 2534 γάρ
3250 2462 3481 2534 μέγεθος
3514 2467 3626 2527 τοῖς
3668 2464 3772 2517 οὐκ

2191 2557 2355 2625 ἀξίως
2387 2560 2484 2628 τῆς
2514 2557 2678 2627 τιμῆς
2725 2556 2825 2626 ζῇν
2873 2557 3325 2628 προαιρουμένοις
3360 2556 3643 2627 προσθήκη
3686 2575 3772 2610 τι·

2192 2647 2404 2718 μωρίας
2426 2646 2560 2700 ἐστί.
2585 2646 2690 2698 Τὸν
2718 2644 2828 2716 γὰρ
2859 2645 3048 2698 πιστὸν
3074 2645 3176 2698 οὐκ
3200 2644 3290 2714 ἀφ’
3315 2637 3388 2698 ὧν
3422 2643 3579 2698 ἔλαϐε
3615 2645 3771 2716 παρὰ

2187 2737 2282 2790 τοῦ
2313 2736 2460 2790 Θεοῦ·
2490 2737 2669 2808 μόνον,
2706 2735 2843 2790 ἀλλά
2895 2737 2989 2790 καὶ
3026 2737 3121 2807 ἀφ’
3158 2731 3235 2790 ὧν
3272 2737 3434 2800 αὐτὸς
3481 2738 3768 2806 εἰσήνεγκε

2187 2828 2425 2898 λάμπειν
2477 2828 2716 2892 δίκαιον,
2749 2829 2842 2882 καὶ
2887 2829 3222 2899 πανταχόθεν
3272 2826 3410 2882 εἰναι
3458 2827 3766 2900 γνώριμον,

2188 2920 2296 2974 ἀπὸ
2319 2921 2364 2952 ⁸³
2387 2919 2480 2974 :06
2513 2919 2862 2991 βαδίσματος,
2888 2921 2998 2974 61:6
3037 2920 3132 2974 :06
3159 2920 3494 2991 βλέμματος,
3529 2920 3640 2973 ἀπὸ
3667 2921 3767 2973 τοῦ

2189 3015 2490 3084 σχήματος,
2521 3011 2630 3064 61:6
2665 3011 2765 3080 τῆς
2800 3011 3004 3082 φωνῆς,
3030 3011 3217 3065 Ταῦτα
3251 3011 3309 3064 δὲ
3342 3007 3514 3077 εἷπον,
3552 3011 3652 3081 οὐχ
3677 3011 3768 3064 ἵνα

2186 3103 2323 3176 πρὸς
2350 3103 2630 3169 ἐπίδειξιν,
2659 3102 2773 3156 ἀλλ’
2802 3102 2887 3156 ἵνα
2921 3103 3054 3174 πρὸς
3081 3103 3347 3172 ὠφέλειαν
3376 3103 3485 3156 τῶν
3512 3102 3764 3174 ὁρώντων

2185 3197 2413 3258 ἑαυτοὺς
2463 3194 2835 3265 ρυθμίσωμεν.
2880 3193 2991 3248 Νῦν
3055 3195 3112 3248 δὲ
3158 3193 3280 3248 ὅθεν
3330 3195 3396 3248 ἂν
3444 3195 3662 3266 ζητήσω
3701 3211 3765 3248 σε
3803 3206 3806 3209 ·

2185 3287 2505 3356 ἐπιγνῶναι,
2545 3285 2820 3356 πανταχοῦ
2864 3302 2922 3338 σε
2960 3285 3066 3338 61:6
3103 3287 3210 3338 τῶν
3242 3287 3498 3339 ὲναντίων
3522 3285 3765 3356 εὑρίσκω

2186 3381 2528 3453 φαινόμενον.
2557 3379 2655 3430 Ἂν
2689 3395 2746 3430 τε
2776 3379 2885 3447 γάρ
2927 3377 3037 3431 61:6
3081 3377 3176 3431 :06
3201 3380 3366 3434 τόπου
3402 3377 3647 3449 βουληθῶ
3703 3394 3763 3430 σε

2185 3469 2547 3542 καταμαθεῖν,
2573 3470 2629 3521 ὲν
2662 3469 3039 3540 ἰπποδρομίοις
3071 3469 3166 3522 καὶ
3193 3469 3437 3540 θεάτροις
3460 3470 3554 3523 καὶ
3583 3486 3764 3539 παρα-

2185 3562 2396 3634 νομίαις
2452 3562 2564 3634 ὁρῶ
2610 3561 3025 3633 διημερεύοντα,
3077 3563 3134 3614 ὲν
3178 3564 3432 3632 πονηροῖς
3478 3561 3757 3628 συλλόγοις

2187 3660 2294 3719 τοῖς
2324 3659 2379 3708 ὲν
2415 3655 2611 3726 ἀγορᾷ,
2633 3654 2726 3706 καὶ
2751 3653 3052 3724 ἀνθρώπων
3092 3654 3398 3713 συνουσίαις
3423 3651 3756 3721 διεφθαρμέο

2179 3765 2286 3802 νων
2307 3766 2319 3780 ο
2348 3750 2414 3803 ἄν
2438 3765 2498 3801 τε
2530 3747 2636 3801 61:6
2662 3746 2754 3798 :06
2779 3746 3056 3816 σχήματος
3079 3743 3176 3813 τῆς
3204 3741 3403 3812 ὅψεως,
3438 3740 3749 3810 ἀνακαγχά-

2179 3841 2342 3906 ζοντα
2373 3841 2558 3910 βλέπω
2603 3837 2865 3909 διηνεκῶς
2909 3839 3002 3890 καὶ
3046 3835 3459 3906 διαλελυμένον,
3500 3832 3755 3903 καθάπερ

2181 3932 2476 4000 σεσηρυῖαν
2517 3927 2759 3999 ἑταιρίδα
2803 3925 2896 3978 κα)⁴
2947 3923 3386 3992 ἀπολελυμένην·
3428 3920 3494 3973 ἀν
3535 3935 3594 3971 τε
3645 3917 3754 3970 61:6

2178 4022 2288 4076 τῶν
2319 4020 2570 4091 ἱματίων,
2605 4019 2712 4070 τῶν
2752 4017 2844 4068 ἐπὶ
2877 4017 3079 4085 σκηνῆς
3122 4013 3275 4067 οὐδὲν
3310 4013 3528 4082 ἄμεινον
3560 4008 3756 4063 διακείο

2181 4129 2341 4185 μενον
2384 4110 2524 4181 ὁρῶ·
2568 4108 2634 4162 ἄν
2680 4123 2738 4158 τε
2785 4106 2894 4159 61:6
2919 4105 3027 4156 τῶν
3072 4101 3375 4172 ἑπομένων,
3422 4097 3756 4170 παρασίτους

2178 4199 2499 4271 περιφέρεις
2542 4197 2638 4250 καὶ
2685 4196 2922 4257 κόλακας
2943 4211 2956 4225 ·
2995 4194 3061 4248 ἀν
3095 4209 3154 4246 τε
3182 4191 3291 4245 61:6
3314 4190 3424 4242 τῶν
3471 4186 3754 4258 ῥημάτων,

2177 4293 2331 4346 οὐδὲν
2366 4292 2539 4360 ὑγιὲς,
2571 4289 2691 4342 οὐδὲ
2723 4287 3041 4354 ἀναγκαῖον,
3074 4284 3194 4337 οὐδὲ
3221 4281 3441 4352 συνέχον
3471 4279 3628 4351 ήμῶν
3656 4279 3756 4348 τὴν

2179 4383 2325 4452 ζωὴν
2349 4379 2532 4434 ἀκούω
2565 4377 2937 4447 φθεγγόμενον
2957 4389 2971 4402 ’
3003 4374 3068 4429 ἀν
3103 4390 3162 4426 τε
3193 4371 3301 4426 ἀπὸ
3333 4371 3433 4442 τῆς
3455 4367 3755 4441 τραπέζης,

2182 4475 2382 4546 μείζων
2405 4469 2653 4525 ἐντεῦθεν
2678 4472 2710 4540 ἡ
2739 4466 3039 4539 κατηγορία
3065 4467 3328 4534 φανεῖται.

2249 4573 2318 4637 η’.
2343 4563 2514 4617 Πόθεν
2542 4559 2656 4624 οὖν,
2686 4560 2807 4614 εἰπέ
2828 4575 2938 4630 μοι,
2959 4555 3259 4629 δυνήσομαί
3276 4570 3334 4605 σε
3357 4550 3652 4620 ἐπιγνῶναι
3667 4549 3760 4602 τὸν

2179 4655 2388 4719 πιστὸν,
2419 4651 2529 4705 τῶν
2560 4649 2868 4722 εἰρημένων
2894 4647 3149 4701 ἁπάντων
3177 4642 3436 4697 τάναντία
3453 4638 3762 4710 ψηφιζομέ-

2181 4763 2315 4811 νων;
2342 4746 2452 4799 Καὶ
2476 4744 2526 4798 τί
2555 4743 2702 4811 λέγω
2728 4741 2818 4795 τὸν
2848 4739 3076 4804 πιστόν;
3108 4737 3242 4791 Οὐδὲ
3271 4734 3378 4806 γὰρ
3400 4735 3448 4786 εἰ
3475 4731 3761 4803 ἄνθρωπος

2178 4837 2251 4905 εἰ,
2275 4837 2462 4908 σαφῶς
2490 4835 2724 4906 δύναμαι
2766 4833 2979 4905 μαθεῖν.
3016 4828 3130 4902 [61]
3167 4830 3334 4882 Ὅταν
3364 4825 3473 4896 γὰρ
3493 4825 3536 4856 ’⁷
3572 4823 3761 4878 λακτίο

2181 4932 2280 5005 ζῃς
2307 4930 2406 5002 μὲν
2437 4927 2625 4996 ὥσπερ
2653 4925 2792 4988 ὄνος,
2827 4923 3054 4994 σκιρτᾷς
3087 4921 3143 4974 δὲ
3176 4918 3366 4989 ῶσπερ
3387 4915 3611 4987 ταῦρος,
3633 4930 3760 4984 χρε-

2183 5025 2405 5096 μετίζῃς
2445 5021 2501 5075 δὲ
2537 5021 2630 5074 ἐπὶ
2677 5017 2922 5088 γυναιξὶν
2963 5015 3152 5086 ῶσπερ
3193 5015 3387 5074 ἵππος*
3419 5008 3514 5064 καὶ
3537 5025 3762 5079 γαστρι-

2183 5117 2401 5186 μαργῇς
2454 5112 2553 5183 μὲν
2597 5109 2786 5179 ὥσπερ
2819 5107 3041 5178 ἄρκτος,
3073 5103 3294 5174 πιαίνῃς
3331 5100 3388 5153 δὲ
3435 5099 3535 5167 τὴν
3586 5099 3763 5166 σάρκα

2179 5209 2365 5277 ὥσπερ
2390 5205 2632 5276 ἡμίονοςο
2663 5202 3009 5272 μνησικακῇς
3040 5197 3096 5250 δὲ
3126 5197 3316 5266 ῶσπερ
3349 5194 3592 5264 κάμηλος
3614 5209 3627 5222 ·
3671 5191 3763 5243 καὶ

2181 5298 2433 5372 ἁρπάζῃς
2467 5296 2564 5367 μὲν
2605 5294 2680 5356 ὡς
2713 5292 2894 5354 λύκος,
2929 5289 3126 5362 ὀργίζῃ
3156 5287 3212 5343 δὲ
3245 5288 3320 5350 ῶς
3351 5285 3494 5355 ὄφις,
3523 5283 3762 5372 πλήττης

2183 5371 2237 5446 δὲ
2281 5392 2356 5454 ὡς
2406 5386 2682 5459 σκορπίος,
2711 5383 2941 5445 ὕπουλος
2991 5381 3048 5435 δὲ
3094 5377 3161 5454 ᾖς
3192 5379 3382 5449 ὥσπερ
3411 5375 3654 5459 ἀλώπηξ,
3687 5371 3756 5424 ἰὸι

2181 5483 2236 5536 δὲ
2268 5457 2528 5551 πονηρίας
2553 5477 2810 5546 διατηρῇς
2838 5471 3027 5543 ὥσπερ
3057 5470 3220 5532 ἀσπὶς
3245 5469 3339 5522 καὶ
3362 5457 3499 5537 ἔχις,
3523 5463 3763 5532 πολεμῇς

2181 5575 2233 5627 δὲ
2255 5577 2298 5606 ’⁸
2351 5572 2492 5626 κατὰ
2540 5569 2648 5622 τῶν
2700 5563 2942 5632 ἀδελφῶν
2990 5562 3180 5632 ῶσπερ
3219 5563 3248 5615 ό
3289 5557 3522 5629 πονηρὸς
3557 5555 3762 5624 δαίμων

571 5710 616 5744 ¹⁹
657 5707 808 5779 Ἀπὸ*
827 5707 1004 5779 τῶν...
1029 5705 1454 5779 ἀποκαλύψεων]
1483 5708 1617 5779 ᾌπδ
1645 5707 1746 5773 τῆς
1780 5707 1888 5779 τῶν
1913 5703 2316 5779 παρελθόντων,
2337 5703 2546 5779 ᾲφησίνρ
2563 5702 2960 5779 ἀποκαλύψεως
2976 5705 3046 5779 ﬁt.
3075 5701 3337 5779 Αηηειιιξ.
3578 5701 3625 5779 ’ξ
3649 5701 3758 5754 61:6

494 5782 603 5833 τῶν
634 5793 745 5833 om.
795 5776 856 5831 υ.
955 5778 1200 5846 ²¹νμόνον
1235 5794 1345 5831 om.
1384 5776 1453 5831 A.‘
1491 5778 1549 5832 F.

431 5975 434 5978 ,
499 5921 627 5973 στὸν
661 5920 753 5971 καὶ
780 5918 894 5985 βίον
926 5917 1070 5988 ἔχειν
1093 5918 1250 5988 ὀρθόν
1281 5921 1343 5971 Α.

501 5991 637 6046 Edd.
716 5990 763 6020 ’⁸
803 5988 882 6060 δέ]
918 5987 1012 6042 καί
1046 5987 1180 6044 3101'.
1223 5990 1351 6043 lien.

1655 5780 1699 5809 "
1731 5777 1976 5848 ΤέξεταιΙ
1999 5773 2150 5832 ἈιΙι1.
2180 5776 2290 5846 γάρ
2319 5775 2380 5831 C.
2407 5773 2468 5826 ἰ).
2506 5774 2565 5829 F.

496 5849 629 5904 66:6
651 5847 864 5900 τέθεικε
907 5847 970 5902 C.
1011 5845 1071 5899 Ι).
1103 5845 1163 5900 F.
1196 5851 1343 5901 Arm.
1379 5849 1470 5900 sed
1504 5849 1680 5916 posuit
1718 5850 1851 5902 illud
1879 5845 2066 5914 ind’eﬁn

499 5921 627 5973 στὸν
661 5920 753 5971 καὶ
780 5918 894 5985 βίον
926 5917 1070 5987 ἔχειν
1093 5918 1250 5987 ὀρθόν
1281 5921 1343 5971 Α.
1423 5921 1467 5950 ’⁵
1495 5918 1715 5987 ἔξωθεν]
1744 5919 1850 5971 τῶν
1884 5917 2066 5983 ἔξωθεκ

2185 5863 2210 5898 η
2239 5845 2286 5900 ετ
2325 5861 2634 5912 suspensum
2668 5845 2773 5897 An.
2878 5845 2924 5875 "‘
2952 5845 3241 5896 ΠΘΙΚΟΝ.
3270 5845 3338 5896 Ὃ
3353 5859 3403 5894 τι
3429 5845 3510 5894 δεῖ
3546 5845 3638 5892 τὸν
3667 5859 3759 5893 πι-

2185 5916 2251 5970 Id.
2329 5917 2373 5948 ιδ
2397 5915 2526 5987 ἀπό]
2564 5917 2656 5968 καὶ
2689 5914 2795 5970 ἀπό
2819 5923 3016 5984 quater
3047 5913 3108 5970 C.
3139 5912 3200 5966 D.
3281 5913 3324 5944 ’⁷
3349 5911 3480 5984 γάρ]
3515 5911 3625 5982 μὲν
3652 5911 3760 5982 γὰρ

1423 5921 1467 5950 ’⁵
1495 5918 1715 5990 ἔξωθεν]
1744 5919 1850 5971 τῶν
1884 5917 2082 5983 ἔξωθεν
2121 5919 2156 5970 Ε

2677 5775 2723 5806 ³³
2750 5774 2865 5827 ἀλλ’
2895 5775 3156 5835 ἁπλῶς...
3185 5771 3320 5842 θείς]
3367 5771 3449 5824 διὸ
3481 5771 3760 5842 μετέωρον

2878 5845 2924 5875 ²⁴⁵
2952 5842 3241 5896 ΠΘΙΚΟΝ.
3270 5841 3338 5896 "0
3353 5859 3403 5894 τι
3429 5841 3510 5894 δεῖ
3546 5841 3638 5892 τὸν
3667 5859 3759 5893 πι-
