4066 6426
312 440 379 494 47
1471 415 1532 470 ΙΝ
1573 412 1982 468 ΜΑἸἽΊΙᾸΞυΜ
2048 409 2274 485 ιιοιιιιι.
2319 405 2409 461 Ν.
3505 398 3576 451 48

315 552 440 594 num
461 550 589 593 esse
609 550 641 590 a
669 531 966 590 ministerio
991 528 1302 587 incertomite
1331 527 1496 584 illius.
1521 525 1740 581 Etiamsi
1763 528 1904 580 enim

316 630 447 686 nihil
475 627 544 682 ad
587 626 988 698 generationem
1031 619 1313 683 conferas,
1363 616 1460 672 sed
1506 617 1720 671 intacta-
1748 614 1905 685 Virgo

317 730 571 784 maneat;
610 728 846 773 attamen
875 714 1015 786 quod
1041 722 1123 769 est
1148 711 1284 784 patri
1315 711 1588 781 proprium
1611 750 1624 774 ,
1658 709 1757 764 ctsi
1792 709 1902 761 vir-

316 814 553 884 giuitatis
579 810 890 881 dignitatem
919 822 1025 861 non
1051 806 1366 877 labefactct,
1400 804 1500 857 hoc
1529 802 1625 856 tibi
1651 799 1902 862 confero,

319 915 374 960 ut
401 915 530 959 nato
558 918 752 958 nomen
781 902 1040 970 imponas.
1066 899 1145 953 Tu
1173 898 1315 952 enim
1346 896 1563 951 vocabis
1591 896 1760 949 illum.
1792 894 1904 947 Etsi

319 1012 549 1067 namque
595 995 731 1049 ﬁlius
780 1003 901 1048 tuus
932 1006 1036 1045 non
1065 991 1167 1055 sit,
1200 1000 1253 1043 tu
1287 998 1560 1058 paternam
1591 1002 1716 1056 erga
1756 986 1904 1040 illum

317 1104 472 1161 geres
515 1102 720 1143 curam.
751 1085 875 1141 ideo
899 1084 981 1138 vel
1007 1082 1076 1137 ab
1102 1083 1214 1150 ipsa
1243 1080 1474 1135 nominis
1521 1078 1861 1148 impositione
1889 1118 1904 1143 ,

320 1192 446 1238 nato
474 1191 527 1236 te
572 1178 808 1249 parentis
851 1178 970 1231 loco
1010 1175 1261 1245 adiungo.
1295 1172 1498 1228 Deinde
1527 1186 1596 1226 ne
1639 1171 1758 1240 quis
1788 1169 1908 1224 ideo

319 1288 443 1329 eum
485 1281 690 1342 patrem
716 1284 836 1324 esse
870 1267 1240 1336 suspicaretur
1260 1305 1275 1331 ,
1307 1264 1428 1317 audi
1459 1277 1620 1332 quam
1660 1268 1909 1316 accurate

320 1363 599 1433 sequentia
630 1369 791 1431 ponat
816 1377 830 1412 :
870 1357 1042 1411 Pariet
1061 1397 1075 1420 ,
1106 1356 1312 1423 inquit,
1354 1354 1561 1423 ﬁlium;
1591 1367 1698 1407 non
1736 1352 1867 1406 dicit
1890 1394 1905 1416 ,

322 1453 505 1508 Parict
530 1452 620 1507 tibi
645 1472 658 1515 ;
688 1450 781 1505 sed
804 1448 1213 1503 iudeterminate
1238 1446 1415 1517 posuit
1440 1462 1454 1499 :
1478 1459 1584 1499 non
1599 1443 1742 1500 enim
1766 1442 1783 1474 ί
1810 1441 1907 1513 ipsi

322 1543 565 1614 peperit,
587 1543 682 1598 sed
712 1540 958 1595 universo
984 1536 1123 1593 orbi.
1600 1546 1613 1555 ’

393 1730 450 1782 7.
502 1730 731 1797 Ideoque
773 1739 966 1781 nomen
997 1725 1112 1797 ejus
1141 1740 1210 1781 ex
1250 1725 1383 1781 caelo
1427 1726 1616 1781 detulit
1656 1726 1907 1797 angelus,

323 1816 452 1873 hinc
493 1818 778 1873 ostendens
822 1817 1116 1873 mirabilem
1147 1831 1268 1872 esse
1295 1827 1507 1888 partum
1530 1860 1545 1885 ,
1577 1817 1722 1887 quod
1768 1818 1910 1872 Deus

323 1910 441 1979 ipse
470 1925 660 1981 nomen
692 1909 811 1978 ejus
842 1908 911 1964 de
940 1908 1072 1963 caelo
1102 1922 1195 1978 per
1223 1909 1466 1978 angelum
1490 1907 1725 1978 .loscpbo
1751 1909 1910 1963 mise-

320 1999 414 2054 rit.
441 1998 624 2068 Neque
650 1999 790 2055 enim
819 2014 989 2069 Ipsum
1011 2013 1137 2052 casu
1165 2008 1218 2053 et
1247 1998 1363 2053 sine
1384 2013 1540 2053 causa
1569 1999 1751 2055 datum
1775 1998 1872 2053 fuit
1891 2040 1908 2062 .

321 2089 421 2147 sed
459 2101 540 2146 est
569 2090 714 2144 mille
746 2089 1005 2143 bonorum
1034 2089 1341 2144 thesaurus.
1374 2087 1576 2144 Idcirco
1609 2089 1782 2159 ipsum
1809 2105 1909 2143 an-

320 2181 475 2252 gelus
503 2181 908 2257 interpretatur,
937 2179 1298 2249 optimamque
1326 2194 1475 2250 spem
1505 2179 1698 2246 offert,
1727 2187 1781 2235 et
1810 2179 1911 2235 hac

320 2272 532 2328 ratione
558 2270 715 2327 ﬁdem
742 2271 840 2340 ipsi
866 2270 1153 2327 conciliat:
1188 2286 1309 2324 nam
1334 2272 1652 2340 propensius
1679 2270 1907 2326 inclina-

320 2379 447 2418 tnur
472 2363 537 2417 ad
570 2378 654 2417 res
682 2361 1084 2431 hujuscemodi;
1116 2359 1344 2431 ideoque
1374 2361 1477 2415 illis
1503 2360 1707 2415 facilius
1728 2360 1908 2416 credi-

319 2466 463 2510 mus.
490 2455 623 2509 Cum
658 2454 816 2522 igitur
843 2468 911 2508 ex
953 2451 1199 2507 omnibus
1226 2452 1293 2507 ad
1327 2452 1485 2508 tidem
1515 2454 1563 2508 ei
1608 2452 1906 2507 habendam

320 2554 711 2615 pra-parasset,
743 2559 808 2600 ex
838 2544 1157 2614 prmteritis,
1190 2560 1253 2598 ex
1281 2542 1475 2599 futuris
1497 2552 1553 2599 et
1578 2559 1642 2599 ex
1672 2558 1907 2615 przescu-

319 2637 493 2701 tibus,
521 2651 727 2691 necnon
755 2635 822 2691 ab
844 2635 1046 2691 honore
1067 2636 1167 2705 ipsi
1192 2636 1375 2691 debito
1397 2677 1412 2701 ,
1444 2637 1647 2691 inducit
1677 2638 1909 2707 prophe-

318 2736 429 2781 tam
449 2769 466 2795 ,
492 2736 790 2797 opportune
808 2727 890 2782 his
910 2728 1157 2782 euntibus
1179 2728 1440 2784 calculum
1464 2728 1701 2783 dantem.
1726 2730 1908 2784 Prius-

317 2833 482 2890 quam
527 2833 655 2874 vero
680 2819 853 2888 ipsum
882 2809 1129 2886 inducat,
1158 2821 1295 2875 bona
1324 2836 1421 2892 per
1441 2822 1612 2891 ipsum
1634 2823 1749 2876 orbi
1773 2838 1907 2878 cun;

316 2910 541 2967 ferenda
590 2912 931 2980 prtenuntiat.
980 2912 1236 2978 Quanam
1283 2912 1370 2966 illa
1419 2913 1579 2968 sunt?
1632 2914 1904 2983 Ercptioa

320 3002 595 3072 peccatis:
622 3000 745 3069 Ipse
771 3004 939 3067 enim,
972 3003 1178 3072 inquit,
1216 3003 1413 3057 salvum
1463 3004 1612 3072 faciet
1661 3006 1907 3076 populum

306 3110 461 3150 sum
499 3112 531 3149 a
560 3097 775 3165 peccatis
796 3112 989 3151 eorum.
1022 3096 1121 3152 llic
1148 3110 1359 3166 quoque
1392 3094 1714 3164 stupendum
1744 3096 1895 3165 quid-

308 3189 453 3259 piam
485 3188 767 3244 indicatur.
791 3188 907 3244 Non
937 3189 1080 3243 enim
1103 3204 1133 3243 a
1156 3187 1310 3243 bellis
1330 3187 1430 3241 sub
1458 3201 1673 3240 sensum
1701 3187 1895 3241 caden-

306 3279 483 3343 tibus,
514 3293 618 3334 non
645 3296 673 3332 a
702 3278 943 3335 barbaris
963 3320 978 3344 ,
1011 3279 1104 3334 sed
1132 3279 1276 3349 quod
1309 3278 1463 3349 longe
1492 3279 1664 3348 majus
1686 3290 1834 3346 erat,
1867 3294 1895 3335 a

306 3369 543 3439 peccatis
588 3369 923 3424 liberandum
975 3370 1232 3440 popttlum
1270 3369 1439 3437 ipsius
1477 3370 1799 3423 annuntiat:
1845 3368 1896 3423 id

304 3459 452 3529 quod
492 3474 649 3515 nemo
685 3467 807 3515 ante
851 3461 1030 3515 iacere
1066 3467 1333 3528 potuerat.
1369 3459 1435 3513 Et
1464 3474 1566 3528 qua
1597 3457 1665 3513 de
1693 3449 1851 3513 causa
1879 3502 1893 3522 ,

305 3552 520 3621 inquies
543 3594 559 3618 ,
590 3552 849 3623 Populum
878 3569 1027 3607 suum
1056 3552 1228 3620 dixit,
1258 3566 1431 3621 neque
1460 3561 1645 3622 gentes
1670 3551 1899 3622 adjecit?

303 3643 388 3699 Ne
415 3644 593 3698 statim
619 3642 917 3698 auditorem
947 3643 1283 3714 percelleret.
1309 3642 1560 3718 Alioquin
1583 3644 1711 3696 vero
1740 3642 1899 3696 intel—

305 3734 524 3805 ligentia
564 3733 816 3803 praeditus
844 3733 1056 3788 auditor
1086 3733 1169 3787 hic
1199 3743 1387 3802 gentes
1413 3747 1626 3803 quoque
1652 3732 1895 3787 subindi-

304 3825 417 3881 cari
444 3824 716 3895 perspicit.
740 3823 974 3893 Populus
994 3824 1135 3877 enim
1157 3823 1275 3892 ejus
1300 3833 1425 3877 sunt
1446 3838 1552 3878 non
1579 3822 1747 3888 Judaei
1779 3830 1900 3877 tan-

305 3929 457 3985 tum,
486 3917 581 3974 sed
606 3932 793 3972 omnes
818 3918 907 3987 qui
935 3902 1233 3982 accedunt,
1261 3924 1316 3971 et
1340 3916 1455 3984 ejus
1477 3915 1782 3971 doctrinam
1802 3930 1895 3970 eo-

303 4011 704 4082 gnitionemque
760 4009 1075 4079 suscipiunt.
1120 4008 1500 4063 Animadverte
1537 4016 1713 4061 autem
1760 4024 1896 4077 quo-

304 4102 469 4159 modo
489 4102 605 4173 ejus
628 4100 939 4171 dignitatem
963 4099 1117 4156 nobis
1143 4100 1433 4167 aperuerit,
1465 4099 1720 4168 populum
1742 4111 1894 4151 suum

303 4195 586 4268 appellans
630 4195 882 4264 populum
934 4191 1238 4248 Iudaicum.
1271 4190 1384 4245 Hoc
1425 4190 1565 4244 enim
1598 4189 1727 4243 nihil
1757 4188 1898 4242 aliud

304 4286 600 4359 significat,
619 4301 778 4355 quam
807 4300 929 4340 eum
949 4326 965 4349 ,
986 4284 1074 4354 qui
1100 4293 1256 4338 natus
1276 4290 1392 4343 est,
1417 4294 1537 4337 esse
1564 4281 1754 4335 Filium
1780 4281 1903 4335 Dei.

304 4395 371 4435 ac
396 4379 465 4435 de
503 4393 629 4447 rege
653 4392 886 4445 superno
928 4390 1108 4431 sermo
1137 4374 1238 4445 ipsi
1268 4384 1368 4429 est.
1398 4373 1581 4443 Neque
1611 4374 1752 4426 enim
1794 4371 1893 4425 alia

304 4478 548 4541 potestas
573 4477 789 4538 peccata
818 4466 1089 4521 remittere
1113 4464 1275 4528 valet,
1302 4464 1403 4518 nisi
1430 4478 1491 4517 ea
1520 4476 1638 4532 quae
1661 4460 1727 4515 ad
1756 4462 1897 4515 illam

306 4562 666 4618 substantiam
694 4558 948 4629 pertinet.
970 4556 1240 4623 Quoniam
1270 4555 1429 4625 igitur
1457 4564 1661 4608 tantum
1690 4552 1900 4621 accepi-

308 4667 432 4710 mus
455 4652 655 4707 donum
675 4692 690 4716 ,
720 4649 852 4704 nihil
882 4662 988 4703 non
1021 4661 1241 4717 agamus
1264 4662 1331 4700 ne
1358 4654 1561 4699 tantum
1585 4644 1898 4700 beneﬁcium

284 4743 745 4803 dehonestemus.
776 4736 833 4794 Si
877 4737 1020 4791 enim
1048 4751 1110 4790 ea
1138 4751 1259 4806 qua:
1295 4744 1420 4789 ante
1459 4734 1602 4789 hunc
1645 4735 1902 4787 honorem

308 4845 459 4909 gesta
480 4842 625 4901 sunt,
651 4833 809 4903 digna
828 4831 1030 4887 ultione
1049 4840 1221 4897 erant,
1248 4828 1415 4884 multo
1436 4828 1604 4897 magis
1626 4836 1744 4896 post
1765 4824 1889 4879 inef-

311 4927 472 4982 fabile
499 4925 627 4981 illud
660 4922 1000 4980 beneﬁcium.
1268 4934 1273 4940 ‘

375 5104 572 5161 Fidelis
613 5119 677 5159 ea:
701 5103 817 5157 vita
843 5101 1072 5155 instituto
1101 5094 1694 5170 dignosceudus.-—Ila-c
1737 5109 1896 5162 put-ro

301 5214 412 5255 non
441 5197 558 5253 siue
603 5209 764 5252 causa
810 5207 954 5247 nunc
982 5190 1136 5255 dico;
1188 5188 1282 5244 sed
1329 5189 1452 5256 quia
1496 5186 1696 5241 multos
1741 5184 1896 5238 video

304 5300 431 5363 post
458 5289 719 5359 baptisma
755 5285 1030 5357 segniores
1053 5324 1069 5349 ,
1116 5295 1277 5353 quam
1318 5280 1356 5334 ii
1407 5279 1498 5348 qui
1531 5277 1763 5333 nondum
1814 5276 1897 5329 in-

301 5385 438 5440 itiati
464 5390 609 5450 sunt,
640 5393 813 5452 neque
837 5377 997 5433 ullam
1024 5374 1280 5430 habentes
1305 5370 1528 5430 instituti
1557 5370 1725 5424 nostri
1745 5367 1886 5422 noti-

366 5612 387 5643 ¹
421 5609 562 5660 Savil.
599 5618 654 5660 et
673 5616 785 5659 Mss.
809 5606 976 5658 Morel.
1001 5607 1072 5657 sic
1095 5606 1313 5655 habent:
1355 5599 1476 5649 audi
1497 5610 1642 5660 qutun
1663 5592 1901 5644 accurule‘

388 5658 559 5722 "ante
580 5658 735 5737 ponat
752 5658 779 5721 :7
812 5687 836 5717 ι
860 5667 1038 5731 pariet,
1064 5685 1087 5715 ι
1124 5662 1490 5720 indctermiuatc
1513 5658 1757 5721 loquens;
1792 5666 1886 5706 non

398 5747 450 5795 ιι,
477 5742 572 5784 etc.

2004 519 2152 574 tiam.
2185 518 2416 589 Ideoque
2439 529 2539 572 nec
2562 515 2614 571 in
2644 514 2780 579 loro,
2812 527 2911 568 nec
2940 513 2992 567 in
3017 511 3241 568 ecclesia
3267 511 3443 580 potest
3471 508 3586 561 dis-

2002 609 2166 681 tingui
2216 608 2394 666 ﬁdelis
2432 623 2463 662 a
2502 623 2610 662 non
2655 606 2836 671 ﬁdeli,
2881 605 2983 659 nisi
3029 602 3148 674 quis
3175 601 3316 660 adsit
3352 609 3591 669 tempore

2003 702 2419 774 mysteriorum,
2463 709 2517 755 et
2561 698 2739 753 videat
2782 697 2873 768 qui
2901 696 3214 766 ejiciantur,
3262 701 3319 749 et
3354 692 3444 763 qui
3470 707 3588 746 ma-

2003 800 2183 847 neant.
2210 791 2495 861 Oporteret
2519 800 2696 844 autem
2724 802 2820 843 eos
2860 802 2965 841 non
2992 801 3020 839 a
3048 787 3167 841 loco
3194 827 3210 853 ,
3242 784 3339 839 sed
3366 798 3396 838 a
3424 785 3591 837 mori-

2002 884 2101 938 bus
2141 883 2416 952 distingui.
2463 880 2593 935 Nam
2634 887 2871 935 externae
2904 877 3121 948 quidem
3164 875 3471 946 dignitates,
3511 872 3590 926 ab

2000 973 2237 1043 externis
2266 973 2407 1026 notis
2434 980 2489 1026 et
2510 970 2838 1024 ornamentis
2856 969 2976 1037 jure
3000 968 3382 1038 dignoscantur
3434 980 3448 1017 :
3489 978 3588 1017 no-

2001 1075 2110 1118 stra
2153 1078 2280 1118 vero
2305 1064 2374 1118 ab
2410 1063 2540 1133 ipsis
2577 1062 2768 1116 animis
2795 1071 2921 1114 nota
2959 1074 3078 1113 esse
3107 1066 3333 1128 oportet.
3358 1056 3593 1111 Fidelem

2001 1166 2232 1222 namque
2256 1166 2361 1206 non
2409 1165 2435 1205 Δ
2461 1151 2606 1206 ιΙοηο
2640 1160 2844 1207 tantum
2867 1195 2882 1218 ,
2927 1153 3023 1209 sed
3050 1154 3211 1210 etiam
3251 1169 3281 1208 a
3308 1168 3448 1208 novo
3474 1154 3596 1208 vita:

1996 1244 2238 1301 instituto
2264 1245 2483 1314 agnosci
2516 1260 2611 1314 par
2636 1255 2798 1301 esset.
2841 1246 3040 1302 Fidelis
3068 1256 3123 1302 et
3148 1248 3408 1302 luminare
3436 1256 3491 1302 et
3515 1246 3595 1301 sal

2000 1333 2184 1389 mundi
2224 1348 2348 1389 esse
2371 1332 2553 1389 debet.
2584 1334 2719 1390 Cum
2765 1344 2944 1391 autem
2972 1349 3072 1391 nec
3103 1336 3200 1392 tibi
3230 1335 3446 1406 quidem
3494 1336 3593 1405 ipsi

1999 1424 2178 1479 luceas
2200 1463 2217 1490 ,
2252 1438 2352 1478 nec
2381 1424 2650 1495 propriam
2680 1425 3016 1496 putredinem
3045 1427 3382 1496 eonstringas
3404 1468 3418 1492 ,
3456 1427 3597 1481 unde

2000 1515 2213 1571 tandem
2242 1525 2293 1571 te
2317 1530 2477 1570 nosse
2502 1516 2832 1585 poterimus?
2867 1533 2936 1573 an
2963 1517 3085 1588 quia
3111 1517 3164 1572 in
3191 1519 3359 1572 sacris
3379 1517 3595 1572 ﬂuentis

2001 1608 2273 1679 ingressus
2301 1610 2404 1664 es?
2431 1608 2537 1664 Sed
2565 1610 2667 1666 hoc
2695 1619 2747 1665 te
2769 1611 2834 1666 ad
2865 1611 3185 1682 supplicium
3214 1611 3453 1667 deducit.
3484 1611 3607 1666 Ma»

1999 1697 2221 1767 gnitudo
2263 1698 2408 1754 enim
2450 1698 2669 1755 honoris
2692 1741 2706 1766 ,
2756 1701 2822 1757 iis
2847 1701 2936 1771 qui
2965 1701 3128 1756 vitam
3172 1701 3474 1772 hujusmodi
3504 1702 3598 1756 ho.

2005 1805 2135 1845 uore
2161 1790 2374 1860 dignam
2404 1806 2510 1846 non
2547 1801 2741 1862 agunt,
2768 1791 3189 1848 additamentum
3220 1793 3466 1863 supplicii
3494 1803 3595 1850 est.

2005 1880 2240 1937 Fidelem
2268 1883 2412 1937 enim
2447 1898 2549 1937 non
2582 1882 2650 1937 ab
2677 1883 2742 1938 iis
2772 1892 2976 1938 tantum
3003 1900 3124 1954 qua:
3150 1900 3181 1939 a
3212 1885 3322 1940 Deo
3348 1887 3596 1955 accepit,

2002 1973 2096 2028 sed
2128 1974 2292 2029 etiam
2317 1974 2386 2029 ab
2426 1974 2491 2028 iis
2515 1990 2634 2043 quae
2664 1975 2778 2043 ipse
2804 1974 2984 2030 intulit
3021 1974 3224 2046 fulgere
3256 1991 3350 2046 par
3375 1986 3461 2031 est
3481 2016 3497 2038 .
3545 1989 3603 2032 et

2002 2064 2237 2135 undique
2265 2080 2325 2120 se
2353 2075 2536 2120 notutn
2568 2076 2845 2136 praestare,
2869 2066 2938 2123 ab
2959 2066 3172 2123 incessu
3199 2109 3213 2132 ,
3246 2068 3315 2122 ab
3338 2078 3556 2138 aspectu
3580 2109 3597 2132 ,

2002 2151 2073 2209 ab
2101 2154 2306 2218 habitu,
2332 2169 2361 2209 a
2390 2170 2541 2210 voce.
2572 2155 2695 2211 llaec
2719 2166 2898 2212 autem
2924 2157 3057 2224 dixi,
3093 2172 3200 2212 non
3227 2159 3372 2213 utad
3413 2169 3600 2214 osten-

2006 2246 2261 2302 tationem
2288 2289 2301 2310 ,
2330 2247 2427 2303 sed
2448 2258 2507 2302 ut
2524 2247 2590 2303 ad
2618 2248 2903 2305 utilitatem
2932 2248 3227 2305 videntium
3257 2265 3354 2303 nos
3378 2265 3615 2321 compo-.

2004 2352 2216 2394 namus.
2255 2338 2408 2394 Nunc
2436 2349 2613 2395 autem
2645 2339 3021 2410 undecumque
3063 2350 3115 2395 te
3158 2341 3380 2395 voluero
3408 2341 3600 2411 digno-

2005 2445 2180 2496 scere,
2224 2433 2457 2504 undique
2485 2441 2539 2489 te
2569 2434 2783 2490 invenio
2813 2450 2842 2488 a
2869 2435 3154 2489 contrariis
3180 2434 3439 2505 dignosci.
3486 2435 3544 2491 Si
3569 2454 3599 2488 ει

2003 2523 2126 2578 loco
2148 2524 2238 2591 qui
2268 2525 2343 2577 sis
2373 2524 2531 2579 velim
2572 2524 2845 2589 ediscere,
2878 2525 2934 2579 in
2959 2525 3105 2579 circo
3132 2535 3182 2579 te
3206 2565 3221 2590 ,
3254 2526 3306 2579 in
3335 2526 3558 2581 theatris
3583 2566 3601 2585 .
3660 2556 3671 2573 -

2005 2619 2061 2666 et
2102 2613 2297 2683 iniquis
2337 2615 2776 2684 occupationibus
2820 2615 2977 2670 video
3019 2615 3134 2669 dies
3164 2616 3496 2685 transigere,
3548 2616 3601 2670 in

2009 2702 2109 2758 fori
2136 2705 2366 2762 cratibus
2391 2705 2756 2776 improborum
2782 2748 2797 2773 ,
2826 2706 2878 2760 in
2908 2717 3281 2776 corruptorum
3326 2707 3613 2762 hominum

2001 2795 2314 2861 consortio;
2341 2796 2443 2852 sia
2469 2796 2649 2852 vultus
2684 2798 3093 2867 compositione,
3121 2796 3336 2853 assidue
3363 2807 3416 2853 te
3437 2814 3604 2854 cerno

2019 2891 2306 2945 cachinnis
2332 2890 2576 2946 deditum
2605 2905 2669 2963 a_e
2695 2890 3044 2957 dissolutum,
3077 2892 3222 2947 haud
3249 2908 3410 2950 secus
3438 2907 3603 2963 quam

2022 2981 2359 3035 meretricem
2399 2961 2704 3051 procaciter
2755 2980 2995 3036 hiantem
3040 2990 3095 3036 et
3150 2961 3477 3036 dissolutam
3506 2998 3523 3048 ;
3552 2981 3603 3037 si

2019 3085 2054 3125 a
2079 3070 2342 3133 vestibus,
2370 3071 2597 3141 perinde
2638 3072 2964 3127 teamictum
2996 3071 3152 3127 video
3185 3080 3349 3143 atque
3379 3072 3574 3127 histrio
3594 3097 3609 3116 ο

2023 3176 2185 3226 nem;
2245 3161 2290 3214 si
2334 3177 2364 3215 a
2405 3162 2731 3225 clientibus,
2787 3163 3059 3231 parasitos
3127 3162 3496 3218 circumducis
3548 3172 3608 3218 et

2024 3253 2335 3319 adultores;
2365 3252 2411 3307 si
2445 3267 2476 3305 a
2508 3253 2715 3317 verbis,
2739 3249 2876 3306 nihil
2924 3267 3117 3308 sanum
3139 3293 3154 3318 ,
3186 3252 3325 3307 nihil
3355 3268 3608 3315 necessa-

2026 3343 2190 3407 rium,
2220 3343 2354 3395 nihil
2394 3344 2460 3395 ad
2497 3343 2808 3397 institutum
2844 3342 2967 3396 vita:
3011 3351 3261 3398 nostrum
3291 3345 3609 3399 eoneudens

2027 3431 2338 3502 loquentem
2371 3431 2570 3497 audio;
2604 3433 2651 3487 si
2683 3448 2713 3487 a
2753 3447 2962 3496 mensa,
3010 3432 3185 3501 major
3227 3433 3353 3487 niue
3381 3447 3611 3489 accusa-
3652 3430 3657 3435 ’

2027 3523 2196 3579 tionis
2230 3524 2457 3579 materia
2483 3525 2715 3579 orietur.

2078 3685 2132 3739 8.
2189 3684 2465 3742 Undenam
2520 3688 2722 3760 igitur,
2772 3705 3000 3760 qua-so,
3054 3701 3242 3762 potero
3288 3704 3339 3749 te
3390 3694 3600 3750 ﬁdelem

2004 3791 2337 3848 agnoscere,
2390 3793 2509 3834 eum
2555 3794 2714 3852 supra
2761 3782 2902 3837 dicta
2931 3784 3111 3839 omnia
3156 3788 3482 3840 contrarium
3513 3805 3602 3842 ar-

2004 3868 2208 3938 guant?
2237 3868 2301 3923 Et
2344 3870 2470 3938 quid
2517 3869 2641 3925 dico
2686 3870 2939 3928 ﬁdelem?
2976 3874 3159 3944 Neque
3197 3877 3412 3932 enimsi
3442 3878 3605 3933 homo

2002 3960 2078 4014 sis
2106 3975 2320 4029 possum
2359 3962 2637 4019 evidenter
2671 3980 2986 4035 agnoscere.
3017 3967 3151 4022 Nam
3180 3985 3301 4024 cum
3329 3971 3476 4025 calce
3505 3973 3606 4025 itu-

2005 4061 2156 4120 petas
2182 4053 2450 4122 utasinus
2472 4095 2489 4121 ,
2517 4056 2735 4110 exsilias
2766 4065 2824 4111 ut
2849 4069 3034 4112 taurus
3053 4100 3068 4122 ,
3101 4061 3167 4113 ad
3199 4061 3454 4116 mulieres
3483 4062 3602 4116 hiu-

2006 4142 2122 4195 nias
2152 4152 2209 4195 ut
2233 4158 2405 4212 equus
2424 4184 2439 4206 ,
2472 4146 2736 4201 veraciter
2764 4147 2893 4202 edas
2922 4157 2980 4202 ttt
3010 4164 3167 4205 ursus
3191 4193 3207 4216 ,
3245 4166 3461 4207 carnem
3497 4155 3599 4207 im-

2002 4233 2260 4303 pinguare
2282 4234 2501 4291 studeas
2542 4247 2599 4291 ut
2620 4239 2798 4295 mulus
2822 4281 2837 4303 ,
2871 4241 3183 4311 injuriarum
3211 4260 3417 4300 memor
3445 4246 3519 4302 sis
3547 4258 3604 4302 ut

2001 4326 2260 4392 camelus,
2289 4327 2472 4396 rapias
2502 4337 2558 4382 ut
2579 4329 2735 4400 lupus
2757 4373 2772 4395 ,
2802 4332 3052 4389 irascaris
3081 4345 3139 4390 ut
3161 4351 3409 4406 serpens,
3442 4337 3605 4401 ferias

2004 4426 2062 4471 ut
2091 4419 2323 4489 scorpio,
2356 4421 2655 4490 vcrsipcllis
2683 4422 2758 4477 sis
2788 4433 2846 4478 ut
2874 4426 3082 4496 vulpes,
3109 4427 3261 4484 virus
3308 4429 3602 4500 iniquitatis

2003 4523 2187 4564 serves
2213 4518 2271 4564 ut
2311 4510 2455 4580 aspis
2493 4520 2549 4567 et
2592 4512 2811 4583 vipera,
2855 4515 3114 4575 adversus
3161 4520 3355 4575 fratres
3401 4521 3601 4577 bellum

1999 4615 2177 4671 geras,
2235 4609 2293 4656 ut
2332 4598 2675 4661 erudelis‘dle
2704 4606 2916 4662 daemon
2956 4626 2970 4664 :
3018 4610 3288 4679 quomodo
3316 4619 3383 4685 te
3415 4622 3602 4681 potero

2012 4697 2153 4742 mter
2192 4689 2437 4745 luunines
2482 4705 2881 4759 annumerare,
2930 4709 3054 4750 eum
3105 4695 3352 4751 humanze
3397 4708 3604 4754 naturae

2007 4780 2345 4837 characteres
2391 4782 2443 4835 iu
2487 4791 2539 4839 te
2569 4799 2674 4838 non
2715 4786 2965 4841 videam?
3004 4787 3319 4853 Quaerebam
3349 4789 3605 4845 diﬁ‘creu-

1978 4871 2135 4957 [tiam
2183 4872 2631 4929 eatecbumenum
2670 4875 2813 4929 inter
2842 4884 2898 4931 et
2939 4876 3152 4931 ﬁdelem
3177 4919 3193 4943 ,
3224 4885 3279 4932 et
3307 4879 3601 4948 periculum

2003 4971 2085 5016 est
2128 4978 2196 5018 ne
2238 4962 2481 5020 invenire
2516 4982 2777 5037 nequeam
2818 4967 2990 5022 virum
3024 4969 3163 5023 inter
3190 4979 3239 5024 el
3284 4969 3451 5026 feram
3482 4973 3596 5027 dis-

2000 5052 2224 5108 crimen.
2267 5054 2470 5126 Ecquid
2512 5066 2564 5111 te
2611 5056 2784 5112 dicam
2813 5058 2971 5114 esse?
2996 5058 3222 5115 Feram?
3248 5061 3317 5116 At
3341 5060 3470 5116 fera:
3496 5079 3603 5117 uno

2001 5151 2209 5200 tantum
2238 5146 2368 5202 vitio
2396 5157 2691 5205 tenentur:
2738 5157 2796 5205 tu
2848 5167 2980 5208 vero
3021 5153 3111 5224 qui
3152 5154 3329 5208 omnia
3373 5155 3604 5210 circum.

1994 5244 2106 5288 ters
2136 5235 2260 5290 vitia
2292 5278 2308 5305 ,
2335 5238 2493 5310 longe
2518 5242 2688 5311 magis
2716 5257 2877 5313 quam
2902 5244 3010 5299 illa:
3038 5245 3261 5301 rationis
3285 5261 3345 5301 es
3383 5261 3596 5314 expers.

1998 5322 2106 5380 Sed
2130 5324 2429 5384 dmmonem
2478 5340 2529 5386 te
2558 5330 2802 5388 vocabo?
2826 5335 2987 5405 Atqui
3011 5334 3226 5392 daemon
3264 5351 3435 5407 neque
3467 5352 3597 5391 ven-

1999 5415 2096 5469 tris
2124 5419 2392 5488 tyrannidi
2418 5421 2665 5479 subditus
2692 5434 2796 5494 est,
2823 5441 2997 5497 neque
3018 5426 3231 5482 divitias
3263 5437 3426 5482 amat.
3461 5427 3595 5484 Cum

1998 5522 2128 5579 ergo
2145 5509 2294 5578 plura
2318 5511 2468 5580 vitia,
2491 5529 2650 5584 quam
2680 5515 2808 5572 fera:
2836 5526 2890 5573 et
2916 5517 3188 5574 daemones
3213 5518 3433 5588 habeas,
3458 5537 3595 5590 quo-

2001 5599 2182 5668 modo,
2224 5616 2428 5672 quaeso,
2477 5614 2530 5661 te
2570 5606 2841 5662 hominem
2884 5608 3235 5664 vocabimus?
3283 5612 3327 5666 si
3360 5628 3487 5667 vero
3545 5622 3596 5667 te

2001 5691 2270 5750 hominem
2301 5710 2494 5752 vocare
2522 5713 2625 5754 non
2674 5699 2840 5769 licet,
2868 5701 3137 5771 quomodo
3165 5703 3376 5761 ﬁdelem
3409 5705 3592 5777 appel-
