4066 6434
478 390 539 445 ιω
1203 394 1261 446 8.
1303 391 1592 448 JOANNIS
1627 392 2116 451 CllRYSOSTOMl
2154 392 2470 448 AliClllEP.
2511 387 3059 447 CONSTANTINOP.
3691 388 3763 444 50

480 499 744 555 labimus?
771 500 927 570 Quod
952 508 1128 556 autem
1166 499 1403 556 deterius
1431 510 1516 556 est
1540 543 1555 567 ,
1585 515 1709 555 cum
1736 500 1807 555 ita
1834 500 1971 554 male
1996 515 2068 552 Sl-

481 604 602 645 mus
626 590 822 659 allecti,
854 608 921 648 ne
946 593 1243 662 cogitamus
1271 592 1488 661 quidem
1517 594 1711 648 animae
1740 602 1938 647 nostra:
1974 592 2070 645 de-

481 679 846 748 formitatem,
896 698 1072 752 neque
1123 683 1243 752 ejus
1299 683 1594 738 fceditatem
1642 685 1909 739 novimus.
1967 682 2070 739 Sed

478 771 617 841 apud
650 781 922 827 tonsorem
960 773 1159 828 sedens
1185 815 1203 840 ,
1246 788 1455 829 comam
1478 775 1777 830 detondens
1799 818 1815 842 ,
1862 788 2074 846 arrepto

481 864 702 932 speculo
732 865 1010 920 caesariem
1039 866 1373 931 consideras,
1406 877 1459 922 et
1487 868 1762 923 adstantes
1792 869 2074 938 ipsumque

478 964 751 1011 tonsorem
781 955 1108 1027 interrogas,
1153 974 1278 1012 num
1308 967 1499 1012 ornate
1524 959 1751 1013 frontem
1780 961 2075 1014 concinna-

477 1047 614 1101 verit
645 1064 658 1101 :
691 1063 755 1101 ac
781 1063 923 1117 stepe
948 1088 964 1115 ,
994 1064 1160 1104 senex
1186 1064 1308 1104 cum
1353 1050 1427 1104 sis
1450 1090 1466 1115 ,
1500 1065 1604 1104 non
1637 1052 1837 1105 vereris
1860 1050 2076 1120 juveni-

477 1138 616 1194 libus
658 1141 847 1195 studiis
877 1140 1113 1197 insanire
1150 1159 1164 1195 :
1208 1144 1440 1196 animam
1485 1157 1614 1197 vero
1657 1154 1894 1198 nostram
1918 1185 1934 1208 ,
1968 1159 2073 1199 non

480 1233 643 1288 modo
667 1233 984 1297 deformem,
1014 1233 1107 1288 sed
1139 1233 1298 1288 etiam
1322 1234 1503 1288 ferinae
1535 1234 1721 1289 forma:
1740 1249 1884 1298 esse,
1908 1236 2077 1290 instar

479 1323 672 1395 Scyllae
698 1335 753 1379 et
780 1324 1066 1380 Chimaera:
1093 1368 1111 1393 ,
1136 1344 1255 1397 qua:
1286 1330 1337 1383 in
1371 1327 1545 1383 fabula
1572 1330 1837 1396 feruntur,
1878 1344 1947 1384 ne
1976 1329 2078 1385 mi-

480 1416 683 1470 nimum
713 1417 929 1487 quidem
954 1421 1217 1475 sentimus
1242 1439 1255 1475 :
1289 1436 1608 1491 quamquam
1646 1431 1825 1477 tamen
1855 1422 1941 1476 hic
1964 1421 2076 1491 spi-

478 1505 668 1562 rituale
706 1508 984 1577 speculum
1029 1509 1323 1567 habeamus
1365 1512 1521 1582 longe
1560 1513 1753 1568 melius
1796 1522 1851 1568 et
1896 1513 2077 1567 utilius

478 1598 591 1653 illo.
636 1600 754 1655 Non
798 1601 961 1656 modo
1007 1603 1154 1657 enim
1197 1603 1590 1661 deformitatem
1639 1613 1939 1670 monstrat,
1979 1604 2076 1659 sed

440 1741 449 1748 .
477 1692 639 1746 etiam
667 1702 838 1748 mutat
865 1693 1010 1748 illam
1040 1694 1094 1750 in
1133 1696 1581 1765 pulchritudinem
1628 1698 1943 1754 immensam
1966 1736 1983 1763 ,
2028 1695 2076 1752 si

475 1783 694 1854 quidem
724 1785 973 1842 velimus.

558 1980 671 2035 Vita
699 1988 989 2034 mactarunt
1009 1973 1482 2046 speculum—Hoc
1502 1988 1663 2044 porro
1690 1973 1964 2042 Speculum
1984 1983 2062 2029 est

475 2073 765 2144 proborum
792 2071 1031 2124 virormn
1063 2066 1344 2134 memoria,
1376 2080 1587 2120 necnon
1609 2066 1781 2121 beatae
1834 2066 2070 2134 ipsorum

475 2165 599 2218 vitae
626 2162 845 2216 historia
868 2202 884 2227 ,
914 2160 1307 2229 Seripturarum
1334 2158 1522 2220 lectio,
1548 2158 1692 2227 leges
1717 2171 1746 2209 a
1774 2157 1883 2211 Deo
1909 2155 2067 2210 data.

477 2254 535 2309 Si
583 2253 665 2309 vel
689 2251 858 2307 semel
888 2250 1123 2305 volueris
1166 2249 1486 2304 Sanctorum
1535 2247 1790 2317 imagines
1827 2254 2072 2303 contem-

480 2346 613 2416 piari
641 2386 657 2410 ,
698 2343 1096 2399 deformitatem
1122 2340 1317 2395 animae
1350 2348 1456 2393 tunc
1498 2338 1703 2393 videbis
1730 2352 1746 2392 :
1777 2352 1880 2408 qua
1906 2337 2075 2392 semel

478 2445 788 2506 conspecta,
822 2434 966 2489 nullo
992 2432 1099 2487 alio
1126 2431 1305 2502 egebis
1332 2438 1391 2483 ιιι
1416 2430 1485 2484 ab
1510 2431 1609 2484 hac
1635 2429 1962 2500 turpitudine
2007 2428 2075 2483 li-

426 2564 431 2573 ~
482 2530 710 2585 bereris.
758 2525 840 2581 Ad
870 2526 973 2580 hoc
1015 2524 1158 2579 enim
1186 2522 1318 2577 utile
1360 2520 1514 2575 nobis
1541 2529 1624 2575 est
1650 2519 1752 2575 hoc
1778 2520 2074 2589 speculum,

483 2622 798 2691 facilemque
821 2618 977 2673 nobis
1006 2615 1180 2672 reddit
1209 2615 1347 2669 bane
1385 2614 1756 2668 mutationem.
1784 2612 1953 2667 Nemo
1982 2612 2078 2665 ita.

485 2731 588 2785 que
617 2715 669 2766 in
720 2714 999 2767 brutorutn
1047 2708 1216 2763 forma
1249 2715 1481 2761 maneat.
1524 2706 1582 2761 Si
1621 2707 1765 2761 enim
1794 2720 1980 2760 servos
2024 2708 2079 2760 in

484 2807 704 2859 domum
739 2802 904 2873 patris
932 2816 1040 2855 non
1069 2800 1269 2863 intrat,
1300 2814 1423 2853 cum
1451 2799 1577 2852 fera:
1603 2797 1825 2851 formam
1859 2798 2081 2863 habeas,

485 2896 759 2966 quomodo
791 2902 843 2947 tu
874 2893 926 2947 iu
954 2892 1135 2946 limina
1164 2891 1253 2945 illa
1284 2888 1488 2966 ingredi
1517 2888 1749 2958 poteris?
1779 2886 1980 2957 Ecquid
2014 2889 2081 2941 ie-

490 2964 603 3043 ram
634 2986 793 3041 dico?
824 2985 956 3041 Fera
987 2984 1129 3038 enim
1169 2982 1410 3038 deterior
1435 2964 1517 3036 εει
1549 2980 1853 3050 hujusmodi
1898 2980 2080 3034 homo.

490 3081 643 3135 Ferae
670 3078 812 3133 enim
841 3077 941 3131 etsi
990 3083 1175 3130 natura
1203 3088 1298 3129 sua
1331 3075 1536 3128 feroces
1567 3073 1694 3138 sint,
1723 3072 1954 3127 humana
2002 3081 2083 3126 ta-

490 3189 614 3229 men
640 3180 756 3225 arte
794 3184 938 3239 sarpe
982 3175 1362 3222 mansuescunt
1405 3182 1417 3219 :
1468 3176 1522 3218 tu
1570 3180 1697 3218 vero
1741 3164 1830 3233 qui
1872 3162 2084 3219 illarum

493 3265 790 3320 naturalem
822 3262 1085 3317 feritatem
1127 3260 1179 3314 in
1207 3256 1690 3320 mansuetudinem,
1734 3271 1853 3324 qua:
1903 3266 2089 3311 contra

494 3366 739 3412 naturam
761 3369 945 3408 earum
976 3361 1080 3418 est,
1103 3357 1455 3415 transmutas,
1485 3362 1644 3417 quam
1677 3346 1899 3404 habebis
1923 3361 2084 3401 excito

491 3448 774 3513 sationem,
804 3444 894 3516 qui
917 3441 1401 3507 mansuetudinem,
1428 3455 1585 3509 quam
1605 3454 1671 3497 ex
1690 3451 1875 3495 natura
1904 3438 2090 3505 habes,

496 3545 548 3596 in
573 3541 865 3602 feritatem,
896 3553 1017 3607 qua:
1046 3546 1231 3589 contra
1264 3543 1509 3587 naturam
1535 3542 1653 3601 est,
1698 3532 1969 3587 convertis
1994 3570 2010 3595 ,
2038 3543 2091 3585 et

495 3634 587 3702 qui
629 3631 768 3702 quod
816 3630 986 3684 ferum
1031 3637 1147 3681 erat
1172 3626 1301 3680 mite
1339 3625 1593 3690 reddens,
1626 3626 1874 3693 teipsmn,
1908 3633 2093 3677 natura

499 3726 683 3780 mitem
710 3766 724 3790 ,
752 3730 938 3777 contra
971 3729 1213 3774 naturam
1244 3717 1478 3775 ferocem
1504 3715 1830 3772 constituisti
1861 3733 1874 3769 :
1903 3730 1966 3770 ac
2004 3714 2093 3784 qui

503 3819 711 3871 leonem
737 3817 945 3870 cicuras
967 3822 1412 3882 mansuetumque
1440 3810 1640 3875 reddis,
1670 3809 1908 3863 animum
1942 3818 2088 3863 tuum

501 3907 658 3962 leone
702 3906 1017 3962 ferociorem
1061 3903 1267 3960 eﬂicis?
1321 3902 1529 3958 etiamsi
1569 3901 1676 3957 duo
1724 3900 1831 3955 illic
1874 3898 2097 3966 impedi-

502 4006 689 4055 menta
720 3994 926 4057 adsint,
966 4001 1023 4046 et
1054 3988 1199 4059 quod
1237 3989 1349 4042 fera
1382 3986 1470 4040 illa
1502 3985 1575 4038 sit
1604 3982 1833 4038 rationis
1863 3997 2080 4053 expers,

493 4096 550 4142 et
577 4084 725 4156 quod
749 4081 1003 4138 omnium
1033 4080 1105 4133 sit
1128 4075 1491 4131 ferocissima.
1526 4072 1779 4127 Attamen
1805 4070 1858 4125 vi
1896 4069 2085 4124 indita:

498 4178 598 4233 tibi
642 4193 674 4230 a
718 4175 833 4229 Deo
876 4169 1183 4241 sapientiae,
1232 4164 1710 4235 naturam‘ipsam
1756 4162 1955 4217 vincis.
2000 4160 2083 4214 Tu

497 4269 669 4339 igitur
706 4265 802 4336 qui
841 4264 1083 4318 ferarum
1125 4268 1378 4313 naturam
1419 4258 1618 4323 vineis,
1667 4271 1768 4311 cur
1808 4254 1864 4308 in
1908 4254 2085 4323 teipse

497 4370 555 4414 et
587 4366 800 4412 natura:
829 4363 887 4410 et
926 4350 1231 4407 voluntatis
1269 4349 1475 4402 bonum
1514 4345 1747 4416 prodis?
1768 4345 1845 4398 Ac
1879 4344 1925 4398 si
1962 4342 2084 4412 qui-

499 4453 626 4506 dem
666 4457 722 4503 te
764 4448 934 4502 alium
979 4442 1264 4503 hominem
1307 4441 1497 4495 mitem
1541 4436 1776 4492 reddere
1809 4435 2084 4507 juberem,

501 4560 570 4599 ne
607 4541 690 4597 sic
722 4538 949 4610 quidem
994 4536 1095 4591 tibi
1133 4549 1199 4588 ea
1235 4531 1497 4586 mandare
1532 4529 1776 4594 viderer,
1811 4542 1933 4597 qua:
1969 4524 2089 4580 ﬂeri

499 4633 800 4705 nequirent
835 4647 848 4683 :
881 4642 1075 4699 posses
1106 4635 1291 4680 tamen
1326 4633 1385 4678 tu
1417 4621 1659 4692 objicere
1688 4629 1741 4674 te
1771 4632 1882 4673 non
1909 4617 2091 4672 domi-

504 4743 637 4785 num
664 4740 785 4783 esse
812 4720 1117 4779 voluntatis
1140 4717 1389 4781 alterius,
1424 4729 1528 4771 nec
1553 4726 1724 4785 penes
1754 4720 1807 4766 te
1831 4709 1887 4765 id
1915 4717 2091 4763 totum

508 4836 651 4876 esse.
682 4820 844 4874 Nunc
878 4824 1064 4872 autem
1098 4812 1284 4869 bellua
1318 4818 1409 4864 tua
1438 4816 1542 4865 est.
1575 4806 1629 4860 in
1664 4813 1759 4859 tuo
1795 4800 1975 4873 posita
2005 4815 2094 4854 ar-

501 4912 692 4968 bitrio.

577 5100 631 5153 9.
674 5097 741 5152 In
768 5097 899 5168 irent
927 5094 1196 5149 invehitur.
1236 5090 1463 5163 Sanguis
1487 5085 1675 5145 Christi
1714 5083 1912 5137 morbos
1940 5079 2098 5134 animi

504 5191 796 5262 exstinguit.
846 5185 1067 5253 Affectus
1105 5202 1223 5255 erga
1257 5193 1513 5237 creaturas
1548 5192 1767 5231 amorem
1790 5173 1973 5230 Christi
2000 5171 2099 5224 mi-

510 5285 716 5339 nuit.——-
736 5280 905 5349 Quam
930 5292 1057 5347 ergo
1086 5275 1251 5329 habes
1277 5272 1665 5333 defensionem,
1695 5267 1819 5322 dum
1853 5272 2098 5319 naturam

508 5388 653 5432 tuam
672 5390 776 5430 non
805 5360 1039 5439 subigis?
1060 5383 1217 5439 quem
1237 5365 1593 5421 excusationis
1609 5362 1842 5419 colorem
1864 5354 2102 5429 proferre

513 5467 736 5535 poteris,
768 5464 895 5518 dum
926 5462 1138 5516 leonem
1164 5458 1216 5511 in
1246 5455 1517 5510 hominem
1542 5450 1829 5513 convertis,
1861 5460 2015 5519 teque
2035 5462 2099 5500 ex

518 5556 733 5611 homine
762 5555 971 5609 leonem
998 5552 1195 5605 factum
1224 5546 1443 5610 videns,
1477 5544 1526 5600 id
1555 5560 1659 5599 non
1686 5557 1862 5607 curas,
1896 5555 1959 5595 ac
1976 5539 2101 5594 dum

515 5646 593 5701 illi
624 5662 718 5712 ea,
748 5660 869 5715 quae
901 5659 1059 5713 supra
1091 5649 1334 5696 naturam
1369 5637 1487 5706 ejus
1525 5645 1683 5701 sunt,
1722 5632 1961 5703 largiris,
2010 5630 2101 5685 tibi

520 5752 586 5791 ne
613 5752 675 5791 ea
706 5736 917 5808 quidem
947 5748 1150 5798 servas,
1179 5745 1298 5802 qum
1326 5742 1395 5783 ex
1425 5736 1611 5781 natura
1638 5726 1824 5791 habes,
1855 5723 1950 5779 sed
1977 5721 2105 5778 dum

2180 513 2319 565 feras
2344 515 2581 578 agrestes
2617 504 2682 558 ad
2712 501 3041 557 nobilitatem
3072 504 3308 553 nostram
3338 494 3607 551 deducere
3634 508 3764 548 con-

2181 601 2356 656 tendis
2377 641 2393 666 ,
2428 598 2661 666 teipsum
2687 610 2753 649 ex
2795 593 2932 646 solio
2955 590 3102 659 regni
3124 587 3389 648 detrudis,
3410 595 3462 641 et
3486 588 3540 638 in
3566 584 3766 639 hellua-

2178 709 2296 750 rum
2342 693 2578 747 furorem
2619 686 2882 758 depcllis?
2915 684 3098 753 Cogita
3141 694 3409 749 namque,
3458 678 3503 732 si
3552 676 3766 746 placet,

2179 786 2313 840 iram
2353 798 2474 838 esse
2497 781 2663 835 feram
2689 796 2701 831 :
2730 787 2785 832 et
2808 784 3059 845 quantam
3090 773 3177 825 alii
3201 772 3341 825 circa
3369 770 3556 824 leones
3585 781 3769 820 curam

2183 872 2531 943 impendunt,
2579 877 2779 924 tantam
2824 859 2879 920 e't
2918 874 2973 918 tu
3021 860 3269 931 impende
3306 860 3446 913 circa
3496 858 3768 925 teipsum,

2178 974 2339 1033 atque
2376 963 2612 1015 animum
2656 968 2802 1011 tuum
2842 954 3025 1008 mitem
3069 960 3514 1017 mansuetumque
3561 944 3767 1000 redde:

2179 1069 2301 1109 nam
2329 1062 2385 1107 et
2428 1052 2518 1107 ille
2548 1049 2706 1103 smvis
2739 1045 2989 1101 dentibus
3013 1052 3065 1096 ct
3093 1039 3304 1109 ungulis
3332 1039 3623 1092 instructus
3648 1045 3767 1099 est,

2177 1161 2241 1201 ac
2270 1146 2370 1199 nisi
2396 1145 2604 1198 cicures
2632 1139 2828 1208 ipsum,
2868 1134 3045 1188 omnia
3075 1130 3280 1201 perdet.
3305 1129 3487 1198 Neque
3517 1128 3660 1181 enim
3690 1126 3772 1179 leo
3826 1176 3831 1179 .

2182 1246 2237 1293 et
2266 1238 2448 1305 vipera
2477 1232 2556 1287 sic
2592 1232 2800 1284 viscera
2832 1227 3069 1281 lacerare
3105 1227 3361 1291 possunt,
3404 1227 3461 1272 ut
3495 1218 3570 1271 ira
3592 1256 3609 1282 ,
3656 1231 3772 1285 qum

2182 1329 2391 1398 ungulis
2435 1324 2621 1380 ferreis
2675 1318 2889 1375 assidue
2940 1315 3126 1371 laniat.
3171 1312 3353 1381 Neque
3402 1326 3533 1364 vero
3574 1324 3772 1378 corpus

2183 1430 2386 1475 tantum
2426 1414 2739 1478 labefactat,
2768 1408 2864 1465 sed
2900 1418 2953 1463 et
2976 1407 3167 1460 anima:
3206 1404 3489 1457 sanitatem
3526 1416 3770 1454 corrum-

2184 1511 2276 1580 pit,
2298 1510 2402 1563 vim
2423 1508 2542 1577 ejus
2556 1519 2769 1560 omnem
2790 1500 3103 1559 corrodens.
3124 1496 3406 1559 dilaniatis,
3437 1494 3769 1563 discerpens,

2183 1614 2237 1659 et
2264 1602 2330 1656 ad
2358 1601 2536 1655 omnia
2576 1596 2821 1653 inutilem
2850 1592 3100 1649 reddens.
3130 1590 3262 1644 Nam
3294 1589 3339 1642 si
3368 1588 3413 1642 is
3437 1588 3526 1658 qui
3557 1602 3773 1642 vermes

2184 1697 2238 1751 in
2273 1694 2565 1751 visceribus
2610 1691 2814 1753 nutrit,
2864 1702 2932 1742 ne
2974 1685 3242 1755 respirare
3284 1681 3499 1752 quidem
3545 1681 3774 1750 poterit,

2179 1789 2389 1848 cunctis
2430 1786 2573 1841 intus
2610 1780 2877 1850 corruptis
2914 1816 2936 1843 ,.
2968 1773 3236 1846 quomodo
3272 1773 3430 1827 talem
3468 1780 3775 1841 serpentem

2184 1880 2471 1943 habentes,
2495 1876 2700 1931 viscera
2727 1870 2906 1927 omnia
2930 1864 3329 1929 corrodentem,
3360 1863 3491 1917 iram
3516 1861 3659 1926 dico,
3685 1878 3775 1932 ge-

2185 1987 2439 2029 nerosum
2483 1970 2679 2041 aliquid
2730 1984 2920 2039 parere
2964 1969 3295 2038 poterimus?
3334 1968 3614 2037 Quomodo
3638 1981 3769 2035 ergo

2182 2065 2478 2136 poterimus
2516 2061 2585 2115 ab
2621 2060 2723 2114 hac
2762 2068 2909 2128 peste
2940 2058 3197 2113 liberari?
3230 2056 3286 2113 Si
3327 2059 3470 2113 illam
3497 2057 3768 2126 potionem

2181 2155 2448 2221 bibamus,
2475 2166 2593 2221 quae
2622 2151 2788 2221 possit
2815 2152 2956 2203 intus
2987 2150 3189 2219 positos
3218 2163 3427 2203 vermes
3455 2156 3512 2203 et
3546 2161 3772 2216 serpen-

2184 2256 2265 2305 tes
2308 2248 2671 2315 exstinguere.
2717 2244 2897 2312 Ecqna
2946 2242 3093 2311 potio
3137 2241 3227 2297 illa
3271 2251 3373 2306 est,
3417 2239 3616 2308 inquis,
3648 2255 3771 2310 quae

2183 2345 2385 2394 tantam
2436 2335 2540 2390 vim
2589 2334 2822 2389 habeat?
2870 2332 3144 2387 Pretiosus
3189 2332 3407 2400 sanguis
3444 2330 3673 2394 Christi,
3722 2330 3771 2383 si

2182 2442 2305 2486 cum
2336 2426 2527 2483 fiducia
2553 2434 2796 2480 sumatur
2827 2442 2840 2477 :
2876 2423 3090 2477 morbos
3119 2422 3316 2492 quippe
3342 2436 3529 2476 omnes
3564 2421 3772 2475 exstin—

2182 2534 2347 2590 guere
2392 2517 2634 2588 poterit;
2690 2516 2811 2570 huic
2857 2514 2994 2569 adde
3037 2513 3336 2569 divinarum
3376 2514 3771 2582 Scripturarum

2184 2613 2397 2669 lectioni
2424 2611 2809 2673 attentionem,
2840 2608 3069 2677 huicque
3098 2605 3317 2676 adjicias
3340 2606 3772 2675 eleemosynam:

2187 2720 2283 2775 per
2326 2703 2443 2758 hazc
2498 2702 2696 2771 quippe
2739 2700 2919 2753 omnia
2974 2698 3246 2767 exstingui
3297 2705 3546 2767 poterunt
3597 2694 3775 2749 morbi

2187 2796 2421 2850 animam
2451 2791 2857 2847 labefactantes.
2883 2789 3139 2859 Tuncque
3161 2788 3332 2842 solum
3363 2787 3628 2852 vivemus,
3649 2800 3775 2840 cum

2183 2886 2295 2956 jam
2343 2900 2450 2939 non
2504 2883 2727 2936 meliore
2769 2879 3079 2935 conditione
3117 2879 3306 2943 simus,
3350 2893 3506 2946 quam
3532 2875 3775 2930 mortui:

2190 2993 2311 3032 nam
2358 2977 2464 3030 illis
2506 2973 2844 3039 viventibus,
2877 2987 2975 3026 nos
3002 2972 3181 3025 vivere
3206 2970 3519 3040 nequimus,
3554 2968 3651 3023 sed
3678 2982 3776 3022 ne-

2187 3067 2424 3124 cessario
2466 3066 2724 3136 perimus.
2770 3062 2881 3117 Nisi
2918 3062 3063 3117 enim
3097 3060 3183 3115 hic
3228 3060 3348 3114 illos
3391 3059 3781 3122 occiderimus,

2191 3158 2302 3214 illic
2332 3173 2431 3212 nos
2469 3156 2691 3211 omnino
2720 3152 3040 3208 interficient
3067 3170 3081 3206 :
3112 3152 3220 3206 imo
3244 3160 3299 3206 et
3322 3161 3447 3205 ante
3477 3158 3781 3205 extremum

2188 3249 2395 3303 obitum
2430 3247 2497 3301 de
2524 3246 2678 3301 nobis
2705 3245 2791 3298 hic
2820 3244 3076 3298 ultionem
3104 3250 3337 3297 sument.
3375 3242 3584 3296 Etenim
3612 3256 3781 3296 unus-

2187 3343 2412 3414 quisque
2445 3338 2663 3394 morbus
2706 3334 3106 3406 hujuscemodi,
3149 3333 3381 3389 crudelis
3411 3374 3427 3399 ,
3474 3332 3784 3403 tyrannicus

2189 3444 2244 3489 et
2270 3430 2584 3487 insatiabilis
2605 3436 2718 3494 est,
2752 3442 2853 3483 nec
2879 3440 2976 3481 nos
3013 3424 3250 3495 quotidie
3273 3423 3589 3480 corrodendi
3617 3424 3785 3479 linem

2191 3523 2320 3579 facit
2346 3540 2359 3576 :
2390 3537 2511 3576 mm
2543 3519 2735 3576 dentes
2760 3518 2973 3572 leonum
2997 3524 3123 3571 sunt
3155 3515 3347 3570 dentes
3377 3516 3609 3585 ipsorum
3628 3555 3643 3576 ,
3668 3514 3779 3566 imo

2192 3617 2355 3670 etiam
2407 3614 2566 3683 longe
2615 3610 2890 3667 saeviores.
2939 3607 3049 3663 Leo
3099 3608 3299 3677 quippe
3344 3604 3436 3660 ubi
3488 3604 3787 3659 exsatiatus

2191 3709 2384 3771 fuerit,
2431 3722 2459 3759 a
2509 3705 2770 3759 cadavere
2810 3701 3041 3757 discedit
3079 3717 3091 3753 :
3128 3698 3182 3753 bi
3219 3713 3351 3753 vero
3402 3696 3575 3752 morbi
3618 3696 3786 3751 animi

2194 3813 2486 3869 numquam
2525 3797 2808 3857 satiantur,
2855 3808 3032 3862 neque
3074 3798 3310 3855 cessant,
3352 3789 3527 3844 donec
3568 3797 3787 3857 captum

2194 3892 2466 3945 hominem
2507 3888 2723 3942 diabolo
2768 3886 3068 3954 proximum
3105 3883 3413 3938 statuerint.
3439 3880 3606 3935 Tanta
3632 3882 3780 3936 enim

2194 3984 2406 4037 illorum
2433 3979 2512 4035 vis
2542 3986 2662 4044 est,
2713 3986 2773 4030 ut
2812 3990 2971 4046 quam
3012 3974 3324 4029 servitutem
3350 3970 3563 4027 Christo
3591 3971 3786 4025 Paulus

2193 4072 2456 4138 exhibuit,
2488 4071 2561 4124 ita
2581 4077 2639 4122 ut
2665 4076 2882 4137 propter
2909 4065 3059 4119 illum
3084 4064 3137 4119 et
3155 4063 3455 4135 gehennam
3484 4071 3538 4117 et
3562 4076 3785 4131 regnum

2197 4164 2540 4234 despiceret,
2587 4157 2832 4214 eamdem
2874 4156 3042 4226 ipsam
3083 4169 3113 4208 a
3151 4152 3374 4223 captivis
3408 4153 3520 4206 suis
3546 4153 3785 4221 exigant.

2196 4255 2328 4310 Nam
2358 4253 2473 4307 sive
2507 4251 2561 4305 in
2602 4262 2927 4317 corporum,
2967 4245 3081 4298 sive
3119 4244 3172 4298 in
3212 4242 3550 4308 divitiarum,
3593 4242 3707 4295 sive
3734 4242 3787 4294 iu

2194 4345 2379 4417 gloriae
2416 4356 2654 4398 amorem
2698 4339 2817 4408 quis
2848 4336 3120 4400 inciderit,
3148 4344 3203 4389 et
3228 4334 3526 4405 gehennam
3556 4332 3787 4395 deridet,

2199 4445 2254 4492 et
2280 4448 2503 4504 regnum
2531 4430 2847 4491 contemnit,
2872 4438 2929 4481 ιιι
2955 4435 3130 4480 amata
3159 4441 3216 4479 re
3247 4424 3496 4494 potiatur.
3526 4421 3604 4477 Ne
3629 4421 3792 4492 igitur

2197 4526 2365 4583 Paulo
2392 4524 2553 4579 fidem
2576 4535 2833 4591 negemus
2858 4518 3079 4581 dicenti,
3099 4532 3158 4571 se
3173 4514 3440 4570 Christum
3462 4513 3532 4567 ita
3554 4527 3787 4566 amasse.

2207 4616 2333 4674 Cum
2363 4617 2505 4672 enim
2541 4613 2877 4669 inveniantur
2904 4609 3137 4679 quidam
3183 4604 3346 4658 animi
3390 4601 3668 4657 affectibus
3718 4601 3791 4654 ita

2205 4709 2531 4773 servientes,
2562 4720 2660 4760 cur
2687 4702 2813 4757 illud
2841 4698 3148 4755 incredibile
3180 4695 3333 4750 nobis
3373 4692 3652 4747 videatur?
3699 4688 3794 4745 Et-

2206 4802 2347 4857 enim
2377 4800 2495 4855 ideo
2519 4812 2670 4853 amor
2689 4809 2813 4865 erga
2833 4792 3104 4848 Christum
3135 4786 3397 4841 iniirmior
3414 4795 3518 4850 est,
3539 4783 3661 4853 quia
3684 4791 3791 4836 tota

2207 4894 2284 4947 vis
2312 4902 2493 4946 nostra
2518 4890 2569 4943 in
2592 4886 2842 4942 vitiorum
2867 4897 3051 4936 amore
3072 4877 3404 4935 consumitur
3429 4893 3442 4929 :
3462 4884 3513 4929 et
3534 4874 3791 4942 rupimus,

2205 4992 2260 5037 et
2290 4981 2528 5035 avaritiae
2564 4977 2728 5033 dediti
2759 4987 2945 5031 sumus
2964 5013 2981 5039 ,
3013 4981 3067 5027 et
3102 4985 3255 5024 vana:
3280 4968 3463 5038 gloriae
3490 4968 3790 5031 servimus,

2206 5088 2309 5145 qua
2339 5071 2464 5142 quid
2507 5070 2663 5124 vilius
2707 5066 2907 5122 fuerit?
2938 5063 3156 5118 Etiamsi
3196 5062 3337 5117 enim
3383 5058 3669 5114 admodum
3716 5058 3793 5110 sis

2205 5165 2557 5234 conspicuus,
2599 5160 2770 5217 nihilo
2812 5158 3001 5213 melior
3028 5157 3134 5211 eris
3179 5155 3245 5209 iis
3290 5153 3379 5223 qui
3409 5152 3603 5206 inﬁmae
3634 5149 3794 5202 sortis

2207 5265 2365 5321 sunt;
2411 5256 2521 5309 imo
2566 5253 2636 5308 ob
2675 5252 2780 5307 hoc
2820 5251 2992 5320 ipsum
3038 5248 3141 5301 illis
3170 5244 3389 5301 inferior
3414 5244 3541 5298 eris.
3570 5241 3796 5308 Quando

2206 5348 2348 5402 enim
2377 5345 2536 5400 iidem
2565 5344 2685 5414 ipsi,
2718 5343 2807 5412 qui
2836 5351 2887 5396 te
2904 5340 3195 5411 gloriosum
3224 5351 3286 5390 ac
3311 5334 3645 5405 splendidum
3668 5331 3792 5386 red-

2208 5438 2334 5493 dere
2376 5434 2627 5500 student,
2674 5433 2744 5487 ob
2776 5433 2879 5487 hoc
2905 5432 3078 5500 ipsum
3113 5438 3162 5481 te
3192 5425 3475 5488 derident,
3505 5422 3648 5493 quod
3676 5423 3794 5492 glo-

2207 5528 2341 5583 riam
2371 5527 2439 5580 ab
2466 5524 2595 5596 ipsis
2630 5523 2870 5592 requiras
2892 5562 2909 5588 ,
2948 5519 3218 5590 quomodo
3246 5532 3351 5571 non
3382 5515 3496 5569 haec
3523 5513 3788 5582 cupiditas

2211 5620 2303 5675 tibi
2330 5620 2383 5674 in
2403 5616 2728 5673 contrariam
2754 5613 3035 5670 vertetur?
3059 5611 3191 5667 Nam
3215 5610 3313 5677 illi,
3331 5605 3588 5679 quidquid
3605 5613 3785 5677 agant,

2210 5720 2548 5767 accusatores
2571 5707 2645 5763 tui
2667 5714 2811 5762 sunt.
