4066 6428
500 360 565 419 τί
1224 340 1280 396 S.
1316 338 1606 395 JOANNIS
1643 334 2126 392 CIIRYSOSTOMI
2166 332 2482 391 ARCIIIEP.
2522 325 3070 388 CONSTANTINOP.
3681 322 3754 380 52

499 450 562 502 δι’
586 447 752 502 αὐτὸν
779 442 1153 516 καταφρονῶν,
1172 438 1273 508 ’τὴν
1296 439 1467 510 αὐτὴν
1494 436 1589 490 καὶ
1614 432 1767 505 παρὰ
1794 428 1904 483 τῶν
1925 426 2077 481 ἀλόνο

379 556 384 561 ·
498 557 606 607 των
623 541 671 573 ’⁵⁸
719 536 1101 592 ἀπαιτεῖν.Ἀν
1132 550 1191 585 τε
1234 533 1343 603 7&9
1389 528 1659 600 σωμάτων
1702 523 1887 597 ἔρωτι,
1918 519 1982 572 ἄν
2019 534 2076 570 τε

501 631 820 702 χρημάτων,
854 629 918 683 ἀν
963 643 1022 678 τε
1067 625 1224 694 δόξης
1261 619 1538 691 περιπέσῃ
1583 633 1688 682 τις,
1721 614 1816 669 καὶ
1856 610 2078 702 γεέννης

504 699 778 789 καταγελᾷ
820 717 1023 776 λοιπὸν,
1055 717 1148 769 καὶ
1192 712 1471 784 βασιλείας
1520 706 1870 779 καταφρονεῖ,
1900 702 1987 755 ἵνα
2020 699 2081 753 τὸ

503 814 712 881 θέλημα
761 810 965 864 τούτων
1020 808 1341 879 ἐργάσηται.
1383 803 1475 875 Μὴ
1528 800 1709 855 τοίνυν
1764 792 2081 862 ἀπιστῶμεν

505 902 698 971 Παύλῳ
750 902 981 966 λέγοντι.
1037 901 1118 953 ὅτι
1165 898 1257 951 τὸν
1301 894 1534 967 Χριστὸν
1580 890 1753 954 οὕτως
1806 885 2079 953 ἐφίλησεν.
2142 952 2145 955 Α

504 991 669 1043 Ὅταν
690 989 799 1060 γὰρ
820 989 1084 1060 εὑρεθῶσί
1108 1007 1251 1053 τινες
1275 992 1387 1052 τοῖς
1406 988 1633 1042 πάθεσιν
1652 987 1795 1041 οὕτω
1813 985 2081 1039 δουλεύον-

500 1101 612 1147 τες,
642 1085 757 1146 πῶς
790 1083 1015 1136 ἄπιστον
1045 1084 1217 1135 ἐκεῖνο
1244 1080 1383 1147 δόξει
1410 1075 1549 1133 εἶναι
1585 1078 1804 1145 λοιπόν;
1832 1078 1944 1130 Καὶ
1974 1076 2082 1146 γὰρ

501 1175 589 1228 διὰ
617 1175 776 1229 τοῦτο
823 1179 851 1228 ό
898 1176 1027 1246 περὶ
1073 1174 1165 1227 τὸν
1210 1172 1443 1244 Χριστὸν
1480 1170 1639 1235 πόθος
1674 1170 2077 1240 ἀσθενέστερος,

502 1266 691 1337 ἐπειδὴ
730 1268 877 1320 πᾶσα
900 1268 1032 1337 ἡμῖν
1053 1267 1085 1334 ἡ
1116 1264 1344 1334 δύναμις
1366 1264 1448 1326 είς
1475 1262 1663 1315 τοῦτον
1686 1260 2083 1315 καταναλοῦται

503 1357 593 1410 τὸν
618 1357 815 1426 ἔρωτα,
851 1355 945 1408 καὶ
991 1354 1332 1425 ἀρπάζομεν,
1364 1354 1459 1406 καὶ
1493 1350 1947 1420 πλεονεκτοῦμεν,
1988 1348 2083 1401 καὶ

500 1446 625 1516 δόξῃ
658 1446 977 1515 δουλεύομεν
1006 1446 1137 1515 κενῇ
1156 1462 1169 1475 ο
1199 1439 1267 1515 ἦς
1310 1444 1362 1496 τί
1409 1443 1603 1510 γένοιτ’
1628 1441 1693 1494 ἀν
1722 1439 1839 1513 [65]
1866 1439 2083 1492 εὐτελέ-

502 1551 723 1604 στερονς
755 1535 873 1588 Κᾶν
899 1534 1008 1608 γάρ
1044 1533 1303 1617 μυριάκις
1350 1532 1484 1602 γένῃ
1528 1530 1905 1601 περίϐλεπτος,
1933 1528 2083 1582 οὐδὲν

498 1626 608 1681 τῶν
636 1626 848 1697 ἀτίμων
877 1625 978 1697 Ean
1004 1625 1249 1694 βελτίων,
1274 1622 1408 1677 ἀλλά
1440 1622 1507 1674 δι’
1529 1622 1662 1674 αὐτὸ
1694 1621 1791 1692 μὲν
1816 1617 1908 1674 οῦν
1926 1620 2085 1674 τοῦτο

502 1719 596 1773 καὶ
634 1715 1155 1790 ἀτιμότερος.”οταν
1182 1715 1292 1785 γὰρ
1321 1716 1371 1766 οἱ
1406 1713 1716 1785 βουλόμενοί
1750 1729 1809 1766 σε
1842 1711 2084 1777 δοξάζειν

500 1809 597 1860 καὶ
619 1806 872 1877 λαμπρὸν
894 1804 1300 1868 ἀποδεικνύναι,
1327 1804 1392 1858 δι’
1410 1805 1540 1857 αὐτὸ
1561 1803 1718 1856 τοῦτό
1748 1819 1806 1855 σε
1832 1801 2083 1870 γελῶσιν,

501 1899 585 1951 ὅτι
613 1899 712 1968 τῆς
741 1897 870 1967 παρ’
900 1897 1079 1951 αὐτῶν
1104 1895 1389 1966 ἐπιθυμεῖς
1415 1895 1593 1966 δόξης,
1626 1894 1742 1957 πῶς
1778 1894 1879 1947 οὐκ
1915 1893 1997 1957 εἰς
2025 1892 2087 1946 τὺ

504 1989 746 2043 ἐναντίον
786 1988 1256 2059 περιτραπήσεταί
1284 2004 1367 2041 σοι
1404 1987 1471 2041 τὰ
1510 1986 1610 2057 τῆς
1638 1984 1892 2055 τοιαύτης
1921 2000 2086 2047 σπου-

504 2081 633 2151 isﬁc;

577 2178 629 2226 ι’.
655 2173 765 2224 Kal
783 2172 889 2242 7&9
910 2170 1016 2224 τῶν
1041 2171 1529 2242 κατηγορουμένων
1562 2169 1623 2223 τὸ
1660 2168 1894 2241 πρᾶγμά
1916 2170 2081 2222 ἐστιν.

509 2260 717 2330 Ὥσπερ
762 2259 870 2330 γὰρ
910 2263 1002 2313 τὸν
1044 2258 1413 2328 ἐπιθυμοῦντα
1446 2256 1719 2327 μοιχεύειν
1746 2258 1779 2326 ἢ
1807 2256 2087 2329 πορνεύειν

504 2352 570 2406 ἂν
598 2354 796 2422 ἐπαινῇ
816 2368 900 2414 τις
928 2352 1023 2405 καὶ
1053 2351 1343 2422 κολακεύῃ,
1375 2350 1524 2420 αὐτῷ
1546 2349 1717 2421 τούτῳ
1740 2349 1940 2417 μᾶλλον
1963 2367 2088 2403 κατ-

506 2445 705 2512 ἡγορος
738 2443 949 2510 γίνεται
993 2442 1026 2512 ἢ
1077 2441 1366 2512 ἐπαινέτης
1399 2441 1492 2494 τοῦ
1524 2441 1593 2496 τά
1622 2439 1843 2493 τοιαῦτα
1893 2438 2080 2492 ἐπιθυ.

508 2532 735 2602 μοῦντος
755 2549 770 2562 ·
798 2531 941 2586 οὕτω
974 2533 1067 2585 καὶ
1091 2532 1183 2584 τὸν
1210 2531 1367 2603 δόξης
1398 2529 1768 2601 ἐπιθυμοῦντα
1785 2568 1801 2591 .
1824 2529 1953 2582 ὅταν
1984 2529 2083 2581 ἐπ-

504 2621 744 2693 αινῶμεν
772 2622 1030 2687 ἅπαντες,
1062 2624 1359 2693 κατήγοροι
1396 2622 1594 2692 μᾶλλόν
1619 2623 1786 2691 ἐσμεν
1809 2619 1842 2689 ἢ
1869 2619 2086 2673 ἐπαινέ-

504 2732 592 2767 ται
616 2714 721 2767 τῶν
763 2713 1101 2784 βουλομένων
1134 2713 1474 2778 δοξάζεσθαι.
1510 2713 1575 2765 Τί
1612 2713 1790 2766 τοίνυν
1817 2711 2018 2782 ἐφέλκη
2039 2710 2086 2742 ⁸³

507 2805 566 2856 τὸ
595 2806 848 2875 πρᾶγμα,
882 2806 975 2874 ἀφ’
1004 2799 1065 2859 οὗ
1097 2804 1158 2857 τὸ
1200 2804 1439 2858 ἐναντίον
1484 2820 1567 2855 σοι
1615 2802 1930 2874 συμϐαίνειν
1963 2799 2087 2854 εῐω-

507 2895 635 2963 θεν;
685 2897 747 2948 Εἰ
788 2897 897 2965 γὰρ
943 2894 1260 2961 δοξάζεσθαι
1296 2893 1499 2964 βούλει,
1529 2892 1859 2963 καταφρόνει
1903 2890 2082 2960 δόξης,

510 2986 605 3040 καὶ
643 2986 856 3040 πάντων
883 2985 979 3057 ἐσῃ
1012 2986 1410 3057 λαμπρότερος.
1442 2984 1506 3037 Τί
1536 2975 1765 3053 πάσχεις
1787 2983 1924 3051 ὅπερ
1950 2980 2088 3035 ἔπα-

509 3074 600 3126 θεν
643 3075 671 3126 ό
715 3073 1210 3145 Ναϐουχοδονόσορς
1259 3074 1370 3128 Καὶ
1406 3072 1514 3144 γὰρ
1552 3073 1647 3125 καὶ
1677 3073 1880 3134 ἐκεῖνος
1904 3070 2089 3123 εἰκόνα

507 3164 757 3234 ἔστησεν,
793 3164 899 3218 ἀπὸ
926 3165 1020 3218 τοῦ
1072 3163 1229 3229 ξύλου
1265 3165 1485 3233 καὶτῆς
1514 3161 1839 3233 ἀναισθήτου
1875 3160 2089 3233 μορφῆς

507 3255 825 3326 προσθήκην
864 3253 1099 3324 νομίζων
1128 3252 1308 3323 ἐαυτῷ
1326 3249 1571 3322 πορίζειν
1603 3249 1901 3323 εὐφημίας⁹
1928 3249 2021 3305 καὶ
2057 3249 2088 3301 ό

500 3344 609 3405 ζῶν
654 3346 763 3398 ἀπὸ
793 3343 886 3397 τοῦ
920 3343 995 3414 μὴ
1041 3342 1242 3407 ζῶντος
1290 3341 1666 3414 λαμπρότερος
1701 3338 1859 3411 ἡθελε
1897 3339 2081 3409 φαίνε-

498 3440 642 3486 συαι.
676 3432 828 3499 Εἶδες
860 3435 958 3505 τῆς
993 3434 1189 3504 μανίας
1236 3433 1334 3504 τὴν
1379 3431 1717 3504 ὐπερϐολήν;
1763 3429 1944 3483 Δοκῶν
1971 3431 2081 3503 γὰρ

498 3524 688 3576 ἑαυτὸν
713 3526 902 3594 τιμᾷν,
938 3523 1135 3595 μᾶλλον
1160 3523 1641 3595 ἐξύϐρισεν.”οταν
1680 3523 1791 3594 γὰρ
1820 3524 2079 3592 φαίνηται

495 3612 574 3682 τῷ
607 3613 800 3683 ἀψύχῳ
834 3614 1053 3691 θαρρῶν
1091 3613 1288 3683 μᾶλλον
1329 3614 1363 3684 ἢ
1398 3614 1576 3684 ἐαυτῷ
1606 3613 1700 3667 καὶ
1727 3618 1794 3685 τῇ
1840 3616 1898 3665 ἐν
1932 3613 2081 3684 αὐτῷ

496 3702 647 3775 ζώσῃ
667 3704 835 3774 ψυχῇ,
864 3705 956 3757 καὶ
984 3703 1074 3757 διά
1100 3704 1259 3757 τοῦτο
1288 3704 1351 3757 τὸ
1380 3703 1533 3768 ξύλον
1561 3705 1652 3757 ἐπὶ
1680 3704 1945 3775 τοσαύτην
1972 3705 2080 3775 ἄγῃ

496 3794 808 3864 προεδρίαν,
840 3794 957 3858 πῶς
1008 3795 1109 3847 οὐκ
1149 3793 1214 3847 ἂν
1256 3795 1339 3865 είη
1376 3795 1611 3862 γέλωτος
1642 3794 1809 3861 ἄξιος,
1836 3796 1937 3857 οὐκ
1974 3794 2081 3847 ἀπὸ

492 3886 734 3956 τρόπων,
765 3886 881 3940 ἀλλ’
904 3885 1013 3940 ἀπὸ
1057 3870 1285 3940 σανίδων
1325 3884 1762 3950 καλλωπίζεσθαι
1794 3886 2078 3950 σπεύδων;

496 3976 705 4049 Ὠσπερ
735 3977 801 4031 ἂν
846 3978 901 4031 εἰ
926 3995 1012 4042 τις
1040 3976 1131 4031 διὰ
1161 3973 1221 4030 τὸ
1248 3976 1448 4050 βάθρον
1476 3977 1537 4030 τὸ
1583 3979 1640 4031 ἐν
1687 3979 1753 4048 τῇ
1797 3977 1944 4049 οἰκίᾳ
1987 3979 2082 4031 καὶ

492 4067 581 4123 διά
605 4070 700 4141 τὴν
732 4069 976 4141 κλίμακα
1005 4068 1176 4139 καλὴν
1213 4065 1379 4124 οὖσαν
1422 4068 1565 4134 ἀξιοῖ
1592 4069 1812 4140 μᾶλλον,
1844 4068 1877 4139 ἥ
1910 4068 1998 4122 διὰ
2018 4067 2083 4123 τὸ

492 4160 779 4231 ἄνθρωπος
804 4158 963 4227 εἶναι,
990 4160 1399 4232 ἐναϐρύνεσθαι.
1430 4161 1630 4215 Τοῦτον
1660 4162 1755 4215 καὶ
1802 4163 1885 4229 ἐφ’
1924 4161 2080 4232 ἡμῶν

495 4252 682 4305 πολλοὶ⁵
731 4254 1025 4324 μιμοῦνται
1058 4254 1395 4323 νῦν.Ὠσπερ
1428 4254 1536 4324 γὰρ
1577 4256 1784 4318 ἐκεῖνος
1829 4254 1938 4307 ἀπὸ
1980 4254 2080 4324 τῆς

494 4343 723 4406 εἰκόνος,
759 4343 932 4406 οὕτως
961 4344 1070 4396 ἀπὸ
1100 4344 1330 4413 ἱματίων
1350 4344 1549 4415 ἕτεροι,
1580 4345 1674 4397 καὶ
1700 4343 1760 4408 ἐξ
1787 4343 1964 4407 οἰκίας
1985 4345 2082 4399 ἀλ-

494 4434 599 4498 λοι,
640 4435 735 4487 καὶ
767 4434 825 4500 ἐξ
853 4435 1092 4503 ἡμιόνων
1121 4435 1215 4487 καὶ
1246 4434 1558 4504 ὀχημάτων,
1584 4434 1699 4507 [66]
1723 4434 1813 4488 καὶ
1834 4436 1941 4488 ἀπὸ
1962 4437 2078 4489 κιό-

497 4543 604 4577 νων
632 4525 739 4578 τῶν
764 4526 821 4578 ἐν
840 4526 961 4587 ταῖς
988 4523 1187 4587 οἰκίαις
1217 4521 1423 4587 ἀξιοῦσι
1449 4521 1842 4594 θαυμάζεσθαι.
1863 4524 2078 4595 Ἐπειδὴ

493 4616 605 4688 γὰρ
628 4616 690 4669 τὸ
718 4615 995 4688 ἄνθρωποι
1021 4609 1160 4668 εἶναι
1193 4613 1500 4678 ἀπώλεσαν,
1535 4615 1913 4687 περιέρχονται
1953 4617 2078 4668 συλ-

492 4707 744 4778 λέγοντες
778 4708 993 4770 ἑαυτοῖς
1039 4704 1304 4778 ἑτέρωθεν
1350 4705 1447 4777 τὴν
1480 4705 1674 4759 πολλοῦ
1723 4706 1957 4775 γέλωτος
1988 4708 2080 4776 γέ-

496 4816 704 4869 μουσαν
744 4799 923 4867 δόξαν.
944 4796 1084 4850 Ἀλλ’
1108 4799 1205 4868 οὐχ
1239 4798 1289 4850 οἱ
1333 4799 1569 4865 γενναῖοι
1598 4798 1691 4851 καὶ
1723 4798 1949 4869 μεγάλοι
1985 4799 2076 4853 τοῦ

492 4887 629 4941 Θεοῦ
658 4887 986 4958 θεράποντες
1010 4886 1281 4950 ἐντεῦθεν,
1312 4886 1427 4939 ἀλλ’
1458 4887 1550 4955 ἀφ’
1574 4879 1650 4939 ὧν
1680 4885 1787 4939 ἔδει
1821 4887 2073 4956 μάλιστα,

492 4982 558 5034 ὲκ
596 4980 801 5033 τούτων
829 4981 1091 5050 ελαμπον.
1124 4980 1238 5035 Kal
1268 4979 1442 5050 7&9“
1469 4977 1802 5050 αἰχμάλωτοι
1837 4980 1931 5032 καὶ
1959 4980 2079 5032 δοῦ-

493 5070 574 5122 λοι
603 5066 697 5122 καὶ
724 5067 835 5121 νέοι
863 5068 958 5121 καὶ
987 5067 1124 5132 ξένοι
1162 5069 1257 5121 καὶ
1290 5069 1507 5121 πάντων
1545 5065 1654 5119 τῶν
1693 5066 1902 5121 οῖκοθεν
1927 5066 2077 5129 ὄντες

493 5160 710 5233 ἔρημοι,
734 5156 831 5210 τοῦ
862 5158 1039 5211 πάντα
1070 5158 1535 5229 περιϐεϐλημένον
1558 5156 1731 5211 ταῦτα
1762 5158 2079 5228 σεμνότεροι

493 5249 670 5322 πολλῷ
700 5249 824 5302 τότε
849 5250 1143 5320 ἐφάνησαν.
1179 5249 1290 5303 Kal
1337 5250 1415 5320 τῷ
1458 5249 1559 5321 μέν
1602 5248 2077 5319 Ναϐουχοδονόσορ

497 5347 599 5399 οὐκ
630 5341 796 5397 εἰκὼν
827 5340 1085 5412 τοσαύτη,
1129 5342 1191 5395 οὐ
1241 5343 1538 5413 σατράπαι,
1577 5343 1639 5395 οὐ
1668 5343 1983 5413 στρατηγοὶ,
2014 5341 2075 5393 οὐ

503 5435 840 5508 στρατόπεδα
886 5434 1088 5490 άπειοα
1152 5433 1212 5486 οὐ
1247 5433 1471 5506 χρυσίου
1520 5430 1744 5503 πλῆθος,
1797 5432 1897 5485 οὐκ
1944 5428 2079 5499 άλλη

2187 432 2451 503 φαντασία
2482 432 2618 502 πρὸς
2647 432 2747 502 τὴν
2770 431 3067 503 ἐπιθυμίαν
3096 432 3317 503 ἢρκεσε.
3343 433 3438 487 καὶ
3477 432 3542 487 τὸ
3587 432 3757 498 δεῖξαι

2188 521 2391 592 μέγαν·
2428 521 2639 584 τούτοις
2684 521 2741 575 δέ
2806 520 2999 575 εούτων
3046 521 3261 574 πάντων
3311 523 3758 594 γεγυμνωμένοις

2184 612 2416 683 ἤρκεσεν
2439 614 2473 683 ἠ
2503 612 2787 681 φιλοσοφία
2814 613 2948 683 μόνη
2963 612 3032 675 ⁸⁸,
3062 610 3155 665 καὶ
3181 611 3275 665 τοῦ
3306 612 3367 665 τὸ
3389 612 3631 683 διάδημα
3668 612 3762 665 καὶ

2183 705 2285 775 τὴν
2310 703 2612 775 πορφυρίδα
2646 704 2857 774 ἔχοντος
2884 703 2974 757 καὶ
3012 701 3236 757 τοιαῦτα
3268 702 3759 774 περιϐεϐλημένου,

2182 794 2311 857 τοὺς
2356 794 2508 848 οὐδὲν
2551 794 2754 846 τούτων
2799 793 3171 862 κεκτημένους
3199 793 3616 864 λαμπροτέρους
3656 793 3764 845 ἀπο

2184 886 2349 955 έφηνε
2380 882 2651 946 τοσοῦτον,
2674 885 2796 937 ὅσον
2835 885 2864 937 ό
2897 884 3047 952 ἥλιός
3090 886 3205 937 ἐστι
3244 884 3530 953 μαργάρου
3552 883 3602 914 ⁸⁸
3627 881 3767 952 λαμ-

2184 975 2467 1046 πρότερος.
2498 974 2610 1028 Kal
2638 973 2745 1044 7&9
2775 975 2832 1027 ἐν
2868 973 3018 1044 μέσῳ
3051 973 3150 1043 τῆς
3189 973 3512 1043 οζκουμένης
3544 971 3765 1040 ἀπάσης

2184 1067 2399 1137 ἧγοντο,
2427 1065 2537 1119 νέοι
2564 1082 2623 1118 τε
2650 1065 2801 1127 ὄντες
2829 1065 2924 1118 καὶ
2954 1065 3289 1135 αἰχμάλωτοι
3317 1064 3412 1117 καὶ
3440 1064 3638 1125 δοῦλοι,
3670 1063 3766 1117 καὶ

2184 1157 2459 1225 φανέντων
2490 1154 2693 1217 εὐθέως
2718 1157 2748 1208 ό
2772 1153 3024 1225 βασιλεὺς
3055 1154 3167 1225 πῦρ
3198 1155 3304 1207 ἀπὸ
3329 1154 3437 1206 τῶν
3468 1152 3764 1223 ὀφθαλμῶν

2183 1250 2352 1317 ἠφίει,
2384 1248 2479 1300 καὶ
2512 1247 2806 1319 στρατηγοὶ
2839 1247 2934 1300 καὶ
2966 1245 3201 1318 ὕπαρχοι
3237 1247 3331 1301 καὶ
3366 1246 3640 1318 τοπάρχαι
3668 1246 3767 1299 καὶ

2185 1337 2331 1391 ἀπαν
2351 1336 2444 1389 τοῦ
2472 1336 2717 1390 διαϐόλου
2740 1337 2798 1390 τὺ
2822 1336 3048 1408 θέατρον
3077 1338 3476 1409 περιειστήκει,
3498 1338 3595 1392 καὶ
3611 1335 3765 1407 φωνὴ

2186 1424 2461 1495 συρίγγων
2485 1425 2821 1497 πανταχόθεν
2854 1426 2948 1479 καὶ
2975 1426 3293 1494 σαλπίγγων
3313 1427 3409 1480 καὶ
3429 1426 3612 1497 πάσης
3635 1442 3767 1495 μουο

2184 1513 2341 1583 σικῆς
2375 1511 2631 1581 πρὸς,τδν.
2656 1512 2884 1585 οὐρανὸν
2916 1515 3189 1586 φερομένη
3226 1518 3477 1586 περιήχει
3502 1514 3602 1577 τάς
3623 1513 3768 1568 ἐκεί-
3818 1509 3825 1517 ’

2182 1619 2288 1655 νων
2323 1602 2513 1666 ἀκοάς,
2543 1601 2638 1657 καὶ
2674 1604 2899 1673 κάμινος
2933 1605 3217 1659 ἀνεκαίετο
3265 1606 3401 1677 πρὸς
3432 1604 3565 1676 ὕψος
3614 1605 3768 1659 ἄπει-

2186 1710 2299 1764 ρον,
2323 1693 2416 1747 καὶ
2436 1693 2616 1748 αὐτῶν
2636 1695 2670 1764 ἡ
2694 1695 2825 1763 φλὸξ
2841 1696 3046 1765 ἥπτετο
3061 1695 3167 1750 τῶν
3193 1697 3449 1767 νεφελῶν,
3475 1698 3567 1752 καὶ
3588 1698 3768 1752 πάντα

2186 1784 2352 1854 φόϐου
2396 1786 2489 1837 καὶ
2528 1784 2849 1856 ἐκπλήξεως
2898 1782 2967 1857 ἧν
3019 1784 3319 1857 ἀνάμεστα.
3355 1789 3491 1842 Ἀλλ’
3522 1789 3768 1854 ἐκείνους

2184 1871 2336 1925 οὐδὲν
2364 1871 2569 1925 τούτων
2602 1872 2922 1943 ἐξέπληξεν·
2955 1874 3069 1927 ἀλλ’
3088 1874 3279 1948 ῶσπερ
3312 1877 3517 1931 παίδων
3542 1877 3768 1942 παιζόν-

2184 1980 2293 2017 των
2335 1963 2824 2032 καταγελάσαντες,
2856 1964 2954 2036 τὴν
3002 1966 3250 2037 ἀνδρείαν
3301 1967 3396 2020 καὶ
3439 1967 3540 2038 τὴν
3593 1969 3770 2022 ἐπιεί-

2185 2071 2342 2108 κειαν
2369 2054 2765 2118 ἐπεδείκνυντο,
2798 2056 2891 2109 καὶ
2914 2055 3023 2109 τῶν
3054 2056 3371 2125 σαλπίγγων
3387 2059 3612 2111 ἐκείνων
3626 2059 3763 2131 λαμο

2190 2143 2459 2217 προτέραν
2511 2146 2759 2214 ἀφιέντες
2801 2146 2983 2218 φωνὴν
3030 2148 3213 2216 ελεγον
3235 2167 3248 2180 ·
3290 2150 3578 2204 Γνωστὸν
3608 2150 3767 2205 ἔστω

2187 2236 2608 2301 σοι,βασιλεῦ.
2637 2235 2751 2309 [67]
2773 2238 2909 2292 Οὐδὲ
2942 2238 3051 2311 7&9
3078 2240 3242 2311 μέχρι
3274 2242 3516 2311 ῥήματος
3548 2241 3762 2311 ὑϐρίσαι

2189 2325 2471 2380 ἐϐούλοντο
2499 2327 2591 2381 τὸν
2615 2328 2897 2398 τύραννον,
2929 2318 3065 2383 ἀλλά
3106 2330 3208 2402 τὴν
3253 2332 3535 2385 εὐσέϐειαν
3563 2332 3769 2385 ἐπιδεί-

2187 2415 2383 2484 ξασθαι
2412 2417 2589 2488 μόνον.
2618 2419 2818 2489 Διόπερ
2860 2420 2982 2474 οὐδὲ
3030 2422 3274 2493 μακροὺς
3298 2424 3655 2475 ἀπετείναντο
3680 2422 3772 2475 λό-

2194 2529 2342 2581 γους,
2369 2516 2484 2567 ἀλλ’
2511 2516 2569 2568 ἐν
2592 2515 2779 2585 βραχεῖ
2796 2498 2971 2568 πάνῖτα
2995 2514 3412 2567 ἐπιδείκνυνταιο
3439 2515 3612 2567 Ἐστι
3629 2516 3761 2585 γὰρ,

2194 2604 2348 2673 φησὶ,
2380 2605 2525 2671 Θεὸς
2555 2606 2623 2658 ἐν
2656 2602 2890 2673 οἰφανῷ
2928 2603 3186 2670 δυνατός
3226 2603 3538 2668 ἐξελέσθαι
3578 2602 3762 2672 ἡμᾶς.

2191 2696 2259 2750 Τί
2288 2714 2379 2766 μοι
2404 2697 2464 2750 τὸ
2498 2696 2701 2768 πλῆθος
2720 2694 3012 2761 δεικνύεις;
3044 2695 3096 2749 τί
3126 2712 3215 2766 μοι
3243 2695 3341 2767 τὴν
3365 2695 3627 2765 κάμινον;
3651 2696 3763 2749 τίδ’

2191 2786 2256 2839 τά
2280 2787 2406 2858 ξίφη
2431 2786 2496 2840 τὰ
2521 2788 2865 2858 ἠκονημένας
2891 2787 2943 2840 τί
2963 2789 3089 2850 τοὺς
3111 2786 3375 2856 φοϐεροὺς
3397 2786 3764 2857 δορυφόρουςς

2193 2874 2412 2927 Πάντων
2442 2876 2646 2929 τούτων
2669 2875 2938 2947 ἀνώτερος
2958 2875 3115 2947 ἡμῶν
3141 2876 3171 2928 ό
3185 2875 3460 2947 Δεσπότης
3483 2876 3579 2929 καὶ
3601 2876 3758 2929 δυνα-

2191 2960 2440 3033 τώτερος.
2482 2960 2615 3017 Εἶτα
2649 2967 2996 3037 ἐννοήσαντες
3039 2966 3121 3019 ὅτι
3160 2967 3445 3035 συμϐαίνει
3490 2964 3583 3019 τὸν
3631 2965 3767 3019 Θεόν

2195 3050 2517 3124 βουληθῆναι
2545 3056 2639 3108 καὶ
2667 3057 3015 3127 συγχωρῆσαι
3042 3056 3240 3117 αὐτοὺς
3266 3040 3550 3127 καυθῆναι,
3577 3056 3667 3109 ἵνα
3689 3055 3767 3127 μὴ

2190 3141 2379 3196 τούτου
2396 3132 2699 3214 ’γενομένου
2727 3145 2920 3212 δόξωσι
2958 3145 3130 3215 ψευδῆ
3181 3145 3382 3215 λέγειν,
3410 3145 3768 3217 προστιθέασι

2191 3234 2285 3288 καὶ
2328 3235 2507 3301 τοῦτο,
2538 3235 2809 3305 λέγοντες,
2848 3238 2928 3291 ὅτι
2970 3237 3107 3291 Ἐὰν
3147 3236 3235 3307 μὴ
3281 3237 3458 3291 τοῦτο
3501 3236 3766 3307 γένηται,

2189 3326 2463 3393 γνωστόν
2487 3327 2643 3383 ἔστω
2670 3344 2791 3395 σοι,
2810 3328 2899 3384 ὅτι
2920 3329 3046 3397 τοῖς
3072 3329 3228 3396 θεοῖς
3252 3346 3370 3385 σου
3387 3332 3461 3384 οὐ
3483 3330 3768 3398 λατρεύο-

2186 3434 2320 3487 μεν.

2270 3517 2356 3564 ια’.
2378 3511 2442 3564 Εἰ
2465 3513 2574 3583 γάρ
2602 3507 2773 3579 εἷπον,
2791 3516 2870 3568 ὅτι
2886 3513 2955 3567 δι’
2972 3514 3342 3586 ἁμαρτήματα
3360 3513 3421 3567 οὐ
3438 3513 3646 3583 ῥύεται,
3664 3509 3770 3565 κᾶν

2196 3600 2270 3670 μὴ
2301 3601 2556 3673 ρύσηται,
2582 3605 2962 3676 ἠπιστήθησαν
2984 3606 3069 3662 ἄν.
3101 3606 3201 3661 Διά
3226 3604 3384 3659 τοῦτο
3402 3603 3637 3657 ἐνταῦθα
3668 3603 3768 3674 μὲν

2192 3687 2351 3743 τοῦτο
2385 3691 2576 3759 σιγῶσι
2596 3708 2609 3723 ’
2641 3693 2855 3761 λέγουσι
2885 3696 2940 3749 δὲ
2970 3695 3099 3749 αὐτὸ
3123 3695 3216 3748 ἐπὶ
3245 3696 3342 3765 τῆς
3372 3692 3625 3763 καμίνου.
3653 3693 3769 3747 ἀνω

2193 3780 2287 3832 καὶ
2312 3781 2463 3834 κάτω
2491 3782 2560 3835 τά
2579 3784 2795 3855 ἀμαρτή
2804 3802 2948 3854 ματα
2972 3784 3417 3855 προϐαλλόμενοι.
3435 3782 3557 3835 Ἐπὶ
3585 3780 3645 3833 δέ
3670 3778 3768 3833 τοῦ

2194 3870 2457 3940 βασιλέως
2488 3873 2642 3927 οὐδὲν
2664 3874 2922 3937 τοιοῦτον,
2952 3875 3067 3930 ἀλλ’
3089 3878 3171 3931 ὅτι
3204 3874 3306 3929 κᾶν
3351 3874 3602 3928 καίεσθαι
3635 3872 3768 3944 μέλ·

2191 3958 2346 4025 λωσι,
2388 3962 2490 4031 τὴν
2535 3962 2816 4017 εὐσέϐειαν
2863 3965 2925 4017 οὐ
2972 3962 3359 4037 προδώσουσιν.
3395 3963 3470 4016 Οὐ
3519 3962 3630 4033 γάρ
3679 3959 3767 4014 ἐπ’

2192 4052 2449 4123 ἀμοιϐαῖς
2483 4053 2576 4106 καὶ
2610 4053 2939 4107 ἀντιδόσεσιν
2972 4054 3239 4125 ἔπραττον
3285 4052 3430 4122 άπερ
3477 4049 3767 4121 ἔπραττον,

2193 4145 2309 4200 ἀλλ’
2331 4145 2391 4212 ἐξ
2413 4146 2635 4217 ἀγάπης
2666 4148 2832 4218 μόνης
2852 4163 2865 4175 ⁸
2900 4148 3142 4215 καίτοιγε
3174 4146 3325 4199 zeal"
3347 4147 3406 4198 ἐν
3427 4144 3772 4215 αἰχμαλωσίᾳ

2191 4232 2366 4308 ἦσαν,
2410 4238 2506 4290 καὶ
2552 4238 2609 4290 ἐν
2650 4238 2865 4310 δουλείᾳ
2884 4280 2897 4303 ,
2948 4239 3042 4292 καλ⁵
3086 4238 3298 4303 οὐδενὸς
3342 4237 3772 4301 ἀπολελαυκότες

2193 4327 2454 4401 χρηστοῦ.
2490 4329 2601 4382 Kal
2638 4329 2747 4401 7&9
2784 4331 2875 4382 καὶ
2913 4331 3168 4401 πατρίδος
3202 4330 3296 4383 καὶ
3336 4329 3645 4400 ἐλευθερίας
3678 4327 3773 4383 καὶ

2194 4418 2304 4472 τῶν
2341 4418 2516 4473 ὄντων
2552 4420 2768 4474 πάντων
2824 4420 3101 4487 ἐξέπεσον.
3156 4422 3248 4492 Μὴ
3286 4421 3396 4492 γάρ
3430 4438 3520 4491 μοι
3566 4420 3667 4483 τὰς
3713 4421 3773 4473 ὲν

2197 4513 2320 4575 ταῖς
2353 4509 2657 4580 βασιλικαῖς
2683 4511 2873 4574 αὐλαῖς
2902 4513 3061 4586 εἴπῃς
3079 4513 3261 4582 τιμάς.
3290 4514 3461 4567 Ὅσιοι
3483 4513 3593 4583 γὰρ
3622 4513 3771 4573 ὅντε..

2203 4601 2295 4652 καὶ
2341 4599 2559 4663 δίκαιοι,
2606 4604 2863 4671 μυριάκις
2919 4603 2985 4657 ἂν
3027 4605 3230 4660 εἵλοντο
3278 4612 3593 4678 προσαιτεῖν
3620 4612 3783 4676 οἴκοι,

2202 4690 2296 4743 καὶ
2328 4689 2436 4742 τῶν
2466 4693 2525 4743 ἐν
2553 4691 2631 4761 τῷ
2659 4693 2772 4763 ναῷ
2803 4694 2984 4747 καλῶν
3027 4697 3343 4752 ἀπολαύειν.
3378 4699 3782 4770 Ἐ’ξελεξὰμην

2201 4781 2330 4850 γὰρ,
2359 4782 2512 4851 φησὶ,
2542 4785 3065 4852 πιφαρῤιπτεῒσθαι
3101 4788 3171 4840 ἐυν
3202 4789 3282 4854 τῷ
3313 4791 3459 4855 οἴκῳ
3488 4792 3597 4845 τοῦ
3632 4794 3778 4846 Θεοῦ

2196 4889 2334 4939 μου,
2369 4870 2609 4941 μᾶλλον
2644 4874 2683 4942 ἢ
2715 4875 2902 4930 οἰκεῖν
2923 4895 3001 4947 με
3045 4880 3116 4933 ἐν
3158 4880 3551 4951 σκηνώμασιν
3598 4884 3770 4952 ἁμαρ.

2199 4962 2403 5015 τωλὼν
2426 4981 2439 4993 ·
2475 4965 2589 5029 καὶ,
2628 4968 2921 5033 Κρείττων
2957 4971 3147 5038 ἡμέρα
3172 4973 3280 5041 μία
3304 4974 3374 5027 ἐν
3400 4974 3527 5040 ταῖς
3561 4978 3776 5045 αὐλαῖς

2194 5067 2310 5103 σου
2343 5050 2496 5119 ὑπὲρ
2536 5053 2833 5120 χιλιάδας.
2863 5057 3140 5128 Μυριάκις
3166 5056 3258 5113 οὖν
3281 5061 3347 5114 ἂν
3374 5062 3579 5117 εἵλοντο
3604 5066 3776 5137 ἀπερσ

2194 5140 2381 5209 ρίφθαι
2413 5143 2571 5203 οίκοι,
2606 5143 2968 5214 ἢβασιλεύειν
3022 5152 3081 5203 ἐν
3133 5150 3429 5207 Βαϐυλῶνι.
3480 5155 3588 5208 Kal
3618 5154 3776 5210 τοῦτο

2191 5232 2349 5301 δῆλον
2376 5233 2435 5300 ἐξ
2466 5230 2541 5288 ὧν
2587 5237 2682 5289 καὶ
2726 5240 2784 5290 ἐν
2826 5241 2893 5310 τῇ
2932 5239 3147 5311 καμίνῳ
3176 5241 3415 5311 δηλοῦσι,
3448 5242 3771 5318 βαρούμενοι

2193 5324 2289 5393 τὴν
2316 5324 2433 5395 [681
2463 5326 2654 5379 αὐτόθι
2689 5329 2994 5403 διατριϐήν.
3031 5334 3095 5385 Εί
3121 5333 3230 5404 γάρ
3256 5335 3351 5387 καὶ
3379 5336 3533 5390 αὐτοὶ
3573 5340 3771 5410 πολλῆς

2191 5413 2463 5470 ἀπέλαυον
2494 5417 2681 5488 τιμῆς,
2718 5419 2819 5484 τὰς
2850 5420 2959 5475 τῶν
3002 5423 3179 5478 ἄλλων
3213 5426 3447 5496 ὁρῶντες
3486 5433 3771 5502 συμφορὰς

578 5793 620 5822 ⁵³
659 5790 915 5861 ἁλόντωνι
943 5792 1033 5845 Sic
1064 5793 1123 5845 Ῐ).
1161 5791 1217 5846 F.
1257 5792 1385 5848 δην.
1422 5792 1657 5847 ἁλόντων
1681 5796 1858 5848 αὐτῶν
1892 5796 1953 5845 Λ.
1989 5795 2082 5846 αὐτ

2207 5791 2266 5845 Β.
2299 5793 2461 5845 αὐτόν
2492 5793 2531 5848 C
2587 5793 2648 5848 Ε.
2685 5792 2819 5848 Mur.
2848 5793 2977 5847 Ben.
3059 5790 3106 5823 “
3135 5789 3225 5846 Sic
3257 5791 3316 5845 ἰ).
3353 5791 3412 5845 F.
3440 5790 3679 5861 ἐφέλκῃς
3699 5788 3763 5847 Ε.

508 5854 641 5935 field.
678 5854 967 5935 ἐφέλκεὲις,
1048 5864 1093 5895 ⁸⁵
1127 5866 1222 5918 καὶ
1256 5864 1388 5935 γάρ]
1421 5862 1515 5935 καὶ
1537 5865 1643 5931 γὰρ
1680 5867 1770 5919 καί
1804 5867 1861 5918 Ι).
1901 5862 1959 5919 Ι·’.

506 5928 659 5985 Arm.
742 5930 783 5961 π
815 5930 889 6002 τί]
918 5934 968 5983 τί
1013 5951 1099 6003 μοι
1128 5938 1188 5988 (ἰ.
1229 5928 1286 5989 ἰδ’.
1324 5928 1386 5988 Ιθξ
1466 5934 1509 5963 ³η
1538 5928 1628 5986 καί
1658 5953 1764 5989 om.
1799 5936 1931 5991 Edd.

2062 5863 2106 5894 “
2142 5863 2300 5935 μόνη]
2320 5864 2479 5930 μόνον
2516 5863 2650 5920 Edd.

2752 5863 2795 5895 ιε
2833 5861 3144 5936 μαργάρον]
3178 5863 3441 5938 βορϐόρου
3469 5849 3527 5915 ὑ.
3565 5849 3761 5915 ΡΪᾹη.
