4066 6428
328 382 387 440 51
1503 375 1565 430 IN
1606 374 1902 429 ΜᾹΤἸῚΙᾸΞ

2076 375 2304 431 "Ulli.
2351 377 2436 431 IV.
3540 374 3608 427 Ti!

397 484 483 539 10.
524 480 759 537 Gloriam
799 480 1118 548 consequitur
1155 482 1240 550 qui
1281 479 1495 551 gloriam
1525 483 1814 534 contemnit.
1844 508 1914 521 --

326 571 781 643 Quemadmodum
800 573 940 626 enim
959 569 1310 627 adulteriovel
1328 569 1908 624 fomicationideditum

325 664 371 719 si
399 663 519 733 quis
543 662 874 727 laudaverit,
911 660 996 716 vel
1024 660 1123 733 ipsi
1169 659 1418 715 adulatus
1462 659 1641 727 fuerit,
1686 675 1752 715 eo
1795 660 1913 729 ipso

326 755 502 824 potius
549 762 872 818 accusator,
918 767 1077 823 quam
1123 751 1366 807 laudator
1409 752 1552 806 illius
1580 761 1664 808 est
1692 769 1705 806 :
1733 753 1812 807 sic
1851 761 1907 807 et

324 860 474 900 vana
499 845 684 915 gloriae
709 844 983 914 cupidum,
1011 859 1132 899 cum
1156 844 1433 899 laudamus
1459 858 1667 911 omnes,
1696 859 1913 899 accusa-

324 950 470 992 tores
510 938 688 1007 potius
728 937 845 1006 ejus
872 951 1032 1007 quam
1068 936 1370 992 laudatores
1412 951 1616 992 sumus.
1647 938 1754 992 Cur
1782 953 1911 1007 ergo

323 1045 438 1085 rem
466 1032 680 1086 venaris
706 1070 722 1095 ,
764 1029 916 1098 cujus
957 1029 1283 1084 contrarium
1325 1028 1419 1083 tibi
1446 1029 1584 1083 solet
1611 1028 1859 1084 accidere
1883 1028 1909 1081 ?

323 1122 457 1178 Nam
489 1121 533 1177 si
560 1122 786 1192 gloriam
814 1120 1072 1191 consequi
1100 1121 1184 1176 vis
1205 1161 1221 1188 ,
1253 1121 1476 1191 gloriam
1501 1129 1785 1175 contemne
1806 1163 1819 1186 ,
1857 1131 1910 1175 et

322 1215 566 1269 omnium
618 1213 1033 1284 gloriosissimus
1083 1212 1215 1267 eris.
1270 1211 1381 1267 Cur
1433 1211 1488 1266 id
1531 1213 1732 1282 pateris
1771 1212 1909 1283 quod

324 1322 518 1380 pas-sus
565 1317 649 1363 est
696 1306 1227 1361 Nabuchodonosor?
1280 1305 1411 1360 Nam
1458 1316 1510 1361 et
1558 1307 1644 1360 ille
1687 1314 1914 1359 Statuam

324 1397 518 1465 erexit,
537 1414 603 1453 ex
624 1399 765 1467 ligno
783 1397 856 1468 (α)
873 1406 927 1452 ct
945 1412 1010 1452 ex
1031 1396 1323 1462 insensibili
1342 1396 1508 1451 forma
1528 1405 1719 1468 putans
1736 1410 1794 1450 se
1815 1394 1915 1449 sibi

324 1490 525 1545 famam
551 1490 960 1545 conciliaturum
987 1504 1108 1545 esse
1127 1530 1143 1555 ,
1176 1500 1229 1545 et
1253 1490 1341 1559 qui
1371 1490 1519 1543 vivus
1547 1498 1664 1542 erat
1703 1503 1766 1542 ex
1811 1502 1914 1541 non

325 1584 539 1637 vivente
567 1582 823 1635 illustrior
844 1595 1103 1649 apparere
1127 1579 1396 1649 cupiebat.
1435 1577 1619 1633 Viden'
1642 1578 1909 1648 ingentem
1952 1602 1962 1609 ~

316 1674 627 1730 insaniam?
659 1674 791 1729 Dum
821 1674 921 1728 sibi
953 1683 1100 1744 putat
1127 1674 1384 1730 honorem
1418 1677 1741 1745 conciliare,
1772 1692 1905 1732 con-

319 1765 599 1821 tumeliam
640 1765 825 1835 potius
845 1766 946 1821 sibi
978 1767 1136 1836 parit.
1170 1767 1298 1820 Dum
1326 1769 1466 1822 enim
1502 1767 1711 1824 videtur
1735 1769 1908 1823 inani-

320 1865 483 1911 matae
513 1855 590 1910 rei
617 1856 789 1925 magis
811 1855 995 1923 ﬁdere,
1018 1872 1176 1926 quam
1207 1858 1309 1912 sibi
1336 1858 1432 1928 ipsi
1456 1898 1473 1924 ,
1500 1867 1556 1914 et
1577 1860 1769 1913 animm
1799 1873 1910 1914 suae

319 1948 544 2015 viventi,
572 1957 731 2018 atque
756 1946 875 2002 ideo
906 1948 1105 2019 lignum
1138 1950 1189 2004 in
1224 1958 1425 2004 tantum
1458 1950 1677 2005 honoris
1698 1952 1907 2005 culmen

324 2038 592 2108 provehit,
624 2038 893 2109 quomodo
925 2053 1029 2092 non
1061 2039 1218 2093 fuerit
1246 2040 1355 2095 risu
1386 2040 1576 2110 digth
1597 2082 1611 2104 ,
1645 2040 1769 2095 dum
1801 2057 1905 2095 non

322 2144 357 2184 a
385 2129 645 2195 moribus,
672 2129 766 2184 sed
794 2129 861 2185 ab
882 2130 1151 2185 asseribus
1178 2131 1357 2185 ornari
1402 2132 1611 2214 studet?
1640 2133 1902 2199 Quemad-

322 2219 547 2275 modum
574 2220 619 2274 si
645 2220 765 2290 quis
794 2236 858 2276 ex
891 2221 1196 2290 pavimento
1223 2222 1415 2278 domus
1444 2232 1535 2277 aut
1564 2239 1627 2278 ex
1673 2223 1927 2294 pulchri-_

318 2309 513 2364 tudine
557 2309 713 2364 scala:
760 2311 957 2378 suspici
997 2312 1168 2378 malit,
1204 2328 1362 2382 quam
1391 2329 1455 2368 ex
1486 2329 1552 2369 eo
1582 2315 1723 2384 quod
1749 2316 1909 2370 homo

317 2400 392 2453 sit
421 2417 434 2453 :
468 2399 771 2469 hujttsmodi
801 2400 974 2455 virum
1015 2402 1164 2455 multi
1208 2417 1349 2456 nunc
1380 2405 1672 2458 imitantur.
1704 2403 1902 2472 Quem-

315 2489 605 2543 admodum
644 2493 784 2545 enim
814 2491 899 2545 ille
925 2491 992 2545 ab
1018 2492 1278 2563 imagine,
1311 2495 1389 2548 sie
1432 2495 1518 2549 alii
1564 2510 1594 2549 a
1631 2496 1902 2562 vestibus,

316 2579 409 2634 alii
435 2579 504 2633 ab
545 2580 778 2648 aedibus,
828 2597 857 2634 a
906 2582 1094 2647 mulis,
1142 2597 1173 2637 a
1218 2586 1527 2652 carpentis,
1574 2600 1605 2638 a
1645 2585 1908 2639 columnis

316 2686 440 2741 qua:
464 2679 585 2725 sunt
609 2672 659 2725 in
687 2672 953 2739 domibus,
985 2672 1036 2728 in
1069 2674 1423 2729 admiratione
1452 2674 1639 2730 haberi
1666 2677 1903 2745 cupiunt.

318 2761 454 2817 Nam
476 2777 595 2816 cum
625 2762 751 2817 illttd
776 2804 791 2828 ,
824 2765 962 2834 quod
991 2763 1235 2820 homines
1262 2766 1366 2819 sint
1392 2807 1408 2831 ,
1449 2767 1726 2821 amiserint
1750 2810 1764 2833 ,
1798 2770 1903 2821 cir-

315 2862 605 2919 cumeunt,
640 2862 697 2909 ut
738 2854 837 2910 sibi
864 2855 1078 2911 aliunde
1108 2856 1330 2925 gloriam
1358 2856 1525 2913 multo
1556 2858 1663 2912 risu
1689 2858 1901 2927 dignam

316 2944 626 2998 concilient.
666 2943 862 2999 Verum
908 2946 1155 3015 generosi
1188 2945 1263 2999 illi
1293 2954 1349 3001 et
1377 2948 1555 3016 magni
1596 2947 1688 3002 Dei
1718 2948 1900 3002 famuli

314 3051 425 3090 non
452 3036 607 3099 inde,
639 3036 734 3091 sed
765 3053 828 3092 ex
876 3038 1071 3108 quibus
1106 3053 1203 3109 par
1243 3045 1393 3105 erat,
1438 3038 1775 3095 effulserunt.
1812 3042 1902 3095 Et-

314 3126 463 3181 enim
492 3136 545 3180 et
572 3128 786 3197 captivi,
819 3136 873 3183 et
896 3128 1062 3192 servi,
1093 3138 1148 3182 et
1168 3128 1393 3197 juvenes
1413 3172 1428 3196 ,
1453 3139 1507 3185 et
1537 3132 1821 3201 peregrini,
1849 3145 1904 3188 et

312 3216 481 3273 rebus
506 3219 752 3273 omnibus
781 3219 1095 3274 domesticis
1124 3221 1293 3284 vacui,
1323 3221 1493 3275 multo
1520 3222 1780 3277 clariores
1805 3224 1899 3277 visi

314 3318 481 3375 sunt,
525 3325 681 3379 quam
730 3310 763 3364 ii
810 3310 899 3380 qui
942 3310 1046 3365 illis
1089 3311 1338 3366 onmibus
1377 3312 1689 3367 circumdati
1726 3323 1880 3368 erant

310 3398 474 3453 Certe
499 3399 1001 3456 Nabuchodonosori
1028 3417 1128 3458 nec
1155 3412 1299 3457 tanta
1326 3402 1411 3458 illa
1438 3413 1610 3459 statua
1633 3445 1649 3470 ,
1678 3417 1777 3459 nec
1805 3418 1902 3456 sa-

314 3502 485 3560 trapae
505 3532 518 3556 ,
576 3507 672 3547 nec
720 3492 917 3559 duces,
950 3508 1046 3547 nec
1078 3494 1321 3548 immensi
1342 3496 1630 3559 exercitus,
1664 3509 1762 3549 nec
1788 3493 1900 3547 auri

311 3586 399 3637 vis
418 3625 431 3637 .
459 3600 559 3638 nec
584 3585 782 3654 quaevis
809 3586 910 3639 alia
938 3600 1128 3656 pempa
1150 3628 1164 3651 ,
1199 3585 1492 3641 secundum
1519 3587 1903 3656 concupiscen-

315 3675 444 3728 tiam
473 3674 589 3742 ejus
620 3675 769 3729 fucre
799 3675 950 3739 satis,
984 3686 1041 3729 ut
1069 3691 1292 3745 magnus
1322 3688 1637 3746 appareret;
1668 3678 1752 3732 his
1772 3693 1900 3731 vero

309 3765 403 3832 qui
428 3764 531 3818 illis
551 3765 1059 3843 omnibns‘destituli
1081 3775 1255 3827 erant.
1279 3768 1391 3822 sola
1410 3767 1743 3838 philosophia
1772 3769 1900 3822 satis

310 3857 410 3911 fuit
441 3875 453 3911 :
484 3873 601 3926 qua:
627 3857 717 3913 illo
744 3859 831 3927 qui
870 3858 1173 3914 diademate
1199 3868 1254 3915 et
1283 3874 1513 3929 purpura
1554 3869 1774 3915 ornatus
1798 3901 1815 3926 ,
1846 3872 1902 3916 et

309 3956 394 4002 tot
418 3947 537 4003 aliis
562 3949 951 4021 circumseptus
980 3960 1095 4006 erat
1115 3992 1131 4016 ,
1177 3967 1271 4006 eos
1310 3953 1399 4022 qui
1429 3952 1561 4007 nihil
1592 3968 1778 4008 eortun
1802 3953 1900 4009 ita-

309 4038 533 4104 bebant,
568 4047 716 4094 tanto
758 4041 1150 4110 Splendidiores
1188 4042 1448 4109 faciebat,
1474 4054 1676 4113 quanto
1705 4044 1786 4099 sol
1821 4055 1903 4099 est

309 4129 622 4193 margarita‘
655 4129 1002 4199 splendidior.
1032 4131 1244 4187 Etenim
1273 4133 1323 4186 in
1361 4133 1592 4189 medium
1619 4135 1764 4189 orbis
1786 4135 1903 4189 uui-

305 4218 452 4275 versi
487 4217 889 4274 adducebantur
909 4219 1134 4289 juvenes
1157 4261 1173 4286 ,
1204 4221 1402 4290 captivi
1426 4262 1443 4285 ,
1487 4224 1675 4291 servi,
1724 4224 1895 4293 iisque

305 4309 550 4363 adductis
592 4309 772 4364 Statim
803 4324 900 4365 rex
939 4310 1115 4381 ignem
1158 4311 1227 4366 ab
1264 4312 1433 4367 oculis
1459 4314 1770 4380 emittebat,
1800 4314 1892 4370 ad-

304 4402 573 4457 stantibus
599 4403 846 4470 ducibus,
879 4403 1170 4474 toparehis,
1197 4405 1525 4475 principibus
1552 4423 1615 4462 ac
1638 4416 1750 4463 toto
1771 4408 1892 4463 dia-

307 4489 414 4544 boli
442 4492 673 4556 theatro,
701 4491 828 4546 dum
859 4508 962 4547 vox
992 4493 1287 4549 ﬁstularum
1324 4510 1388 4550 ac
1420 4496 1666 4552 tubarum
1692 4499 1894 4553 omnis-

302 4598 411 4651 que
453 4584 642 4639 musici
685 4584 1023 4639 instrumenti
1052 4585 1118 4639 ad
1149 4587 1339 4641 cadum
1376 4601 1543 4657 usque
1568 4589 1888 4655 ascendens,

304 4675 519 4730 illorum
545 4675 764 4732 auribus
788 4684 1120 4745 personaret.
1152 4676 1363 4731 Fornax
1390 4680 1813 4734 succcndehatur
1838 4689 1892 4736 et

302 4767 520 4823 ﬂamma
548 4768 614 4822 ad
662 4766 976 4822 immensam
1023 4767 1356 4823 altitudinem
1397 4785 1569 4838 usque
1612 4770 1677 4825 ad
1722 4771 1891 4826 nubes

302 4857 670 4924 ascendebat,
725 4857 906 4911 omnia
956 4866 1099 4912 metu
1147 4865 1456 4929 terroreque
1513 4861 1665 4930 plena
1715 4872 1887 4917 erant.

304 4951 503 5006 Verum
546 4949 666 5004 illos
696 4949 912 5019 quidem
942 4948 1072 5003 nihil
1100 4949 1289 5005 horum
1329 4954 1623 5018 exterruit;
1666 4953 1760 5008 sed
1790 4953 1888 5006 atl-

300 5051 507 5099 stantes
530 5042 682 5112 quasi
704 5039 949 5095 ludentes
973 5054 1167 5110 pueros
1195 5040 1519 5108 deriserunt,
1553 5058 1615 5097 ac
1640 5043 1886 5097 virtutem

303 5132 877 5202 mansuetudinemque
901 5145 1049 5187 suam
1082 5131 1454 5199 ostenderunt,
1487 5132 1725 5204 ipsisque
1747 5133 1887 5188 tubis

373 5423 448 5484 (α)
480 5417 951 5484 Hicfmemorialabi
989 5416 1180 5484 videtur
1218 5396 1613 5484 ChrySnstomns;
1646 5432 1760 5484 cuiu
1787 5419 1899 5484 dicit

307 5478 517 5534 statuam
550 5480 678 5542 illam
711 5492 739 5528 a
764 5479 1229 5542 Nabuchodonosore
1269 5478 1441 5542 factam
1476 5493 1541 5529 ea:
1574 5480 1703 5542 ligno
1738 5480 1902 5529 fuisse.

307 5552 422 5595 nam
446 5555 593 5592 aurea
619 5540 707 5603 illa
726 5542 775 5589 in
796 5539 1161 5603 exemplaribus
1176 5541 1402 5592 omnibus
1423 5539 1688 5601 Hebraicis,
1704 5542 1898 5599 Griecis,

309 5605 491 5656 Latinis
512 5603 661 5653 fuisse
681 5602 874 5651 dicitur.

331 5729 343 5739 ο
368 5666 725 5778 IAMaItttscripti
750 5678 845 5715 non
869 5667 1003 5728 pauci
1026 5664 1217 5728 legunt,
1252 5663 1367 5727 luto,
1391 5679 1496 5729 pro,
1521 5664 1804 5729 margarita.
1840 5672 1890 5719 Et

300 5741 376 5779 ac
442 5740 631 5777 manus.

2037 485 2316 540 clariorem
2344 484 2650 539 emittenlcs
2676 500 2859 541 vocem
2892 486 3136 542 dicebant
3162 507 3175 543 :
3205 487 3396 543 Notum
3424 493 3486 544 sit
3504 495 3610 558 tibi,

2035 590 2125 629 rex
2155 571 2328 647 (Dan.
2362 575 2414 630 5.
2449 574 2515 629 l8
2535 574 2576 644 ).
2620 573 2801 644 Neque
2829 579 2970 631 enim
3001 580 3177 633 verbis
3208 589 3486 651 tyrannum
3517 582 3612 636 de-

2037 665 2323 722 honestare
2354 666 2620 733 volebant,
2653 667 2746 723 sed
2775 678 2977 723 tantum
3010 672 3257 739 pietatem
3289 687 3438 727 suam
3465 675 3614 727 exhi-

2031 757 2178 815 bere.
2211 758 2545 830 Quapropter
2582 774 2687 813 non
2730 759 2901 831 longis
2945 763 3283 817 sermonibus
3324 775 3447 819 sunt
3493 766 3570 818 usi
3596 808 3610 830 ,

2034 851 2128 904 sed
2161 850 2345 920 paucis
2370 858 2560 903 cuncta
2589 849 2927 905 declararunt
2958 871 2971 905 :
3002 850 3129 919 Est,
3163 854 3438 923 inquiunt,
3470 854 3611 909 Deus

2030 941 2083 994 in
2112 939 2256 1007 caelo,
2287 940 2373 1010 qui
2399 949 2556 1009 potest
2585 956 2674 994 nos
2698 956 2870 994 eruere
2889 940 3053 1008 (Ibid.
3076 958 3123 995 υ.
3154 944 3265 1014 l7).
3296 945 3431 1011 Quid
3463 947 3615 999 nobis

2032 1038 2230 1084 tantam
2270 1030 2661 1085 multitudinem
2691 1030 2962 1085 ostendis?
2987 1032 3110 1102 quid
3140 1032 3450 1089 fornacem?
3484 1036 3611 1105 quid

2031 1121 2235 1191 gladios
2269 1131 2490 1187 acutos,
2541 1120 2668 1190 quid
2700 1121 2966 1177 terribiles
3010 1122 3132 1179 illos
3182 1125 3478 1180 satellites?
3522 1125 3614 1181 His

2024 1211 2272 1266 omnibus
2303 1211 2549 1281 superior
2574 1225 2629 1267 et
2667 1214 2936 1283 potentior
2975 1224 3057 1269 est
3099 1216 3374 1271 Dominus.
3411 1217 3612 1271 Deinde

2024 1302 2316 1370 cegitantes
2344 1304 2660 1373 contingere
2700 1319 2858 1374 posse
2893 1304 3059 1360 Deum
3093 1307 3164 1361 ita
3191 1307 3327 1362 velle
3350 1349 3363 1372 ,
3399 1322 3460 1362 ac
3495 1323 3612 1377 per-

2024 1391 2238 1446 mittere
2288 1401 2355 1451 ut_
2394 1393 2494 1462 ipsi
2538 1394 3030 1460 comburerentur;
3076 1412 3144 1450 ne
3193 1396 3288 1450 illo
3335 1397 3614 1452 accidente

2024 1480 2334 1535 viderentur
2362 1483 2635 1537 mendacia
2669 1485 2872 1554 loquuti
2898 1500 3039 1553 esse,
3064 1486 3165 1541 hoc
3186 1488 3346 1542 etiam
3374 1488 3609 1543 addunt:

2027 1570 2177 1635 Quod
2205 1573 2249 1627 si
2269 1574 2364 1626 hoc
2391 1590 2489 1627 non
2516 1575 2606 1642 ﬁat
2629 1616 2643 1640 ,
2674 1585 2848 1629 uotum
2877 1577 2940 1631 sit
2979 1577 3068 1631 tibi
3104 1594 3195 1633 uos
3229 1578 3349 1632 deos
3375 1590 3486 1634 tuas
3513 1596 3613 1633 non

2024 1665 2187 1717 colere
2208 1664 2349 1731 (Dan
2388 1667 2439 1721 '5.
2476 1667 2583 1738 l8).

2096 1756 2183 1810 Η.
2224 1756 2276 1811 Si
2308 1758 2450 1812 enim
2477 1758 2760 1822 dixissent,
2788 1759 2930 1815 Deus
2956 1760 3025 1816 ob
3057 1769 3273 1831 peccztta
3305 1778 3407 1817 non
3449 1774 3607 1818 eruet

2024 1860 2142 1912 nos,
2172 1847 2312 1915 quod
2342 1849 2386 1900 si
2418 1865 2520 1901 non
2550 1850 2761 1917 eripiat,
2793 1850 2925 1905 ﬁdes
2956 1852 3085 1921 ipsis
3115 1869 3218 1906 non
3263 1852 3440 1909 habita
3486 1854 3614 1908 fuis-

2023 1948 2124 1991 set.
2159 1937 2282 1991 ldco
2311 1937 2397 1992 hic
2420 1938 2546 1992 illud
2582 1950 2785 2004 tacent;
2819 1941 2870 1995 id
2902 1957 3031 1997 vero
3049 1943 3236 1997 dicunt
3280 1944 3331 1997 in
3371 1943 3608 2008 fornace,

2022 2026 2452 2097 frequentissime
2481 2040 2696 2099 peccata
2727 2042 3233 2088 commemorantes.
3264 2032 3457 2089 Coram
3491 2048 3615 2103 rege

2021 2129 2197 2174 autem
2228 2120 2359 2175 nihil
2389 2122 2689 2191 hujusmodi
2712 2138 2727 2189 ;
2750 2124 2843 2178 sed
2875 2126 3085 2180 etiamsi
3109 2127 3461 2181 comburendi
3484 2129 3611 2189 sint,

2020 2212 2160 2283 pipm
2190 2213 2497 2282 religionem
2523 2229 2583 2268 se
2609 2229 2715 2270 non
2745 2216 3050 2285 prodituros
3090 2231 3211 2273 esse
3249 2217 3452 2274 dicunt.
3497 2218 3613 2273 Non

2020 2303 2160 2357 enim
2191 2318 2288 2371 pro
2318 2304 2671 2360 retributione
2701 2312 2861 2374 atque
2892 2306 3141 2362 mercede
3166 2307 3217 2361 id
3246 2308 3494 2378 agebant,
3518 2310 3613 2364 sed

2018 2407 2085 2447 ex
2110 2394 2222 2447 sola
2252 2396 2474 2449 caritate
2504 2412 2517 2448 :
2548 2396 2755 2451 etiamsi
2786 2396 2839 2450 in
2867 2398 3175 2467 captivitate
3199 2400 3326 2455 etin
3353 2400 3613 2455 servitute

2010 2493 2218 2548 essent,
2240 2484 2386 2539 nullo
2413 2485 2647 2541 fruentes
2676 2488 2838 2541 bono.
2862 2487 2995 2544 Nam
3022 2489 3262 2559 etpatria
3283 2500 3338 2545 et
3368 2490 3614 2546 libertate

2021 2582 2075 2627 et
2100 2573 2349 2628 omnibus
2371 2575 2525 2629 bonis
2564 2576 2893 2631 exciderant.
2939 2577 3018 2633 Ne
3044 2578 3176 2632 milii
3218 2581 3361 2634 enim
3409 2580 3530 2634 illos
3558 2583 3611 2635 in

2025 2666 2186 2734 regali
2214 2666 2333 2720 aula
2364 2682 2758 2723 commemores
2798 2668 3052 2724 honores.
3082 2669 3216 2725 Cum
3255 2672 3398 2725 enim
3442 2673 3613 2726 sancti

2018 2766 2073 2812 et
2089 2757 2214 2827 justi
2238 2770 2437 2824 essent,
2462 2761 2761 2815 sexcenties
2776 2761 2920 2815 domi
2950 2763 3142 2832 stipem
3170 2778 3363 2833 cogere
3391 2765 3612 2819 maluis-

2019 2857 2163 2913 sent,
2195 2857 2248 2901 et
2285 2850 2463 2919 templi
2492 2852 2647 2906 bonis
2678 2851 2780 2907 frui
2806 2870 2819 2906 ε
2854 2852 3000 2923 Elegi
3028 2854 3172 2908 enim
3193 2896 3208 2921 ,
3242 2856 3611 2931 inqtiit,_abjc-

2019 2959 2126 3002 ctus
2150 2964 2256 3001 esse
2274 2965 2324 3001 m
2356 2948 2505 3000 demo
2532 2946 2629 2999 Dei
2666 2947 2761 2998 mei
2780 2985 2794 3009 ,
2826 2947 2986 3014 magis
3015 2961 3165 3012 quam
3192 2945 3419 2997 habitare
3449 2948 3502 2997 in
3530 2952 3609 2994 la-

2018 3042 2299 3093 bernacut‘is
2326 3047 2643 3109 peccatorum
2671 3036 2689 3106 (
2717 3036 2863 3091 Psal.
2890 3038 2978 3091 8'5.
3015 3037 3074 3090 ll
3111 3037 3161 3105 );
3192 3046 3239 3089 et
3264 3077 3278 3101 ,
3316 3034 3497 3088 Melior
3535 3044 3610 3088 est

2018 3134 2124 3187 dies
2154 3149 2256 3185 una
2277 3132 2327 3185 in
2354 3132 2496 3185 atriis
2523 3132 2619 3183 luis
2648 3145 2797 3199 super
2820 3128 2981 3182 millia
3001 3126 3205 3200 (1ῡὶ(1.).
3235 3128 3411 3193 Longe
3432 3126 3608 3197 potius

2019 3238 2147 3292 ergo
2174 3222 2486 3277 maluissent
2507 3219 2698 3290 ahjecti
2728 3234 2848 3274 esse
2868 3218 3032 3282 domi,
3064 3234 3222 3289 quam
3253 3218 3303 3272 in
3334 3217 3607 3289 Babylone

2021 3331 2264 3384 regnare.
2294 3312 2350 3367 ld
2375 3312 2513 3383 quod
2538 3311 2713 3381 palam
2746 3321 2830 3365 est
2849 3326 2912 3365 ex
2943 3311 3007 3363 iis
3031 3324 3150 3378 quas
3178 3310 3229 3362 in
3268 3307 3485 3362 fornace
3510 3308 3610 3361 de-

2016 3409 2240 3469 clarant,
2272 3422 2413 3477 :rgre
2437 3421 2496 3459 se
2517 3403 2656 3459 ferre
2684 3418 2877 3472 nempe
2913 3388 3296 3455 habitationem
3329 3401 3611 3472 Babyloni-

2015 3513 2157 3551 cam.
2185 3497 2297 3551 Etsi
2325 3497 2466 3552 enim
2494 3495 2603 3550 illic
2633 3493 2799 3548 multo
2830 3493 3132 3547 fruerentur
3158 3491 3384 3554 honore,
3418 3507 3611 3560 magno

2020 3588 2149 3660 ipsis
2176 3588 2350 3644 dolori
2377 3595 2528 3642 erant
2555 3594 2896 3650 cteterorum,
2924 3598 3058 3654 quas
3084 3584 3182 3653 ipsi
3217 3582 3486 3645 videbant,
3516 3598 3609 3635 ca-

2018 3679 2321 3734 lamitates:
2353 3678 2494 3749 quod
2533 3677 2732 3732 sanctis
2762 3676 2998 3731 maxime
3038 3675 3313 3745 propriuut
3356 3683 3457 3740 est,
3502 3692 3608 3728 non

2016 3769 2259 3839 gloriam,
2295 3785 2400 3823 non
2420 3769 2703 3833 honorem,
2723 3782 2831 3821 non
2857 3766 3002 3822 aliud
3031 3766 3319 3837 quidquam
3339 3766 3611 3836 proximo-

2018 3875 2137 3916 rum
2167 3861 2323 3915 saluti
2371 3868 2721 3927 anteponere.
2751 3856 2885 3910 Vide
2930 3857 3090 3927 igitur
3117 3855 3385 3926 quomodo
3422 3855 3473 3908 in
3503 3854 3614 3910 for-

2021 3965 2154 4007 nace
2196 3964 2295 4022 pro
2339 3952 2484 4004 omni
2522 3950 2719 4019 populo
2752 3948 3133 4017 supplicarent.
3167 3946 3274 4001 Nos
3321 3957 3498 4000 autem
3542 3964 3612 4000 ne

2016 4041 2228 4111 quidem
2255 4056 2378 4095 cum
2399 4038 2683 4108 tranquille
2712 4038 2942 4107 agimus,
2970 4035 3193 4089 fratrum
3223 4036 3607 4089 recordamur:

2016 4143 2213 4187 etcum
2266 4131 2471 4185 somnia
2511 4129 2872 4199 explorarent,
2905 4142 3010 4180 non
3060 4143 3175 4190 sua,
3234 4126 3328 4181 sed
3381 4126 3609 4180 aliorum

2016 4224 2298 4282 commoda
2347 4225 2397 4277 in
2439 4238 2602 4292 scopo
2650 4222 2960 4277 habebant:
2994 4221 3136 4291 quod
3182 4221 3325 4275 enim
3378 4231 3606 4274 mortem

2016 4325 2458 4380 contemnerent,
2513 4314 2695 4368 multis
2739 4325 2923 4383 postea
2976 4312 3336 4367 declararunt.
3403 4311 3608 4393 Ubique

2019 4418 2199 4464 autem
2238 4415 2435 4477 prtesto
2462 4414 2582 4461 sunt
2624 4405 2787 4459 Deum
2816 4406 3028 4474 placare
3073 4403 3371 4458 studentes.
3405 4403 3608 4458 Deinde

2015 4500 2139 4572 quia
2166 4517 2226 4557 se
2249 4516 2354 4555 non
2384 4499 2449 4553 ad
2483 4499 2532 4553 id
2565 4497 2811 4553 suflicere
2842 4497 3120 4566 putabant,
3154 4498 3218 4550 ad
3261 4507 3440 4567 patres
3476 4512 3606 4551 con-

2015 4593 2261 4665 fugiunt:
2292 4592 2392 4662 ipsi
2423 4599 2602 4646 autem
2647 4606 2751 4643 non
2793 4588 2934 4643 aliud
2964 4589 3161 4643 afferre
3199 4588 3405 4653 dicunt,
3448 4603 3605 4657 quam

2015 4684 2260 4755 spiritum
2280 4684 2590 4738 contritum.
2624 4682 2732 4735 Hos
2756 4682 2939 4749 itaque
2961 4689 3015 4734 et
3036 4695 3132 4735 nos
3158 4680 3441 4733 imitemur.
3473 4679 3605 4734 Nam

2014 4776 2174 4831 etiam
2203 4787 2345 4827 nunc
2364 4782 2467 4826 stat
2492 4786 2650 4826 aurea
2681 4771 2874 4841 imago,
2902 4784 3163 4823 mamonae
3191 4784 3381 4838 nempe
3425 4780 3607 4840 tyran-

2015 4867 2119 4922 nis.
2147 4865 2252 4922 Sed
2280 4881 2385 4920 non
2428 4863 2765 4919 attendamus
2815 4863 3103 4933 tympanis,
3147 4877 3255 4914 non
3286 4863 3427 4918 tibiis
3448 4903 3463 4928 ,
3496 4878 3601 4917 non

2013 4958 2253 5031 cinyris,
2302 4973 2408 5013 non
2467 4958 2670 5027 reliquo
2709 4954 3013 5011 divitiarum
3068 4954 3344 5023 apparatni
3377 4971 3387 5007 :
3415 4970 3600 5008 verunt

2014 5050 2224 5105 etiamsi
2258 5047 2308 5102 in
2338 5047 2661 5117 paupertatis
2680 5045 2951 5100 fornacem
2983 5042 3220 5098 incidere
3251 5052 3511 5113 oporteat,
3550 5047 3599 5099 id

2010 5153 2188 5221 potius
2215 5149 2530 5220 deligamus,
2571 5157 2713 5201 utne
2758 5147 2929 5215 ipsum
2962 5146 3267 5210 adoremus,
3310 5153 3364 5199 et
3403 5144 3505 5197 erit
3544 5158 3593 5194 ιιι

2013 5245 2190 5299 medio
2231 5243 2461 5298 fornacis
2506 5257 2594 5295 rus
2624 5242 2867 5295 sibilans.
2896 5240 2972 5296 Ne
3017 5243 3197 5311 itaque
3228 5248 3592 5308 paupertatem

2016 5346 2349 5399 horreamus,
2369 5335 2491 5387 dum
2517 5335 2782 5388 fornacem
2806 5332 3051 5387 audimus
3081 5330 3120 5388 ¹.
3144 5331 3274 5387 Nam
3299 5338 3423 5385 tunc
3437 5330 3595 5383 etiam

2068 5593 2082 5622 ‘
2123 5599 2172 5640 In
2196 5583 2336 5639 savil.
2373 5590 2425 5632 et
2460 5579 2643 5641 aliquot
2677 5583 2785 5644 μεθ.
2810 5576 3011 5637 legitur,
3034 5571 3275 5644 Irteigitur
3305 5573 3594 5644 horreamus

2085 5634 2302 5717 try—erratis
2324 5634 2586 5717 Ῑοζηαςειὴ.
2611 5639 2703 5692 Sed
2741 5634 2979 5702 praestare
3002 5634 3192 5686 videtur
3222 5634 3370 5685 lectio
3391 5635 3594 5695 Morem,

2006 5707 2116 5786 quae
2137 5718 2187 5767 in
2209 5717 2349 5763 textu
2368 5707 2518 5770 1³0⁸⁸·
