4066 6430
503 331 573 390 33
1195 337 1251 391 S.
1290 334 1573 391 JOANNIS
1610 334 2094 394 CHRYSOSTOMI
2131 340 2453 399 ARCHIEP.
2492 346 3038 403 CONSTANTINOP.
3686 360 3762 415 54

492 441 529 491 it
553 438 718 508 quiin
753 431 1021 493 fornacem
1056 436 1357 493 inciderunt
1385 436 1707 494 illustriores
1739 438 1914 496 effecti
1944 458 1959 495 :
1985 445 2073 513 qui

491 540 669 585 autem
715 514 945 585 statuam
981 527 1355 592 adoraverunt,
1398 529 1560 584 occisi
1607 538 1750 587 sunt.
1797 531 1904 586 Sed
1951 541 2077 587 tune

491 625 670 679 omnia
711 623 868 678 simul
898 622 1033 678 facta
1063 631 1221 687 sunt;
1256 638 1397 678 nunc
1426 638 1556 679 vero
1594 624 1696 680 alia
1742 625 1849 691 hic,
1890 627 1993 681 alia
2023 629 2074 684 in

490 717 669 771 futuro
696 716 911 781 saeculo,
941 715 1042 768 alia
1068 724 1122 769 et
1159 713 1248 769 hic
1289 723 1345 769 et
1387 714 1439 769 in
1477 714 1655 771 futuro
1679 717 1900 774 smculo.
1943 718 2074 774 Nam

489 809 602 878 qui,
631 823 699 863 ne
726 820 1026 860 mamonam
1053 805 1359 870 adorarent,
1390 817 1755 875 paupertatem
1778 810 2075 879 elegerunt,

489 908 544 954 et
571 898 656 952 bic
680 908 734 953 et
759 898 866 952 illic
891 897 1285 967 splendidiores
1306 906 1464 953 erunt
1491 915 1506 952 :
1536 899 1624 969 qui
1666 915 1795 954 vero
1832 902 1917 954 hic
1941 900 2078 971 inju-

488 999 573 1048 ste
597 990 811 1046 divitias
842 989 1217 1061 possederunt,
1247 998 1370 1044 tunc
1393 1001 1661 1045 extremas
1690 990 1837 1046 luent
1866 1003 2073 1060 muas.

490 1083 574 1138 Ex
597 1082 697 1137 bac
726 1081 947 1137 fornace
965 1080 1201 1135 Lazarus
1227 1081 1381 1147 exiit,
1410 1095 1519 1135 non
1552 1080 1729 1137 minus
1754 1084 2077 1153 conspicuus

488 1192 648 1247 quam
694 1185 804 1231 tres
842 1174 919 1229 illi
959 1174 1148 1243 pueri;
1179 1172 1328 1227 dives
1374 1180 1576 1239 autem,
1621 1173 1710 1242 qui
1737 1173 2076 1230 adorantium

490 1279 722 1326 statuam
753 1268 919 1323 instar
946 1267 1067 1332 fuit,
1095 1265 1159 1320 ad
1187 1266 1487 1336 gehennam
1514 1265 1796 1321 damnatus
1819 1275 1923 1322 est.
1942 1267 2077 1323 Nam

489 1372 611 1431 quae
638 1361 775 1415 dieta
807 1367 949 1420 sunt,
980 1360 1144 1427 figura
1174 1356 1391 1411 illorum
1418 1364 1590 1411 erant.
1624 1356 1690 1412 Ut
1721 1358 1881 1428 igitur
1908 1359 1944 1414 ii
1985 1361 2077 1430 qui

491 1455 545 1506 in
572 1451 843 1505 fornacem
880 1449 1215 1515 inciderunt,
1252 1447 1387 1502 nihil
1430 1448 1572 1517 passi
1612 1458 1769 1513 sunt;
1817 1452 1905 1520 qui
1949 1468 2079 1509 vero

491 1544 619 1601 loris
642 1553 815 1611 erant,
844 1557 1033 1613 magna
1052 1557 1174 1597 cum
1202 1539 1537 1594 vehementia
1574 1549 1699 1595 sunt
1720 1542 1924 1612 abrepti
1954 1562 1968 1599 :
2001 1545 2079 1601 sic

487 1645 543 1693 et
569 1646 694 1691 tunc
719 1636 855 1699 erit;
888 1632 1055 1687 sancti
1082 1632 1169 1702 qui
1199 1646 1293 1699 per
1318 1631 1535 1685 ﬂuvium
1564 1633 1775 1702 igneum
1804 1634 2079 1706 incedunt,

489 1730 623 1785 nihil
651 1730 918 1797 ingratum
968 1726 1258 1795 patientur,
1299 1723 1394 1778 sed
1441 1724 1547 1779 laeti
1589 1727 2077 1798 apparebunt;qui

489 1831 670 1876 autem
710 1819 993 1887 imaginem
1032 1808 1453 1883 'adoraverunt,
1502 1816 1677 1886 ignem
1724 1818 1983 1874 videbunt
2022 1820 2076 1877 in

489 1929 553 1971 se
573 1913 759 1983 quavis
783 1910 889 1966 fera
915 1908 1111 1963 saevius
1130 1908 1443 1973 irruentem,
1466 1915 1520 1961 et
1540 1907 1681 1963 intus
1696 1908 2075 1965 attrahentem.

492 2008 674 2076 Itaque
699 2006 745 2061 si
765 2005 884 2075 quis
910 2003 1210 2073 gehennam
1234 2015 1339 2055 non
1365 1998 1556 2067 credit,
1580 2000 1718 2057 hanc
1744 2002 1931 2059 videns
1965 2003 2076 2059 for-

489 2101 699 2154 naeem,
725 2103 755 2141 a
790 2089 1136 2156 pnesentibus
1165 2088 1340 2142 futura
1378 2086 1602 2143 credere
1628 2087 1868 2154 ediscat,
1909 2102 1974 2142 ac
2001 2102 2073 2143 ne

488 2180 673 2236 timeat
708 2180 1036 2250 paupertatis
1088 2178 1379 2239 fornacem.
1429 2177 1523 2233 sed
1575 2178 1751 2248 potius
1793 2178 2070 2234 fornacem

485 2271 712 2341 peccati.
748 2271 872 2325 ﬂare
899 2270 1041 2325 enim
1085 2279 1139 2325 et
1164 2269 1376 2325 ﬂamma
1406 2278 1462 2324 et
1492 2269 1649 2324 dolor
1675 2284 1788 2334 est;
1814 2270 1902 2326 illa
1943 2285 2072 2326 vero

485 2377 578 2418 ros
598 2371 653 2418 et
670 2363 903 2432 requies.
953 2363 1009 2417 lu
1043 2362 1132 2418 illa
1163 2363 1381 2418 fornace
1423 2370 1530 2417 stat
1556 2362 1830 2427 diabolus;
1877 2364 1930 2419 in
1972 2364 2071 2420 hac

481 2453 654 2524 angeli
684 2455 1016 2509 cxcutientes
1041 2453 1337 2510 ﬂammam.

554 2545 644 2601 l2.
683 2544 807 2599 Haec
832 2544 1055 2599 audiant
1075 2545 1290 2611 divites,
1317 2544 1406 2615 qui
1437 2546 1764 2615 paupertatis
1799 2544 2066 2601 ﬂammam

484 2635 802 2691 accendunt.
861 2635 1193 2704 Pauperibus
1242 2635 1386 2689 enim
1426 2635 1561 2689 nihil
1604 2636 1890 2698 nocebunt,
1946 2651 2069 2692 rore

484 2733 615 2800 ipsis
647 2732 1094 2801 superveniente;
1125 2747 1185 2785 se
1213 2745 1344 2785 vero
1368 2730 1512 2800 ipsos
1555 2729 1781 2784 ﬂammis
1822 2731 2064 2795 tradent,

480 2839 615 2893 quas
636 2824 733 2893 ipsi
758 2824 991 2895 propriis
1035 2823 1281 2878 manibus
1313 2822 1697 2877 accenderunt.
1733 2822 1883 2877 Tune
1906 2838 2068 2893 ange-

481 2916 564 2971 lus
583 2917 859 2972 descendit
883 2917 950 2971 ad
980 2931 1207 2986 pueros;
1230 2916 1343 2985 jam
1371 2932 1496 2970 vero
1524 2932 1622 2970 nos
1653 2916 1721 2971 ad
1758 2932 1872 2981 eos,
1896 2918 1983 2988 qui
2012 2918 2064 2972 in

482 3007 698 3062 fornace
726 3008 1059 3077 paupertatis
1078 3017 1232 3072 sunt,
1262 3008 1681 3075 descendemus,
1708 3018 1762 3062 et
1802 3024 1897 3078 per
1919 3010 2065 3064 eice-

480 3114 757 3170 mosyuam
789 3114 965 3155 rorem
993 3101 1281 3169 pariamus,
1310 3099 1685 3171 ﬂammamque
1711 3102 2059 3169 excutiamus,

480 3199 537 3246 ut
557 3207 677 3247 cum
715 3192 820 3247 illis
849 3207 1166 3247 coronarum
1208 3192 1374 3248 simus
1416 3202 1733 3257 consortes;
1766 3204 1927 3264 utque
1966 3210 2063 3265 ge-

476 3283 666 3337 hennae
708 3282 975 3337 ﬂammam
1025 3282 1221 3337 Christi
1253 3298 1350 3338 vox
1378 3284 1611 3338 excutiat
1644 3284 1827 3339 dicens
1855 3326 1872 3349 ,
1920 3284 2056 3340 Esu-

474 3376 683 3429 rieutem
710 3391 791 3429 me
814 3374 1029 3442 vidistis,
1058 3385 1105 3429 et
1140 3376 1346 3447 paviatis
1376 3377 1394 3446 (
1424 3375 1612 3429 Manli.
1644 3376 1738 3431 25.
1766 3378 1835 3431 53
1862 3375 1904 3448 ).
1936 3377 2061 3433 llmc

471 3466 615 3521 enim
642 3482 748 3521 vox
802 3476 929 3522 tunc
958 3468 1113 3523 nobis
1160 3483 1257 3537 pro
1300 3483 1423 3523 rore
1466 3468 1638 3523 aderit
1686 3483 1781 3537 per
1828 3469 2057 3523 mediam

472 3560 739 3614 flammam
762 3558 1005 3614 sibilans.
1040 3560 1433 3615 Desccudamus
1475 3562 1653 3631 itaque
1673 3576 1793 3615 cum
1825 3562 2060 3618 eleemo—

471 3665 601 3721 syna
654 3651 706 3705 in
764 3651 1031 3705 fornacem
1094 3652 1418 3720 paupertatis
1462 3652 1778 3707 :videamus
1826 3651 2062 3721 philoso-

474 3742 698 3811 phantes
736 3742 856 3796 illos
880 3742 968 3811 qui
999 3741 1052 3796 in
1082 3743 1193 3811 ipsa
1238 3742 1550 3807 ambulant,
1581 3751 1636 3797 et
1662 3742 1925 3798 carbones
1950 3744 2060 3799 cal-

469 3843 595 3889 cant
643 3836 710 3887 ιε
758 3835 1036 3890 videamus
1084 3851 1196 3889 rem
1243 3849 1434 3889 novam
1488 3843 1648 3903 atque
1702 3835 2054 3905 stupendam,

470 3925 738 3979 hominem
791 3925 842 3980 in
897 3925 1110 3981 fornace
1154 3926 1491 3995 psallentem,
1524 3924 1795 3981 hominem
1838 3926 1894 3980 in
1933 3926 2057 3995 igne

465 4017 661 4087 gratias
686 4026 951 4087 agentem,
982 4026 1216 4073 extrema
1247 4017 1423 4087 inopia
1451 4018 1843 4089 colligatum,et
1861 4018 2056 4076 multas

464 4109 679 4164 Christo
707 4110 893 4166 laudes
931 4109 1276 4166 referentem.
1303 4109 1514 4165 Etenim
1541 4110 1722 4180 pueris
1760 4110 1867 4167 illis
1895 4125 2053 4180 pares

465 4209 589 4254 sunt
604 4200 639 4254 ii
664 4200 1138 4270 quipaupertatem
1163 4216 1287 4257 cum
1311 4201 1600 4271 gratiarum
1617 4201 1829 4257 actione
1851 4201 2047 4257 ferunt.

533 4352 551 4385 ι
586 4350 702 4413 Alii,
723 4359 769 4403 et
790 4352 1018 4420 superbos
1029 4353 1387 4420 calcant._lnfra
1400 4356 1615 4420 quidam,
1631 4352 1811 4409 nullm
1837 4361 1933 4406 Deo
1946 4352 2051 4406 fau-

466 4409 572 4466 des.
595 4409 701 4477 pro,
728 4409 902 4466 multas
923 4415 1111 4467 Clu-isto
1132 4415 1318 4467 laudes.

2188 447 2321 503 Nam
2351 449 2472 523 igne
2501 451 2787 507 terribilior
2814 460 2897 507 est
2919 451 3253 521 mendicitas,
3289 456 3567 525 magisque
3589 454 3778 511 incen-

2184 537 2315 592 dere
2337 540 2493 596 solet.
2530 540 2635 597 Sed
2680 541 2893 597 ﬂamma
2940 556 3135 613 pueros
3182 542 3304 598 illos
3348 558 3454 598 non
3508 544 3774 615 incendit,

2186 646 2371 686 verum
2422 633 2545 702 quia
2597 636 2795 703 gratias
2848 635 3073 690 Domino
3119 636 3509 704 reddiderunt,
3560 640 3775 697 vincula

2186 738 2420 793 ipsorum
2447 724 2624 780 subito
2644 726 2814 781 soluta
2835 735 2979 781 sunt.
3008 725 3080 780 Ita
3110 736 3162 781 et
3189 742 3351 793 nunc,
3379 730 3423 784 si
3467 730 3521 784 in
3544 746 3777 801 pauper—

2185 822 2347 869 tatem
2374 815 2550 884 lapsus
2578 818 2773 886 gratias
2793 832 2939 886 agas,
2959 818 3163 871 vincula
3181 817 3459 873 solvuntur
3477 830 3531 874 et
3555 820 3775 876 ﬂamma

2183 905 2565 976 exstinguitur;
2598 908 2642 961 si
2674 922 2779 961 non
2807 908 3169 977 extinguatur,
3216 908 3267 961 id
3292 910 3434 979 quod
3468 911 3773 967 mirabilius

2182 1002 2285 1061 est,
2317 1011 2410 1065 pro
2433 996 2641 1051 ﬂamma
2668 996 2787 1051 fons
2808 997 3038 1053 efficitur
3054 997 3074 1026 ’
3098 1014 3113 1063 ;
3135 999 3275 1068 quod
3304 1007 3430 1055 tunc
3450 1002 3613 1057 etiam
3634 1018 3772 1058 eon-

2184 1084 2296 1154 tigit
2329 1102 2343 1139 :
2376 1102 2498 1141 nam
2530 1088 2582 1142 in
2629 1088 2803 1143 media
2834 1088 3048 1144 fornace
3090 1105 3213 1146 rore
3252 1105 3387 1160 puro
3431 1082 3806 1149 fruebantur.‘

2181 1173 2358 1246 Ignem
2385 1178 2599 1248 quidem
2649 1194 2755 1234 non
2799 1181 3074 1244 exstinxit,
3104 1180 3197 1235 sed
3228 1197 3295 1238 ne
3323 1183 3773 1240 comburerentur

2180 1268 2269 1337 qui
2296 1283 2361 1323 eo
2388 1268 2565 1337 injecti
2598 1268 2806 1323 fuerant
2835 1270 3131 1340 impedivit.
3174 1271 3283 1327 Hoc
3312 1274 3471 1327 etiam
3511 1274 3561 1327 in
3592 1274 3771 1344 philo-

2180 1358 2527 1426 SOpbantibus
2558 1358 2738 1415 videre
2762 1368 2845 1414 est
2868 1379 2881 1415 :
2908 1362 3107 1415 etenim
3164 1361 3217 1415 in
3253 1372 3567 1431 paupertate
3615 1366 3772 1418 timo-

2180 1453 2255 1507 ris
2306 1452 2472 1521 magis
2510 1461 2756 1522 expertes
2798 1463 2955 1520 sunt,
3013 1469 3171 1523 quam
3206 1452 3419 1509 divites.
3471 1455 3549 1509 Ne
3589 1456 3771 1528 itaque

2179 1550 2328 1596 extra
2358 1542 2624 1596 caminum
2642 1541 2942 1605 sedeamus,
2963 1542 3104 1596 nulla
3131 1558 3253 1612 erga
3273 1558 3537 1613 pauperes
3554 1547 3767 1601 miseri-

2128 1636 2135 1643 ‘
2178 1630 2359 1684 cordia
2390 1630 2589 1696 affecti,
2622 1648 2688 1686 ne
2715 1632 2982 1701 patiamur
3010 1632 3151 1702 quod
3181 1642 3306 1687 tunc
3336 1633 3410 1687 illi
3439 1636 3580 1703 passi
3617 1645 3763 1689 sunt.

2178 1721 2235 1777 Si
2259 1722 2399 1777 enim
2428 1721 2761 1777 descendens
2782 1722 2848 1776 ad
2880 1737 3075 1792 pueros
3102 1737 3223 1777 cum
3247 1723 3353 1777 illis
3375 1726 3611 1792 steteris,
3635 1727 3763 1780 nihil

2176 1812 2301 1867 mali
2346 1812 2440 1866 tibi
2484 1811 2679 1867 inferet
2728 1812 2863 1883 ignis
2904 1814 2995 1866 :si
3048 1821 3225 1868 autem
3272 1829 3503 1883 superne
3546 1816 3762 1881 sedens,

2175 1902 2486 1973 despexeris
2538 1904 2660 1958 illos
2710 1904 2762 1957 in
2810 1903 3023 1957 ﬂamma
3056 1906 3403 1974 paupertatis,
3455 1916 3508 1960 te
3550 1904 3762 1962 flamma

2174 1994 2468 2050 eomburet.
2504 1993 2778 2049 Descende
2807 1995 2966 2065 igitur
2985 1995 3035 2047 in
3060 1994 3255 2064 ignem,
3280 2010 3347 2049 ne
3372 1994 3673 2051 iucendaris
3697 1998 3763 2052 ab

2174 2087 2297 2156 igne
2325 2103 2338 2139 :
2373 2101 2440 2141 ne
2469 2086 2657 2141 sedeas
2676 2095 2825 2140 extra
2860 2087 3059 2156 ignem,
3087 2100 3156 2140 ne
3184 2096 3234 2139 te
3263 2086 3474 2140 ﬂamma
3510 2088 3761 2159 abripiat.

2174 2176 2231 2233 Si
2259 2176 2399 2231 enim
2427 2186 2480 2232 te
2504 2177 2697 2231 viderit
2719 2193 2840 2231 cum
2868 2177 3209 2246 pauperibus,
3240 2191 3269 2229 a
3300 2186 3351 2230 te
3369 2178 3651 2243 abscedet;
3680 2179 3763 2236 sin

2175 2268 2371 2323 abillis
2397 2279 2721 2338 separatum,
2746 2270 2926 2323 statim
2953 2270 3005 2323 in
3031 2277 3082 2322 te
3108 2268 3321 2333 insiliet,
3339 2280 3494 2339 teque
3514 2272 3762 2340 abripiet.

2170 2356 2250 2413 Ne
2292 2356 2453 2428 igitur
2503 2356 2760 2412 abscedas
2814 2355 2883 2409 ab
2936 2355 3040 2410 illis
3073 2370 3139 2410 eo
3186 2355 3480 2423 conjectis:
3508 2355 3601 2409 sed
3632 2371 3756 2410 cum

2168 2452 2409 2507 diabolus
2434 2451 2656 2519 jusserit
2680 2464 2775 2503 eos
2790 2449 2879 2519 qui
2897 2463 3084 2502 aurum
3115 2463 3219 2500 non
3242 2447 3463 2502 adorent
3484 2447 3674 2515 conjici
3704 2448 3755 2501 in

2169 2542 2439 2598 fornacem
2469 2540 2819 2613 paupertatis,
2849 2555 2916 2594 ne
2935 2539 3099 2593 fueris
3124 2554 3189 2592 ex
3243 2539 3589 2608 injicientium
3613 2580 3629 2605 ,
3659 2538 3754 2593 sed

2166 2648 2232 2690 ex
2263 2632 2577 2703 injectorum
2601 2646 2826 2686 numero
2844 2671 2859 2695 ,
2893 2637 2952 2683 ut
2978 2630 3053 2683 sis
3076 2646 3142 2683 ex
3170 2628 3561 2683 servandorum
3586 2669 3603 2699 ,
3648 2645 3757 2683 non

2166 2742 2234 2781 ex
2259 2724 2585 2782 urendorum
2613 2737 2856 2778 numero.
2898 2721 3029 2775 Nam
3059 2736 3185 2776 vere
3219 2735 3309 2775 ros
3347 2730 3431 2775 est
3466 2721 3715 2790 copiosus
3738 2762 3757 2786 ,

2170 2833 2275 2872 non
2299 2818 2527 2872 detineri
2567 2814 2995 2884 concupiscentia
3018 2814 3321 2868 divitiarum
3344 2854 3358 2878 ,
3392 2823 3445 2867 et
3472 2828 3592 2865 eum
3623 2827 3753 2881 pau-

2166 2908 2383 2977 peribus
2412 2910 2634 2961 versari.
2661 2905 2725 2960 Hi
2752 2905 2991 2961 omnium
3034 2914 3157 2958 sunt
3208 2902 3621 2972 opulentissimi,
3666 2902 3757 2972 qui

2163 3000 2503 3070 cupiditatem
2517 3000 2815 3054 divitiarum
2833 2998 3295 3052 conculcavcrunt.
3314 2994 3757 3065 Quandoquidem

2165 3093 2241 3145 illi
2268 3092 2356 3161 qui
2389 3101 2513 3146 tunc
2539 3105 2715 3161 regem
2740 3087 3327 3157 contempserunt,ipso
3351 3102 3473 3155 rege
3503 3086 3761 3138 clariores

2170 3186 2507 3243 sunteﬂ'ecti.
2533 3186 2600 3241 Et
2628 3196 2683 3240 tu
2716 3185 2873 3255 igitur
2894 3184 2938 3239 si
2963 3200 3052 3239 res
3076 3184 3229 3254 hujus
3261 3185 3447 3240 mundi
3472 3185 3766 3257 despicias,

2171 3287 2284 3333 toto
2312 3277 2513 3333 mundo
2540 3277 2823 3347 pretiosior
2863 3276 2972 3331 eris
2996 3316 3013 3342 ,
3036 3268 3099 3330 ut
3133 3285 3187 3331 et
3222 3279 3390 3333 sancti
3432 3278 3537 3341 illi,
3571 3278 3762 3346 Quibus

2168 3370 2354 3441 dignus
2382 3386 2483 3422 non
2513 3377 2622 3422 erat
2646 3368 2864 3421 mundus
2890 3366 3077 3436 (Hebr.
3106 3367 3194 3422 ll.
3372 3367 3438 3423 Ut
3480 3368 3659 3438 itaque
3682 3370 3769 3423 (li-

2169 3474 2306 3530 gnus
2336 3458 2433 3514 fias
2463 3458 2774 3513 cmleStibus
2798 3459 2837 3524 ‘,
2866 3457 3051 3512 deride
3080 3459 3384 3527 praesentia.
3421 3457 3497 3512 lta
3535 3460 3679 3513 enim
3705 3469 3763 3515 et

2170 3548 2257 3602 hic
2280 3547 2611 3619 splendidior
2639 3548 2747 3601 eris
2768 3588 2782 3611 ,
2810 3556 2866 3601 et
2892 3545 3086 3601 futuris
3128 3546 3285 3602 bonis
3327 3548 3541 3613 frueris,
3589 3550 3757 3619 gratia

2172 3645 2227 3692 et
2252 3638 2577 3707 benignitate
2602 3638 2811 3692 Domini
2840 3637 3009 3692 nostri
3039 3636 3167 3691 Jesu
3192 3636 3415 3703 Christi,
3456 3639 3541 3692 cui
3586 3639 3758 3694 gloria

2173 3741 2227 3785 et
2254 3730 2535 3800 imperium
2563 3729 2618 3786 in
2645 3730 2842 3786 saecula
2869 3730 3209 3800 saeculorum.
3241 3730 3434 3785 Amen.

2236 3918 2255 3945 ¹
2290 3926 2397 3969 Post
2417 3920 2504 3969 has
2536 3930 2699 3977 voces,
2724 3930 2813 3979 pro
2837 3914 3174 3988 ﬂammafons
3194 3913 3416 4025 efﬁcitur,
3451 3918 3760 3987 manuscriptl

2236 3983 2374 4025 dices
2396 3980 2659 4025 nlurimict
2679 3978 2819 4025 savil.
2836 3992 2883 4025 tu
2908 3990 3126 4025 tuamme
3146 3978 3215 4025 sic
3273 3978 3449 4025 abent:
3470 3978 3603 4025 ouod
3615 3985 3760 4025 etmm

2172 3982 2374 4035 Codices
2396 3980 2659 4043 plurimict
2679 3977 2819 4043 savil.
2836 3977 2893 4043 iu
2908 3977 3126 4039 margine
3146 3978 3215 4043 sic
3238 3977 3449 4043 habent:
3470 3978 3603 4035 quod
3615 3977 3761 4043 etiam

2171 4044 2338 4108 videre
2361 4036 2433 4108 est
2454 4041 2505 4092 in
2522 4036 2965 4104 philosophantibus
2992 4036 3034 4087 :'
3045 4037 3228 4108 gtenim
3244 4037 3296 4108 iu
3314 4045 3597 4108 paupertate
3618 4039 3762 4088 timo-

2170 4106 2242 4156 ris
2262 4103 2416 4167 magis
2438 4098 2665 4167 expertes
2696 4098 2823 4161 sunt,
2850 4113 2995 4167 quam
3027 4098 3217 4167 divites,
3238 4107 3285 4149 et
3309 4098 3359 4148 in
3382 4098 3542 4167 medio
3564 4101 3762 4167 f0_i‘ﬂtt€¢

2170 4179 2291 4231 rore
2312 4160 2439 4228 puro
2462 4160 2816 4231 perfruuntur;
2848 4163 2976 4231 quod
3000 4166 3124 4231 tunc_
3151 4160 3298 4209 etiam
3323 4160 3524 4231 peruigil
3550 4174 3568 4210 :
3603 4161 3761 4231 iguent

2293 4221 2370 4278 ém
2388 4221 2483 4276 nail
2506 4221 2761 4284 eistiuxit,
2785 4221 2872 4275 sed
2905 4236 2967 4273 ue
2998 4221 3392 4273 comburerentur
3416 4221 3502 4285 qui
3522 4235 3580 4273 eo
3600 4221 3765 4285 injecti

2196 4291 2387 4351 iterata,
2399 4287 2667 4351 impedivit.
2703 4295 2799 4337 Nec
2813 4285 2995 4350 itaque,
3018 4290 3116 4335 etc.

2241 4350 2259 4382 ι
2294 4348 2561 4413 sic'om'nes
2581 4348 2907 4413 lanuseripti,
2935 4358 2988 4399 et
3017 4351 3090 4401 sic
3114 4349 3237 4413 legit
3268 4348 3507 4400 Anianus.
3532 4348 3674 4397 savii.
3709 4354 3766 4398 et

2178 4410 2362 4472 uorat,
2378 4410 2532 4471 catis,
2554 4424 2663 4473 pro,
2696 4410 2983 4463 ca’festibus.
