4066 6430
491 348 565 405 85
1097 404 1102 414 ι
1193 339 1250 394 8.
1287 334 1570 394 JOANNIS
1611 331 2107 390 CIIRYSOSTOMI
2147 327 2468 385 ARCHIEP.
2509 322 3056 384 CONSTANTINOP.
3685 327 3758 383 δίς

510 476 849 493 ...ιι-

849 459 3725 490 MM”.

1911 561 1919 568 ‘
1957 549 2199 604 ΟΜῙΛΙᾹ
2239 548 2314 601 E'.

500 682 575 735 To
584 681 687 758 ὗτρ
796 679 944 758 ὄζον
959 676 1226 758 γέγονεν,
1245 674 1346 727 ἵνα
1365 672 1652 758 πῖιηρωρῇ
1670 672 1737 726 τὸ
1748 671 2078 758 ρηθὲηιζπρ

575 750 683 804 τοῦ
707 749 930 814 Κυρίου
963 740 1059 798 διὰ
1081 744 1189 798 τοῦ
1223 740 1534 814 προφήτου
1556 740 1861 814 λέγοντος·
1887 762 1904 794 ι
1929 740 2074 814 Ἰδοὺ

571 822 610 886 ἠ
642 811 938 885 παρθένος
982 817 1053 868 ἐν
1088 814 1299 886 τοο-τρὶ
1344 811 1488 877 ἕξει,
1518 811 2074 886 ααίςτέξεται-υίὸν,

568 883 667 943 καί
695 883 1032 940 τέαλέσουσι
1058 887 1125 938 τὸ
1153 883 1340 951 ὄνομα
1360 883 1545 960 αἰξτοῦ
1587 883 1981 947 Ἐμμανουήλ.
2013 900 2033 932 ι

571 976 641 1032 α’,
663 973 877 1026 Πολλῶν
889 969 1072 1025 ἀκούω
1085 969 1365 1038 λεγόντων,
1379 969 1457 1022 ὃτι
1475 970 1736 1040 παρόντες
1753 972 1850 1040 μὲν
1867 971 2070 1041 καὶτῆς
2097 1035 2110 1048 .

501 1067 815 1136 ἀκροάσεως
859 1061 1220 1123 ἀπολαύοντες
1239 1098 1254 1121 ,
1291 1058 1686 1128 συστελλόμεθα
1707 1074 1722 1088 ο
1769 1059 2072 1125 ἐξελθόντες

503 1159 582 1221 δὲ,
616 1158 792 1227 ἐτεροι
825 1153 984 1206 πάλιν
1023 1151 1135 1204 ἀνθ’
1178 1151 1379 1219 ἑτέρων
1409 1150 1688 1220 γινόμεθα,
1727 1151 1790 1204 τὸ
1836 1150 1948 1223 πῦρ
1973 1153 2073 1223 τῆς

505 1245 825 1316 προθυμίας,
843 1240 1176 1302 σϐεννύντες.
1198 1239 1268 1293 Τί,
1289 1234 1383 1291 οὖν
1407 1239 1472 1290 ἂν
1497 1239 1724 1305 γένοιτο,
1740 1241 1888 1304 ὅπως
1913 1241 2073 1294 τοῦτο

507 1337 585 1406 μὴ
633 1335 884 1403 γίνηται;
937 1333 1306 1399 Σκοπήσωμεν
1359 1327 1479 1382 ὃθεν
1522 1331 1745 1396 γίνεται.
1786 1332 1954 1385 Πόθεν
1979 1329 2072 1388 οὖν

504 1427 707 1494 γίνεται
764 1423 959 1493 ἡμῖνὴ
1004 1421 1236 1490 τοσαύτη
1289 1421 1588 1490 μεταϐολῆς
1644 1423 1775 1474 ’Λπὸ
1821 1424 1918 1492 τῆς
1959 1425 2073 1478 δια.

502 1518 692 1590 τριϐῆς
744 1515 842 1584 τῆς
889 1513 962 1584 μὴ
1005 1511 1418 1582 προσηκούσης,
1467 1513 1556 1564 καὶ
1609 1515 1706 1582 τῆς
1769 1513 1912 1584 [72]
1963 1516 2072 1569 τῶν
2119 1539 2124 1544 ο

501 1606 752 1678 πονηρῶν
785 1603 1086 1674 ἀνθρώπων
1127 1602 1431 1665 συνουσίας.
1485 1603 1558 1653 Οὐ
1614 1604 1722 1673 γὰρ
1754 1605 1921 1675 ὲχρῆν
1967 1607 2074 1660 ἀπὸ

501 1699 600 1768 τῆς
635 1695 908 1761 συνάξεως
935 1689 1368 1762 ἀναχωροῦντας,
1400 1691 1478 1753 είς
1509 1691 1578 1744 τὰ
1623 1694 1696 1762 μή
1730 1696 2074 1764 προσήκοντα.

502 1792 572 1859 τῇ
597 1785 810 1849 συνάξει
841 1783 1126 1854 ἐμϐάλλειν
1154 1783 1379 1844 ἑαυτοὺς
1409 1782 1721 1853 πράγματα’
1743 1785 2071 1850 ἀλλἐὺθέως

503 1875 682 1930 οίκαδε
707 1872 956 1934 ἐλθόντας
991 1871 1052 1922 τὸ
1097 1868 1297 1944 βιϐλίον
1331 1869 1830 1940 μεταχειρίζεσθαι,
1857 1873 1949 1925 καὶ
1977 1872 2073 1942 τὴν

505 1970 736 2037 γυναῖκα
764 1965 857 2018 καὶ
879 1963 948 2016 τὰ
993 1961 1179 2014 παιδία
1226 1961 1362 2032 πρὸς
1395 1961 1493 2032 τὴν
1531 1962 1814 2014 κοινωνίαν
1844 1963 1940 2032 τῆς
1965 1963 2073 2016 τῶν

442 2067 468 2085 ν
507 2059 810 2128 ειρημένων
838 2057 1018 2110 καλεῖν
1063 2058 1347 2130 συλλογῆς,
1387 2060 1481 2111 καὶ
1508 2058 1625 2111 τότε
1652 2057 1760 2112 τῶν
1810 2060 2078 2130 βιωτικῶν

507 2150 772 2204 ἅπτεσθαι
804 2151 1164 2220 πραγμάτων.
1201 2151 1264 2202 Εἰ
1298 2149 1406 2220 γὰρ
1447 2150 1554 2202 ἀπὸ
1583 2151 1860 2218 βαλανείου
1887 2153 1986 2205 οὐκ
2012 2154 2076 2206 ἂν

504 2241 646 2292 ἕλοιο
669 2242 748 2303 είς
771 2240 974 2311 ἀγοράν
990 2239 1298 2309 ἐμϐάλλειν,
1316 2239 1455 2292 ὥστε
1475 2242 1548 2309 μὴ
1561 2240 1661 2311 τὴν
1679 2242 1886 2295 ἐκεῖθεν
1898 2245 2078 2298 ἄνεσιν

505 2330 848 2400 λυμήνασθαι
875 2333 987 2392 τοῖς
1018 2331 1078 2382 ἐν
1110 2331 1284 2399 ἀγορᾷ
1312 2330 1599 2399 πράγμασι
1621 2347 1634 2360 ·
1673 2333 1850 2404 πολλῷ
1881 2334 2079 2404 μᾶλλον

505 2422 614 2474 ἀπὸ
642 2421 910 2486 συνάξεως
967 2421 1123 2474 τοῦτο
1163 2423 1333 2473 ποιεῖν
1371 2423 1557 2491 ἐχρῆν.
1598 2422 1712 2475 Νῦν
1755 2423 1811 2476 δὲ
1860 2426 2080 2478 τούναν-

504 2515 618 2566 τίον
650 2513 940 2582 ποιοῦμεν·
991 2513 1078 2566 διά
1109 2513 1174 2584 δὴ
1201 2512 1357 2566 τοῦτο
1405 2513 1497 2566 καὶ
1530 2513 1708 2566 πάντα
1750 2515 2077 2586 ἀπόλλυμεν.

503 2603 674 2657 Οὔπω
723 2603 832 2672 γάρ
880 2604 980 2672 τῆς
1018 2603 1285 2672 ὡφελείας
1319 2603 1426 2656 τῶν
1479 2601 1776 2674 λεχθέντων
1809 2607 2080 2679 παγείσης

505 2695 708 2757 καλῶς,
744 2695 776 2762 ἡ
812 2693 982 2761 πολλὴ
1039 2693 1182 2764 ῥύμη
1221 2693 1330 2746 τῶν
1378 2693 1575 2758 ἔξωθεν
1630 2699 2080 2765 προσπιπτόντων

507 2786 684 2839 πάντα
717 2783 1080 2854 παρασύρασα
1112 2784 1156 2814 ⁸⁸
1185 2785 1404 2854 οἴχεται.
1439 2785 1533 2836 "Iv’
1567 2780 1660 2837 οὖν
1698 2785 1772 2856 μὴ
1806 2786 1960 2840 τοῦτο
1992 2788 2078 2856 γί-

506 2893 686 2946 νηται,
717 2874 824 2927 ἀπὸ
846 2874 1114 2940 συνάξεως
1141 2875 1459 2946 ἀναχωρῶν,
1485 2876 1646 2946 μηδὲν
1678 2877 1830 2930 ποιοῦ
1855 2880 1953 2950 τῆς
1971 2881 2076 2934 τῶν

506 2966 814 3036 εἰρημένων
840 2965 1098 3036 συλλογῆς
1123 2967 1562 3038 ἀναγκαιότερον.
1590 2970 1697 3022 Καὶ
1719 2970 1826 3042 γὰρ
1847 2974 2076 3043 ἐσχάτης

507 3057 900 3126 ἀγνωμοσύνης
933 3058 1000 3111 ἂν
1029 3060 1136 3128 εἴη,
1167 3058 1327 3110 πέντε
1365 3059 1460 3111 καὶ
1490 3059 1552 3125 ἐξ
1571 3061 1784 3132 ἡμέρας
1811 3066 1923 3126 τοῖς
1954 3064 2072 3134 βιω-

507 3151 682 3210 τικοῖς
725 3148 1130 3218 ἀπονέμοντας,
1183 3153 1298 3212 τοῖς
1345 3155 1734 3222 πνευματικοῖς
1789 3153 1924 3224 μηδὲ
1953 3156 2079 3225 μίαν

505 3239 744 3309 ἡμέραν,
770 3240 968 3314 μᾶλλον
997 3241 1054 3293 δὲ
1088 3241 1222 3310 μηδὲ
1247 3242 1292 3274 ⁸³
1321 3243 1517 3314 μικρὸν
1545 3245 1644 3314 τῆς
1679 3245 1892 3317 ἡμέρας
1919 3246 2082 3319 μέρος

506 3329 708 3382 διδόναι
741 3330 804 3384 εδ.
835 3330 945 3400 οὐχ
969 3332 1130 3402 ὁρᾶτε
1170 3332 1238 3385 τὰ
1267 3333 1456 3388 παιδία
1493 3334 1562 3388 τά
1599 3335 1838 3406 ἡμέτερα
1868 3337 1914 3369 ⁸⁸
1936 3378 1951 3401 ,
2000 3339 2080 3390 ὅτι

514 3421 584 3474 τὰ
618 3421 936 3492 μαθήματα,
972 3423 1114 3494 άπερ
1149 3424 1214 3476 ἂν
1240 3424 1708 3491 δέξωνται,ταῦτα
1739 3427 1804 3478 δι’
1825 3427 1953 3497 ὅλης
1987 3446 2080 3498 με-

512 3511 706 3564 λετῶσι
732 3512 828 3582 τὴς
850 3514 1058 3584 ἡμέρας
1081 3533 1094 3581 ;
1126 3515 1294 3588 Τρῦτο
1319 3517 1384 3586 δὴ
1404 3518 1498 3570 καὶ
1518 3519 1673 3588 ἡμεῖς
1698 3517 2077 3588 ἐργασώμεθα’

508 3608 634 3662 ἐπεὶ
662 3607 825 3660 πλέον
865 3607 1016 3659 οὐδὲν
1055 3610 1188 3676 ἡμῖν
1233 3608 1383 3662 ἔσται
1411 3610 1512 3677 τῆς
1547 3609 1782 3662 ἐνταῦθα
1815 3609 2086 3678 ἀφίξεως,

511 3700 591 3763 εις
620 3697 776 3752 πίθον
807 3697 1137 3768 τετρημένον
1161 3699 1412 3753 ἀντλοῦσι
1436 3700 1556 3754 καθ’
1591 3700 1827 3771 ἑκάστην
1853 3701 2086 3772 ἡμέραν,

516 3790 607 3842 καὶ
630 3789 764 3860 μηδὲ
788 3789 1056 3859 τοσαύτην
1087 3791 1482 3860 παρεχομένοις
1510 3791 1746 3861 σπουδὴν
1776 3793 1842 3863 τῇ
1867 3792 1976 3845 τῶν
2011 3794 2090 3846 εί-

516 3901 581 3953 ρη
592 3882 763 3952 μένων
786 3881 1020 3952 φυλακῇ,
1051 3883 1184 3953 ὅσην
1207 3883 1334 3953 περὶ
1359 3883 1558 3953 χρυσὸν
1584 3884 1677 3938 καὶ
1703 3883 1942 3956 ἄργυρον
1969 3886 2091 3937 ἐπι-

515 3974 859 4045 δεικνύμεθα.
907 3975 1144 4044 Δηνάρια
1179 3975 1278 4046 μὲν
1305 3975 1414 4046 γάρ
1446 3993 1527 4039 τις
1561 3977 1717 4046 ὀλίγα
1747 3977 1924 4030 λαϐὼν
1949 4015 1964 4040 ,
1996 3977 2092 4044 κα)

513 4067 594 4130 είς
625 4066 905 4136 βαλάντιον
952 4065 1300 4134 ἀποτίθεται,
1333 4069 1426 4121 καὶ
1451 4071 1718 4139 σφραγῖδα
1747 4070 2049 4140 ἐπιτίθησιν
2073 4085 2086 4098 °

511 4161 671 4228 ἡμεῖς
691 4161 748 4212 δὲ
771 4160 864 4213 καὶ
891 4159 1114 4229 χρυσίου
1143 4161 1238 4214 καὶ
1265 4161 1429 4214 λίθων
1457 4163 1762 4216 πολυτελῶν
1789 4161 2091 4234 τιμιώτερα

512 4249 790 4318 δεχόμενοι
814 4249 989 4315 λόγια,
1019 4251 1112 4301 καὶ
1145 4251 1270 4312 τοὺς
1296 4250 1390 4304 τοῦ
1413 4251 1553 4314 Πνεύ
1563 4270 1728 4321 ματος
1763 4251 2092 4321 ὑποδεχόμε-

515 4357 596 4392 νοι
625 4338 950 4408 θησαυροὺς,
991 4339 1091 4392 οὐκ
1121 4341 1200 4402 είς
1229 4340 1297 4393 τὰ
1327 4344 1545 4410 ταμιεῖα
1575 4342 1675 4410 τῆς
1702 4341 1878 4410 ψυχῆς
1906 4342 2094 4394 ἀποτι-

517 4425 744 4495 θέμεθα,
773 4427 888 4479 ἀλλ’
917 4426 1104 4488 ἁπλῶς
1123 4427 1217 4478 καὶ
1251 4427 1324 4490 ὼς
1351 4427 1537 4495 ἔτυχεν
1563 4429 1738 4496 ἐῶμεν
1758 4429 1856 4497 τῆς
1891 4429 2091 4499 ἡμετέ·

522 4533 620 4588 ρας
653 4515 893 4579 διανοίας
911 4516 1112 4586 ἐκρεῖν.
1146 4515 1242 4578 Τίς
1271 4511 1364 4568 οὖν
1398 4517 1544 4585 ἡμᾶς
1582 4515 1696 4587 [75]
1748 4518 1960 4587 ἐλεήσει
1984 4517 2094 4571 λοι-

519 4609 640 4672 πὸν,
679 4606 1127 4669 ἐπιϐουλεύοντας
1173 4609 1406 4671 ἑαυτοῖς,
1453 4609 1547 4660 καὶ
1600 4609 1679 4671 εἰς
1704 4609 1972 4679 τοσαύτην
1997 4611 2095 4680 ἐμ-

520 4698 810 4764 ϐάλλοντας
851 4698 1073 4764 πενίαν;
1119 4697 1214 4750 "lv’
1257 4692 1353 4750 οῦν
1383 4697 1457 4768 μὴ
1485 4697 1643 4752 τοῦτο
1684 4698 1929 4769 γίνηται,
1961 4701 2096 4770 γρά-

519 4785 707 4857 ψωμεν
739 4789 950 4848 ἑαυτοῖς
981 4785 1143 4856 νόμον
1167 4785 1440 4856 ἀκίνητον,
1485 4788 1578 4840 καὶ
1606 4789 1726 4851 ταῖς
1754 4789 1970 4856 γυναιξὶ
2001 4790 2096 4842 καὶ

520 4877 630 4940 τοῖς
656 4879 812 4932 παισὶ
838 4881 949 4942 τοῖς
967 4877 1279 4949 ἡμετέροις,
1303 4878 1433 4949 μίαν
1454 4880 1558 4950 τῆς
1571 4879 1860 4950 ἑϐδομάδος
1886 4881 2098 4951 ἡμέραν

520 4967 725 5038 ταύτην
747 4969 874 5040 ὅλην
902 4970 946 5001 ⁸⁸
974 4969 1285 5024 ἀνατιθέναι
1309 4972 1376 5040 τῇ
1397 4971 1659 5042 ἀκροάσει
1685 4973 1780 5024 καὶ
1807 4971 1914 5024 τῶν
1937 4973 2100 5026 ἀκου-

522 5058 758 5112 σθέντων
807 5062 874 5129 τῇ
930 5061 1181 5132 συλλογῇ.
1232 5063 1388 5116 Οὕτω
1421 5063 1529 5134 γὰρ
1559 5066 1655 5118 καὶ
1711 5063 2100 5137 εὐμαθέστεροι

521 5149 660 5226 πρὸς
697 5149 766 5202 τά
788 5148 1048 5218 μέλλοντα
1071 5151 1404 5222 ῥηθήσεσθαι
1434 5155 1842 5225 ἀπαντήσομεν,
1860 5155 2100 5226 καὶήμῖν

521 5241 759 5296 ἐλάττων
809 5241 836 5293 ὁ
865 5241 1025 5302 πόνος
1057 5243 1239 5309 ἔσται,
1276 5247 1372 5298 καὶ⁶
1401 5247 1526 5318 ύμῖν
1573 5249 1634 5300 τὸ
1672 5247 1860 5319 κέρδος
1916 5248 2098 5314 πλέον,

525 5333 650 5386 ὅταν
682 5332 753 5385 τά
780 5332 968 5403 πρώην
997 5335 1262 5404 εἰρημένα
1295 5337 1551 5408 φέροντες
1572 5340 1665 5391 ἐπὶ
1696 5342 1935 5411 μνήμης,
1962 5341 2105 5394 οὕτω

525 5424 593 5476 τά
623 5423 762 5493 μετά
783 5423 958 5477 ταῦτα
991 5424 1246 5494 ἀκούητε.
1271 5427 1346 5480 Οὐ
1380 5428 1487 5499 γὰρ
1522 5431 1716 5500 μικρόν
1746 5448 1796 5483 τι
1831 5433 1924 5494 καὶ
1949 5431 2105 5486 τοῦτο

521 5511 767 5567 συντελεῖ
814 5513 951 5584 πρὸς
995 5513 1096 5585 τὴν
1121 5513 1231 5567 τῶν
1274 5513 1580 5585 λεγομένων
1625 5518 1854 5585 σύνεσιν,
1888 5520 1952 5573 τὸ
2002 5524 2098 5587 τὴν

2205 663 2522 720 ἀκολουθίαν
2572 662 2767 715 εἰδέναι
2817 662 2953 731 μετὰ
2983 659 3266 732 ἀκριϐείας
3315 663 3424 716 τῶν
3459 664 3592 736 παρ’
3624 666 3780 735 ἡμῶν

2211 755 2583 827 ὁφαινομένων
2615 755 2742 820 ὑμῖν
2787 753 3092 824 νοημάτων.
3170 753 3388 827 Ἐπειδὴ
3429 755 3538 827 γάρ
3573 756 3676 808 οὐκ
3701 755 3780 810 ἔνι

2206 853 2383 906 πάντα
2430 853 2488 906 ἐν
2524 857 2624 926 μιᾷ
2675 855 2998 908 καταϐαλεῖν
3030 854 3074 886 ⁸⁷
3103 851 3309 925 ἡμέρα,
3344 851 3410 904 τά
3443 853 3500 906 ἐν
3557 851 3779 916 πολλαῖς

2205 944 2331 1014 ὑμῖν
2361 945 2597 1016 ἡμέραις
2622 945 3020 1016 κατατιθέμενα
3050 947 3116 1015 τῇ
3149 947 3246 1014 τῆς
3279 943 3497 1014 μνήμης
3527 942 3779 1012 συνεχείᾳ

2205 1032 2392 1106 ὥσπερ
2426 1036 2610 1106 σειράν
2647 1053 2767 1089 τινα
2800 1037 3140 1106 ποιήσαντες,
3171 1033 3314 1086 οὔτω
3332 1032 3396 1102 δὴ
3429 1032 3778 1102 περιτίθεσθε

2202 1127 2268 1194 τῇ
2302 1125 2470 1195 ψυχῇ,
2512 1126 2652 1178 ὥστε
2701 1124 2992 1195 ὁλόκληρον
3043 1123 3327 1194 φαίνεσθαι
3353 1123 3414 1176 τὸ
3457 1123 3618 1192 σῶμα
3672 1122 3778 1174 τῶν

2204 1215 2455 1284 Γραφῶνο
2491 1216 2926 1286 ’Λναμνὴσαντες
2951 1215 3128 1267 τοίνυν
3155 1213 3262 1266 τῶν
3294 1212 3518 1282 ἔναγχος
3552 1212 3780 1282 εἰρημέ-

2203 1321 2309 1356 νων
2339 1306 2565 1369 ὲαυτοὺς
2585 1344 2600 1368 ,
2651 1305 2791 1359 οὕτω
2828 1304 2920 1359 κα)⁸
2955 1305 3192 1374 σήμερον
3232 1303 3322 1356 ἐπὶ
3345 1302 3412 1356 τὰ
3442 1302 3781 1373 προκείμενα

2207 1392 2393 1465 ίωμεν.

2279 1513 2344 1582 β’.
2365 1515 2500 1568 Τίνα
2519 1515 2576 1568 δέ
2601 1517 2717 1568 ἐστι
2744 1532 2812 1569 τα
2844 1515 3178 1587 προκείμενα
3205 1516 3475 1584 σήμερον;
3515 1513 3698 1568 Τοῦτο
3716 1513 3787 1568 δὲ

2207 1603 2355 1657 ὅλον
2388 1605 2636 1675 γέγονεν
2661 1646 2677 1668 ,
2712 1607 2814 1660 ἵνα
2851 1605 3136 1674 πληρωθῇ
3183 1607 3250 1660 τὸ
3295 1605 3484 1673 ῥηθὲν
3509 1605 3628 1658 ὑπὸ
3673 1605 3784 1660 τοῦ

2208 1688 2427 1762 Κυρίου
2463 1696 2562 1750 διὰ
2605 1697 2713 1752 τοῦ
2755 1697 3063 1766 προφήτου
3097 1696 3402 1765 λέγοντος.
3451 1695 3645 1762 Ἀξίως
3688 1697 3784 1750 τοῦ

2207 1788 2516 1858 θαύματος,
2554 1789 2629 1852 ὡς
2678 1789 2830 1859 αύτῷ
2857 1788 3079 1843 δυνατὺν
3111 1784 3200 1859 ἧν,
3229 1788 3543 1858 ἀνεϐόησεν,
3581 1785 3780 1840 είπών·

2212 1880 2390 1934 Τοῦτο
2415 1879 2484 1934 δὲ
2515 1881 2662 1934 ὅλον
2687 1881 2950 1950 γέγονεν.
2999 1880 3216 1951 Ἐπειδὴ
3241 1880 3351 1951 γὰρ
3386 1875 3491 1932 εἶδε
3519 1880 3580 1932 τὸ
3616 1880 3784 1932 πέλα·

2206 1987 2298 2038 γος
2322 1973 2417 2025 καὶ
2436 1973 2535 2042 τὴν
2562 1972 2795 2026 ἄϐυσσον
2821 1972 2920 2042 τῆς
2945 1971 3352 2040 φιλανθρωπίας
3371 1971 3464 2025 τοῦ
3496 1971 3653 2034 Θεοῦ,
3689 1972 3784 2025 καὶ

2203 2061 2264 2112 τὸ
2297 2060 2565 2131 μηδέποτε
2601 2060 2854 2115 ἐλπισθὲν
2887 2063 2967 2124 είς
3015 2060 3176 2132 ἔργον
3219 2061 3394 2124 ἐλθὸν,
3444 2062 3538 2116 καὶ
3567 2062 3784 2130 φύσεως

2205 2151 2461 2216 λυθέντας
2488 2153 2706 2223 νόμους,
2741 2153 2837 2208 καὶ
2867 2153 3212 2222 καταλλαγὰς
3243 2155 3551 2224 γινομένας,
3576 2155 3783 2207 καὶτὸν

2206 2243 2424 2297 πάντων
2456 2245 2724 2316 ἀνώτερον
2754 2245 2891 2315 πρὸς
2927 2247 3018 2299 τὸν
3051 2247 3267 2300 πάντων
3307 2246 3616 2317 κατώτερον
3646 2263 3780 2302 κατ⁸

2209 2335 2378 2400 ιόντα,
2411 2336 2506 2390 καὶ
2549 2336 2618 2389 τὰ
2666 2337 2956 2408 μεσότοιχα
2986 2337 3243 2407 λυόμενα,
3275 2338 3370 2391 καὶ
3393 2337 3461 2390 τὰ
3481 2337 3784 2407 κωλύματα

2209 2427 2596 2498 ἀναιρούμενα,
2631 2430 2725 2482 καὶ
2745 2427 2923 2498 πολλῴ
2951 2428 3174 2482 πλείονα
3209 2429 3414 2482 τούτων
3443 2429 3610 2498 ἕτερα
3634 2429 3782 2497 γινό-

2209 2535 2364 2588 μενα,
2389 2519 2471 2573 ἐνὶ
2497 2521 2701 2589 ῥήματι
2722 2519 2783 2571 τὸ
2798 2518 2983 2587 θαῦμα
3001 2519 3366 2590 παρέστησεν.
3383 2519 3572 2572 εἰπών’
3595 2521 3785 2575 Τοῦτο

2204 2609 2274 2662 δὲ
2295 2610 2443 2662 ὅλον
2464 2609 2729 2679 γέγονεν,
2761 2611 2861 2663 ἵνα
2883 2609 3168 2677 πληρωθῇ
3206 2610 3272 2663 τὸ
3301 2611 3487 2678 ῥηθὲν
3518 2611 3640 2666 ὑπὸ
3675 2611 3782 2666 τοῦ

2206 2697 2450 2765 Κυρίου.
2477 2699 2567 2767 Μὴ
2591 2698 2698 2768 γὰρ
2735 2697 2982 2768 νομίσῃς,
3029 2695 3142 2768 [74]
3167 2700 3350 2767 φησὶν,
3386 2699 3468 2752 ὅτι
3494 2699 3589 2752 νῦν
3611 2698 3784 2752 ταῦτα

2205 2787 2349 2853 ἔδοξε
2367 2807 2380 2821 ο
2416 2789 2584 2842 πάλαι
2604 2787 2990 2858 προετυποῦτο.
3028 2789 3204 2862 Ὅπερ
3235 2791 3328 2843 καὶ⁵
3353 2793 3380 2844 6
3413 2789 3625 2854 Παῦλος
3646 2808 3778 2844 παν-

2204 2878 2371 2950 ταχοῦ
2392 2878 2562 2943 δεῖξαι
2583 2879 2902 2931 ἐσπούδασε.
2937 2879 3047 2931 Καὶ
3072 2879 3436 2950 παραπέμπει
3467 2879 3558 2933 τὸν
3581 2880 3783 2949 Ἰωσὴφ

2203 2969 2282 3040 τῷ
2320 2971 2518 3040 Ἡσαΐᾳ
2542 2969 2744 3032 λοιπὸν,
2778 2969 2863 3020 ἵνα
2892 2967 2995 3020 κᾶν
3023 2969 3130 3022 τῶν
3162 2970 3324 3023 αὑτοῦ
3366 2971 3625 3041 ῥημάτων
3660 2971 3784 3024 ἐπι-

2202 3064 2432 3134 λάθηται
2456 3062 2833 3130 ἀφυπνισθεὶς,
2859 3063 2951 3116 ἆτε
2979 3062 3290 3132 πρόσφατον
3315 3063 3645 3132 είρημένων,
3667 3063 3779 3117 τῶν

2206 3154 2575 3226 προφητικῶν,
2600 3148 2679 3216 οἷς
2697 3153 3103 3223 συνανεστράφη
3129 3152 3174 3183 ⁶⁸
3192 3151 3501 3218 διαπαντὸς,
3533 3152 3780 3221 ἀναμνη-

2209 3247 2374 3311 σθεὶς,
2401 3246 2495 3298 καὶ
2525 3245 2592 3298 τά
2617 3247 2750 3313 παρ’
2789 3242 2950 3296 αὑτοῦ
2976 3242 3234 3312 λεχθέντα
3256 3242 3524 3312 κατάσχῃ.
3570 3242 3683 3293 Καὶ
3709 3242 3777 3311 τῇ

2209 3336 2306 3404 μὲν
2336 3335 2556 3402 γυναικὶ
2601 3332 2751 3386 οὐδὲν
2799 3331 3007 3384 τούτων
3035 3331 3278 3401 εἴρηκεν,
3330 3329 3425 3382 ἅτε
3469 3328 3607 3400 κόρῃ
3643 3326 3779 3398 οὔσῃ

2209 3427 2298 3478 καὶ
2329 3426 2573 3494 ἀπείρως
2602 3423 2807 3476 τούτων
2840 3421 3035 3494 ἐχούσῃ
3057 3439 3068 3450 ·
3101 3421 3178 3491 τῷ
3203 3422 3260 3475 δὲ
3289 3421 3464 3492 ἀνδρὶ,
3495 3419 3692 3490 δικαίῳ
3717 3437 3780 3473 τε

2205 3517 2318 3568 ὄντι
2354 3517 2448 3569 καὶ
2481 3515 2769 3586 μελετῶντι
2802 3516 3086 3586 προφήτας
3107 3555 3120 3578 ,
3156 3512 3404 3567 ἐντεῦθεν
3449 3511 3778 3581 διαλέγεται.

2210 3607 2315 3658 Καὶ
2341 3606 2446 3675 πρὸ
2470 3606 2568 3676 μὲν
2603 3605 2816 3667 τούτου,
2837 3604 3073 3674 Μαριὰμ
3094 3605 3210 3672 τὴν
3237 3602 3494 3675 γυναῖκά
3519 3618 3658 3665 σου,
3694 3601 3784 3654 λέ-

2207 3712 2324 3763 γει·
2353 3695 2587 3749 ἐνταῦθα
2623 3696 2680 3749 δὲ
2727 3697 2816 3749 ὅτε
2867 3695 2956 3747 τὸν
2990 3699 3271 3766 προφήτην
3301 3694 3551 3747 εἵλκυσεν
3591 3696 3673 3758 εἰς
3721 3693 3785 3746 τὺ

2212 3785 2394 3855 μέσον,
2427 3786 2547 3839 τότε
2573 3785 2720 3856 αύτῷ
2752 3785 2992 3838 πιστεύει
3032 3787 3090 3838 τὸ
3120 3787 3218 3856 τῆς
3249 3785 3545 3856 παρθενίας
3573 3785 3779 3854 ὄνομα·

2207 3878 2266 3931 ού
2297 3877 2411 3948 γὰρ
2437 3875 2606 3940 οὕτως
2635 3878 2905 3948 ἀτάραχος
2933 3879 2976 3912 ⁸⁸
3001 3878 3182 3948 ἔμενε,
3219 3877 3651 3950 παρθένονιπαίΐ
3679 3876 3782 3928 αὺ-

2208 3971 2300 4022 τοῦ
2337 3971 2570 4034 ἀκούων,
2591 3972 2648 4024 ηεί
2679 3971 2753 4043 μὴ
2779 3971 2824 4004 7°
2853 3969 3066 4041 πρῶτον
3092 3973 3184 4022 καὶ
3208 3969 3356 4038 παρά
3397 3967 3641 4021 Ἡσαΐου.
3673 3967 3785 4020 Καὶ

2211 4063 2318 4132 γὰρ
2349 4063 2498 4114 οὐδὲν
2538 4063 2704 4126 ξένον,
2749 4062 2886 4116 ἀλλά
2933 4062 2995 4115 τὸ
3023 4061 3252 4131 σύνηθες
3287 4059 3468 4114 καὶτὸ
3509 4061 3567 4111 ἐν
3603 4057 3785 4128 πολλῷ

2210 4155 2384 4226 χρόνῳ
2419 4155 2705 4224 μελετηθέν
2741 4154 2961 4224 ἔμελλεν
3003 4151 3328 4206 ἀκούσεσθαι
3355 4151 3505 4220 παρά
3527 4148 3620 4201 τοῦ
3650 4164 3786 4218 προ-

2214 4247 2402 4313 φήτου.
2444 4245 2540 4298 Διά
2575 4245 2732 4298 τοῦτο
2769 4245 2935 4298 ποιῶν
2970 4243 3371 4314 εὐπαράδεκτον
3395 4242 3456 4294 τὸ
3487 4239 3782 4312 εἰρημένον

2211 4339 2239 4390 ό
2267 4335 2514 4404 ἅγγελος,
2543 4337 2778 4405 παράγει
2810 4337 2890 4397 εἰς
2917 4335 3078 4404 μέσον
3109 4335 3199 4386 τὸν
3237 4333 3481 4385 Ἡσαΐαν.
3527 4330 3638 4384 Καὶ
3662 4327 3788 4382 οὐδὲ

2213 4426 2445 4480 ἐνταῦθα
2493 4427 2726 4489 ἵσταται,
2779 4427 2893 4479 ἀλλ’
2922 4428 3013 4478 ἐπὶ
3043 4425 3132 4478 τὸν
3165 4425 3296 4477 Θεὸν
3328 4423 3537 4494 ἀναρτᾷ
3572 4420 3666 4474 τὸν
3693 4419 3786 4472 λό-

2213 4535 2306 4583 γον
2334 4534 2346 4548 ’
2376 4517 2434 4569 οὺ
2459 4517 2565 4586 γὰρ
2587 4516 2750 4569 αὐτοῦ
2772 4514 2908 4568 εἷναί
2937 4531 3070 4584 φησι
3098 4515 3158 4568 τὸ
3188 4515 3306 4584 είρη
3317 4513 3495 4582 μένον,
3527 4509 3666 4563 ἀλλά
3689 4508 3784 4562 τοῦ

2214 4608 2321 4658 τῶν
2377 4606 2513 4658 ὅλων
2565 4606 2719 4658 Θεοῦ.
2755 4606 2852 4659 Διά
2879 4605 3036 4658 τοῦτο
3066 4605 3166 4657 οὐκ
3195 4600 3495 4664 εἷπεν,”ινα
3523 4598 3783 4669 πληρωθῇ

2213 4697 2275 4749 τὸ
2335 4695 2497 4768 ῥηθὲν
2551 4697 2653 4748 ὑπὸ
2696 4695 2937 4756 Ἡσαΐου,
2991 4693 3125 4746 ἀλλά
3153 4732 3166 4755 ,
3204 4693 3270 4746 Τὸ
3294 4689 3482 4759 ῥηθὲν
3515 4688 3632 4741 ὑπὸ
3680 4685 3787 4740 τοῦ

2217 4790 2456 4856 Κυρίου.
2483 4788 2554 4840 T6
2591 4788 2688 4855 μὲν
2717 4785 2824 4856 γάρ
2859 4785 3030 4854 στόμα
3049 4785 3091 4814 ⁷¹
3136 4782 3379 4843 Ἡσαΐου,
3409 4781 3436 4831 6
3461 4779 3517 4831 δὲ
3540 4777 3788 4848 χρησμὸς

2216 4879 2420 4933 ἀνωθεν
2449 4878 2692 4949 ἐφέρετο.
2717 4877 2780 4929 Τί
2802 4873 2892 4930 οῦν
2918 4870 3070 4936 οὗτός
3093 4890 3255 4943 φησιν
3283 4873 3312 4924 6
3334 4871 3608 4942 χρησμός;
3633 4867 3789 4922 Ἰδοὺ

2217 4975 2254 5040 ἡ
2289 4971 2582 5042 παρθένος
2607 4971 2676 5024 ὲν
2708 4967 2916 5040 γαστρί
2941 4967 3083 5032 ἔξει,
3119 4967 3215 5019 καὶ
3254 4964 3480 5027 τέξεται
3512 4961 3664 5023 υίὸν,
3692 4961 3790 5015 καί

2216 5059 2546 5115 καλέσουσι
2581 5057 2644 5111 τὸ
2680 5059 2865 5128 ὄνομα
2889 5056 3074 5110 αὑτοῦ
3112 5051 3506 5123 Ἐμμανουήλ.
3546 5052 3668 5113 ΙΙῶς
3699 5046 3792 5103 οὖν

2217 5156 2315 5206 οὐκ
2336 5152 2498 5224 ὲκλήθ
2511 5170 2561 5222 η,
2590 5151 2744 5222 φησὶ,
2770 5151 2830 5203 τὸ
2855 5150 3022 5218 ὄνομα
3051 5145 3216 5202 αὑτοῦ
3269 5144 3634 5215 Ἐμμανουήλ,
3658 5143 3794 5196 ἀλλὰ

2231 5244 2433 5316 Ἰησοῦς
2480 5244 2748 5314 Χριστός;
2783 5243 2902 5294 ὐτι
2959 5240 3058 5292 οὐκ
3119 5235 3269 5302 εῐπε,
3319 5236 3602 5297 Καλέσεις,
3636 5233 3790 5296 ἀλλὰ,

2223 5335 2626 5395 Καλέσουσιν,
2650 5333 2698 5384 οἱ
2731 5331 2878 5401 ὄχλοι
2908 5329 3176 5390 τουτέστι,
3205 5327 3299 5380 καὶ
3331 5328 3364 5396 ἡ
3395 5324 3502 5378 τῶν
3536 5323 3794 5393 πραγμά-

2221 5447 2326 5480 των
2355 5425 2599 5487 ἔκϐασις.
2660 5421 2921 5476 Ἐνταῦθα
2964 5422 3070 5492 γὰρ
3104 5419 3164 5472 τὸ
3195 5417 3488 5488 συμϐαῖνον
3537 5415 3583 5448 ⁷⁸
3624 5417 3795 5484 ὖνομα
3853 5419 3862 5424 “

2222 5517 2430 5588 τίθησι·
2488 5515 2582 5569 καὶ
2626 5513 2743 5576 ἔθος
2773 5512 2924 5565 τοῦτο
2955 5513 3020 5581 τῇ
3055 5512 3264 5582 Γραφῇ,
3311 5510 3377 5563 τά
3429 5506 3794 5578 συμϐαίνοντα

548 5664 554 5670 ⁸
595 5674 1089 5745 ,⁶²,’¹Ξᾳρασιξρουσα
1118 5674 1190 5745 Α.
1223 5673 1284 5726 Ι).
1364 5673 1409 5704 ⁸³
1443 5673 1576 5743 μηδέ
1600 5689 1711 5729 om.
1748 5674 1815 5728 Α.
1849 5673 1909 5728 Β.
1950 5671 2012 5727 C.
2175 5669 2235 5745 βξ
2255 5669 2480 5745 διδόναι]
2515 5671 2588 5745 μὴ
2613 5669 2813 5745 διδόναι
2835 5667 2994 5745 Β.“Ε.
3029 5669 3251 5745 ἑαυτοῖςΔ
3267 5666 3469 5745 διδόναι
3489 5665 3799 5745 ῐ).“ἐαύτοῖς

547 5741 627 5827 μὴ
656 5734 976 5827 εξδάἓοειβῑ-
1013 5746 1057 5827 1‘
1090 5744 1344 5827 ὑμέτερει.
1365 5734 1456 5797 Α·’
1475 5734 1644 5827 A'
1675 5745 1719 5775 ⁸³
1743 5746 1941 5827 ὅληνλη
1974 5740 2374 5827 ξξυλλο.ζῇ1.τὴ.ϊ
2401 5734 2866 5827 τῆέἀάίεείορισεωςν
2897 5740 3043 5827 ὅλην,
3066 5738 3472 5827 ἀγαῑξβέϊφξξῇ
3506 5734 3800 5827 ῖὲθξξέξῖλ-

552 5805 729 5876 μένων
751 5812 981 5880 συλλογῇ
1015 5814 1076 5866 D.
1119 5805 1222 5866 Ᾱιι.
1264 5805 1276 5814 ’
1301 5815 1344 5845 ⁸⁷
1380 5813 1740 5867 καταϐάλλειν
1775 5805 1838 5866 Ιίί
1872 5816 1933 5867 (2.
1973 5813 2032 5866 l'}.

2209 5805 2305 5865 Sic
2329 5805 2433 5880 'Ep.
2456 5805 2514 5865 ει
2539 5805 2700 5864 codd.
2750 5805 3132 5880 συνανετράφη
3161 5809 3275 5880 ῥυ.
3309 5805 3469 5880 Ειιάξ
3502 5806 3568 5880 ξ’
3589 5807 3796 5876 ἀτάραο
3841 5855 3845 5860 .

547 5874 673 5936 inm;
699 5889 777 5942 [πα
815 5881 873 5935 C.
923 5874 993 5914 ’θδ
1021 5885 1068 5935 εί
1098 5883 1172 5954 μὴ
1197 5899 1305 5939 om.
1339 5899 1552 5938 omnes.
1631 5884 1668 5914 τι
1706 5882 1908 5956 στόμα]
1935 5884 2060 5939 add.

2209 5882 2254 5936 3.
2284 5881 2346 5934 υ.
2383 5874 2397 5880 ’
2425 5882 2470 5913 ⁷²
2501 5882 2558 5933 τὸ
2589 5879 2906 5949 συμϐαῖνονί
2931 5874 3008 5932 τῶ
3033 5874 3386 5940 συμϐαίνοντι
3414 5875 3478 5931 ι).
3502 5874 3564 5930 F.
