4066 6432
1555 344 1621 401 ΙΝ
1654 341 2069 400 MATTHA‘JUM
2112 342 2351 401 HOMIL.
2391 347 2458 402 V.

386 488 701 508 ῤ-

1767 584 2119 690 ΗὸΜιιιΑ
2160 629 2239 689 v.

357 796 489 856 Car.
522 798 651 863 I,'v.
681 797 770 852 22.
807 794 917 850 Hoc
959 804 1138 849 autem
1184 802 1352 849 totum
1384 795 1588 873 factum
1628 799 1726 856 est,
1765 803 1823 847 ut
1856 794 1954 847 ad—
2049 809 2161 850 non
2187 806 2481 868 possumus
2506 796 2688 850 omnia
2720 812 2832 851 uno
2866 797 2954 853 die
2987 799 3301 869 complecti,
3329 801 3375 856 si
3397 816 3481 867 ea,
3507 816 3632 873 quae

433 890 750 961 impleretur
779 888 919 959 quod
963 887 1164 941 dit-tum
1208 894 1285 940 est
1322 904 1354 939 a
1384 870 1631 939 ’Domino
1684 901 1778 956 per
1825 901 1954 956 pro-
2051 888 2284 959 singulis
2336 887 2496 943 vobis
2548 888 2748 944 diebus
2798 891 3188 960 proponimus,
3243 891 3299 946 in
3351 870 3636 950 memoria:

432 984 645 1053 phetam
667 981 928 1034 dicentem
961 996 979 1033 :
1005 978 1095 1033 2‘5.
1123 978 1258 1032 Ecce
1287 978 1440 1048 Virgo
1467 979 1521 1031 in
1546 986 1696 1031 utero
1724 977 1953 1044 habebit,
2049 981 2288 1050 quadam
2319 980 2465 1036 serie
2496 981 2651 1050 quasi
2681 990 2933 1035 catenam
2972 984 3225 1050 teneatis,
3258 983 3337 1039 sic
3365 985 3421 1038 in
3447 996 3635 1041 mente

433 1082 485 1127 et
528 1075 706 1144 pariet
749 1071 951 1141 ﬁlium,
990 1078 1039 1124 et
1074 1071 1332 1125 uocabunt
1366 1086 1552 1124 nomen
1587 1071 1700 1139 ejus
1736 1070 1955 1124 Emma-
2046 1071 2299 1139 reponite
2324 1110 2339 1134 ,
2382 1078 2445 1124 ut
2486 1076 2659 1125 totum
2701 1071 3000 1141 Scriptum
3031 1087 3233 1142 corpus
3275 1074 3435 1129 simul
3470 1091 3635 1145 appa-

434 1161 562 1217 uuel
608 1161 750 1233 (Isa.
784 1163 837 1215 7.
881 1161 1005 1231 I4).
2045 1167 2183 1214 reat.
2234 1161 2527 1216 ltevocatis
2575 1161 2743 1232 igitur
2788 1164 2844 1217 in
2892 1171 3132 1217 mentem
3175 1164 3244 1217 iis
3287 1179 3409 1234 quae
3458 1179 3633 1234 nuper

2042 1249 2187 1305 dicta
2218 1261 2374 1316 sunt,
2409 1254 2489 1309 sic
2519 1252 2685 1308 hodie
2720 1253 2788 1309 ad
2831 1268 2896 1308 ea
2930 1268 3053 1323 quae
3100 1253 3460 1325 proponenda
3505 1259 3634 1310 sunt
3667 1323 3675 1329 ,

416 1350 442 1403 1
456 1387 470 1403 .
515 1347 856 1403 Externarum
880 1363 1049 1403 rerum
1077 1348 1319 1401 tumultus
1335 1350 1551 1417 fructum
1571 1346 1825 1402 concionis
1842 1365 1937 1402 au-

342 1440 464 1509 fert.
495 1470 564 1481 —
592 1439 784 1496 Multos
798 1439 958 1495 audio
998 1439 1272 1505 dicentes,
1318 1440 1470 1522 Dum.
1490 1448 1778 1508 przrseutes
1806 1456 1933 1495 con-

338 1530 482 1585 cioni
508 1545 714 1597 sumus,
745 1539 800 1585 et
820 1530 1061 1585 doctrina
1090 1529 1237 1585 verbi
1286 1528 1528 1595 fruimur,
1559 1529 1625 1584 ad
1657 1530 1932 1585 meliorem

338 1621 544 1691 frugem
566 1620 901 1685 reducimur;
929 1623 1131 1691 egressi
1158 1634 1303 1683 vero,
1323 1620 1410 1673 alii
1432 1619 1713 1684 elﬁcimur,
1735 1635 1798 1674 ac
1816 1620 1925 1675 fer-

335 1714 484 1769 voris
513 1714 687 1783 ignem
709 1712 1116 1782 exstinguimus.
1147 1710 1284 1777 Quid
1308 1725 1437 1780 ergo
1466 1710 1754 1780 agendum,
1784 1725 1850 1766 ue
1878 1710 1927 1765 id

333 1804 581 1858 eveniat?
628 1803 699 1858 Ex
709 1802 1023 1873 plorandum
1054 1803 1194 1859 unde
1230 1802 1451 1857 accidat.
1481 1802 1612 1870 Qua:
1637 1816 1798 1856 causa
1828 1802 1927 1872 igi-

334 1902 423 1949 tur
451 1893 605 1948 nobis
633 1902 714 1948 est
746 1894 865 1948 talis
902 1894 1241 1949 mutationis?
1283 1893 1435 1961 Quod
1464 1894 1574 1948 loca
1616 1893 1924 1962 frequente—

329 1999 452 2039 mus
480 1999 586 2038 non
610 1984 1002 2048 convenientia,
1021 1992 1077 2040 et
1099 1984 1238 2054 quod
1264 1999 1384 2038 cum
1416 1984 1674 2054 improbis
1698 1999 1922 2040 consor~

336 2075 469 2129 tium
488 2073 796 2129 habeamus.
815 2074 931 2130 Non
962 2076 1103 2130 enim
1126 2076 1406 2146 Oportebat
1420 2090 1449 2128 a
1467 2076 1726 2131 concione
1741 2092 1925 2146 egres-

329 2180 445 2230 sos,
467 2166 520 2219 in
544 2167 752 2237 negotia
773 2182 870 2221 nos
886 2168 1130 2237 ingerere
1145 2168 1387 2222 coneioni
1411 2182 1517 2222 non
1535 2168 1916 2241 congruentia:

324 2256 423 2310 sed
468 2257 645 2310 statim
671 2257 886 2311 domum
917 2267 1156 2327 petentes
1204 2258 1396 2314 librum
1439 2258 1704 2327 accipere,
1753 2268 1914 2330 atque

324 2362 549 2401 uxorem
596 2357 649 2401 et
674 2347 809 2401 ﬁlios
833 2348 898 2402 ad
923 2364 1110 2404 eorum
1147 2363 1269 2419 qua:
1310 2348 1449 2403 dicta
1501 2349 1710 2405 fuerant
1745 2351 1910 2407 colle-

320 2437 557 2490 ctionem
579 2454 823 2505 evocare,
852 2454 914 2493 ac
936 2450 1063 2494 tunc
1084 2438 1151 2494 ad
1182 2440 1302 2494 vita:
1325 2441 1625 2496 necessaria
1654 2456 1754 2496 nos
1781 2456 1913 2499 con-

310 2530 475 2585 ferre.
522 2530 578 2585 Si
618 2530 759 2585 enim
786 2544 851 2584 ex
881 2529 1072 2584 balneo
1110 2530 1247 2584 nolis
1274 2531 1327 2585 in
1352 2531 1526 2588 forum
1558 2542 1610 2587 te
1637 2535 1902 2591 conferre.

310 2638 383 2677 ne
406 2638 474 2677 ex
519 2621 618 2676 fori
660 2621 890 2692 negotiis
931 2620 1106 2676 balnei
1151 2622 1537 2677 rccreationem
1577 2632 1633 2679 et
1676 2624 1904 2681 fructum

308 2713 597 2768 labefactes
621 2730 634 2768 :
660 2714 826 2767 multo
855 2714 1023 2782 magis
1040 2728 1071 2766 a
1087 2713 1345 2768 concione
1365 2729 1637 2784 egressum
1655 2716 1705 2771 id
1729 2716 1905 2773 facere

307 2805 610 2875 oportebat.
628 2803 745 2860 Jam
769 2818 894 2859 vero
909 2805 1236 2859 eontmrium
1259 2803 1479 2859 facimus
1501 2848 1516 2867 ,
1540 2806 1762 2879 ideoque
1786 2823 1901 2863 om-

306 2895 397 2947 nia
436 2895 726 2964 perdimus.
766 2893 895 2948 Nam
938 2894 1182 2948 lectionis
1217 2893 1448 2950 fructum
1476 2895 1529 2950 in
1561 2906 1740 2952 mente
1761 2913 1898 2954 non-

305 2986 435 3040 dum
476 2986 638 3055 probe
668 2985 920 3051 deﬁxum,
951 2995 1290 3039 externarum
1322 3003 1498 3041 rerum
1529 2991 1782 3045 tumultus
1797 2992 1897 3057 Ju-

304 3075 494 3131 cidens
540 3084 707 3129 totum
754 3076 926 3129 aufert
956 3085 1009 3130 ct
1036 3077 1249 3145 abripit.
1296 3077 1375 3131 Ne
1413 3077 1589 3148 itaque
1620 3080 1670 3134 id
1697 3081 1805 3146 ﬁat,
1829 3097 1896 3138 ex

299 3167 565 3221 concione
584 3158 852 3236 egressus,
894 3166 1021 3219 nihil
1050 3166 1218 3236 magis
1243 3171 1603 3222 necessarium
1629 3179 1782 3240 putes
1810 3172 1895 3227 illa

254 3276 263 3285 '
304 3258 564 3312 doctrina:
609 3255 944 3311 collectione.
988 3257 1193 3310 Etenim
1234 3268 1487 3312 extrema:
1534 3260 1752 3314 desidia:
1780 3260 1895 3318 fue-

302 3350 397 3415 rit,
425 3349 658 3419 quinquc
685 3363 846 3403 sexve
869 3348 985 3402 dies
1026 3347 1370 3402 srcularihus
1418 3352 1642 3420 negotiis
1686 3352 1896 3421 impen-

300 3441 453 3506 dere,
486 3437 860 3509 Spiritualihus‘
880 3453 1010 3493 vero
1042 3455 1106 3492 ne
1137 3454 1294 3492 unam
1334 3437 1551 3506 quidem
1595 3440 1756 3505 diem,
1789 3440 1896 3496 imo

303 3550 375 3589 ne
395 3535 669 3588 minimam
709 3533 924 3602 quidem
964 3531 1066 3585 diei
1110 3542 1314 3599 partem
1363 3532 1653 3587 insmncre.
1701 3532 1893 3589 Annon

298 3626 497 3681 videtis
520 3624 754 3695 qumidie
788 3638 984 3694 pueros
1014 3632 1224 3677 nostros
1249 3623 1557 3694 disciplinas
1585 3639 1718 3695 quas
1743 3640 1896 3683 acce-

300 3728 495 3789 perunt
522 3733 617 3787 per
662 3726 827 3771 totam
873 3716 1015 3771 diem
1062 3716 1413 3770 meditantes?
1456 3716 1686 3786 Idipsum
1717 3726 1772 3772 et
1796 3733 1894 3774 nos

301 3810 596 3873 faciamus;
624 3807 858 3876 alioquin
900 3805 1031 3858 nihil
1062 3805 1215 3859 nobis
1241 3805 1512 3877 supererit
1537 3822 1601 3860 ex
1636 3806 1718 3860 his
1760 3820 1891 3861 con-

298 3901 572 3965 ventibus,
596 3900 640 3954 si
667 3898 812 3953 dolio
844 3905 1057 3967 pertuso
1083 3895 1317 3966 quotidie
1355 3895 1664 3952 hauriamus
1681 3950 1694 3962 ,
1722 3911 1895 3967 neque

300 4006 504 4050 tantam
541 3989 903 4046 custodiendae
928 3988 1181 4043 doctrina:
1200 3988 1609 4043 sollicitudinem
1638 3987 1859 4043 adhibea
1878 4016 1892 4031 ι

310 4099 452 4151 mus,
480 4096 732 4156 quantam
774 4086 912 4140 circa
950 4100 1140 4139 aurum
1168 4097 1219 4140 et
1244 4097 1521 4157 argentum
1565 4087 1898 4144 exhibemus.

313 4177 373 4232 Si
413 4178 533 4249 quis
572 4178 717 4233 enim
757 4178 1009 4255 denarios
1036 4194 1231 4246 paucos
1275 4181 1562 4249 acceperit,
1601 4193 1656 4235 et
1684 4182 1734 4234 in
1778 4197 1902 4236 cru-

309 4286 469 4325 mena
514 4280 802 4341 repomtet
842 4273 1016 4336 suillo
1057 4275 1259 4338 munit;
1308 4288 1405 4327 nos
1447 4282 1625 4329 autem
1666 4275 1903 4346 acceptis

305 4362 538 4433 eloquiis
573 4373 631 4418 et
648 4378 783 4418 auro
803 4372 857 4418 et
893 4367 1118 4434 gemmis
1157 4367 1583 4436 pretiosioribus,
1612 4371 1903 4439 perceptis—

310 4468 421 4522 que
448 4451 678 4521 Spiritus
705 4453 876 4508 sancti
923 4455 1207 4523 thesauris,
1229 4473 1333 4510 non
1355 4472 1420 4512 ea
1449 4458 1499 4512 in
1521 4459 1716 4514 animae
1759 4475 1900 4531 penu

304 4546 670 4611 recondimus,
688 4545 781 4602 sed
805 4547 1134 4618 negligenter
1152 4553 1369 4606 omnino
1390 4551 1614 4607 sinimus
1634 4568 1698 4607 ex
1722 4562 1901 4609 mento

307 4649 491 4695 nostra
513 4640 754 4698 efﬂuere.
778 4642 910 4708 Quis
953 4643 1111 4713 igitur
1153 4643 1287 4698 ultra
1316 4645 1487 4698 nostri
1535 4644 1895 4713 miserebitur,

303 4747 430 4789 cum
460 4733 611 4787 nobis
632 4734 761 4803 ipsis
790 4734 1008 4789 insidias
1031 4749 1301 4803 paremus,
1324 4744 1380 4790 et
1399 4736 1449 4789 in
1480 4744 1679 4790 tantam
1706 4746 1901 4806 sponte

305 4825 604 4882 incidamus
634 4828 1045 4896 paupertatem?
1068 4827 1146 4883 Ne
1170 4828 1329 4898 igitur
1348 4828 1399 4882 id
1428 4829 1659 4892 eveniat,
1692 4829 1897 4886 scriba-

304 4932 432 4973 mus
474 4918 627 4973 nobis
676 4919 951 4974 immntam
990 4919 1163 4988 legem
1191 4928 1247 4974 et
1276 4919 1541 4975 uxoribus
1562 4929 1612 4975 et
1643 4920 1768 4974 ﬁliis
1797 4936 1896 4977 no-

302 5008 454 5075 stris,
480 5015 537 5062 ut
576 5009 718 5067 hanc
754 5023 914 5063 uuam
951 5007 1302 5065 hebdomadas
1343 5008 1485 5065 diem
1520 5025 1899 5067 consecremus

301 5113 426 5153 eum
468 5100 745 5156 audienda‘
771 5099 1051 5168 doctrinae,
1072 5109 1183 5155 tum
1221 5101 1534 5170 colligendis
1565 5102 1629 5157 iis
1653 5118 1771 5173 qum
1797 5118 1894 5157 an-

300 5192 410 5246 dita
437 5202 579 5248 sunt.
603 5193 680 5248 Ita
709 5192 851 5249 enim
873 5193 1042 5248 multo
1059 5192 1344 5249 doeiliores
1360 5192 1428 5248 ad
1455 5209 1517 5248 ea
1534 5210 1653 5265 qua:
1668 5195 1894 5250 dicenda

297 5291 429 5338 sunt
442 5299 823 5347 occurremus;
864 5284 1123 5354 nobisque
1141 5283 1293 5340 labor
1313 5285 1488 5340 minor
1505 5326 1519 5350 ,
1534 5300 1600 5342 ac
1620 5286 1769 5341 vobis
1784 5302 1899 5341 ma-

291 5374 383 5443 jus
405 5374 610 5428 lucrum
631 5376 869 5437 accedet,
905 5390 1024 5430 cum
1049 5390 1112 5429 ea
1135 5389 1256 5445 qua:
1281 5391 1450 5444 nuper
1469 5375 1607 5430 dicta
1633 5386 1757 5430 sunt
1782 5391 1897 5431 me-

298 5467 468 5519 moria
489 5467 807 5531 retinentes,
838 5465 915 5520 sie
940 5465 1218 5536 sequentia
1241 5465 1489 5521 audietis.
1522 5466 1639 5521 Non
1667 5467 1812 5523 enim
1841 5467 1892 5523 id

295 5570 482 5625 parum
518 5555 728 5611 confert
759 5554 825 5609 ad
852 5555 1112 5612 dictorum
1157 5555 1557 5627 intelligentiam
1577 5598 1593 5625 ,
1624 5558 1668 5612 si
1697 5558 1891 5614 seriem

293 5647 683 5703 sententiarum
707 5634 1009 5702 nostrarum
1029 5655 1279 5703 accurate
1304 5648 1552 5705 teneatis.
1587 5649 1721 5716 Quia
1746 5649 1889 5705 enim

2041 1343 2394 1400 accedamus.

2083 1519 2134 1571 2.
2169 1519 2295 1583 Qua:
2332 1523 2396 1571 sit
2439 1521 2507 1573 ris
2547 1523 2724 1573 horum
2767 1528 3025 1575 verborum
3090 1521 3264 1596 Isaia,
3291 1527 3407 1583 Hoc
3442 1536 3608 1584 totum

2014 1606 2207 1663 factum
2252 1619 2351 1663 est.
2385 1609 2488 1663 Cur
2507 1609 2699 1679 Joseph
2720 1612 2787 1664 ad
2803 1611 2997 1666 Isaiam
3027 1616 3317 1670 remittitur.
3344 1617 3447 1671 Cur
3461 1618 3610 1674 Citri—

2012 1710 2119 1754 stus
2144 1718 2246 1754 non
2278 1701 2580 1756 Emmanuel
2605 1705 2753 1772 vulgo
2791 1707 3097 1775 appellatus.
3125 1738 3190 1749 --
3217 1708 3471 1777 ρυειξηαηι
3514 1713 3612 1782 igi-

2012 1802 2099 1846 tur
2126 1794 2280 1848 nobis
2323 1795 2481 1850 hodie
2523 1798 2865 1865 proponenda
2888 1800 3048 1853 sunt?
3086 1799 3196 1854 Hoc
3237 1811 3407 1856 autem
3444 1813 3608 1859 totum

2009 1891 2202 1956 factum
2226 1898 2298 1941 est
2329 1898 2381 1941 ut
2404 1888 2696 1958 impleretur
2721 1891 2856 1959 quod
2876 1891 3069 1946 dictum
3094 1903 3167 1946 est
3189 1909 3220 1946 a
3252 1890 3474 1948 Domino
3519 1912 3608 1963 per

2007 1981 2305 2050 prapltetam
2334 1981 2597 2034 dicentem.
2635 1982 2797 2051 Digna
2827 1984 3084 2038 miraculo
3111 2001 3242 2041 voce
3280 2001 3379 2056 pro
3403 1988 3608 2043 viribus

2008 2071 2253 2125 clamavit
2295 2072 2482 2127 dicens
2516 2092 2530 2127 :
2568 2071 2680 2127 Iloc
2723 2083 2889 2127 autem
2918 2085 3077 2147 totu‘m
3121 2080 3313 2147 factum
3349 2089 3439 2133 est.
3473 2079 3607 2146 Quia

2008 2161 2147 2215 enim
2189 2161 2321 2216 vidit
2343 2163 2557 2233 pelagus
2587 2174 2638 2216 et
2667 2164 2918 2234 abyssum
2952 2142 3296 2236 beinignitatis
3333 2168 3450 2235 Dei,
3479 2142 3532 2223 et
3554 2168 3607 2223 id

2007 2252 2147 2321 quod
2167 2268 2454 2321 numquam
2480 2261 2747 2321 speratum
2773 2255 2942 2308 fuerat
2961 2255 3226 2320 evenisse,
3244 2266 3448 2312 natura:
3462 2258 3627 2312 solue.

2009 2354 2088 2398 tas
2110 2346 2274 2415 leges,
2316 2345 2804 2401 reconciliationem
2832 2346 3047 2411 factam,
3076 2358 3127 2402 et
3155 2351 3394 2404 omnium
3422 2367 3610 2421 supre-

2008 2451 2151 2489 mum
2165 2435 2232 2490 ad
2249 2436 2487 2490 omnium
2506 2435 2745 2489 inﬁmum
2758 2435 3124 2502 descendisse,
3144 2438 3378 2493 medium
3394 2454 3605 2494 murum

2006 2525 2292 2593 sublatum,
2326 2536 2379 2582 et
2405 2526 2783 2596 impedimenta
2805 2526 3010 2591 abacta,
3045 2530 3321 2598 multoque
3350 2530 3498 2599 plura
3523 2530 3608 2587 his

2005 2629 2152 2690 gesta
2166 2620 2291 2685 alia,
2312 2635 2419 2673 uno
2430 2620 2595 2673 verho
2609 2619 2922 2673 miraculum
2938 2619 3231 2675 declaravit
3254 2622 3437 2677 dicens
3459 2639 3474 2676 :
3501 2621 3609 2676 Hoc

2005 2724 2172 2766 autem
2201 2720 2355 2765 totum
2377 2714 2565 2782 factum
2594 2720 2685 2775 est,
2700 2721 2754 2764 ut
2774 2709 3069 2781 impleretur
3096 2711 3241 2781 quod
3261 2713 3449 2767 dictum
3481 2722 3552 2767 est
3576 2730 3608 2767 α

2007 2802 2246 2857 Domino.
2266 2800 2344 2855 Ne
2359 2800 2857 2871 existimes,iuquit,
2888 2802 2937 2854 id
2964 2801 3122 2855 modo
3137 2801 3415 2856 decretum
3445 2819 3605 2867 esse;

2002 2895 2111 2966 jam
2140 2894 2267 2949 olim
2297 2893 2690 2963 pratﬁguratum
2733 2891 2926 2948 fuerat.
2949 2891 3003 2947 Id
3029 2892 3169 2962 quod
3211 2893 3371 2948 etiam
3414 2894 3609 2949 Paulus

2005 2987 2206 3057 ubique
2249 2986 2620 3041 demonstrare
2650 2984 2873 3039 studuit.
2916 2984 3031 3039 Jam
3061 3000 3188 3039 vero
3218 2985 3509 3053 Josephum
3542 2988 3608 3040 ad

2010 3077 2200 3133 Isaiam
2248 3078 2495 3145 remittit,
2526 3089 2581 3131 ut
2616 3078 2660 3132 si
2702 3086 3045 3146 experrectus
3090 3078 3372 3133 verborum
3420 3080 3607 3149 ipsius,

2023 3190 2206 3249 utpote
2252 3194 2442 3235 recens
2489 3179 2777 3241 dictorum,
2823 3180 3021 3235 oblitus
3064 3191 3233 3242 esset,
3277 3183 3614 3251 prophetico-

2022 3289 2163 3335 rum.
2193 3288 2243 3326 In
2272 3287 2497 3342 quorum
2543 3271 2888 3326 meditatione
2917 3272 3148 3327 nutritus
3178 3272 3366 3337 fuerat,
3399 3288 3613 3343 semper

2019 3364 2330 3418 recordatus
2354 3404 2369 3429 ,
2396 3378 2515 3433 qua:
2541 3363 2681 3418 dicta
2707 3363 2805 3417 sibi
2837 3373 2990 3417 erant
3021 3364 3295 3419 retineret.
3329 3364 3493 3419 Uxori
3518 3382 3609 3419 au-

2020 3461 2125 3507 tem
2158 3454 2289 3508 nihil
2320 3453 2426 3509 tale
2472 3454 2624 3520 dixit,
2660 3464 2842 3523 utpote
2871 3470 2989 3524 qua:
3029 3456 3199 3524 puclla
3220 3456 3393 3509 adhuc
3420 3457 3605 3511 horum

2019 3545 2257 3599 notitiam
2303 3562 2407 3601 non
2446 3546 2670 3601 haberet
2701 3565 2713 3598 :
2746 3547 2858 3600 viro
2884 3556 3061 3602 autem
3111 3556 3294 3617 utpote
3326 3550 3491 3618 justo,
3520 3550 3609 3619 qui

2016 3637 2303 3707 prophetas
2339 3638 2705 3703 meditaretur,
2727 3639 2851 3693 hinc
2873 3639 3141 3694 edisserit.
3163 3640 3227 3695 Et
3248 3641 3473 3695 antehac
3494 3642 3613 3711 qni-

2013 3728 2134 3783 dem
2160 3728 2365 3783 dixerat
2399 3747 2412 3781 :
2445 3729 2665 3783 Mariam
2687 3731 2952 3802 ranjugcm
2982 3741 3121 3784 tuam
3145 3748 3162 3785 :
3189 3731 3275 3787 hic
3305 3748 3433 3786 vero
3460 3741 3608 3801 post-

2012 3835 2171 3889 quam
2217 3820 2531 3890 prophetam
2578 3821 2796 3876 adduxit
2824 3823 2874 3875 in
2906 3822 3162 3886 medium,
3210 3839 3350 3878 nunc
3391 3824 3605 3879 demum

2014 3927 2207 3966 nomen
2257 3913 2571 3982 virginitatis
2621 3914 2694 3967 illi
2746 3914 2973 3968 credidit
3008 3923 3061 3967 et
3101 3916 3383 3985 patefecit;
3436 3930 3606 3985 neque
3668 3958 3673 3963 .

2011 4002 2152 4064 enim
2183 4009 2289 4054 tam
2343 4003 2727 4071 imperturbata
2755 4006 2934 4056 animo
2966 4003 3171 4067 fuisset,
3201 4005 3384 4059 audito
3427 4006 3604 4074 Virgi-

2010 4092 2092 4146 nis
2136 4093 2371 4157 nomine,
2411 4093 2511 4146 nisi
2562 4096 2708 4163 prius
2744 4094 2792 4147 id
2824 4095 2892 4148 ab
2931 4095 3062 4149 Isaia
3108 4096 3419 4150 audivisset.
3461 4096 3602 4151 Nihil

2007 4182 2147 4235 enim
2194 4184 2539 4252 stupendum,
2571 4184 2665 4239 sed
2707 4200 2817 4239 rem
2852 4186 2949 4240 sibi
3004 4186 3118 4241 haec
3147 4187 3316 4241 multo
3360 4196 3603 4257 tempore

2006 4273 2284 4328 meditanti
2314 4273 2631 4329 fantiliarem
2658 4277 2936 4331 auditurus
2961 4286 3078 4332 erat
3104 4294 3133 4331 a
3161 4278 3441 4347 pr0pheta.
3478 4279 3602 4336 Ideo

2003 4364 2224 4433 angelus
2270 4374 2326 4419 ut
2368 4382 2481 4421 rem
2528 4367 2839 4421 credibilem
2884 4368 3166 4434 redderet,
3197 4364 3381 4424 Isaia’m
3414 4371 3577 4425 inme

2002 4455 2147 4509 dium
2206 4455 2442 4511 adducit.
2493 4457 2675 4527 Neque
2731 4458 2815 4513 hic
2872 4460 3095 4530 gradum
3147 4462 3325 4525 sistit,
3379 4463 3471 4518 sed
3533 4478 3589 4518 ac

2005 4544 2171 4600 Deum
2199 4545 2312 4601 hare
2335 4546 2639 4617 loquentem
2658 4548 2814 4620 erigit
2838 4566 2995 4616 eum;
3030 4566 3134 4604 non
3167 4553 3307 4606 enim
3328 4553 3589 4623 propheta

1964 4634 1971 4641 ’
2008 4639 2168 4691 verba
2211 4653 2332 4693 esse
2380 4639 2554 4705 dixit,
2600 4641 2693 4694 sed
2733 4657 2760 4695 a
2793 4642 2901 4697 Deo
2946 4643 3313 4697 universorum
3370 4646 3594 4714 prolata.

2001 4727 2127 4783 Ideo
2170 4746 2277 4784 non
2316 4729 2472 4797 dixit,
2522 4740 2577 4785 ut
2609 4732 2924 4802 impleretur
2972 4735 3115 4804 quod
3155 4735 3354 4788 dictum
3398 4745 3479 4791 est
3528 4738 3571 4788 a'

2000 4817 2169 4883 Isaia;
2212 4818 2342 4886 sed,
2399 4820 2549 4887 Quod
2589 4820 2777 4874 dictum
2816 4831 2889 4875 est
2931 4840 2963 4874 ιι
2999 4821 3254 4878 Domino:
3284 4838 3348 4878 os
3399 4825 3570 4895 quipp

1997 4919 2113 4965 erat
2138 4910 2289 4966 Isaia:
2310 4953 2326 4977 ,
2354 4913 2631 4967 oraculum
2669 4928 2795 4968 vero
2821 4928 2853 4968 e
2882 4915 3128 4983 supernis
3171 4916 3427 4973 delatum.
3456 4919 3571 4986 Qlllt

1995 5012 2175 5059 autem
2205 5004 2278 5059 ait
2301 5003 2405 5059 hoc
2428 5005 2699 5059 oraculum
2725 5021 2740 5060 :
2765 5002 2899 5059 Ecce
2930 5005 3085 5077 Virgo
3112 5007 3166 5062 in
3192 5018 3332 5063 utero
3358 5011 3555 5066 habebit
3574 5055 3587 5075 ,

1995 5105 2041 5148 et
2063 5096 2225 5166 pariet
2268 5095 2468 5165 ﬁlium,
2514 5106 2558 5151 et
2597 5094 2841 5150 vocabunt
2879 5113 3062 5152 nomen
3106 5100 3217 5170 ejus
3262 5100 3585 5160 Emmanuel.

1996 5184 2147 5255 (Isai.
2178 5187 2227 5240 7.
2258 5185 2372 5258 It).
2395 5186 2499 5243 Cur
2517 5202 2666 5257 ergo,
2695 5186 2862 5252 dices,
2876 5204 2981 5244 non
3010 5200 3231 5246 vocatus
3255 5202 3336 5247 est
3374 5193 3578 5249 Emma-

1995 5280 2138 5343 nuel,
2165 5277 2259 5333 sed
2301 5276 2457 5334 Jesus
2497 5278 2784 5333 Christus?
2827 5279 2960 5346 Quia
2994 5296 3102 5338 non
3148 5282 3309 5347 dixit,
3334 5283 3585 5353 Vocahis,

1995 5372 2111 5438 sed,
2144 5371 2429 5439 Vocabuut,
2460 5388 2654 5443 nempe
2704 5373 2903 5443 populi,
2927 5382 2983 5429 et
3021 5375 3135 5445 ipse
3175 5391 3354 5430 rerum
3388 5378 3583 5432 exitus.

1996 5464 2090 5518 llic
2112 5464 2187 5519 rei
2213 5478 2334 5534 qua!
2367 5464 2590 5533 contigit
2631 5479 2824 5519 nomen
2853 5466 3114 5535 imponit:
3147 5476 3201 5521 et
3231 5466 3318 5521 hic
3346 5478 3429 5521 est
3466 5486 3586 5524 mos

1994 5554 2305 5624 Scriptum,
2337 5568 2429 5609 res
2452 5555 2935 5626 quaacontingunt
2962 5572 3058 5626 pro
3080 5556 3313 5621 nomine
3359 5575 3581 5628 ponere.

1992 5644 2130 5701 Nihil
2157 5645 2302 5702 enim
2328 5644 2472 5701 aliud
2494 5655 2579 5703 est
2607 5645 3027 5717 illud,”ch
3057 5647 3378 5718 Emmanuel,
3399 5664 3580 5722 quam,
