4066 6424
493 361 567 416 57
1195 370 1253 428 s.
1292 368 1571 427 JOANNIS
1605 364 2076 424 cnnvsosront
2117 363 2431 420 ARCHIEP.
2471 361 3005 420 CONS‘I‘ANTINOP.
3692 364 3757 420 δε

495 471 769 527 Videbunt
810 472 977 525 Deum
1006 482 1127 521 cum
1173 467 1506 530 hominibus;
1548 480 1669 519 nam
1709 480 1923 533 semper
1962 479 2083 518 etnn
2178 461 2611 527 rutilaccepliuui
2658 464 2987 519 obnoxiam?
3025 466 3206 538 Neque
3248 482 3389 523 ennn
3442 491 3590 529 emno
3616 486 3763 535 lllSlc

498 564 805 620 hominibus
830 559 957 624 l'nit,
985 558 1079 613 sed
1108 572 1396 626 numquam
1427 557 1498 611 ita
1527 556 1829 612 manifeste.
1858 556 2008 624 Quod
2039 557 2071 609 si

2175 547 2443 617 quidpiam
2470 560 2525 604 et
2545 560 2698 619 turpe
2721 556 3110 629 suspicabatur,
3140 560 3284 615 illam
3314 565 3455 633 apud
3482 582 3543 620 se
3569 572 3765 624 retine-

498 655 833 724 Impudenter
879 651 1140 705 obsistant
1180 648 1393 715 Judaei,
1441 649 1887 719 interrogabimus
1930 662 2025 704 eos
2066 660 2081 702 :

486 753 836 820 Quandonam
876 761 1094 807 vocatus
1130 760 1212 807 est
1233 766 1383 821 puer,
1419 750 1530 805 Cito
1559 751 1809 820 prwdare,
1841 749 2078 805 velociter

485 845 649 912 spolia
664 844 850 907 aufer?
883 842 987 898 Sed
1016 842 1146 896 nihil
1169 841 1497 911 respondere
1519 849 1785 909 poterunt.
1808 840 1919 895 Cur
1948 854 2077 909 ergo

486 936 746 1003 propheta
774 934 908 988 dixit
932 953 945 986 :
990 934 1123 987 Voca
1152 950 1330 987 nomen
1358 934 1499 1001 ejus,
1528 931 1637 985 Cito
1664 932 1895 1003 prcedere
1919 929 2073 1003 (lsai.

464 1024 538 1081 ,8.
570 1026 653 1091 '5)?
695 1024 959 1092 Quoniam
1001 1025 1117 1095 ipso
1165 1034 1290 1077 nato
1329 1023 1667 1091 depopulatio
1704 1031 1757 1077 et
1782 1022 2072 1093 spoliorum

484 1117 713 1186 direptio
742 1117 877 1170 facta
902 1124 986 1170 est
1016 1135 1027 1169 :
1058 1117 1281 1186 ideoque
1309 1131 1423 1170 rem
1448 1130 1565 1180 quze
1595 1117 1735 1168 circa
1760 1114 1930 1184 ipsum
1950 1128 2076 1168 con-

485 1208 622 1278 tigit,
646 1208 797 1277 quasi
830 1222 1021 1262 nomen
1052 1207 1148 1275 ipsi
1180 1206 1421 1275 imponit.
1444 1205 1510 1258 Et
1536 1206 1730 1267 civitas,
1770 1204 1957 1275 inquit,
1989 1220 2073 1258 vo-

486 1299 682 1353 cabitur
726 1300 901 1353 civitas
937 1300 1173 1368 justitiae,
1217 1298 1510 1365 metropolis
1554 1298 1719 1365 fidelis
1762 1296 1888 1352 Sion
1915 1295 2071 1363 (Isai.

488 1390 539 1443 1.
565 1389 658 1458 26)
688 1406 701 1442 :
731 1399 786 1443 et
807 1405 1064 1458 nusquam
1116 1388 1413 1443 invenimus
1454 1388 1598 1442 illam
1643 1388 1804 1441 fuisse
1836 1397 2074 1441 vocatam

479 1479 739 1548 justitiam
771 1481 810 1545 ί,
840 1480 934 1534 sed
979 1494 1173 1533 nomen
1204 1478 1305 1548 ipsi
1340 1479 1538 1533 mansit
1570 1479 1939 1549 Jerosolyma;
1979 1494 2070 1533 ve-

481 1586 600 1624 rum
639 1570 760 1640 quia
796 1572 909 1641 ipSa
940 1573 992 1624 in
1014 1571 1208 1625 melius
1232 1579 1557 1624 commutata
1586 1570 1686 1623 hoc
1730 1570 1829 1637 ipsi
1860 1570 2072 1634 accidit,

483 1663 605 1721 ideo
630 1666 799 1733 ipsam
823 1665 893 1717 ita
926 1662 1103 1717 vocari
1131 1662 1285 1716 dixit.
1318 1661 1419 1717 Ubi
1446 1660 1588 1715 enim
1619 1661 1879 1730 contingit
1905 1659 2075 1729 quod-

478 1757 604 1811 dam
642 1756 958 1825 przcclarum
1003 1753 1230 1819 facinus,
1281 1752 1422 1822 quod
1464 1752 1660 1807 clarius
1702 1768 1858 1821 quam
1900 1752 2073 1820 ipsum

481 1846 757 1916 proprium
788 1860 982 1898 nomen
1013 1844 1210 1898 indicat
1248 1854 1519 1897 auctorem
1550 1841 1686 1909 ejus,
1714 1852 1808 1895 aut
1835 1856 1954 1895 eum
1983 1840 2073 1910 qui

480 1940 600 2010 ejus
628 1938 851 1992 fructum
877 1938 1131 2007 percepit,
1156 1952 1350 1992 nomen
1370 1937 1486 2007 ejus
1506 1936 1778 2004 Scriptura
1804 1935 1928 1989 dicit
1952 1948 2075 1989 esse

482 2031 559 2086 rei
583 2029 881 2085 veritatem.
915 2028 1065 2095 Quod
1092 2029 1135 2082 si
1169 2027 1294 2082 hinc
1331 2028 1585 2082 confutati
1623 2026 1763 2080 aliud
1809 2034 2071 2094 qumrant,

483 2135 675 2190 nempe
703 2121 771 2174 de
797 2117 1098 2189 virginitak
1126 2118 1350 2183 dictum,
1380 2126 1435 2171 et
1462 2117 1718 2185 objiciant
1741 2116 1894 2171 nobis
1937 2115 2073 2170 alios

482 2213 822 2280 interpretes,
851 2210 1129 2266 dicentes:
1157 2209 1222 2262 lli
1253 2223 1358 2262 non
1388 2208 1637 2263 dixerunt
1663 2207 1952 2276 Virginem.
1976 2206 2072 2262 sed

481 2305 709 2373 puellam
741 2303 836 2373 ('a):
866 2303 1035 2371 primo
1076 2301 1294 2372 quidem
1330 2299 1460 2353 illud
1493 2299 1733 2354 dicemus
1754 2340 1770 2359 ,
1798 2300 1920 2369 jure
1940 2298 2068 2368 Sep-

482 2398 717 2467 tnaginla
748 2397 1067 2465 interpretes
1087 2394 1204 2448 aliis
1224 2393 1328 2448 ﬁde
1354 2392 1621 2462 digniores
1641 2391 1846 2445 haberi.
1865 2388 1999 2445 Nam
2019 2391 2072 2446 bi

479 2488 736 2559 postremi
760 2495 882 2557 post
907 2486 1106 2541 Christi
1132 2486 1422 2541 adventum
1445 2485 1775 2553 interpretati
1812 2492 1955 2548 sunt,
1976 2483 2072 2537 Ju-

478 2581 683 2651 dreique
726 2586 1077 2643 manserunt,
1109 2576 1249 2631 unde
1279 2577 1330 2631 in
1358 2576 1715 2645 suspicionem
1747 2573 1959 2637 cadant,
1983 2581 2068 2628 ut-

480 2680 605 2741 pote
642 2670 733 2739 qui
759 2684 825 2723 cx
854 2668 1128 2722 inimicitia
1154 2668 1231 2721 sic
1260 2666 1435 2736 potius
1458 2664 1712 2727 dixerint,
1743 2678 1806 2717 ac
1832 2662 2068 2733 prophe-

480 2764 581 2815 tias
622 2761 691 2815 de
721 2760 979 2814 industria
1009 2759 1238 2812 obscure
1280 2756 1644 2815 converterint
1675 2771 1689 2808 :
1722 2754 2067 2824 Septuaginta

479 2868 611 2907 vero
640 2852 729 2922 qui
768 2859 983 2905 centum
1008 2858 1099 2904 aut
1127 2847 1371 2918 pluribus
1399 2847 1555 2902 annis
1582 2856 1707 2900 ante
1730 2845 1932 2900 Christi
1969 2845 2068 2899 ad-

480 2954 700 3002 ventum
725 2946 850 2999 huic
898 2944 976 2998 rei
1027 2952 1105 2997 tot
1148 2956 1374 2996 numero
1416 2955 1633 2994 manum
1682 2937 2069 3004 admoverunt,

480 3039 548 3093 ab
575 3038 719 3092 omni
744 3034 1047 3105 huiusmodi
1076 3032 1383 3101 suspicione
1404 3029 1557 3085 liberi
1584 3037 1744 3094 sunt,
1774 3041 1836 3081 ac
1864 3035 1973 3081 tum
1998 3027 2071 3081 ob

479 3140 686 3194 tempus
740 3138 849 3181 tum
878 3128 947 3181 ob
978 3126 1398 3188 multitudinem,
1447 3133 1558 3179 tum
1580 3122 1651 3179 ob
1672 3131 1908 3177 mutuum
1927 3136 2061 3175 con-

478 3232 695 3272 sensum
725 3220 828 3275 ﬁde
853 3218 998 3283 digni
1022 3216 1248 3272 habendi
1276 3226 1419 3272 sunt.

550 3397 605 3452 3.
647 3396 740 3451 Sin
769 3404 947 3451 autem
979 3395 1333 3451 recentiorum
1366 3393 1727 3448 testimonium
1768 3388 2061 3459 proferant,

476 3488 637 3543 etiam
666 3488 766 3543 hoc
795 3487 955 3543 modo
976 3487 1195 3541 victoria
1227 3498 1389 3554 penes
1420 3498 1515 3537 nos
1541 3483 1644 3537 erit
1675 3499 1689 3535 :
1722 3496 1843 3535 nam
1874 3478 2064 3549 puellae

479 3581 695 3635 nomine
730 3581 869 3635 solet
906 3578 1177 3648 Scriptura
1218 3576 1474 3645 virginem
1519 3589 1741 3638 vocare;
1773 3572 1930 3641 idque
1956 3585 2063 3624 non

477 3673 547 3727 de
581 3673 893 3727 mulieribus
932 3680 1169 3735 tantum,
1204 3669 1297 3724 sed
1328 3669 1488 3723 etiam
1537 3665 1604 3721 de
1653 3666 1781 3718 viris
1824 3662 2018 3717 dicitur
2049 3677 2064 3717 :

481 3778 605 3818 nam
649 3764 752 3827 ait,
803 3760 1021 3815 Iuvenes
1063 3769 1109 3814 et
1133 3760 1380 3829 virgines,
1427 3773 1567 3811 senes
1613 3772 1729 3808 cum
1777 3751 2069 3825 junioribus

481 3851 666 3922 (Psal.
702 3852 824 3906 148.
873 3850 998 3919 l2).
1031 3852 1104 3903 Ac
1132 3864 1342 3903 rursum
1372 3846 1439 3901 de
1467 3846 1635 3915 puella
1669 3844 1892 3913 loquens
1916 3840 2071 3909 cujus

480 3943 755 4014 virginitas
778 3942 1050 4011 impetitur
1073 3940 1201 3995 dicit
1233 3958 1247 3994 :
1279 3938 1341 3995 Si
1370 3938 1657 3992 clamaverit
1687 3935 1859 4002 puella
1893 3934 2066 4003 (Deut.

476 4035 569 4090 22.
626 4035 767 4105 27),
818 4034 868 4088 id
903 4044 985 4088 est
1008 4074 1022 4099 ,
1066 4031 1255 4103 virgo:
1285 4032 1333 4085 id
1366 4047 1492 4084 vero
1520 4030 1871 4085 conﬁrmatur
1908 4042 1975 4081 ex
2006 4025 2072 4079 iis

477 4142 597 4194 qua:
634 4141 793 4194 supra
824 4124 963 4178 dicta
1002 4134 1149 4181 sunt.
1182 4122 1361 4191 Neque
1386 4122 1530 4176 enim
1563 4118 1876 4188 simpliciter
1895 4115 2031 4170 dixit
2052 4155 2068 4181 ,

479 4214 615 4270 Ecce
650 4219 790 4285 virgo
834 4217 887 4268 in
931 4226 1069 4269 utero
1115 4214 1349 4279 habebit;
1377 4212 1472 4266 sed
1501 4227 1620 4266 cum
1646 4220 1769 4266 ante
1808 4209 2066 4274 dixisset,

480 4306 614 4360 Ecce
641 4308 779 4359 dabit
809 4305 1053 4358 Dominus
1089 4306 1196 4373 ipse
1221 4303 1357 4356 vobis
1382 4304 1581 4371 signum
1599 4342 1613 4366 ,
1648 4310 1774 4355 tunc
1803 4298 2066 4367 subjecit,

481 4394 614 4449 Ecce
634 4397 773 4465 virgo
807 4396 858 4447 in
886 4403 1024 4447 utero
1056 4393 1252 4446 habebit
1292 4392 1318 4461 (
1334 4390 1460 4444 Isai.
1504 4391 1558 4446 8.
1598 4392 1723 4455 Η).
1773 4389 1928 4458 Atqui
1969 4388 2069 4442 nisi

483 4487 631 4556 virgo
654 4484 839 4538 luisset
864 4485 948 4538 illa
980 4500 1099 4551 qua:
1131 4484 1360 4552 paritura
1395 4493 1511 4535 erat
1532 4522 1546 4546 ,
1579 4491 1633 4535 et
1658 4481 1701 4534 si
1724 4496 1790 4533 ex
1816 4479 2067 4533 connubii

485 4578 603 4647 lege
642 4576 692 4630 id
731 4574 965 4629 futurum
1007 4583 1159 4640 erat,
1204 4572 1344 4643 quod
1380 4572 1591 4626 tandem
1624 4572 1673 4625 id
1706 4572 1911 4641 signum
1946 4571 2074 4626 fuis-

481 4670 600 4724 set?
630 4669 851 4738 Signum
888 4667 1029 4722 enim
1062 4680 1240 4721 rerum
1269 4678 1607 4717 communem
1639 4662 1882 4716 ordinem
1912 4661 2073 4716 debet

482 4759 778 4822 excedere,
808 4767 968 4827 atque
1005 4756 1226 4811 onmino
1266 4756 1683 4823 inexspectatum
1724 4762 1778 4807 ct
1805 4753 2074 4807 insolitum

485 4864 636 4913 esse;
660 4849 888 4917 alioquin
920 4847 1191 4919 quomodo
1229 4847 1435 4916 signum
1459 4846 1638 4899 esset!
1663 4844 1753 4898 24.
1790 4840 2078 4913 Exsurgens

489 4949 657 4990 autem
680 4935 872 5008 Ioseph
899 4956 929 4991 a
951 4955 1153 5004 somno,
1194 4938 1311 5011 fecit
1338 4939 1464 4991 sicut
1500 4938 1736 5007 prwcepit
1772 4936 1822 4988 ei
1869 4934 2080 5005 angelus

497 5029 721 5082 Domini.
740 5028 981 5083 Vidistin’
1006 5030 1407 5099 obsequentiam
1434 5038 1486 5082 et
1523 5026 1757 5081 animum
1801 5026 2078 5094 obtempe—

492 5118 740 5177 rantem?
772 5119 999 5174 vidistin‘
1031 5120 1261 5175 animam
1300 5120 1537 5190 vigilem,
1569 5128 1622 5173 et
1646 5118 1777 5172 nulli
1820 5131 2080 5187 persona-

550 5374 564 5403 ¹
602 5369 696 5419 Alii
722 5382 816 5417 non
839 5365 1222 5427 male,jnstitiaz.

548 5434 621 5494 (τι)
655 5435 739 5488 Qui
776 5444 895 5494 vero
922 5434 1178 5494 verterunt
1215 5427 1444 5494 puellam,
1489 5437 1603 5494 sunt
1633 5426 1828 5494 Aquila,
1862 5434 2072 5494 Symma-

486 5488 614 5541 chus"
628 5501 680 5542 et
701 5492 986 5547 'I'hetxlotio,
1004 5496 1060 5538 ut
1085 5488 1252 5537 videas
1277 5490 1323 5538 in
1348 5491 1575 5551 Hexaplis
1598 5488 1774 5540 nostris
1798 5488 1907 5538 lsail
1927 5488 1975 5545 7,
2000 5488 2074 5535 li.

488 5561 581 5602 Hac
601 5555 665 5602 de
688 5568 747 5603 re
778 5553 908 5614 vide,
928 5550 1267 5614 Hieronymum
1287 5564 1337 5599 tn
1361 5550 1552 5610 Isaiam,
1588 5554 1670 5614 qui
1710 5553 1883 5614 probat
1906 5563 2074 5598 vocem

489 5637 785 5696 ttebraicam,
810 5613 973 5694 m‘r;
992 5677 1005 5695 .
1048 5613 1142 5682 non
1166 5633 1325 5695 modo,
1350 5613 1795 5695 virginemﬁedet,
1813 5630 2071 5683 abstemii-

491 5716 587 5758 tum
611 5705 859 5771 virginem,
884 5704 1178 5767 signiﬁcare.

2172 654 2232 693 re
2261 641 2449 707 voluit,
2484 658 2656 713 neque
2683 656 2856 700 amota
2884 648 3186 717 suspicione
3206 691 3220 712 ,
3245 653 3388 707 illam
3419 656 3556 709 ultra
3581 656 3763 713 dimit-

2174 740 2286 788 tere
2314 734 2596 799 sustinuit;
2625 736 2733 790 imo
2761 753 2889 792 vero
2922 741 3062 794 illam
3092 745 3342 810 retinuit;
3369 762 3434 801 ac
3462 749 3626 804 totius
3655 749 3766 806 dis-

2175 824 2500 891 pensationis
2538 827 2780 882 minister
2818 827 3037 884 eﬁ‘ectus
3065 843 3166 887 est.
3202 832 3267 887 Et
3293 840 3520 905 accepit,
3550 840 3721 911 inquit
3751 882 3768 908 ,

2181 911 2399 966 Mariam
2425 916 2691 985 conjugem
2723 934 2888 972 suam.
2933 919 3122 976 Viden‘
3148 940 3306 993 quam
3336 926 3646 998 frequenter
3672 932 3771 986 hoc

2177 1019 2381 1057 nomen
2434 1004 2677 1074 proferat
2734 1009 3092 1079 evangelista,
3147 1012 3295 1081 quod
3351 1016 3490 1069 nolit
3544 1018 3768 1074 interim

2177 1096 2499 1167 mysterium
2555 1097 2689 1153 illud
2755 1101 3045 1170 revelare,
3096 1101 3229 1160 dum
3289 1105 3490 1161 malam
3548 1120 3775 1166 amovet

2178 1189 2550 1260 suspicionem
2570 1192 2594 1245 ?

2245 1352 2413 1408 Maria
2448 1361 2558 1424 post
2597 1368 2800 1427 partum
2829 1362 2968 1432 virgo
2997 1366 3201 1419 mansit.
3234 1366 3412 1423 -—25.
3448 1369 3573 1424 Cum
3598 1385 3769 1427 autem

2168 1445 2440 1513 accepisset
2489 1463 2635 1505 eam.
2682 1465 2783 1503 non
2829 1455 3064 1522 cognovit
3120 1455 3301 1524 illam,
3359 1459 3520 1514 donec
3573 1465 3773 1533 peperit

2169 1533 2333 1602 ﬁlium
2370 1551 2517 1588 suum
2565 1537 2988 1609 primogenitum;
3033 1542 3159 1598 illud
3201 1545 3369 1601 Donec
3413 1548 3499 1604 hic
3540 1553 3761 1620 posuit,

2170 1642 2277 1681 non
2303 1637 2361 1681 ut
2378 1631 2686 1697 suspiceris,
2718 1632 2859 1687 illam
2888 1646 3072 1705 postea
3102 1641 3419 1706 cognovisse
3439 1642 3758 1713 Josephum,

2168 1717 2261 1772 sed
2312 1728 2367 1772 ut
2416 1720 2554 1774 scias
2602 1720 2871 1792 Virginem
2925 1741 3093 1794 usque
3137 1729 3202 1781 ad
3251 1742 3454 1797 partum
3500 1732 3755 1787 intactam

2170 1807 2350 1862 fuisse.
2382 1808 2490 1864 Cur
2529 1811 2708 1882 itaque
2737 1812 2837 1875 ait,
2873 1815 3041 1870 Donec
3070 1820 3303 1887 peperit?
3349 1820 3445 1875 llic
3502 1802 3625 1877 mos
3671 1825 3756 1877 lu-

2168 1900 2365 1968 qucndi
2392 1900 2444 1955 in
2471 1902 2747 1973 Scriptura
2788 1922 2933 1975 saepe
2958 1909 3302 1976 observatur;
3332 1914 3483 1969 itaut
3513 1915 3627 1971 hmc
3657 1933 3757 1973 vox

2169 2004 2273 2043 non
2316 2007 2414 2060 pro
2452 1992 2672 2049 deﬁnito
2697 1997 2931 2065 quodam
2955 2008 3196 2069 tempore
3239 2014 3487 2072 ponatur.
3517 2005 3651 2062 Nam
3696 2009 3765 2065 de

2167 2093 2290 2135 arca
2340 2082 2563 2153 loquens
2610 2086 2685 2141 ait
2729 2106 2742 2142 :
2788 2086 2907 2143 Non
2946 2106 3172 2148 reversus
3229 2104 3302 2149 est
3342 2112 3557 2165 corvus,
3603 2101 3764 2155 donec

2171 2174 2444 2229 siccantur
2489 2186 2623 2233 terra
2662 2178 2831 2247 (Gen.
2874 2182 2929 2237 8.
2976 2184 3079 2254 7),
3133 2187 3232 2241 etsi
3285 2199 3466 2257 postea
3522 2208 3770 2249 reversus

2172 2279 2275 2317 non
2300 2266 2389 2320 sit.
2423 2265 2501 2321 De
2529 2268 2645 2336 ipsa
2672 2271 2830 2324 etiam
2862 2271 2972 2326 Deo
3000 2275 3077 2329 sic
3106 2274 3342 2345 loquitur
3375 2298 3388 2333 :
3429 2279 3473 2333 Α
3500 2285 3687 2337 uacula
3713 2295 3763 2339 et

2170 2372 2328 2423 usque
2368 2357 2419 2410 in
2446 2359 2685 2412 strculum
2715 2371 2768 2414 tu
2793 2379 2845 2415 es
2871 2362 3051 2433 (Psal.
3082 2365 3171 2421 89.
3199 2368 3304 2436 2);
3334 2371 3506 2425 nullos
3535 2372 3623 2428 hic
3658 2384 3771 2430 ter-

2174 2446 2350 2502 minos
2389 2462 2629 2518 ponens;
2675 2465 2966 2523 rursusque
3018 2459 3431 2525 praenuntiam:
3475 2462 3680 2518 Orietur
3709 2466 3764 2519 in

2173 2537 2347 2591 diebus
2384 2538 2493 2607 ejus
2526 2540 2733 2607 justiu‘a
2770 2552 2816 2595 et
2860 2542 3171 2599 abundantia
3202 2550 3376 2616 pacis,
3408 2551 3569 2606 donec
3618 2560 3769 2625 aufe-

2172 2639 2317 2681 ratur
2342 2629 2464 2683 luna
2500 2627 2688 2698 (Psal.
2716 2632 2805 2686 7i.
2831 2630 2933 2703 7);
2969 2636 3169 2689 nullum
3213 2639 3497 2694 terminum
3542 2644 3769 2712 pulchro

2175 2720 2294 2773 huic
2324 2720 2592 2773 elemento
2618 2723 2820 2776 statuit.
2855 2724 2926 2778 Ita
2956 2735 3009 2778 et
3040 2725 3141 2779 hoc
3169 2728 3317 2791 loco,
3351 2729 3554 2795 Donec,
3586 2732 3757 2798 dixit,

2176 2818 2229 2862 ut.
2254 2826 2371 2878 qua:
2399 2820 2609 2880 partum
2636 2814 3025 2868 antecedebant
3052 2816 3317 2882 ﬁrmaret,
3338 2832 3386 2873 et
3420 2836 3538 2891 quae
3568 2838 3766 2893 seque-

2178 2911 2368 2959 'ctntnr
2408 2904 2501 2959 tibi
2544 2906 2929 2960 consideranda
2972 2907 3314 2978 relinqueret.
3343 2911 3496 2975 Quod
3527 2914 3669 2967 enim
3700 2915 3768 2969 ab

2171 3020 2233 3053 eo
2266 3002 2363 3056 tibi
2407 3001 2722 3058 discendum
2753 3013 2903 3071 erat,
2935 3004 3037 3061 hoc
3066 3005 3233 3072 dixit,
3272 3024 3463 3081 nempe
3490 3010 3763 3081 Virginem

2172 3108 2334 3162 usque
2364 3094 2429 3147 ad
2463 3103 2673 3164 partum
2706 3096 2956 3151 intactam
2984 3099 3246 3153 mansisse
3276 3115 3289 3153 :
3320 3101 3460 3169 quod
3492 3115 3669 3158 autem
3698 3122 3764 3161 cx

2169 3183 2324 3237 dictis
2346 3185 2600 3254 consequi
2624 3185 2756 3240 etin
2784 3185 3026 3241 confesso
3054 3201 3175 3242 esse
3202 3189 3499 3256 videbatur,
3521 3193 3624 3249 hoc
3656 3195 3754 3252 tibi

2170 3274 2572 3344 intelligendum
2612 3275 2845 3345 reliquit.
2890 3276 3095 3345 Nempe
3125 3280 3294 3333 virum
3337 3281 3483 3336 illum
3516 3284 3760 3353 justum,

2166 3381 2283 3420 eam
2314 3383 2435 3437 quae
2477 3369 2554 3423 sic
2584 3377 2755 3423 mater
2782 3367 2967 3423 ell'ecta
2988 3411 3004 3434 ,
3050 3384 3112 3424 ac
3154 3379 3259 3425 tam
3292 3386 3430 3428 novo
3456 3382 3511 3428 et
3546 3375 3764 3433 insolito

2173 3460 2456 3528 puerperio
2485 3458 2696 3529 dignata
2723 3462 2926 3523 fuerat,
2957 3469 3174 3530 tangere
3215 3480 3317 3517 non
3344 3478 3530 3519 ausum
3575 3466 3759 3521 fuisse.

2172 3551 2301 3604 Nam
2332 3550 2377 3605 si
2418 3552 2761 3621 cognovisset
2808 3566 2925 3604 eam
2973 3561 3028 3606 et
3073 3554 3252 3607 uxoris
3290 3553 3409 3610 loco
3448 3555 3759 3621 habuisset,

2167 3639 2435 3710 quomodo
2462 3642 2606 3696 illam
2647 3643 2795 3712 quasi
2838 3642 3041 3696 nullum
3084 3643 3365 3699 habentem
3396 3647 3565 3700 virum
3601 3647 3762 3703 disci-

2169 3734 2292 3801 pulo
2341 3733 2811 3797 commendasset,
2857 3734 3051 3803 jubens
3095 3748 3214 3788 eam
3247 3736 3297 3789 in
3336 3750 3428 3789 sua
3465 3738 3760 3805 accipere?

2166 3827 2281 3893 Quo
2311 3836 2463 3895 pacto
2494 3841 2642 3896 ergo,
2676 3826 2882 3895 inquies
2903 3867 2916 3889 ,
2945 3825 3174 3880 Iacobus
3199 3836 3253 3881 et
3274 3827 3397 3893 alii,
3428 3828 3544 3898 ejus
3571 3829 3760 3885 fratres

2166 3917 2540 3985 appellantur?
2587 3916 3042 3984 Quemadmodum
3093 3924 3148 3971 et
3188 3916 3385 3987 Joscplt
3444 3918 3528 3971 vir
3579 3917 3759 3974 Maria:

2166 4022 2285 4060 esse
2314 4007 2738 4061 existimabatur.
2783 4007 2943 4060 Multa
2982 4008 3124 4062 enim
3162 4018 3315 4062 erant
3342 4009 3511 4076 posita
3540 4009 3759 4063 velami-

2168 4114 2233 4152 na
2254 4139 2267 4163 ,
2300 4107 2357 4152 ιιι
2385 4098 2684 4168 hujusmodi
2715 4107 2898 4167 partus
2923 4098 3282 4154 occultaretur
3308 4117 3321 4152 :
3355 4097 3583 4169 ideoque
3602 4099 3761 4154 Joan-

2168 4204 2260 4245 nes
2290 4192 2408 4245 illos
2438 4192 2516 4246 sic
2544 4190 2768 4245 vocabat
2814 4190 2895 4244 his
2942 4190 3117 4245 verbis
3141 4232 3155 4255 ,
3214 4191 3389 4261 Neque
3416 4192 3548 4244 enim
3576 4195 3760 4261 fratres

2168 4282 2276 4351 ejus
2311 4281 2575 4335 credebant
2627 4281 2679 4333 in
2728 4298 2842 4335 eum
2898 4280 3093 4349 (Joan.
3136 4282 3186 4334 7.
3252 4281 3353 4347 5).
3403 4279 3653 4337 Attamen
3697 4282 3755 4349 ii,

2167 4372 2254 4441 qui
2306 4372 2452 4441 prius
2497 4387 2601 4425 non
2645 4370 3023 4435 crediderant,
3071 4370 3368 4425 admirandi
3416 4379 3471 4426 ct
3519 4372 3757 4441 prmclari

2169 4474 2350 4534 postea
2398 4466 2736 4519 exstiterunt.
2796 4462 3022 4530 Quando
3076 4477 3205 4533 ergo
3244 4462 3551 4533 dogmatum
3599 4478 3757 4517 causa

2170 4557 2365 4612 Paulus
2419 4558 2806 4628 ierosolymam
2860 4556 3211 4620 ascendebat,
3262 4554 3517 4610 Jacobum
3579 4555 3757 4609 statim

2169 4647 2334 4702 adiit:
2364 4648 2451 4718 qui
2489 4649 2556 4701 ita
2583 4645 2927 4702 admirandus
2955 4657 3070 4700 erat
3089 4687 3104 4712 ,
3133 4654 3191 4700 ut
3218 4645 3359 4700 illius
3380 4646 3528 4699 urbis
3549 4646 3761 4715 episco-

2172 4746 2348 4808 patum
2393 4739 2593 4807 prinms
2636 4738 2921 4806 acciperet.
2975 4737 3207 4790 Narrant
3248 4745 3426 4791 autem
3460 4736 3608 4790 illum
3652 4744 3759 4789 tam

2170 4842 2361 4898 aspere
2396 4833 2555 4880 vitam
2587 4828 2833 4893 duxisse,
2881 4836 2939 4881 ut
2981 4827 3220 4882 membra
3249 4827 3363 4896 ejus
3394 4827 3575 4880 omnia
3607 4827 3760 4896 quasi

2168 4926 2411 4978 emartua
2439 4931 2638 4987 essent,
2672 4932 2831 4991 atque
2869 4934 2934 4976 ex
2974 4919 3224 4991 precandi
3264 4919 3601 4983 assiduitate,
3628 4919 3757 4974 dum

2169 5016 2363 5085 pigiter
2393 5015 2442 5069 in
2490 5014 2791 5084 pavimento
2827 5013 3233 5084 procumberet,
3263 5010 3492 5065 frontem
3536 5010 3653 5080 ejus
3689 5010 3761 5064 ita

2170 5106 2488 5159 obduruisse
2510 5145 2524 5166 ,
2566 5113 2624 5158 ut
2659 5118 2891 5174 genuum
2928 5102 3120 5157 cameli
3150 5102 3400 5157 duritiem
3434 5114 3571 5170 pene
3598 5100 3762 5154 attin-

2170 5203 2318 5265 geret
2345 5194 2421 5267 (a)
2446 5236 2461 5261 ,
2488 5195 2559 5249 ita
2599 5193 2908 5265 frequenter
2948 5193 3095 5247 illam
3135 5194 3250 5248 solo
3275 5192 3619 5261 applicuerat.
3668 5191 3766 5245 llic

2171 5300 2382 5359 quoque
2409 5286 2651 5353 Paulum,
2681 5286 2773 5355 qui
2800 5284 2978 5341 denuo
3001 5283 3388 5355 Jerosolymam
3411 5281 3760 5345 ascenderat,

2240 5519 2311 5582 (α)
2345 5517 2514 5582 Aniani
2528 5518 2881 5582 interpretatio
2902 5515 3075 5582 refert,
3098 5515 3259 5564 Jacobi
3282 5525 3445 5582 genua
3467 5514 3763 5582 obduruisse

2176 5574 2317 5640 callo,
2345 5580 2390 5629 id
2414 5579 2540 5641 quod
2567 5580 2614 5627 iu
2637 5574 2802 5641 amp
2826 5589 2922 5626 non
2945 5577 3177 5641 habetur;
3194 5574 3419 5641 versione
3438 5582 3598 5641 tamen
3624 5574 3769 5621 Ania—

2180 5637 2369 5754 titillet}
2396 5637 2487 5751 ilion
2672 5640 2719 5688 id
2732 5640 3121 5702 Clnysostomum
3140 5638 3205 5687 de
3222 5644 3267 5688 s.
3279 5637 3456 5687 tacebo
3472 5637 3662 5687 dixisse
3677 5649 3767 5700 pn-

2204 5720 2297 5752 'n.
2371 5711 2583 5752 .‘raea.
2659 5716 2705 5750 v.
