4066 6434
484 357 550 412 59
1190 335 1248 386 ε.
1289 328 1566 387 JOANNIS
1602 329 2054 387 cumsosmu

2164 329 2428 388 RCHIEP.
2470 333 3002 390 CONSTANl‘lNOP.

485 452 803 517 ἀντιτυπίας
837 451 1022 505 ἕνεκεν
1048 431 1217 518 αὐτῆς
1247 447 1312 498 ⁸³.
1348 438 1516 507 Οὗτος
1564 445 1658 498 καὶ
1707 445 1797 498 τὸν
1847 443 2056 496 Παῦλον

489 543 632 615 μετά
662 542 833 596 ταῦτα
857 541 1016 595 πάλιν
1045 542 1123 603 εἰς
1150 542 1218 591 τά
1250 537 1598 609 Ἰεροσόλυμα
1630 535 1922 590 ἀνελθόντα
1965 538 2085 606 ρυι¹

489 631 674 702 θμίζει
726 631 927 700 λέγων·
981 629 1246 697 Θεωρεῖς,
1278 627 1525 697 ἀδολερὲ,
1558 629 1742 681 πόσαι
1775 625 2062 696 μυριάδες

486 719 597 770 εΙσὶ
649 719 767 772 τῶν
802 719 1329 788 συνεληλυθότων.
1387 714 1637 784 Τοσαύτη
1692 712 1759 786 ἧν
1805 714 1970 767 αὐτοῦ
2021 714 2055 783 ἡ

485 807 713 869 σύνεσις.
738 809 832 860 καὶ
856 811 884 861 6
918 807 1080 879 ζῆλος
1102 825 1116 839 ο
1155 807 1355 879 μᾶλλον
1379 806 1436 860 δέ
1476 806 1709 874 τοσαύτη
1739 807 1772 874 ἠ
1801 803 1894 858 τοῦ
1923 806 2060 875 Χρι-

485 899 606 951 στοῦ
629 900 877 970 δύναμις.
905 905 967 955 Ol
990 903 1098 974 γὰρ
1120 901 1466 972 διασύροντες
1495 899 1656 952 αὑτὸν
1687 897 1884 962 ζῶντα,
1921 897 2062 968 μετά

484 989 538 1040 τὸ
575 990 864 1044 ἀποθανεῖν
901 993 1071 1056 οὕτως
1105 994 1148 1025 ³³
1189 993 1586 1060 ἐξεπλάγησαν,
1623 990 1697 1052 ώς
1730 990 1824 1042 καὶ
1856 987 2062 1042 ἀποθα-

484 1083 589 1132 νεῖν
620 1082 758 1152 ῦπέρ
789 1083 954 1137 αὑτοῦ
998 1085 1134 1154 μετά
1168 1084 1368 1154 πολλῆς
1407 1082 1507 1150 τῆς
1536 1081 1844 1152 προθυμίας
1867 1096 1878 1108 ⁸
1919 1081 2062 1150 άπερ

484 1169 717 1237 μάλιστα
745 1171 980 1225 δείκνυσι
1007 1174 1106 1240 τῆς
1131 1173 1478 1234 ἀναστάσεως
1500 1173 1598 1241 τὴν
1624 1171 1796 1240 ἰσχύν.
1833 1170 1930 1222 Διά
1953 1171 2063 1240 γάρ

485 1275 564 1311 τοι
587 1260 743 1314 τοῦτο
771 1263 838 1315 τά
865 1263 1217 1334 λαμπρότερα
1244 1263 1468 1332 ὕστερον
1491 1264 1759 1331 ἐτηρεῖτο,
1781 1261 1866 1313 ἵνα
1886 1261 2064 1328 ἀναμ-

485 1350 811 1420 φισϐήτητος
831 1352 968 1423 αὕτη
993 1354 1316 1424 ή-ἀπόδειξις
1339 1354 1586 1422 γένηται.
1620 1355 1680 1406 Εἰ
1703 1353 1810 1422 γὰρ
1836 1356 1930 1406 καὶ
1951 1351 2062 1404 τῶν

483 1439 541 1490 ἐν
571 1441 638 1508 τῇ
668 1438 776 1509 ζωῇ
803 1440 1230 1511 θαυμαζομένων
1263 1445 1391 1514 παρ’
1417 1444 1546 1511 ἡμῖν
1577 1442 1914 1494 ἀπελθόντων
1938 1443 2060 1493 ἐπι-

482 1525 871 1597 λανθανόμεθα,
899 1529 1015 1592 πῶς
1044 1532 1092 1582 οί
1115 1530 1162 1561 ³⁸
1186 1529 1366 1592 ζῶντα
1384 1529 1825 1599 διαχλευάζοντες
1850 1528 2057 1594 τοῦτον,

481 1615 707 1689 ὕστερον
738 1620 870 1672 Θεὸν
904 1617 1043 1673 εἶναι
1076 1621 1354 1689 ἐνόμισαν,
1393 1622 1440 1673 εί
1464 1620 1571 1672 τῶν
1603 1619 1811 1673 πολλῶν
1840 1615 1918 1683 εἷς
1949 1615 2016 1690 ἦν
2041 1635 2057 1682 ς

481 1709 597 1772 πῶς
620 1711 664 1762 δ’
696 1710 760 1762 ἂν
792 1711 931 1780 ὑπὲρ
960 1711 1122 1764 αὑτοῦ
1158 1713 1250 1764 καὶ
1289 1713 1558 1782 σφαγῆναι
1611 1711 1982 1775 κατεδέξαντο,
2010 1713 2061 1763 ει

484 1802 562 1872 μὴ
595 1803 739 1870 σαφῆ
773 1802 870 1871 τῆς
903 1803 1250 1865 ἀναστάσεως
1293 1802 1482 1854 ἔλαϐον
1519 1804 1618 1871 τὴν
1649 1801 1954 1867 ἀπόδειξιν;

551 1889 593 1941 δ’
603 1926 617 1942 .
641 1890 685 1920 ⁸⁵
701 1889 888 1942 Ταῦτα
902 1889 960 1942 δὲ
977 1890 1073 1959 οὐχ
1091 1891 1177 1942 ἵνα
1193 1889 1426 1959 ἀκούητε
1444 1891 1489 1921 ’⁸
1509 1890 1634 1958 λέγο
1641 1907 1737 1960 μεν
1759 1887 2060 1959 μόνον,ἀλλ’

483 1979 572 2059 ἵνα
595 1980 692 2034 καὶ
727 1981 965 2052 μιμῆσθε
994 1983 1094 2051 τήν
1122 1999 1180 2034 τε
1211 1983 1254 2013 ’⁷
1287 1981 1538 2051 ἀνδρείαν
1557 2023 1572 2048 ,
1613 1983 1712 2052 τήν
1737 1998 1796 2034 τε
1845 1983 2061 2051 παρρη-

482 2071 624 2136 σίαν,
657 2073 758 2143 τήν
778 2089 837 2125 τε
863 2073 1209 2144 δικαιοσύνην
1231 2073 1448 2126 ἃπασαν
1475 2091 1488 2104 ·
1516 2074 1602 2125 ἱνα
1638 2072 1826 2144 μηδεὶς
1867 2070 2060 2125 ἐαυτοῦ

481 2164 834 2237 ἀπογινώσκῃ
857 2205 872 2228 ,
932 2165 1036 2218 κᾶν
1068 2166 1174 2237 πρὸ
1205 2167 1394 2218 τούτου
1449 2165 1689 2237 ῥάθυμος
1717 2162 1783 2237 ἦν
1808 2183 1820 2195 ·
1859 2166 1944 2219 ἵνα
1982 2168 2062 2230 είς

481 2256 648 2327 μηδὲν
684 2256 868 2326 ἕτερον
901 2256 998 2326 ἔχῃ
1032 2257 1130 2319 τὰς
1162 2257 1416 2320 ἐλπίδας,
1471 2257 1610 2327 μετά
1657 2257 1746 2310 τὸν
1776 2258 1921 2311 ἔλεον
1966 2258 2060 2310 τοῦ

480 2347 635 2410 Θεοῦ,
673 2348 788 2401 ἀλλ’
819 2351 900 2412 είς
932 2350 1134 2418 ἀρετὴν
1159 2349 1386 2402 οίκείαν.
1423 2349 1484 2402 El
1515 2350 1622 2421 γὰρ
1643 2342 1788 2402 οὗτοι
1823 2347 1934 2423 [79]
1960 2349 2060 2418 τῆς

484 2441 731 2510 τοιαύτης
766 2442 918 2495 οὐδὲν
946 2441 1234 2496 ἀπώναντο
1266 2441 1604 2509 συγγενείας,
1651 2443 1744 2495 καὶ
1785 2443 1933 2496 οἴκου
1967 2443 2060 2494 καὶ

478 2535 713 2604 πατριᾶς
739 2534 842 2600 τῆς
872 2534 1044 2604 αὐτῆς
1105 2534 1260 2596 ὅντες
1303 2533 1382 2604 τῷ
1416 2532 1638 2604 Χριστῷ
1663 2574 1676 2597 ,
1723 2533 1828 2598 ἕως
1859 2535 2059 2605 ἀρετὴν

478 2623 838 2688 ἐπεδείξαντο,
860 2623 1005 2687 τίνος
1025 2623 1366 2694 δυνησόμεθα
1399 2623 1702 2677 ἀπολαῦσαι
1731 2623 2060 2696 συγγνώμης

478 2715 657 2782 ἡμεῖς,
687 2716 969 2780 συγγενεῖς
997 2716 1090 2766 καὶ
1120 2715 1380 2782 ἀδελφοὺς
1413 2714 1654 2778 δικαίους
1688 2715 2060 2785 προϐαλλόμε-

479 2817 577 2866 νοι,
608 2799 672 2852 ἂν
703 2802 779 2869 μὴ
809 2802 1016 2871 σφόδρα
1041 2797 1190 2872 ὦμεν
1234 2803 1497 2865 ἐπιεικεῖς
1540 2806 1635 2856 καὶ
1665 2805 1720 2857 ἐν
1761 2806 1928 2874 ἀρετῇ
1966 2804 2058 2874 βε-

479 2889 772 2956 ϐιωκότες;
807 2893 915 2967 Kal
939 2892 1046 2962 γὰρ
1069 2895 1098 2946 6
1122 2894 1404 2963 προφήτης
1447 2894 1580 2947 αὐτὸ
1623 2894 1780 2947 τοῦτο
1834 2895 2059 2948 αἰνιττὸ-

478 2998 634 3051 μενος
664 2982 850 3051 ἔλεγεν
871 3001 884 3013 ·
930 2984 1209 3054 Ἀδελφὸς
1227 2987 1299 3039 οὐ
1326 2986 1666 3054 λυτροῦται,
1689 2987 2057 3053 λυτρώσετοι

477 3073 816 3141 ἅνθρωπος;
845 3075 947 3128 κᾶν
973 3077 1214 3149 Μωῦσῆς
1243 3073 1301 3152 ᾖ,
1335 3077 1436 3133 κᾶν
1465 3080 1733 3149 Σαμουὴλ,
1759 3081 1863 3134 κᾶν
1892 3081 2053 3151 Ἱερε-

477 3165 625 3235 μίας.
658 3168 923 3220 Ἀκουσον
952 3168 1082 3237 γοῦν
1110 3168 1162 3221 τί
1186 3185 1319 3239 φησι
1345 3169 1480 3240 πρὸς
1511 3171 1673 3224 αὑτὸν
1695 3171 1722 3222 6
1750 3169 1881 3233 Θεός
1899 3189 1913 3203 ·
1955 3169 2052 3238 Μὴ

476 3258 820 3326 προσεύχου
835 3258 985 3327 ὑπὲρ
1003 3259 1110 3314 τοῦ
1125 3260 1278 3317 λαοῦ
1294 3263 1399 3315 τού
1407 3279 1530 3321 του,
1553 3261 1643 3314 ὅτι
1657 3264 1768 3316 οὐκ
1783 3264 2056 3317 εἰσακού-

474 3349 657 3417 σομαί
674 3363 813 3402 σου.
839 3350 949 3403 Kal
970 3350 1024 3402 τί
1053 3350 1354 3422 θαυμάζεις
1374 3354 1420 3406 εί
1447 3351 1542 3405 σοῦ
1569 3354 1669 3415 οὐκ
1696 3353 1910 3420 ἀκούω;
1943 3355 2052 3408 Καὶ

474 3438 582 3507 γὰρ
606 3439 767 3503 αὐτὸς
787 3442 815 3493 6
840 3441 1104 3511 Μωῦσῆς,
1134 3441 1320 3513 φησὶν,
1340 3444 1388 3496 εί
1419 3445 1618 3514 παρῆν,
1653 3446 1746 3498 καὶ⁵
1773 3445 2046 3516 Σαμουὴλ,

473 3535 573 3587 οὐκ
604 3534 670 3587 ἂν
699 3535 878 3587 αὐτῶν
908 3536 1178 3608 ἐδεξάμην
1213 3538 1311 3607 τὴν
1347 3539 1488 3610 ὑπὲρ
1516 3539 1717 3596 τούτων
1742 3545 2044 3616 ίκετηρίαν.

477 3625 596 3678 Κᾶν
639 3626 894 3696 Ἰεζεκιὴλ
989 3629 1017 3680 6
1056 3629 1410 3699 παρακαλῶν,
1440 3633 1756 3698 ἀκούσεται,
1788 3637 1872 3688 ὅτι
1915 3633 2051 3690 Ἐὰν

474 3715 597 3783 στῇ
622 3716 768 3782 Νῶε,
805 3719 904 3771 καί
952 3719 1098 3783 Ἰὼϐ,
1129 3723 1221 3774 καὶ
1253 3724 1495 3790 Δανιὴλ,
1519 3726 1688 3790 υἱοὺς
1713 3727 1911 3781 αὐτῶν
1948 3728 2047 3782 καὶ
2077 3785 2083 3792 ,

475 3809 802 3876 θυγατέρας
829 3813 899 3864 οὐ
942 3811 1022 3878 μὴ
1053 3811 1394 3876 ἐξέλωνται.
1436 3815 1553 3868 Κᾶν
1602 3817 1852 3888 Ἀϐραὰμ
1884 3822 1912 3872 ὁ
1944 3835 2042 3870 παι

474 3899 738 3970 τριάρχης
867 3902 1007 3974 ὑπὲρ
1049 3904 1158 3956 τῶν
1175 3904 1224 3936 "
1259 3905 1463 3977 σφόδρα
1511 3907 1705 3960 ἀνίατα
1751 3909 2049 3962 νοσούντων

474 3990 567 4042 καὶ
593 3989 667 4060 μὴ
693 3991 1176 4063 μεταϐαλλομένων
1192 3995 1468 4065 δεόμενος,
1483 3998 1844 4052 ἀπελεύσεται
1867 4002 1894 4052 6
1915 4000 2048 4064 Θεὸς

472 4081 634 4136 αὑτὸν
675 4085 1170 4157 ἐγκαταλιμπάνων
1213 4090 1281 4156 ⁹⁹,
1329 4089 1471 4144 ὥστε
1517 4092 1591 4162 μὴ
1639 4092 1893 4157 δέξασθαι
1947 4095 2048 4165 τὴν

471 4172 613 4243 ὑπὲρ
655 4174 860 4229 τούτων
893 4180 1094 4249 φωνήν.
1131 4180 1250 4234 Κᾶν
1291 4181 1600 4257 Σαμουὴλῇ
1640 4185 1802 4238 πάλιν
1829 4187 1858 4238 6
1890 4185 2048 4240 τοῦτο

475 4263 661 4326 ποιῶν,
689 4267 804 4334 ἐρεῖ
825 4268 962 4339 πρὸς
979 4271 1143 4325 αὐτόν
1159 4287 1174 4304 ·
1193 4270 1290 4340 Μὴ
1315 4273 1519 4328 πένθει
1539 4275 1671 4344 περὶ
1693 4277 1800 4330 τοῦ
1825 4279 2040 4332 Σαούλ.

469 4354 592 4406 Κάν
616 4355 756 4426 ὑπὲρ
793 4357 1027 4430 ἀδελφῆς
1068 4378 1155 4425 τις
1193 4364 1486 4436 παρακαλῇ
1524 4367 1598 4436 μὴ
1637 4368 2043 4438 προσηκόντως,

469 4443 758 4498 ἀκούσεται
796 4447 957 4502 πάλιν
1002 4449 1138 4522 ὅπερ
1183 4452 1456 4522 Μωῦσῆς·
1507 4457 1578 4508 El
1629 4455 2046 4523 éynniwr‘é-r-

467 4533 734 4590 ἐπτυσεν
765 4539 799 4590 ὁ
836 4537 1034 4607 πατὴρ
1064 4542 1151 4606 εὶς
1181 4541 1246 4595 τὸ
1285 4542 1609 4610 πρόσωπον
1632 4545 1840 4614 αὐτῆς.
1866 4548 1956 4618 Μὴ
1981 4547 2044 4619 δὴ

468 4623 603 4694 7:96;
633 4626 853 4698 ἐτέρους
874 4621 1024 4699 ὦμεν
1045 4631 1355 4702 κεχηνότες.
1385 4634 1606 4704 Ἔχουσι
1633 4636 1730 4706 μὲν
1752 4639 1859 4708 γὰρ
1885 4637 2042 4691 δύνα-

471 4732 561 4784 μιν
588 4718 645 4769 al
672 4719 828 4789 εὐχαὶ
857 4720 966 4774 τῶν
987 4722 1160 4790 ἀγίων
1181 4723 1464 4794 μεγίστην,
1488 4725 1602 4779 ἀλλ’
1616 4728 1742 4781 ὅταν
1766 4731 1860 4782 καὶ
1882 4733 2044 4799 ἡμεῖς

471 4811 820 4881 μετανοῶμεν
850 4812 944 4866 καὶ
964 4812 1245 4883 γινώμεθα
1275 4815 1536 4884 βελτίους.
1577 4818 1730 4870 Ἐπεὶ
1759 4819 1853 4872 καὶ
1887 4821 2043 4873 Μωῦ-

351 4920 356 4925 -
467 4899 565 4967 σῆς
589 4901 681 4954 τὸν
707 4902 934 4972 ἀδελφὸν
963 4905 1056 4958 τὸν
1091 4905 1286 4959 ἐαυτοῦ
1331 4908 1426 4960 καὶ
1469 4909 1736 4979 μυριάδας
1778 4910 2043 4980 ἐξήκοντα

465 4989 566 5058 τῆς
598 4990 856 5061 θεηλάτου
890 4997 1012 5049 τότε
1041 4999 1058 5029 ¹
1098 4997 1270 5069 ὀργῆς
1304 5000 1641 5070 ἐξαρπάσας,
1671 5001 1769 5073 τὴν
1809 5003 2043 5075 ἀδελφὴν

464 5081 565 5132 οῦκ
599 5081 815 5150 ἴσχυσεν
850 5085 1155 5150 ἐξελέσθαι·
1188 5091 1431 5160 καίτοιγε
1475 5093 1574 5145 οὐκ
1619 5093 1738 5146 ἴσον
1769 5094 1828 5146 τὸ
1856 5095 2076 5166 ἀμάρ-’

465 5188 616 5242 τημα
643 5169 744 5243 ἦν·
775 5175 956 5246 ἐκείνη
1000 5177 1099 5244 μὲν
1132 5179 1244 5250 γὰρ
1270 5181 1359 5234 τὸν
1390 5183 1628 5236 Μωῦσέα
1665 5183 1886 5254 ὕϐρισεν
1906 5203 1917 5216 ·
1959 5189 2042 5238 ἐν-

463 5261 639 5317 ταῦθα
678 5265 736 5318 δέ
767 5264 989 5319 ἀσέϐεια
1017 5263 1085 5336 ἦν
1117 5269 1180 5321 τὸ
1211 5271 1498 5342 τολμηθὲν.
1547 5273 1705 5326 Ἀλλὰ
1739 5275 1896 5328 τοῦτο
1944 5278 2040 5345 μὲν

466 5356 597 5426 ὑμῖν
623 5358 826 5429 ἀφίημι
855 5361 917 5414 τὸ
947 5360 1198 5432 ζήτημα·
1228 5362 1288 5414 τὸ
1316 5364 1370 5415 δέ
1399 5364 1476 5416 ἔτι
1513 5364 1702 5418 τούτου
1733 5366 2042 5435 χαλεπώτε-

468 5463 560 5520 ρον
610 5451 862 5506 ἐπιλῦσαι
906 5454 1260 5525 πειράσομαι.
1301 5455 1365 5508 Τί
1416 5455 1525 5527 γὰρ
1569 5456 1675 5528 χρὴ
1717 5458 1896 5528 λέγειν
1941 5461 2040 5530 τὴν

464 5538 730 5610 ἁδελφήνς
775 5543 833 5598 Ὀ
880 5544 990 5614 γὰρ
1032 5544 1287 5600 τοσούτου
1332 5544 1503 5616 δήμου
1546 5548 1810 5619 προστὰς,
1863 5550 2040 5619 ἐαυτῷ

3588 344 3752 399 .ίιθ

2189 452 2421 520 ἀρκέσαι
2460 453 2561 507 ούκ
2593 456 2830 524 ῐσχυσεν,
2869 452 2982 525 [80]
3029 452 3167 507 ἀλλὰ
3199 452 3338 523 μετὰ
3375 453 3502 516 τοὺς
3536 452 3760 523 μυρίους

2190 543 2385 608 πόνους
2406 543 2502 598 καὶ
2515 545 2613 608 τάς
2638 544 3031 615 ταλαιπωρίας,
3054 545 3148 596 καὶ
3159 544 3257 614 τὴν
3269 542 3328 595 ἐν
3349 543 3759 613 τεσσαράκοντα

2189 637 2333 692 ἔτεσι
2375 639 2729 710 προσεδρείαν
2779 641 2822 702 ⁸,
2869 637 3138 690 ἐκωλύετο
3183 637 3284 706 τῆς
3333 639 3436 706 τῆς
3481 636 3760 703 ἐπιϐῆναι,

2189 729 2330 800 ὑπὲρ
2362 726 2429 802 ἦς
2456 729 2777 798 ἐπαγγελίαι
2795 729 3060 781 τοσαῦται
3087 727 3181 780 καὶ
3213 727 3560 796 ὑποσχέσεις.
3587 728 3653 778 Τί
3675 722 3762 779 οὖν

2182 810 2246 863 τὸ
2269 815 2472 875 αιτιονς
2509 814 2623 866 Οῦκ
2664 812 2732 880 ἦν
2763 810 3115 865 λυσιτελοῦσα
3155 813 3190 882 ή
3230 813 3388 882 χάρις
3427 811 3592 880 αῦτη,
3623 811 3758 863 ἀλλὰ

2181 906 2276 955 καὶ
2312 903 2446 956 πολὺ
2479 904 2541 956 τὸ
2588 903 2781 973 βλάϐος
2807 903 3024 973 ἔχουσα,
3069 903 3162 956 καὶ
3203 903 3430 966 πολλοὺς
3470 902 3580 954 τῶν
3623 903 3758 954 ἰου-

2177 996 2341 1048 δαίων
2383 997 2758 1060 ὑποσκελίζειν
2785 997 3029 1068 ἔμελλεν.
3075 997 3135 1048 EE
3165 997 3274 1068 γὰρ
3303 997 3492 1066 ἐπειδὴ
3522 997 3624 1065 τῆς
3662 997 3758 1048 Δί-

2178 1088 2384 1152 γύπτου
2417 1091 2584 1160 μόνης
2605 1089 3016 1159 ἀπηλλάγησαν,
3045 1089 3136 1141 τὸν
3157 1088 3289 1140 Θεὸν
3313 1087 3564 1154 ἀφέντες,
3597 1089 3754 1140 Μωῦ-

2179 1184 2274 1234 σέα
2331 1185 2576 1252 ἐζήτουν,
2624 1181 2716 1234 καὶ
2757 1180 2907 1250 αὐτῷ
2951 1181 3012 1234 τὸ
3053 1183 3158 1234 πᾶν
3203 1179 3539 1247 ἐλογίζοντο·
3574 1181 3623 1232 εἱ
3662 1180 3756 1232 καὶ

2176 1275 2540 1342 εἰσαγαγόντα
2579 1269 2716 1326 εἶδον
2752 1274 2831 1334 εἰς
2860 1271 2956 1341 τὴν
2984 1273 3086 1340 γῆν
3124 1272 3224 1340 τῆς
3258 1270 3614 1338 ἐπαγγελίας,
3650 1270 3753 1322 ποῦ

2173 1368 2271 1418 οὐκ
2316 1367 2382 1418 ἂν
2423 1365 2713 1429 ἐξώκειλαν
2765 1364 3046 1426 ἀσεϐείας;
3096 1364 3196 1416 Διά
3227 1381 3306 1416 τοι
3353 1363 3516 1416 τοῦτο
3568 1363 3692 1416 οὐδὲ
3723 1363 3752 1418 ὁ

2173 1457 2346 1524 τάφος
2374 1455 2540 1508 αὑτοῦ
2573 1455 2872 1524 κατάδηλος
2904 1455 3116 1522 γέγονε.
3159 1455 3271 1506 Καὶ
3303 1453 3556 1524 Σαμουὴλ
3579 1454 3634 1506 δὲ
3661 1454 3751 1506 τὸν

2175 1547 2272 1616 μὲν
2309 1547 2478 1599 Σαοὺλ
2520 1548 2620 1600 οῦκ
2662 1549 2880 1616 ῐσχυσεν
2917 1544 3223 1610 ἀπαλλάξαι
3273 1544 3373 1614 τῆς
3412 1545 3617 1598 ἀνωθεν
3653 1546 3749 1616 ὀρ-

2171 1641 2295 1708 γῆς.
2325 1640 2452 1700 τοὺς
2496 1638 2553 1690 δέ
2599 1637 2937 1708 Ἰσραηλίτας
2971 1636 3232 1698 πολλάκις
3269 1636 3515 1689 διέσωσε.
3562 1636 3676 1690 Kal
3721 1639 3750 1689 6

2183 1729 2453 1799 Ἱερεμίας
2490 1729 2763 1792 Ἰουδαίοις
2793 1729 2891 1799 μὲν
2921 1729 3021 1782 οὐκ
3042 1729 3298 1799 ἧρκεσεν,
3329 1729 3516 1798 ἕτερον
3536 1727 3596 1781 δέ
3625 1745 3749 1781 τινα

2170 1820 2439 1890 ἐκάλυψεν
2467 1822 2526 1872 ἐν
2559 1822 2625 1890 τῇ
2669 1819 2995 1890 προφητείᾳ.
3039 1819 3152 1872 Καὶ
3185 1820 3216 1871 6
3243 1819 3444 1889 Δανιὴλ
3481 1819 3610 1882 τοὺς
3646 1820 3747 1889 μὲν

2171 1912 2476 1983 βαρϐάρους
2501 1911 2733 1977 ἐξείλετο
2765 1909 3182 1979 σφαττομένους,
3208 1911 3335 1972 τοὺς
3366 1909 3423 1962 δὲ
3457 1909 3746 1972 Ἰουδαίους

2165 2003 2266 2056 οὐκ
2297 2001 2528 2069 ἐξείλετο
2546 2000 3134 2072 αἰχμαλωτιζομένους.
3151 2001 3258 2054 Καὶ
3283 2002 3341 2053 ἐν
3362 2003 3470 2064 τοῖς
3503 2002 3747 2069 Εύαγγε-

2168 2094 2304 2155 λίοις
2323 2093 2380 2150 δέ
2412 2091 2658 2162 ὀψόμεθα
2681 2092 2782 2144 οὐκ
2811 2090 2895 2160 ἐφ’
2917 2091 3139 2162 ἐτέρων,
3167 2091 3282 2145 ἀλλ’
3305 2093 3398 2145 ἐπὶ
3425 2091 3533 2144 τῶν
3562 2095 3746 2147 αὐτῶν

2166 2185 2452 2256 ἀμφότερα
2489 2183 2663 2237 ταῦτα
2713 2183 2972 2252 γινόμενα
2996 2197 3010 2210 ·
3058 2183 3153 2235 καὶ
3188 2182 3280 2236 τὸν
3317 2183 3479 2237 αὐτὸν
3511 2183 3605 2238 νῦν
3641 2185 3746 2254 μὲν

2164 2275 2477 2345 ἀρκέσαντα
2509 2272 2706 2342 ἐαυτῷ,
2743 2272 2838 2325 νῦν
2883 2271 2942 2325 δὲ
2981 2272 3388 2343 προδεδομένον.
3431 2272 3492 2329 ’0
3531 2273 3640 2345 γὰρ
3673 2275 3744 2328 τὰ

2168 2366 2337 2436 μυρία
2373 2365 2610 2418 τάλαντα
2657 2363 2918 2430 ὀφείλων,
2970 2363 3064 2416 καὶ
3110 2362 3346 2426 ἐξείλετο
3398 2363 3590 2416 ἑαυτὸν
3642 2364 3742 2416 τοῦ

2163 2457 2409 2512 κινδύνου
2440 2456 2675 2526 δεηθεὶς,
2710 2456 2804 2507 xal
2837 2454 2998 2507 πάλιν
3040 2454 3139 2506 οὐκ
3167 2453 3412 2523 ἴσχυσεν·
3445 2455 3632 2524 ἕτερος
3680 2454 3741 2507 δὲ

2161 2550 2535 2620 ἀντιστρόφως
2565 2547 2829 2618 πρότερον
2878 2546 3068 2600 ἐαυτὸν
3109 2547 3371 2616 προδοὺς,
3412 2545 3637 2615 ὕστερον
3668 2547 3740 2598 τά

2164 2643 2401 2712 μέγιστα
2427 2640 2603 2710 ἐαυτῷ
2635 2640 2898 2709 βοηθῆσαι
2931 2641 3138 2708 ἴσχυσε.
3173 2638 3267 2700 Τίς
3304 2638 3360 2690 δὲ
3377 2633 3529 2699 οὗτός
3552 2638 3735 2697 ἐστιν;

2171 2728 2230 2781 'O
2262 2727 2361 2796 τὴν
2399 2724 2660 2796 πατρῴαν
2701 2721 3035 2790 καταφαγὼν
3063 2721 3271 2775 οὐσίαν.
3306 2723 3467 2772 Ὥστε
3503 2720 3598 2772 ἐὰν
3635 2720 3738 2789 μὲν
3821 2771 3824 2774 .

2163 2819 2523 2892 ρᾳθυμῶμεν,
2567 2817 2688 2870 ούδέ
2726 2817 2792 2868 δι’
2823 2816 3026 2886 ἐτέρων
3050 2813 3394 2884 δυνησόμεθα
3422 2810 3694 2874 σώζεσθαι
3721 2829 3734 2842 ·

2158 2912 2251 2965 ἐὰν
2277 2911 2334 2964 δὲ
2362 2911 2640 2980 νήφωμεν,
2669 2908 2760 2961 καὶ
2785 2907 2852 2960 δι’
2880 2906 3088 2960 ἑαυτῶν
3116 2905 3276 2958 τοῦτο
3298 2905 3612 2974 ίσχύσομεν,
3639 2905 3735 2958 καὶ

2155 3001 2222 3054 δι’
2273 3001 2482 3053 ἐαυτῶν
2519 2999 2738 3068 μᾶλλον,
2775 2998 2808 3067 ἢ
2840 2998 2908 3050 δι’
2937 2997 3159 3069 ἐτέρων.
3211 2998 3322 3050 Kal
3367 2995 3476 3066 γὰρ
3520 2997 3550 3048 6
3598 2995 3735 3058 Θεὸς

2157 3094 2287 3162 ἡμῖν
2337 3089 2536 3160 μᾶλλον
2568 3088 2752 3143 δοῦναι
2787 3087 3033 3157 βούλεται
3081 3085 3179 3158 τὴν
3219 3087 3398 3156 χάριν,
3441 3086 3473 3157 ἢ
3521 3084 3734 3156 ἑτέροις

2157 3183 2296 3250 ὑπὲρ
2342 3179 2532 3248 ήμῶν·
2576 3180 2665 3233 ἵνα
2713 3179 2808 3231 καὶ
2861 3177 3174 3249 παρρησίας
3209 3178 3593 3246 ἀπολαύωμεν,
3636 3178 3733 3228 καὶ

2157 3274 2397 3344 βελτίους
2434 3272 2714 3344 γινώμεθα
2733 3313 2748 3338 ,
2781 3273 3181 3338 ’σπουδάζοντες
3213 3275 3377 3328 αὐτοῦ
3425 3274 3582 3328 λῦσαι
3628 3274 3732 3346 τὴν

2150 3367 2342 3437 ὀργήν.
2374 3363 2530 3418 Οὕτω
2550 3365 2647 3435 τὴν
2675 3367 2984 3420 Χαναναίαν
3015 3367 3128 3439 [81]
3166 3368 3395 3438 ἠλέησεν
3414 3385 3427 3398 ·
3457 3352 3600 3421 οὕτω
3631 3370 3732 3441 τὴν

2151 3462 2356 3532 πόρνην
2385 3460 2607 3525 ἔσωσεν,
2637 3459 2779 3514 οὕτω
2813 3461 2905 3514 τὸν
2941 3461 3162 3533 λῃστὴν,
3188 3461 3401 3526 οὐδενὸς
3430 3463 3727 3532 γενομένου

2154 3551 2376 3623 μεσίτου
2407 3553 2501 3606 καὶ
2526 3552 2854 3623 προστάτου.

2226 3723 2290 3779 ε’.
2328 3723 2432 3777 Kal
2471 3724 2642 3779 ταῦτα
2675 3724 2841 3793 λέγω,
2872 3725 2969 3794 οὐχ
3009 3726 3095 3778 ἵνα
3127 3727 3200 3795 μὴ
3237 3725 3568 3797 ίκετεύωμεν
3603 3729 3732 3791 τοὺς

2154 3809 2362 3877 ἁγίους,
2399 3812 2513 3866 ἀλλ’
2542 3813 2628 3866 ἵνα
2666 3813 2740 3883 μὴ
2781 3812 3145 3884 ρᾳθυμῶμεν,
3177 3815 3310 3884 μηδὲ
3336 3816 3733 3880 ἀναπίπτοντες

2155 3900 2309 3954 αὐτοὶ
2336 3903 2427 3956 καὶ
2452 3903 2827 3967 καθεύδοντες,
2855 3905 3060 3976 ἐτέρσις
3086 3906 3154 3958 τά
3177 3907 3297 3959 καθ’
3330 3909 3477 3977 ἡμᾶς
3504 3909 3732 3980 ἐπιτρέ-

2163 4011 2355 4062 πωμεν
2399 3995 2598 4065 μόνοις.
2641 3996 2749 4050 Kal
2788 3997 2896 4068 γὰρ
2931 3997 2952 4028 ³
2999 3997 3200 4060 εἰπὼν,
3242 3997 3542 4064 Ποιήσατε
3591 4002 3735 4070 ὑμῖν

2154 4086 2394 4152 φίλους,
2439 4087 2538 4140 οὐκ
2572 4087 2700 4158 ἔστη
2735 4087 2896 4158 μέχρι
2933 4089 3123 4142 τούτου
3158 4090 3346 4160 μόνον,
3385 4090 3524 4143 ἀλλὰ,
3565 4109 3734 4161 προσ-

2157 4175 2370 4246 έθηκεν,
2409 4179 2510 4232 Ἐκ
2539 4179 2643 4232 τοῦ
2670 4179 2882 4234 ἀδίκου
2912 4180 3162 4250 μαμωνᾶ
3181 4199 3194 4211 ·
3229 4181 3316 4234 ῐνα
3344 4181 3508 4235 πάλιν
3550 4183 3641 4237 σὺν
3672 4184 3736 4236 τὸ

2157 4268 2488 4340 κατόρθωμα
2507 4270 2761 4342 γένηται·
2784 4271 2935 4324 οῦδὲν
2956 4272 3063 4343 γάρ
3088 4272 3272 4346 ἕτερον
3300 4273 3332 4343 ἢ
3361 4273 3731 4345 ἐλεημοσύνην

2155 4358 2390 4412 ἐνταῦθα
2420 4362 2658 4431 ᾐνίξατο.
2713 4363 2818 4416 Kal
2855 4363 2918 4416 τὸ
2952 4363 3016 4434 δὴ
3058 4363 3508 4436 θαυμαστὸν,’ὃτι
3539 4366 3562 4397 ⁸
3609 4365 3729 4419 οῦδὲ

2158 4451 2593 4519 ἁκριϐολογεῖται
2631 4454 2764 4524 πρὸς
2791 4456 2962 4524 ἡμᾶς,
2992 4456 3086 4509 ἐὰν
3111 4456 3440 4527 ἀποστῶμεν
3479 4456 3582 4526 τῆς
3619 4456 3731 4509 ἀδι-

2153 4541 2277 4604 κίας
2326 4545 2390 4596 ’Ὀ
2424 4544 2533 4616 γὰρ
2568 4545 2982 4614 λέγειοτοιοῦτόν
3011 4548 3159 4600 ἐστιν
3183 4566 3196 4580 ·
3235 4547 3480 4618 Ἐκτήσω
3507 4547 3721 4613 κακῶς;

2155 4634 2430 4689 ἀνάλωσον
2467 4636 2667 4700 καλῶς.
2715 4635 3011 4702 Συνέλεξας
3055 4637 3292 4703 ἀδίκως;
3323 4639 3618 4707 σκόρπισον
3650 4637 3726 4690 δι-

2155 4727 2346 4790 καίως.
2371 4728 2631 4796 Καίτοιγε
2654 4728 2782 4782 ποία
2807 4728 2965 4782 τοῦτο
2997 4729 3168 4799 ἀρετὴ
3192 4729 3254 4782 τὸ
3277 4729 3343 4782 ἐκ
3368 4728 3477 4781 τῶν
3510 4729 3531 4760 ⁸
3552 4729 3730 4781 τοιού-

2153 4838 2261 4873 των
2290 4820 2520 4881 διδόναι;
2556 4820 2695 4872 Ἀλλ’
2712 4821 2862 4891 ὅμως
2886 4821 2915 4872 6
2939 4820 3094 4884 Θεὸς,
3119 4819 3500 4888 φιλάνθρωπος
3518 4817 3616 4882 ῶν,
3633 4819 3731 4873 καὶ

2155 4911 2317 4981 μέχρι
2338 4911 2530 4964 τούτου
2556 4911 2874 4966 καταϐαίνει
2896 4911 2917 4942 ⁸
2933 4928 2944 4942 ·
2980 4910 3084 4964 κᾶν
3098 4910 3241 4964 οὕτω
3266 4909 3528 4980 ποιῶμεν,
3561 4909 3730 4962 πολλά

2155 5005 2284 5074 ἡμῖν
2313 5003 2708 5071 ἐπαγγέλλεται
2739 5004 2940 5072 ἀγαθά.
2982 5002 3123 5056 Ἀλλ’
3158 5004 3319 5072 ἡμεῖς
3355 5003 3435 5064 είς
3477 5001 3730 5054 τοσοῦτον

2155 5096 2514 5166 ἀναισθησίας
2537 5096 2765 5166 ἥκομεν,
2793 5095 2867 5159 ὼς
2892 5095 3027 5166 μηδέ
3051 5095 3117 5147 ἐκ
3146 5093 3240 5146 τοῦ
3278 5093 3466 5146 ἀδίκου
3493 5092 3694 5146 διδόναι
3713 5109 3727 5122 ·

2158 5184 2287 5238 ἄλλα
2319 5185 2488 5256 μυρία
2516 5183 2878 5255 ἁρπάζοντες,
2911 5182 2976 5236 ἂν
3017 5181 3306 5235 πολλοστὸν
3352 5180 3520 5251 μέρος
3560 5197 3730 5232 κατα-

2157 5277 2426 5348 ϐάλωμεν,
2452 5277 2514 5330 τὸ
2538 5278 2646 5329 πᾶν
2663 5273 2958 5346 νομίζομεν
2973 5272 3416 5344 πεπληρωκέναι.
3440 5271 3553 5323 Οὐκ
3568 5271 3730 5340 ῆκου-

2161 5387 2252 5432 τας
2285 5368 2498 5421 Παύλου
2523 5368 2792 5436 λέγοντος,
2827 5367 2908 5418 ὅτι
2950 5365 3012 5418 '0
3043 5364 3310 5431 σπείρων
3341 5359 3728 5431 φειδομένως,

2152 5460 2515 5531 φειδομένως
2532 5462 2628 5514 καὶ
2657 5461 2901 5528 θερίσει;
2929 5457 3087 5520 Τίνος
3110 5451 3203 5510 οὖν
3230 5454 3416 5508 ἕνεκεν
3441 5453 3593 5524 φείδῃ
3617 5469 3630 5516 ;
3656 5453 3728 5522 μὴ

2157 5553 2264 5624 γὰρ
2315 5552 2580 5621 ἀνάλωμα
2627 5551 2688 5604 τὸ
2744 5549 2976 5620 πρᾶγμά
3015 5551 3165 5614 ἐστι;
3202 5546 3276 5618 μὴ
3327 5544 3437 5616 γὰρ
3487 5544 3726 5614 δαπάνηῖ

539 5650 800 5737 ⁹¹ξύτῆξ1
833 5653 1128 5737 35:55.92}?-
1154 5654 1259 5737 ΞΞις
1285 5654 1482 5737 αιῖτίιςε
1512 5725 1525 5737 .
1555 5655 1603 5737 '.'
1625 5657 1823 5737 οὓτφς]
1849 5659 1973 5737 89d.-
1997 5659 2159 5737 αὐτὸν
2194 5659 2270 5737 υς,
2288 5659 2350 5737 ξ’,ο
2386 5733 2396 5737 -
2425 5657 2693 5737 ’ἱπῷςρέ
2715 5655 2868 5737 ξ-ηδοΙ
2887 5655 3003 5719 πῶς
3026 5656 3086 5737 ἢν
3114 5655 3209 5711 καὶ
3231 5651 3722 5737 ζῶνταὲιεκλεῦφ·

468 5718 561 5780 ζον
594 5718 652 5772 F.

467 5789 516 5825 '1‘
545 5789 678 5841 ἀκού

469 5873 570 5930 της
595 5857 749 5912 Εόάζ
797 5864 848 5930 7’
885 5861 1177 5930 προεδρίαν
1217 5865 1317 5917 Λη.

473 5865 1177 5954 ξηξιξξξςζλῖπροξηδρίαν
1217 5865 1317 5917 Λη.
1420 5865 1440 5896 ³
1473 5865 1583 5917 Kal
1609 5866 1738 5938 γάρ]
1781 5869 1838 5920 '0
1869 5872 1976 5940 γάρ
2012 5870 2072 5923 ιτ.

530 5929 954 5990 συγκαταϐαίνει
991 5927 1067 5981 1³(
1620 5927 1630 5934 ’
1817 5986 1838 5995 ⁸

755 5724 799 5754 ⁸⁵
831 5723 1116 5801 ἓΘΙΙςρΝ.
1154 5725 1277 5778 ’Ότι
1303 5725 1482 5801 οὐ-δεῖ
1507 5723 1910 5801 ἐτέρωὶἀρετῃ
1948 5730 2193 5801 θαρρεῖν,
2225 5731 2341 5783 ἀλλ’
2375 5731 2522 5800 ἡμᾶς
2550 5729 2728 5798 ὀρθῶς
2757 5723 2906 5801 βιοῦν
2925 5745 2949 5801 °_
2978 5729 3072 5781 καὶ
3117 5726 3259 5801 κατ-ἀ
3290 5725 3618 5801 τομκιζόντων

685 5791 902 5866 σητεξιτ.
979 5793 1110 5866 ’τ’τε
1147 5809 1256 5866 οηι.
1288 5794 1447 5866 τοίω.
1472 5791 1664 5866 ρταξιογ
1692 5796 1752 5851 F.
1782 5791 1792 5800 ’
1831 5791 2054 5853 ⁹⁸“τῶν’‹

2164 5791 2199 5854 si.
2235 5801 2287 5852 in
2318 5791 2513 5854 c0011.,
2555 5791 2599 5830 ’ί
2635 5791 3068 5866 καταλιμπάνων
3115 5795 3178 5851 D.
3205 5794 3277 5866 Ρ.
3345 5795 3361 5824 ¹
3394 5793 3725 5866 τότε]ηταρ-

2150 5875 2169 5902 ⁸
2193 5871 2332 5941 οὐδὲ]
2365 5871 2464 5923 οὐκ
2494 5869 2552 5924 F.
2586 5871 2739 5924 οὐδέν
2765 5863 2904 5923 ΕιΙίΙ.
3002 5869 3022 5900 ⁸
3055 5871 3119 5920 ἐκ
3152 5865 3282 5936 τῶν]
3313 5865 3423 5919 ἀπό
3449 5867 3513 5920 Δ.
3541 5865 3601 5919 Β.
3653 5863 3715 5916 E.
