4066 6456
820 363 856 373 ..-

320 408 387 467 59
1552 416 1618 472 IN
1656 414 2068 478 MATTHEUM
2107 419 2337 478 IIOMIL.
2373 421 2442 476 ν.
3541 419 3612 475 ω

318 521 487 576 fausta
528 520 784 576 nuntians
824 521 904 578 sic
940 521 1263 592 compellat:
1303 519 1492 587 Vides,
1543 524 1736 590 frater,
1787 537 1904 591 quot

317 610 478 664 millia
503 613 726 679 suntqui
750 619 1087 666 convenerunt
1115 611 1267 680 (Act.
1298 611 1387 665 2t.
1416 609 1564 681 20)?
1594 611 1765 665 Tanta
1788 620 1908 665 erat

309 700 426 761 eius
450 701 733 772 prudentia
754 743 771 768 ,
802 711 979 758 tantus
1004 703 1183 767 zelus;
1216 703 1326 759 imo
1348 718 1478 758 vero
1521 713 1664 758 tanta
1696 702 1897 758 Christi

310 793 500 848 virtus.
545 792 678 849 Nam
717 794 808 865 qui
855 794 1001 850 illum
1044 795 1419 864 vituperabant
1472 796 1777 863 viventem,
1827 797 1899 851 ita

308 891 430 953 post
453 894 683 939 mortem
712 885 886 954 ipsum
918 885 1167 940 admirati
1195 896 1356 950 sunt,
1387 894 1441 939 ut
1468 901 1592 940 cum
1621 885 1899 941 alacritate

299 989 499 1043 magna
546 975 709 1030 vitam
754 991 852 1046 pro
887 977 1004 1045 ipso
1053 976 1468 1046 profunderent;
1500 992 1622 1047 qua:
1647 978 1897 1032 virtutem

311 1066 717 1120 resurrectionis
771 1080 895 1121 cum
946 1067 1129 1135 primis
1174 1077 1618 1122 commonstrant.
1672 1066 1901 1136 Ideoque

303 1155 422 1219 illa,
452 1171 577 1225 quae
600 1156 829 1211 clariora
856 1145 1043 1221 erant,
1074 1157 1141 1210 ad
1171 1165 1468 1213 extremum
1493 1167 1701 1226 tempus
1726 1173 1902 1212 rest-r-

286 1245 609 1313 iubentur,
653 1254 712 1301 ut
738 1245 856 1302 btet:
879 1247 1008 1301 nulli
1043 1247 1204 1301 dubio
1232 1247 1461 1303 obnoxia
1498 1256 1647 1303 esset
1676 1247 1899 1303 demon-

306 1335 515 1390 stratio.
544 1335 678 1390 Nam
700 1336 744 1390 si
772 1336 892 1392 illos
919 1337 1079 1392 etiam
1109 1337 1197 1408 qui
1238 1339 1290 1392 in
1318 1340 1425 1393 vita
1469 1352 1563 1393 sua
1591 1336 1894 1392 admirandi

306 1438 495 1492 erant,
541 1426 820 1483 defunctos
866 1429 1259 1495 obliviscimur,
1298 1444 1406 1500 quo
1447 1438 1607 1501 pacto
1643 1429 1753 1495 illi,
1796 1429 1884 1498 qui

306 1518 579 1573 viventem
607 1521 781 1589 ipsum
823 1519 1149 1587 irridebant,
1183 1522 1349 1577 Deum
1379 1535 1501 1576 esse
1538 1520 1898 1577 existimavis-

306 1618 459 1675 seut,
499 1608 545 1663 si
586 1608 859 1665 hominem
901 1610 1296 1667 credidissent?
1334 1609 1605 1680 quomodo
1640 1623 1739 1680 pro
1780 1608 1898 1678 ipso

307 1709 538 1756 mortem
581 1701 765 1757 subire
792 1702 1118 1767 voluissent,
1153 1704 1252 1758 nisi
1287 1703 1619 1772 perspicuam
1660 1703 1899 1772 accepis-

306 1798 429 1845 sent
456 1792 867 1848 resurrectionis
883 1789 1398 1848 demonstrationem
1418 1793 1442 1846 ?

371 1991 588 2063 Cognati
634 1991 768 2061 justi
814 1990 1014 2045 nonnisi
1044 1988 1353 2058 resipiscenti
1385 1987 1632 2054 peccaturi
1659 1992 1892 2053 prosunt.

302 2084 549 2138 Precibus
584 2092 873 2138 sanctorum
910 2100 1013 2137 non
1060 2082 1211 2136 nimis
1261 2081 1543 2150 ﬁdendum.
1593 2079 1734 2133 -4.
1769 2077 1896 2132 llaec

304 2189 471 2245 porro
499 2174 747 2239 dicimus,
778 2188 884 2228 non
914 2181 972 2227 ut
999 2172 1225 2226 audiatis
1265 2179 1489 2236 tantum,
1520 2169 1615 2224 sed
1641 2177 1698 2224 ut
1721 2168 1898 2224 imite-

302 2264 435 2320 mini
453 2263 1058 2329 lortitudinem,dicendi
1098 2261 1355 2327 iduciam,
1384 2259 1749 2330 justitiamque
1777 2273 1897 2316 om-

304 2372 431 2412 nem
454 2372 470 2419 ;
494 2365 552 2410 ut
576 2370 735 2412 nemo
758 2355 827 2410 de
851 2369 911 2410 se
938 2354 1207 2424 desperet,
1239 2351 1449 2407 etiamsi
1470 2351 1695 2405 antehac
1723 2349 1901 2420 segnis

304 2446 710 2516 desidiosusque
755 2445 946 2510 fuerit;
996 2452 1158 2513 utque
1202 2442 1347 2497 nulla
1393 2442 1445 2496 in
1504 2455 1566 2497 re
1618 2440 1725 2495 alia
1749 2453 1901 2509 Spem

304 2536 522 2603 habeat,
550 2535 650 2592 nisi
675 2544 796 2606 post
820 2534 913 2589 Dei
940 2531 1362 2589 misericordiam
1387 2532 1441 2585 in
1464 2545 1672 2584 morum
1700 2529 1901 2584 sancti-

306 2627 572 2683 tate.Nam
592 2626 638 2682 si
654 2625 785 2681 nihil
801 2626 905 2681 illis
926 2623 1126 2696 profuit
1139 2622 1280 2694 quod
1295 2638 1361 2678 ex
1377 2621 1712 2691 cognatione,
1741 2618 1901 2674 domo

306 2726 366 2773 et
385 2718 555 2788 patria
575 2716 769 2773 Christi
796 2726 977 2772 essent
998 2757 1013 2781 ,
1044 2715 1218 2770 donec
1245 2714 1439 2768 virtute
1462 2711 1761 2766 clarerent:
1793 2724 1895 2778 qua

308 2811 468 2867 venia
508 2809 651 2880 digni
689 2809 925 2875 erimus,
952 2807 1079 2863 dum
1118 2814 1374 2876 cOgnatos
1411 2813 1467 2860 et
1501 2804 1689 2858 fratres
1726 2803 1895 2872 iustos

308 2901 678 2968 ostendimus,
725 2901 826 2955 nisi
883 2914 1004 2953 cum
1059 2912 1251 2969 magna
1289 2896 1541 2966 aquitate
1593 2893 1894 2962 virtuteque

306 2996 475 3048 vitam
531 2992 826 3049 ducamus?
880 2991 1016 3047 Illud
1068 2990 1211 3047 enim
1252 2987 1596 3044 subindicans
1638 2985 1900 3057 propheta

308 3084 522 3139 dicebat
553 3101 567 3137 :
598 3081 783 3136 Frater
804 3097 905 3136 non
929 3081 1149 3147 redimit,
1182 3079 1391 3135 redimet
1424 3078 1574 3132 homo
1604 3075 1785 3146 (Psal.
1812 3074 1904 3130 48.

310 3176 416 3248 7);
447 3174 659 3232 etiamsi
690 3174 896 3247 Moyses
927 3173 1124 3240 fuerit,
1156 3170 1364 3227 etiamsi
1401 3169 1614 3226 Samuel
1639 3210 1656 3236 ,
1698 3165 1906 3223 etiamsi

310 3266 594 3322 Jercmias.
639 3266 775 3320 Audi
804 3266 945 3320 enim
968 3263 1096 3334 quid
1127 3263 1201 3318 illi
1229 3262 1372 3318 dicat
1401 3262 1541 3316 Deus
1574 3276 1592 3316 :
1628 3258 1753 3313 Noli
1780 3274 1901 3327 pre-

310 3359 421 3413 cari
458 3373 550 3427 pro
579 3358 768 3428 papula
793 3357 907 3423 hoc,
939 3355 1175 3425 quoniam
1218 3370 1319 3407 non
1343 3351 1614 3407 exaudiam
1656 3359 1705 3402 te
1756 3347 1898 3417 (Jer.

312 3450 404 3504 11.
436 3448 555 3520 14).
580 3447 645 3502 Et
667 3447 794 3518 quid
821 3446 1032 3500 miraris
1058 3446 1101 3498 si
1131 3452 1183 3498 te
1209 3458 1317 3497 non
1345 3441 1542 3497 audio?
1562 3438 1695 3495 Nam
1720 3439 1762 3493 si
1786 3451 1902 3507 Ipse

313 3543 527 3613 Moyses
546 3580 562 3605 ,
590 3540 797 3610 inquit,
821 3538 866 3593 si
888 3536 1103 3593 Samuel
1130 3534 1410 3598 adessent,
1441 3547 1626 3587 eorum
1657 3544 1757 3600 pro
1793 3527 1908 3581 istis

310 3637 752 3706 supplicationem
799 3653 904 3691 non
958 3635 1294 3691 admitterem
1343 3631 1491 3705 (λεν.
1531 3631 1611 3686 15.
1646 3631 1731 3700 1).
1759 3629 1894 3682 Eze-

311 3727 454 3784 chiel
478 3727 683 3780 etiamsi
719 3727 1016 3796 supplicet,
1045 3727 1146 3781 hoc
1186 3724 1367 3779 audiet
1399 3740 1413 3776 :
1453 3721 1515 3776 Si
1535 3720 1760 3775 steterint
1786 3717 1903 3771 Noe

311 3831 361 3875 et
388 3820 487 3873 Job
534 3828 579 3873 et
608 3818 823 3882 Daniel,
871 3819 1007 3887 ﬁlios
1054 3818 1287 3885 ﬁliasque
1327 3830 1446 3869 suas
1482 3829 1585 3866 non
1623 3810 1901 3865 liberabant

309 3911 338 3980 (
356 3907 542 3964 Each.
591 3908 958 3978 14.11.16).
1011 3907 1236 3962 Etiamsi
1282 3904 1551 3960 Abraham
1598 3899 1900 3972 patriarcha

313 4016 414 4072 pro
435 4001 499 4056 iis
518 4001 607 4071 qui
631 4000 910 4055 incumbili
936 4000 1123 4054 morbo
1142 3997 1404 4062 laborant,
1431 4011 1529 4051 nec
1558 3994 1898 4064 resipiscunt,

311 4090 608 4160 supplicet,
644 4091 782 4146 Deus
820 4090 1075 4146 abscedet
1114 4097 1170 4145 et
1213 4089 1480 4158 relinquet
1519 4101 1679 4151 eum;
1725 4086 1795 4139 ita
1845 4093 1905 4137 ut

310 4195 500 4236 eorum
541 4181 710 4251 gratia
759 4181 1009 4237 emissam
1063 4195 1249 4259 vocem
1298 4195 1404 4233 non
1444 4176 1644 4232 audiat.
1679 4174 1901 4230 Etiamsi

312 4274 534 4330 Samuel
560 4272 663 4329 hoc
690 4274 862 4343 ipsum
888 4274 1075 4329 l'e'cerit
1093 4314 1110 4339 ,
1137 4273 1280 4328 dicet
1305 4271 1404 4340 ipsi
1437 4288 1457 4327 :7
1483 4267 1568 4323 Ne
1593 4268 1790 4339 ﬂeveris
1811 4282 1903 4336 pro

314 4365 477 4421 Stulte
503 4365 595 4435 (1.
622 4364 751 4438 Reg.
783 4366 871 4420 l6.
901 4367 992 4437 I).
1023 4363 1247 4420 Etiamsi
1287 4378 1382 4433 pro
1426 4376 1611 4417 sorore
1640 4359 1902 4429 quispiam

312 4471 424 4512 non
440 4466 742 4528 opportune
760 4457 1013 4521 oraverit,
1038 4456 1267 4526 idipsum
1295 4453 1474 4509 audiet
1493 4451 1634 4524 quod
1662 4451 1900 4524 Moyses:

314 4548 378 4605 Si
438 4564 721 4619 conspneus
750 4538 1080 4618 conspuisset
1117 4557 1262 4618 pater
1301 4546 1412 4615 ejus
1463 4545 1517 4598 in
1573 4544 1755 4615 faciem
1794 4543 1904 4611 ejus

311 4636 515 4709 (Nam.
572 4638 660 4693 1‘2.
724 4637 860 4708 14).
910 4636 988 4693 Ne
1039 4637 1216 4701 itaque
1268 4636 1495 4690 aliorum
1553 4633 1903 4704 patrocinium

311 4732 498 4787 hiante
525 4747 620 4788 ore
644 4742 966 4803 spectemus.
993 4730 1124 4784 Nam
1156 4745 1342 4800 preces
1363 4727 1575 4799 quidem
1599 4736 1903 4805 sanctorum

311 4822 423 4882 'tim
452 4821 651 4878 habent
677 4822 1006 4888 maximam;
1036 4820 1131 4876 sed
1167 4821 1212 4875 si
1244 4835 1342 4875 nos
1382 4818 1748 4888 pmnitentiam
1778 4832 1905 4888 aga-

313 4928 440 4970 mus
486 4922 542 4969 et
600 4913 997 4983 resipiscamus.
1034 4911 1474 4982 Quandoquidem
1525 4910 1771 4982 Moyses,
1816 4911 1905 4980 qui

314 5009 536 5064 fratrem
583 5021 739 5062 suum
764 5016 817 5062 et
841 5014 1094 5062 sexcenta
1120 5005 1282 5060 millia
1312 5004 1589 5063 hominum
1632 5003 1702 5059 ab
1730 5002 1907 5058 immi-

313 5110 477 5155 nente
523 5098 598 5153 ira
647 5096 927 5164 liberavit,
980 5112 1221 5154 sororem
1277 5113 1381 5151 non
1431 5097 1604 5167 potuit
1654 5095 1902 5166 eripere;

313 5188 527 5245 etiamsi
552 5204 658 5245 non
689 5205 784 5259 par
807 5197 1080 5260 peccatum
1110 5198 1253 5243 esset
1284 5204 1298 5242 :
1332 5187 1418 5241 illa
1447 5187 1645 5258 quippe
1666 5186 1904 5258 Moysem

314 5282 638 5339 contumelia
662 5279 949 5347 allecerat;
974 5281 1025 5334 hi
1051 5289 1230 5335 autem
1254 5279 1475 5350 impium
1508 5278 1713 5335 facinus
1735 5272 1908 5333 admi-

314 5380 518 5428 serant.
552 5370 745 5427 Verum
774 5371 910 5426 hanc
942 5386 1041 5442 ego
1068 5371 1218 5426 vobis
1247 5370 1598 5440 qumstionem
1625 5369 1903 5440 relinquo,

316 5462 414 5518 sed
452 5462 541 5518 illa
594 5463 892 5533 graviorem
935 5463 1147 5518 solvere
1184 5461 1438 5518 conabor.
1487 5462 1626 5531 Quid
1664 5462 1808 5517 enim
1838 5463 1907 5519 de

316 5567 509 5609 sorore
532 5553 793 5619 dicamus,
822 5553 1034 5623 quando
1063 5552 1177 5624 ipse
1204 5541 1364 5608 etiam
1408 5555 1536 5607 tanti
1564 5538 1745 5623 populi
1775 5553 1902 5620 dux,

318 5643 371 5699 id
403 5643 545 5712 quod
577 5658 676 5714 pro
703 5644 878 5713 seipse
907 5644 1127 5715 rogabat
1156 5644 1440 5715 impetrare
1468 5659 1574 5699 non
1596 5644 1782 5710 valuit,
1811 5645 1907 5700 sed

316 5744 443 5806 post
480 5746 558 5791 tot
598 5745 883 5809 tantosque
930 5736 1141 5793 labores
1185 5746 1241 5794 et
1282 5751 1583 5803 aerumnas,
1626 5748 1906 5805 postquam

2032 532 2127 586 per
2165 532 2337 573 annos
2361 519 2706 592 quadraginta
2733 524 2929 594 pepulo
2972 524 3294 595 praefuerat,
3337 545 3390 583 m
3420 538 3617 586 terram

2032 608 2188 663 toties
2241 609 2558 677 promissam
2606 612 2809 668 intrare
2864 615 3167 685 prohibitus
3213 619 3337 673 est?
3381 621 3495 688 Qua
3547 623 3619 679 de

2023 699 2223 753 causa?
2266 698 2384 753 Non
2433 701 2576 756 utilis
2633 701 2748 758 haec
2788 706 2955 774 gratia
2996 705 3222 774 fuisset,
3274 709 3381 763 imo
3428 711 3605 766 damni

2023 791 2245 845 multum
2272 791 2573 857 intulisset,
2607 793 3023 867 Iudaeorumqne
3063 801 3263 855 multos
3296 802 3607 872 supplanta-

2023 883 2209 938 visset.
2235 884 2289 939 Si
2320 885 2463 939 enim
2502 900 2569 941 ex
2592 885 2827 959 Egypto
2868 897 3070 945 tantum
3094 905 3126 945 a
3146 891 3328 964 Moyse
3356 893 3558 948 liberati
3584 935 3600 960 ,

2016 973 2123 1029 Deo
2153 973 2398 1043 dimisso,
2421 977 2638 1049 Moysen
2666 980 3010 1047 requirebant
3038 982 3243 1053 ipsique
3272 993 3438 1039 totum
3462 986 3596 1040 refe-

2014 1064 2204 1118 rebaut
2236 1083 2250 1119 :
2280 1066 2325 1120 si
2356 1082 2416 1122 se
2460 1068 2717 1123 vidissent
2743 1070 2812 1125 ab
2848 1071 2938 1126 illo
2968 1073 3298 1128 introductos
3329 1075 3378 1129 in
3408 1087 3603 1131 terram

2010 1157 2380 1224 promissionis
2401 1198 2417 1221 ,
2450 1174 2557 1229 quo
2577 1175 2681 1214 non
2714 1163 3082 1232 prorupissent
3112 1164 3438 1234 impietatis?
3456 1165 3603 1222 Ideo.

2007 1264 2111 1318 que
2154 1250 2451 1318 sepulcrum
2496 1251 2612 1322 ejus
2654 1254 2919 1310 occultum
2947 1256 3143 1312 mansit
3168 1257 3357 1328 (Deut.
3391 1260 3479 1315 54.
3511 1260 3604 1330 6).

2010 1340 2227 1396 Samuel
2255 1357 2385 1398 vero
2420 1343 2633 1400 Saﬁlem
2680 1345 2906 1402 liberare
2930 1349 3169 1417 nequivit
3194 1364 3225 1404 a
3261 1350 3441 1406 divina
3489 1352 3566 1405 ira
3589 1394 3604 1414 ,

2008 1433 2097 1501 qui
2139 1442 2313 1493 tamen
2360 1433 2626 1490 lsraelitas
2677 1451 2821 1506 sa-pe
2862 1439 3094 1493 servavit
3132 1441 3217 1511 (1.
3246 1441 3373 1511 Reg.
3413 1443 3495 1497 16.
3532 1444 3604 1514 1).

2008 1524 2266 1580 Jercmias
2295 1525 2510 1583 Judmos
2561 1542 2776 1584 servare
2813 1545 2920 1584 non
2977 1531 3184 1599 potuit,
3222 1533 3376 1586 alteri
3429 1546 3605 1589 tamen

2008 1614 2060 1668 in
2117 1615 2390 1685 prophetia
2442 1631 2536 1672 sua
2583 1620 2949 1687 patrocinatus
3002 1633 3106 1678 εει.
3178 1623 3363 1679 Daniel
3412 1624 3606 1678 barba-

2008 1721 2098 1763 ros
2143 1709 2235 1779 qui
2281 1698 2658 1779 iugulabantur
2707 1712 2933 1781 eripuit,
2996 1728 3094 1767 nec
3146 1713 3361 1769 Judieos
3415 1731 3482 1770 ne
3550 1715 3605 1770 in

2006 1798 2363 1867 captivitatem
2393 1798 2788 1855 abducerentur
2829 1817 3046 1857 servare
3086 1805 3255 1874 potuit
3282 1807 3300 1873 (
3327 1803 3458 1859 Dan.
3489 1805 3526 1858 2
3550 1807 3593 1877 ).

2007 1890 2065 1945 ln
2093 1891 2398 1961 Evangeliis
2422 1907 2635 1961 quoque
2675 1907 2779 1946 non
2813 1893 2862 1947 in
2894 1894 3156 1959 diversis,
3190 1895 3283 1950 sed
3318 1896 3367 1949 in
3412 1896 3605 1950 iisdem

2007 1985 2136 2055 ipsis
2163 1994 2450 2055 utrumque
2498 1986 2859 2055 conspicimus
2900 2004 2914 2040 :
2967 1988 3322 2056 eamdemque
3353 1988 3599 2043 videmus

2006 2077 2234 2131 salutem
2265 2076 2365 2130 sibi
2392 2091 2600 2144 parare,
2626 2087 2679 2131 et.
2708 2087 2891 2147 postea
2918 2077 3142 2132 salutem
3172 2092 3326 2133 suam
3346 2079 3595 2148 prodere.
3651 2111 3671 2126 .

2006 2167 2138 2222 Nam
2177 2167 2267 2237 qui
2296 2166 2486 2221 decem
2523 2167 2685 2220 nnllia
2720 2168 2916 2221 talenta
2944 2167 3207 2232 debebat,
3257 2168 3608 2238 supplicando

2008 2275 2067 2316 se
2090 2275 2154 2316 ex
2180 2260 2417 2330 periculo
2451 2260 2648 2330 eripuit
2678 2268 2967 2329 posteaque
2998 2260 3230 2331 idipsum
3261 2277 3366 2315 non
3397 2263 3602 2332 potuit;

2006 2352 2143 2407 alius
2170 2359 2355 2405 contra
2379 2392 2392 2413 ,
2426 2350 2513 2419 qui
2560 2350 2705 2419 prius
2748 2351 2981 2419 seipsum
3028 2350 3341 2420 prodiderat
3373 2393 3387 2414 ,
3422 2360 3604 2419 postea

2006 2442 2105 2497 sibi
2133 2442 2230 2509 ipsi
2257 2441 2543 2511 plurimum
2588 2440 2844 2511 prodesse
2886 2443 3081 2512 potuit.
3110 2443 3240 2510 Quis
3270 2443 3358 2497 ille
3383 2443 3512 2497 est?
3558 2441 3606 2496 Is

2006 2533 2095 2603 qui
2122 2541 2391 2603 paternam
2416 2534 2765 2589 substantiam
2808 2534 3151 2589 devoraverat
3176 2533 3326 2608 (Luc.
3362 2536 3448 2591 15.
3485 2534 3602 2605 30).

2007 2626 2189 2694 Itaque
2226 2625 2269 2680 si
2316 2640 2506 2695 segnes
2529 2634 2583 2680 et
2608 2625 2860 2683 socordes
2889 2626 3142 2682 fuerimus
3162 2669 3178 2695 ,
3227 2643 3296 2683 ne
3345 2644 3443 2698 per
3468 2628 3605 2683 alios

2007 2718 2220 2788 quidem
2251 2717 2450 2771 servari
2482 2716 2810 2786 poterimus;
2860 2719 2903 2772 si
2945 2727 3122 2774 autem
3151 2719 3430 2789 vigilemus
3450 2761 3466 2784 ,
3508 2735 3605 2788 per

2010 2809 2365 2879 neSInetipsos
2393 2807 2447 2862 id
2484 2808 2781 2863 valebimus
2808 2826 2820 2862 :
2853 2808 2963 2871 imo
2989 2810 3159 2880 magis
3202 2818 3414 2873 nostra,
3442 2825 3601 2881 quam

2007 2901 2233 2956 aliorum
2283 2913 2466 2968 opera.
2508 2898 2706 2953 Mavult
2752 2900 2949 2970 quippe
2993 2900 3133 2955 Deus
3178 2903 3401 2971 gratiam
3444 2900 3600 2954 nobis

2011 2990 2321 3063 ipsis'dare,
2352 3005 2512 3060 quam
2535 2990 2640 3044 alio
2664 3006 2761 3058 pro
2792 2991 2945 3044 nobis
2971 3004 3223 3061 precante
3241 3014 3251 3047 :
3272 3000 3602 3057 tut-orantes

2028 3085 2202 3154 ipsius
2266 3086 2398 3140 iram
2429 3087 2674 3156 placare,
2702 3102 2823 3142 cum
2853 3085 3040 3141 fiducia
3067 3100 3282 3155 agamus
3319 3095 3373 3141 et
3418 3085 3603 3156 resipi-

2023 3190 2254 3232 scamus.
2272 3176 2360 3231 Sic
2374 3175 2729 3234 Chananaeam
2748 3178 3028 3234 miseratus
3043 3187 3152 3244 est;
3171 3177 3249 3231 sic
3266 3177 3605 3233 meretricem

2022 3268 2195 3323 salute
2221 3267 2456 3331 donavit,
2480 3268 2559 3324 sic
2582 3269 2844 3325 latronem
2862 3310 2879 3337 ,
2910 3269 3056 3323 nullo
3081 3267 3469 3323 interveniente
3494 3282 3605 3322 mc-

2021 3357 2229 3414 diatore
2254 3369 2309 3414 et
2340 3368 2584 3425 patrono.

2088 3539 2140 3594 5.
2166 3538 2474 3593 Sanctorum
2493 3536 2757 3593 invocatio.
2782 3534 3131 3606 Eleemosyntc
3149 3534 3364 3604 fractus.
3389 3562 3456 3575 ——
3480 3530 3605 3587 Haec

2016 3641 2194 3686 autem
2219 3630 2342 3687 dico
2362 3672 2379 3698 ,
2408 3646 2513 3685 non
2544 3638 2603 3686 ut
2628 3631 2828 3686 sanctis
2855 3646 2961 3684 non
2993 3629 3351 3700 supplicemus
3369 3667 3387 3693 ,
3413 3625 3507 3683 sed
3536 3640 3609 3682 ne

2016 3724 2185 3779 simus
2212 3724 2561 3796 negligentes,
2586 3738 2718 3779 neve
2742 3725 2793 3778 in
2821 3722 3119 3778 socordiam
3143 3736 3497 3793 somnumque

2016 3814 2189 3885 lapsi,
2218 3815 2338 3871 aliis
2383 3816 2616 3886 ipsisque
2654 3815 2782 3869 solis
2824 3830 2910 3869 res
2948 3824 3160 3869 nostras
3187 3813 3604 3868 committamus.

2015 3906 2147 3962 Nam
2176 3922 2296 3962 cum
2318 3906 2559 3972 dixisset,
2579 3906 2768 3962 Facite
2791 3907 2926 3961 vobis
2952 3907 3161 3972 amicos,
3188 3922 3294 3960 non
3326 3905 3411 3960 hic
3437 3905 3607 3973 stetit,

2017 4001 2112 4055 sed
2142 4000 2362 4066 addidit,
2394 4001 2474 4055 Ex
2498 4001 2670 4071 iniquo
2700 4016 2934 4053 mamona
2964 3998 2984 4068 (
3002 3998 3130 4051 Luc.
3160 3999 3247 4053 l6.
3282 3999 3360 4066 9)
3391 4016 3405 4051 :
3435 4007 3493 4053 ttt
3520 4014 3607 4053 re-

2016 4101 2101 4147 cte
2128 4093 2322 4146 factum
2355 4107 2479 4147 vere
2505 4093 2573 4145 sit
2601 4102 2767 4144 tuum.
2801 4090 2941 4144 Nihil
2970 4086 3110 4143 enim
3138 4088 3280 4143 aliud
3310 4089 3414 4155 hic,
3446 4105 3607 4160 quam

2018 4184 2411 4250 eleemosynam
2444 4182 2693 4235 indicavit
2725 4200 2737 4235 :
2772 4181 3018 4251 quodque
3046 4180 3440 4247 admirandum,
3474 4181 3607 4235 nihil

2017 4272 2153 4327 ultra
2180 4288 2210 4328 a
2237 4273 2388 4329 nobis
2418 4273 2599 4343 exigit,
2631 4275 2675 4327 si
2702 4273 2769 4327 ah
2796 4273 3071 4342 iniquitate
3099 4271 3466 4328 abscedamus.
3493 4272 3608 4328 Hoc

2016 4364 2157 4419 enim
2196 4363 2307 4418 vult
2344 4363 2642 4434 signiﬁcare
2676 4362 2898 4433 :lnique
2933 4363 3155 4432 adeptus
3181 4363 3284 4419 es?
3311 4362 3474 4418 Recte
3502 4363 3606 4417 im-

2018 4452 2209 4524 pende.
2254 4452 2452 4523 lnjuste
2490 4452 2783 4523 collegisti?
2812 4451 2961 4508 Juste
2992 4454 3258 4525 disperge.
3291 4454 3451 4523 Atqui
3489 4469 3611 4524 qua:

2020 4542 2231 4598 tandem
2272 4542 2389 4597 hare
2425 4543 2593 4597 virtus
2619 4552 2733 4609 est,
2761 4543 2828 4597 de
2860 4543 3053 4598 talibus
3088 4543 3330 4598 donare?
3358 4546 3610 4599 Attamen

2021 4635 2180 4701 Deus,
2206 4635 2462 4705 benignus
2490 4650 2611 4689 cum
2636 4636 2726 4701 sit,
2747 4650 2815 4691 eo
2840 4650 3008 4704 usque
3036 4651 3155 4691 sese
3175 4635 3425 4690 demittit.
3454 4635 3508 4692 Si
3536 4636 3609 4690 ita

2020 4724 2292 4791 faciamus,
2319 4726 2457 4781 bona
2485 4725 2641 4781 nobis
2664 4727 2828 4781 multa
2859 4727 3151 4796 pollicetur.
3181 4729 3250 4780 At
3276 4742 3372 4781 nos
3396 4726 3463 4780 ad
3491 4735 3612 4781 tan-

2021 4829 2129 4874 tam
2159 4819 2458 4875 socordiam
2487 4819 2834 4887 devenimus,
2864 4827 2922 4874 ut
2962 4834 3031 4875 ne
3071 4818 3283 4889 quidem
3322 4834 3388 4874 ex
3426 4818 3610 4888 inique

2018 4913 2185 4983 partis
2213 4913 2538 4984 largiamur;
2567 4913 2661 4969 sed
2693 4913 2983 4968 innumeris
3011 4912 3148 4967 aucti
3183 4911 3418 4983 rapinis,
3449 4912 3492 4967 si
3522 4912 3608 4968 vel

2021 5004 2295 5058 minimam
2317 5013 2519 5074 partem
2540 5004 2865 5066 dederimus.
2891 5017 2989 5058 nos
3008 5012 3175 5059 totum
3196 5003 3490 5059 absolvisse
3510 5020 3611 5075 pn-

2019 5103 2213 5151 temus.
2244 5094 2361 5169 Non
2399 5095 2591 5149 audisti
2631 5094 2852 5149 Paulum
2883 5094 3178 5162 dicentem,
3210 5095 3312 5163 Qui
3347 5112 3497 5165 parce
3525 5112 3607 5150 se-

2019 5189 2196 5252 minat,
2227 5203 2379 5258 parce
2405 5198 2451 5243 et
2475 5196 2621 5241 metet
2649 5185 2723 5258 (2.
2757 5185 2874 5241 Cor.
2906 5186 2959 5242 9.
2990 5185 3081 5256 6)?
3109 5184 3216 5242 Cur
3244 5202 3372 5257 ergo
3402 5186 3611 5256 parcis?

2020 5297 2144 5336 num
2171 5291 2414 5351 sumptus
2437 5288 2521 5335 est
2545 5279 2714 5335 illud?
2736 5296 2862 5335 num
2888 5282 3164 5351 expensa?
3188 5280 3299 5336 lmo
3319 5290 3610 5351 proventus

2019 5381 2073 5426 et
2099 5371 2405 5441 negotiatio.
2432 5370 2530 5426 Ubi
2556 5371 2697 5425 enim
2727 5386 2910 5427 semen
2935 5371 3148 5441 jaeitur,
3177 5372 3245 5426 ibi
3275 5367 3460 5427 messis
3480 5387 3611 5426 cou-

2019 5463 2259 5535 sequitur
2291 5480 2304 5517 :
2335 5462 2422 5518 ubi
2450 5477 2633 5517 semen
2653 5502 2671 5530 ,
2703 5462 2775 5518 ibi
2801 5472 2857 5519 et
2879 5462 3305 5533 multiplicatio‘.
3339 5462 3420 5517 Tu
3445 5478 3603 5528 vero,

2089 5687 2106 5717 ¹
2142 5684 2300 5744 Savtl.,
2326 5682 2407 5734 ubi
2427 5681 2702 5747 negotiatio,
2726 5680 2798 5734 ibi
2818 5686 2865 5733 et
2886 5677 3201 5740 abundantia,
3224 5677 3272 5728 id
3286 5678 3415 5741 quod
3439 5677 3489 5729 in
3505 5671 3613 5730 nui-
3715 5711 3729 5719 ς

2028 5745 2074 5794 Io
2099 5754 2179 5797 M3.
2196 5747 2378 5810 reperi.
