4066 6438
548 385 609 442 6i
1131 397 1136 401 “
1250 391 1304 447 S.
1343 392 1630 450 JOANNIS
1665 392 2150 453 CIIRYSOSTOMI
2189 391 2508 449 ARCHIEP.
2550 388 3094 448 CONSTAbTINOP.
3723 391 3792 447 ω

543 502 592 560 si
616 510 818 558 terram
841 502 1072 558 haberes
1096 503 1349 574 pinguem
1373 515 1429 560 et
1451 505 1710 574 fertilem,
1735 523 1856 579 qua:
1877 509 2110 578 plurima

543 603 733 664 posset
763 595 1012 663 excipere
1042 595 1269 658 semina,
1305 596 1452 650 illam
1483 599 1715 662 celeres,
1747 615 1810 654 ac
1834 615 1956 668 quae
1977 613 2110 667 sup-

543 693 795 752 peterent
813 701 1111 755 spargeres.
1135 688 1279 741 etab
1300 689 1421 743 aliis
1442 689 1787 744 commodato
1809 690 2107 760 acciperes,

541 776 1040 845 parcimouiamque
1080 793 1144 831 ea
1189 779 1243 832 in
1276 793 1333 834 re
1363 779 1755 835 detrimentum
1795 795 1917 835 esse
1947 791 2109 850 puta-

538 877 628 916 res
665 881 676 916 :
705 871 759 917 at
789 879 914 918 cum
947 867 1138 921 caelum
1169 869 1349 922 colere
1383 885 1521 939 opus
1549 879 1655 934 est,
1685 871 1820 924 nulli
1849 872 1992 926 aeris
2022 872 2110 924 in-

539 958 821 1025 temperiei
846 969 1169 1024 obnoxium,
1195 973 1289 1015 seu
1316 977 1438 1015 eum
1469 962 1676 1016 faenore
1703 962 1941 1017 maximo
1963 965 2108 1034 iacta

537 1049 746 1101 semina
775 1049 1143 1114 redditurum,
1177 1052 1357 1121 segnis
1385 1068 1463 1116 es,
1494 1053 1718 1123 refugis,
1753 1069 1929 1124 neque
1957 1053 2107 1123 cogi-

536 1145 641 1202 tas,
689 1155 847 1208 parce
903 1152 1153 1212 agentem
1202 1145 1454 1213 perdere,
1505 1144 1711 1200 affatim
1763 1157 2106 1217 spargentem

537 1231 773 1284 multum
816 1233 1036 1287 lucrari.
1086 1234 1342 1304 DiSperge
1393 1235 1600 1304 itaque,
1648 1251 1717 1290 ne
1757 1236 1986 1306 perdas;
2035 1252 2106 1292 ne

539 1323 735 1385 retine,
764 1330 823 1375 ut
850 1324 1118 1388 retineas;
1145 1325 1371 1394 projice,
1403 1335 1463 1379 ut
1485 1325 1796 1392 custodias;
1827 1327 2102 1396 impende,

540 1417 876 1478 ttLJucrcris.
905 1415 1058 1481 Quod
1084 1417 1130 1470 si
1159 1431 1381 1472 servare
1410 1418 1500 1472 illa
1526 1427 1796 1487 oporteat,
1825 1433 1894 1472 ne
1917 1435 2107 1474 serves

536 1522 592 1567 tu
627 1530 640 1565 :
679 1528 803 1566 nam
835 1509 1188 1582 illaprorsus
1211 1509 1529 1579 perditurus
1557 1526 1653 1575 es;
1679 1511 1772 1566 sed
1803 1510 1919 1584 Deo
1950 1526 2105 1565 com-

533 1604 717 1658 mittas
750 1622 764 1656 :
800 1604 926 1658 inde
963 1615 1220 1674 namque.
1238 1616 1401 1654 nemo
1427 1600 1684 1670 abripiet.
1718 1601 1796 1655 Ne
1841 1611 1899 1655 tu
1933 1615 2106 1672 nego-

533 1695 715 1760 tieris;
752 1697 933 1750 nescis
959 1696 1162 1764 quippe
1191 1692 1393 1748 lucrari
1423 1707 1436 1743 :
1467 1690 1572 1754 sed,
1603 1691 1894 1746 maximam
1935 1692 2104 1748 totius

530 1796 740 1857 partem
773 1787 970 1841 faenori
1001 1787 1130 1841 dato
1167 1786 1218 1840 ei
1253 1785 1345 1854 qui
1377 1799 1597 1840 usuram
1635 1783 1734 1839 tibi
1771 1783 2102 1852 praebiturus

530 1887 634 1932 est.
654 1878 732 1932 lbi
762 1878 939 1933 faenus
962 1878 1191 1940 colloca,
1219 1878 1313 1932 ubi
1341 1879 1489 1932 nulla
1515 1877 1738 1940 invidia,
1760 1876 1909 1930 nulla
1934 1891 2100 1930 accu-

532 1967 690 2031 satio,
732 1968 895 2023 nullaa
923 1967 1153 2032 insidia),
1197 1969 1360 2022 timor
1399 1969 1602 2022 nullus.
1648 1967 1863 2022 Faenori
1891 1967 2018 2022 dato
2047 1968 2098 2022 ei

451 2065 464 2074 ‘
531 2062 627 2130 qui
656 2060 808 2114 nullo
838 2060 1064 2130 indiget,
1095 2070 1151 2114 et
1178 2069 1405 2130 propter
1432 2068 1483 2115 te
1519 2071 1700 2115 tamen
1733 2075 1870 2128 opus
1895 2060 2095 2126 habet;

529 2151 580 2204 ei
613 2149 708 2220 qui
739 2165 931 2204 omnes
954 2150 1074 2213 alit,
1114 2162 1171 2206 et
1196 2150 1390 2214 esurit,
1428 2165 1496 2205 ne
1530 2159 1586 2204 tu
1622 2151 1763 2206 fame
1789 2152 2094 2220 premaris;

528 2240 579 2296 ei
603 2242 694 2309 qui
725 2255 932 2310 pauper
955 2240 1184 2296 eﬂectus
1209 2235 1315 2306 esi,
1341 2250 1400 2296 ut
1423 2251 1481 2297 tu
1504 2241 1761 2296 ditescas.
1792 2241 1995 2296 Frenus
2018 2241 2094 2295 ihi

528 2332 785 2398 colloces,
831 2331 972 2387 unde
1009 2348 1120 2387 non
1151 2343 1408 2398 mortem,
1443 2333 1538 2388 sed
1583 2333 1747 2387 vitam
1782 2347 1882 2403 pro
1920 2343 2096 2388 morte

526 2428 584 2481 in
628 2427 866 2482 fructum
919 2427 1207 2499 percipies.
1263 2426 1388 2482 Haec
1438 2427 1644 2482 fmnora
1700 2441 1948 2497 regnum,
2003 2427 2094 2482 illa

525 2515 830 2585 gehennam
884 2518 1292 2587 pariuntzhtec
1346 2519 1494 2572 enim
1547 2517 1614 2572 ad
1657 2518 1963 2583 avaritiam,
2003 2518 2094 2574 illa

526 2606 594 2660 ad
661 2607 1061 2677 philosophiam
1117 2610 1450 2679 pertinent:
1507 2611 1600 2664 illa
1655 2609 2039 2665 crudelitatem
2076 2652 2090 2674 ,

527 2697 644 2751 haec
707 2699 1101 2753 humanitatem
1173 2708 1428 2765 arguunt.
1483 2699 1677 2766 Quam‘
1721 2699 2094 2775 defensionem

525 2790 871 2855 habebimus,
917 2791 960 2845 si
1013 2807 1139 2846 cum
1185 2790 1464 2860 possimus
1512 2790 1666 2860 plura
1715 2791 1985 2861 accipere,
2030 2806 2096 2848 ac

527 2887 647 2932 tuto
678 2880 842 2949 inque
883 2887 1124 2950 tempore
1167 2887 1498 2952 opportuno,
1527 2896 1652 2936 cum
1690 2880 1947 2936 libertate
1978 2898 2087 2938 mav

526 2985 670 3038 gna,
724 2971 829 3025 tuli
881 2971 950 3025 ab
1004 2972 1343 3041 opprobriis,
1404 2971 1725 3035 timoribus,
1788 2973 2092 3041 periculis;

527 3057 633 3112 hoc
660 3059 1102 3127 dimisso'lucro,
1145 3061 1237 3115 illa
1267 3062 1624 3131 insequamur
1669 3061 1876 3131 turpia,
1918 3063 2056 3116 levia
2078 3102 2093 3125 ,

523 3147 759 3214 fallacia,
803 3149 967 3218 ﬂuxa,
996 3165 1119 3222 quae
1156 3167 1260 3208 nos
1295 3151 1352 3207 in
1384 3152 1662 3207 fornacem
1688 3151 1966 3222 ingentem
2001 3153 2097 3206 de-

519 3238 714 3309 iiciant
734 3240 758 3294 ?

593 3327 791 3388 Contra
824 3351 1064 3391 usuram.
1093 3367 1165 3378 —
1192 3335 1340 3393 Nihil
1376 3337 1546 3404 enim,
1583 3336 1718 3390 nihil
1766 3344 1915 3390 certe
1958 3350 2099 3406 prte-

2213 507 2356 562 senti
2379 522 2545 562 usura
2573 506 2811 575 turpius,
2831 505 2970 559 nihil
2989 503 3290 560 crudelius.
3315 503 3450 558 Nam
3474 502 3789 573 huiusmodi

2213 597 2514 652 fmnerator
2557 596 2614 650 in
2660 596 2895 650 aliorum
2946 595 3313 648 calamitatem
3357 593 3694 662 negotiatur,
3721 603 3790 647 et

2212 697 2542 759 proventum
2570 687 2672 742 sibi
2713 694 2867 757 parat
2895 701 2960 740 ex
2990 684 3222 739 aliorum
3260 684 3605 752 infelicitate,
3639 698 3789 739 mer-

2211 781 2512 850 cedemque
2561 779 2920 834 humanitatis
2962 778 3176 846 exigit:
3211 792 3274 832 ac
3317 777 3486 830 veluti
3532 785 3789 832 metuens

2211 887 2280 925 ne
2321 870 2712 925 immisericors
2752 876 3030 938 appareat,
3079 867 3437 937 benignitatis
3481 867 3667 936 specie
3709 865 3792 918 fo-

2211 979 2364 1017 veam
2399 961 2808 1033 profundiorem
2842 959 2996 1023 fodit,
3026 959 3268 1027 dumque
3298 958 3405 1012 fert
3433 973 3616 1028 opem,
3647 973 3788 1026 pau-

2211 1070 2397 1126 perem
2435 1053 2720 1124 Opprimit,
2762 1053 2894 1120 dum
2928 1067 3152 1106 manum
3196 1051 3450 1122 porrigit,
3482 1051 3693 1120 deiieit,
3724 1065 3787 1103 ac

2209 1145 2338 1199 dum
2372 1143 2528 1214 quasi
2567 1143 2620 1195 in
2654 1151 2873 1212 portum
2901 1143 3151 1211 recipere
3195 1141 3436 1204 videtur,
3467 1141 3524 1195 in
3555 1143 3784 1194 naufra-
3829 1128 3835 1134 ’

2208 1235 2380 1305 gium,
2427 1233 2483 1286 in
2524 1234 2810 1302 scapulum
2837 1241 2892 1286 et
2923 1232 2978 1285 in
3019 1247 3148 1286 saxa
3179 1230 3404 1286 latentia
3438 1230 3646 1299 deiicit.
3675 1229 3784 1285 Sed

2207 1326 2340 1396 quid
2369 1326 2609 1395 quaeris?
2640 1324 2897 1394 inquies;
2934 1337 3001 1378 an
3038 1333 3101 1377 ut
3139 1324 3424 1378 collectam
3465 1321 3780 1391 pecuniam,

2207 1418 2343 1472 mihi
2386 1417 2595 1481 utilem,
2639 1416 2797 1471 alteri
2828 1416 2884 1470 in
2927 1430 3084 1470 usum
3119 1415 3266 1480 dem,
3311 1430 3415 1468 nec
3443 1415 3609 1468 ullam
3653 1413 3781 1468 inde

2208 1508 2514 1563 mercedem
2545 1508 2875 1578 reposcam?
2907 1507 3063 1562 Absit
3091 1525 3105 1560 :
3141 1522 3252 1560 non
3296 1507 3372 1560 ita
3399 1507 3599 1575 loquor
3625 1523 3641 1571 ;
3671 1506 3782 1559 imo

2206 1601 2369 1670 cupio
2409 1611 2463 1654 te
2503 1599 2635 1654 hinc
2672 1599 2982 1654 mercedem
3025 1599 3296 1668 accipere,
3335 1613 3445 1651 non
3486 1596 3651 1652 vilem
3687 1605 3782 1651 aut

2205 1691 2478 1761 exiguam,
2515 1691 2610 1746 sed
2644 1691 2816 1744 multo
2844 1689 3104 1758 majorem
3137 1705 3150 1742 :
3183 1703 3286 1758 pro
3313 1703 3451 1742 auro
3487 1696 3541 1742 te
3584 1689 3778 1743 cauum

2209 1784 2265 1837 in
2301 1798 2524 1838 usuram
2552 1783 2801 1851 accipere
2831 1782 2977 1836 volo:
3004 1780 3116 1836 Cur
3145 1795 3276 1851 ergo
3307 1789 3360 1834 te
3399 1781 3453 1834 in
3481 1785 3781 1849 pauperta-

2207 1883 2317 1929 tem
2348 1873 2568 1943 redigis,
2615 1873 2748 1926 dum
2778 1873 2832 1926 in
2871 1881 3014 1927 terra
3047 1871 3329 1930 volutaris.
3367 1878 3424 1925 et
3472 1885 3641 1939 parva
3678 1885 3778 1938 pro

2206 1965 2417 2036 magnis
2458 1963 2666 2033 exigis?
2710 1962 2850 2016 Illud
2900 1963 3047 2016 enim
3099 1971 3185 2016 est
3225 1961 3360 2031 quid
3411 1962 3521 2015 sint
3567 1960 3779 2015 divitiae

2206 2059 2438 2113 nescire.
2469 2055 2607 2111 Cum
2648 2056 2792 2110 Deus
2817 2069 2919 2124 pro
2956 2054 3169 2124 exiguis
3200 2054 3309 2107 illis
3351 2052 3606 2122 pecuniis
3630 2051 3776 2106 bona

2208 2147 2304 2202 tibi
2334 2146 2567 2201 caelestia
2583 2144 2873 2214 promittit,
2901 2153 2957 2197 tu
2981 2158 3114 2197 vero
3135 2143 3295 2203 dicis.
3319 2143 3397 2197 Ne
3421 2142 3557 2196 mihi
3579 2143 3776 2196 calum

2203 2237 2445 2301 dederis,
2483 2234 2578 2291 sed
2607 2250 2706 2305 pro
2734 2236 2865 2290 caelo
2887 2249 3082 2288 aurum
3111 2233 3244 2288 illud
3280 2233 3582 2302 periturum
3613 2250 3626 2285 :
3663 2232 3772 2286 hoc

2203 2338 2287 2384 est
2311 2329 2448 2383 velle
2477 2328 2536 2382 in
2563 2327 2824 2397 pauperie
2853 2341 3097 2380 manere.
3137 2325 3214 2378 Ita
3248 2325 3342 2393 qui
3367 2339 3526 2378 veras
3549 2324 3780 2378 divitias

2203 2420 2562 2490 concupiscit,
2607 2419 2654 2474 is
2682 2418 2960 2473 manentia
2997 2432 3098 2486 pro
3132 2415 3416 2485 perituris,
3449 2414 3777 2469 inexhausta

2203 2526 2305 2581 pro
2349 2509 2528 2572 ﬂuxis,
2572 2508 2744 2562 multa
2789 2522 2890 2576 pro
2927 2506 3138 2576 paucis,
3183 2504 3627 2574 incorruptibilia
3673 2519 3778 2574 pro

2203 2601 2652 2671 eorruptibilihus
2697 2600 2861 2669 eliget
2890 2607 2986 2652 :et
3029 2599 3110 2652 sic
3137 2597 3228 2652 illa
3256 2598 3420 2652 etiam
3449 2605 3773 2666 sequentur.

2202 2697 2336 2752 Nam
2360 2696 2453 2764 qui
2478 2701 2679 2748 terram
2707 2701 2833 2745 ante
2863 2691 3053 2746 eaalum
3075 2690 3290 2760 quaerit,
3316 2690 3385 2743 ab
3424 2689 3514 2743 illa
3545 2704 3776 2758 prorsus

2202 2784 2419 2840 excidet
2447 2798 2460 2836 :
2496 2781 2592 2852 qui
2635 2790 2818 2834 autem
2845 2779 3041 2834 crelum
3074 2789 3231 2833 terra:
3257 2777 3581 2846 praetulerit,
3613 2786 3770 2830 utro-

2201 2891 2308 2946 que
2339 2889 2504 2944 supra
2530 2873 2751 2928 modum
2778 2871 3012 2925 fruetur.
3047 2868 3204 2935 Quod
3247 2878 3307 2923 ut
3344 2883 3772 2936 consequamur,

2201 2971 2490 3039 pnesentia
2512 2967 2695 3022 omnia
2718 2959 3154 3027 contemnentes,
3182 2963 3366 3016 futura
3394 2962 3536 3016 bona
3559 2961 3770 3031 deliga-

2202 3076 2344 3114 mus.
2374 3060 2451 3114 lta
2479 3060 2626 3113 enim
2659 3058 2836 3114 et-his
2864 3067 2922 3111 et
2948 3057 3056 3110 illis
3083 3056 3350 3118 fruemur,
3381 3053 3551 3123 gratia
3585 3061 3643 3107 et
3677 3052 3777 3106 be-

2201 3150 2468 3220 nignitate
2491 3149 2710 3204 Domini
2739 3147 2914 3202 nostri
2939 3147 3068 3202 lesu
3093 3143 3298 3198 Christi
3335 3159 3348 3194 :
3383 3141 3470 3197 cui
3513 3139 3688 3212 gloria
3717 3150 3776 3196 et

2203 3241 2498 3296 imperium
2523 3240 2580 3294 in
2604 3239 2802 3294 saecula
2829 3237 3174 3294 surculorum.
3201 3236 3398 3290 Amen.

1906 3929 2257 4040 HOMILIA
2299 3977 2406 4038 VI.

521 4274 648 4332 CAP.
683 4278 751 4331 11.
783 4295 836 4332 v.
869 4277 918 4331 1.
963 4274 1097 4333 Cum
1138 4285 1293 4330 natus
1344 4285 1473 4328 esset
1510 4274 1660 4328 Jesus
1707 4277 1762 4328 in
1795 4272 2093 4328 Bethlehem

593 4368 791 4422 Iudaeae
815 4370 869 4421 in
891 4369 1069 4421 diebus
1085 4367 1307 4423 Herodis
1332 4367 1486 4436 regis,
1510 4381 1623 4418 ecce
1639 4367 1780 4435 magi
1813 4365 1876 4419 ab
1896 4367 2094 4420 oriente

591 4471 844 4515 venerunt
888 4461 1297 4532 Jerosolymam,
1325 4460 1379 4512 2.
1421 4459 1648 4512 dicentes
1679 4475 1697 4512 :
1741 4457 1835 4513 Ubi
1885 4469 1959 4513 est
2003 4461 2094 4530 qui

595 4562 750 4607 natus
783 4563 857 4607 est
889 4569 983 4608 rex
1009 4553 1318 4608 Judworum
1349 4551 1374 4604 ?
1423 4551 1654 4605 Vidimus
1700 4552 1840 4605 enim
1881 4551 2094 4606 stellam

591 4644 704 4714 ejus
731 4643 786 4696 in
821 4643 1040 4708 oriente,
1067 4650 1116 4695 et
1145 4643 1380 4696 vertimus
1415 4643 1642 4696 adorare
1669 4657 1806 4695 eum.

593 4819 925 4891 Refelluntur
947 4824 986 4876 ii
1018 4823 1108 4894 qui
1146 4838 1210 4876 ea:
1237 4819 1396 4876 stella
1445 4839 1726 4887 magorum
1768 4820 2092 4875 occasionem

525 4914 852 4984 arripiebant
913 4915 1261 4987 astrologiam
1314 4915 1604 4969 asserendi.
1632 4943 1699 4953 ——
1725 4913 1894 4967 Multa
1932 4913 2094 4968 nobis

487 5037 494 5039 Α
525 5019 665 5072 opus
689 5015 772 5058 est
800 5008 1100 5077 vigilantia,
1125 5009 1315 5063 multis
1342 5007 1622 5076 precibus,
1669 5016 1730 5058 ut
1762 5012 2088 5075 praesentem

526 5093 707 5149 locum
761 5097 1034 5166 explicare
1077 5099 1372 5168 possimus,
1426 5113 1491 5151 ac
1546 5098 1687 5152 scire
1729 5095 1825 5168 qui
1871 5095 1983 5152 sint
2035 5096 2089 5150 hi

525 5182 691 5254 magi,
723 5184 890 5246 unde,
920 5186 1216 5254 quomodo,
1250 5194 1307 5241 et
1340 5203 1452 5257 quo
1481 5185 1749 5242 suadente
1782 5187 2037 5240 venerint
2071 5203 2088 5252 ;

526 5279 584 5326 et
610 5287 859 5342 quaenam
889 5270 979 5326 illa
1016 5273 1170 5328 stella
1196 5275 1382 5329 fuerit.
1416 5275 1528 5330 lmo
1574 5275 1739 5330 etiam
1765 5315 1780 5339 ,
1812 5275 1857 5329 si
1881 5275 2050 5329 vultis
2072 5314 2089 5340 ,

527 5376 592 5416 ea
623 5363 858 5430 primum
912 5363 969 5416 in
1020 5365 1261 5417 medium
1307 5352 1681 5430 adducamus,
1730 5381 1854 5435 quae
1895 5365 2091 5421 dicunt

527 5449 775 5505 veritatis
815 5451 1046 5506 inimici.
1080 5453 1296 5506 Etenim
1319 5467 1492 5520 usque
1519 5455 1656 5508 adeo
1683 5454 1936 5508 diabolus
1963 5454 2086 5509 illos

532 5539 753 5606 aﬂlavit,
787 5551 846 5596 ut
870 5543 997 5598 inde
1027 5545 1152 5598 illos
1177 5560 1328 5598 arma
1369 5552 1558 5598 contra
1601 5547 1889 5600 veritatem
1928 5547 2092 5600 mini-

531 5641 705 5686 strare
739 5636 1052 5690 tentaverit.
1106 5635 1246 5698 Quid
1302 5637 1468 5698 igitur
1514 5637 1742 5694 dicunt?
1797 5639 1956 5704 Ecce,
2007 5640 2090 5693 in-

2191 4271 2410 4342 quiunt,
2437 4273 2661 4330 Christo
2703 4285 2836 4331 nato
2875 4277 3031 4331 stella
3085 4277 3378 4348 apparuit,
3431 4277 3583 4349 quod
3634 4292 3773 4334 sane

2192 4363 2409 4432 signum
2462 4373 2546 4420 est
2587 4368 2936 4438 astrologiam
2979 4383 3164 4423 veram
3213 4383 3335 4423 esse
3385 4368 3764 4438 disciplinam.

2191 4455 2474 4521 Quomodo
2519 4472 2650 4527 ergo
2688 4461 2733 4514 si
2779 4460 2875 4514 illo
2924 4461 3033 4514 ritu
3093 4468 3150 4515 et
3195 4460 3361 4516 modo
3423 4471 3590 4516 natus
3633 4472 3720 4516 est
3751 4503 3766 4526 ,

2191 4544 2540 4615 astrologiam
2579 4549 2760 4609 solvit.
2801 4549 2976 4604 fatum
3008 4550 3251 4615 sustulit,
3304 4549 3615 4605 daemonum
3663 4566 3763 4606 ora

2191 4633 2489 4702 obturavit,
2530 4653 2777 4693 errorem
2811 4641 3040 4710 expulit,
3068 4647 3124 4695 et
3146 4656 3340 4696 omnes
3367 4641 3756 4712 hujuscemodi
3803 4641 3806 4643 Α

2190 4727 2495 4797 praestigias
2544 4729 2883 4784 eliminavit?
2928 4730 3216 4797 Quomodo
3260 4731 3432 4786 etiam
3470 4731 3613 4802 magi
3645 4746 3747 4802 per

2191 4815 2504 4886 huiusmodi
2536 4819 2750 4874 stellam
2779 4821 3034 4876 ediscunt
3065 4821 3248 4892 ipsum
3285 4836 3406 4877 esse
3446 4837 3629 4892 regem
3659 4821 3760 4880 Ju-

2191 4909 2481 4964 dzeorum?
2531 4924 2658 4967 cum
2713 4925 2863 4969 certe
2914 4929 3026 4969 non
3085 4913 3406 4984 huiusmodi
3457 4917 3612 4986 regni
3665 4932 3764 4974 rex

2189 5012 2356 5067 esset,
2388 5011 2446 5056 ut
2479 5004 2595 5074 ipse
2637 5005 2813 5061 Pilato
2846 5007 3064 5062 dicebat
3096 5025 3109 5060 :
3140 5005 3380 5078 Regnum
3426 5021 3603 5061 meum
3658 5023 3766 5063 non

2190 5102 2268 5148 est
2296 5094 2358 5147 de
2385 5096 2480 5148 hoc
2505 5099 2700 5150 mundo
2728 5097 2908 5169 (lauit.
2946 5097 3032 5153 18.
3055 5097 3168 5167 '56).
3213 5097 3364 5154 Nihil
3413 5097 3617 5169 quippe
3655 5100 3766 5157 tale

2191 5187 2516 5241 monstravit
2568 5203 2582 5240 :
2643 5203 2756 5243 non
2802 5189 3069 5257 hastatos,
3110 5205 3222 5246 non
3277 5191 3557 5262 clypeatos
3589 5232 3605 5256 ,
3650 5205 3764 5248 non

2190 5291 2384 5346 equos,
2415 5292 2524 5331 non
2558 5280 2837 5334 mulorum
2869 5279 3083 5352 iugum,
3134 5295 3315 5353 neque
3345 5281 3630 5352 quidpiam
3685 5285 3766 5339 si-

2191 5368 2321 5422 mile
2367 5368 2575 5422 eircun’i
2626 5385 2685 5424 se
2734 5370 2970 5437 habuit;
3022 5371 3118 5427 sed
3163 5373 3329 5427 vilem
3377 5381 3432 5427 et
3465 5386 3766 5444 pauperem

2191 5458 2360 5514 vitam
2409 5460 2638 5528 agebat,
2693 5460 2985 5515 duodecim
3048 5470 3259 5517 tantum
3324 5463 3515 5528 viros,
3556 5479 3764 5534 eosque

2195 5547 2663 5616 despicatissimos
2719 5549 3161 5606 circumducens.
3227 5549 3335 5606 Sed
3399 5552 3635 5614 etiamsi?
3682 5552 3766 5624 ip-

2198 5653 2318 5692 sum
2382 5639 2590 5695 scirent
2661 5656 2784 5696 esse
2857 5657 3042 5711 regem
3073 5682 3089 5707 ,
3149 5657 3249 5697 cur
3312 5642 3536 5699 tandem
3607 5643 3765 5700 illum
