4066 6422
310 383 376 437 63
1481 379 1546 430 IN
1582 373 1990 428 MA'I'TIIASUJI
2029 372 2258 422 IIUMIL.
2303 368 2384 421 Vl.
3517 362 3588 418 ϐλί-

311 489 542 541 adeunt?
566 487 749 557 Neque
770 487 911 542 enim
937 486 1062 539 illud
1089 495 1467 539 astronomiam
1494 495 1720 556 spectat,
1751 495 1807 540 ut
1832 503 1896 540 ex

310 577 478 632 stellis
503 584 897 646 cognoscantur
923 575 957 630 ii
985 576 1073 645 qui
1113 583 1440 640 nascuntur;
1471 575 1564 630 sed
1592 583 1649 629 ut
1673 589 1736 628 ex
1767 575 1896 629 hora

308 681 408 735 qua
441 675 766 732 nascuntur,
801 664 1222 735 prmnuntieutur
1244 678 1308 719 ea
1333 679 1453 733 qua:
1492 662 1620 732 ipsis
1645 673 1898 718 eventura

306 765 452 821 sunt,
477 756 555 810 uti
584 756 800 825 quidem
829 764 1066 810 narrant.
1093 755 1157 809 lli
1190 769 1318 810 vero
1335 768 1508 824 neque
1531 755 1757 824 parienti
1781 769 1898 810 ma-

307 849 374 902 tri
402 848 670 912 aderant,
699 861 872 916 neque
909 855 1117 915 tempus
1146 854 1439 912 noverant,
1465 860 1573 916 quo
1597 855 1756 900 natus
1778 855 1861 901 est
1881 887 1896 910 ,

307 955 486 1010 neque
513 939 636 994 inde
662 938 814 993 initio
836 938 1016 1005 ducto,
1045 954 1110 995 ex
1135 939 1408 994 stellarum
1429 948 1577 995 motu
1597 954 1717 1010 qua:
1735 953 1896 994 even.

307 1041 422 1083 tura
445 1039 603 1084 erant
625 1028 990 1097 praedixerunt
1011 1045 1026 1081 :
1049 1027 1142 1084 sed
1173 1043 1205 1084 e
1229 1030 1518 1094 contrario,
1539 1043 1663 1084 eum
1689 1031 1896 1084 stellam

306 1119 477 1174 multo
513 1129 638 1173 ante
673 1128 914 1189 tempore
947 1119 999 1173 in
1041 1119 1258 1189 regione
1289 1133 1386 1174 sua
1417 1119 1703 1190 fulgentem
1729 1120 1895 1173 vidis-

305 1224 423 1270 sent
444 1256 461 1282 ,
491 1223 673 1269 natum
714 1214 880 1270 visuri
917 1217 1178 1272 accedunt
1207 1235 1222 1274 :
1253 1218 1399 1288 quod
1439 1235 1570 1275 sane
1605 1219 1898 1288 majoribus

305 1307 593 1360 obnoxium
620 1305 1019 1362 difficultatibus
1047 1317 1149 1372 est,
1178 1324 1340 1378 quam
1365 1309 1419 1364 id
1446 1309 1588 1380 quod
1625 1309 1895 1380 praecedit.

305 1395 560 1461 Quanam
603 1394 722 1449 illos
767 1395 907 1449 ratio
951 1397 1165 1451 movit?
1207 1413 1312 1468 qua
1350 1411 1446 1468 spe
1484 1398 1599 1453 fulti
1640 1415 1705 1454 ex
1749 1408 1896 1454 tanto

308 1498 570 1541 terrarum
617 1487 791 1556 spatio
837 1487 1118 1542 adoratum
1157 1503 1341 1559 regem
1380 1491 1643 1545 veniunt?
1679 1489 1813 1546 Nam
1850 1490 1898 1545 si

306 1577 523 1648 quidem
551 1591 648 1632 rex
677 1577 913 1646 ipsorum
941 1577 1154 1632 futurus
1182 1587 1298 1633 erat
1319 1620 1336 1645 ,
1369 1594 1438 1634 ne
1465 1579 1544 1634 sic
1569 1579 1729 1634 etiam
1760 1594 1894 1633 con-

308 1677 592 1738 gruentem
617 1667 854 1723 habuere
882 1667 1164 1722 rationem.
1189 1667 1401 1724 Etenim
1429 1669 1476 1724 si
1501 1669 1555 1724 in
1587 1670 1746 1739 regiis
1769 1669 1897 1724 aedi.

306 1762 406 1818 bus
445 1769 604 1816 natus
647 1760 878 1828 fuisset,
919 1775 1047 1832 rege
1087 1772 1241 1832 patre
1282 1774 1587 1832 praesente,
1625 1763 1746 1834 jure
1779 1763 1898 1832 quis

306 1853 526 1916 diceret,
562 1851 708 1920 ipsus
747 1859 803 1906 ut
833 1852 968 1921 patri
1026 1853 1300 1922 placerent
1334 1862 1516 1908 natum
1549 1869 1772 1923 puerum
1803 1851 1900 1906 ad-

309 1945 573 2008 oravisse,
606 1951 662 1995 ut
685 1941 786 1997 hoc
805 1943 1079 2012 praemisso
1106 1943 1272 2008 cultu,
1301 1945 1444 2013 regis
1480 1944 1902 1999 benevolentiam

307 2035 411 2088 sibi
431 2033 801 2088 conciliarent.
823 2032 954 2088 Cum
977 2048 1104 2088 vero
1125 2035 1326 2089 scirent
1345 2037 1520 2104 ipsum
1543 2049 1723 2104 regem
1746 2048 1898 2088 suum

309 2139 421 2178 non
449 2137 571 2178 esse
609 2124 840 2176 futurum
860 2163 878 2188 ,
905 2121 1000 2177 sed
1030 2122 1219 2177 alienze
1247 2123 1422 2194 gentis
1442 2165 1458 2190 ,
1490 2138 1520 2178 a
1557 2124 1775 2194 regione
1803 2137 1898 2178 sua

312 2214 474 2284 longe
501 2223 744 2278 remote,
777 2213 1058 2282 ipsumque
1079 2213 1144 2268 ad
1166 2214 1264 2267 viri
1285 2223 1494 2268 aetatem
1522 2214 1756 2269 nondum
1781 2228 1904 2283 per-

310 2305 544 2368 venisse,
577 2319 674 2358 cur
701 2312 901 2358 tantam
943 2304 1423 2374 peregrinationem
1459 2306 1775 2374 suscipiunt,
1806 2317 1903 2358 cur

311 2399 454 2450 dona
485 2394 731 2460 afferunt,
763 2393 976 2462 quando
1006 2396 1234 2448 maxime
1261 2410 1382 2450 cum
1415 2395 1653 2464 periculo
1682 2395 1798 2450 haec
1825 2394 1902 2448 fa-

309 2487 452 2542 cturi
493 2487 680 2540 erant?
720 2485 993 2555 Siquidem
1035 2488 1136 2540 hoc
1173 2485 1353 2542 audito
1392 2487 1628 2542 Herodes
1659 2486 1902 2540 turbatus

312 2589 400 2635 est
422 2620 437 2643 ,
467 2578 707 2632 turbatus
747 2577 874 2632 item
916 2578 1141 2648 populus
1183 2587 1322 2632 totus
1347 2619 1362 2644 ,
1393 2592 1512 2632 cum
1554 2577 1670 2632 hzee
1699 2593 1763 2631 ex
1800 2578 1902 2631 illis

311 2668 543 2724 audiret.
565 2668 652 2730 At,
684 2668 908 2737 inquies,
935 2669 1048 2722 iure
1073 2669 1145 2722 illi
1175 2681 1278 2723 non
1303 2668 1672 2739 praesciebant.
1704 2668 1900 2722 Verum

314 2758 371 2813 id
396 2773 515 2812 cum
543 2759 745 2811 ratione
770 2765 987 2828 pugnat.
1011 2757 1140 2812 Nam
1165 2759 1264 2813 etsi
1285 2759 1569 2812 admodum
1591 2757 1902 2827 insipientes

314 2849 580 2912 fuissent,
623 2849 868 2919 ignorare
910 2865 1014 2903 non
1060 2859 1336 2918 poterant,
1375 2865 1434 2904 se
1474 2851 1526 2904 in
1567 2851 1752 2905 urbem
1792 2848 1903 2919 regi

315 2939 583 2994 subditam
610 2940 902 3005 venientes,
931 2939 1161 3008 taliaque
1187 2940 1512 3004 nuntiantes,
1543 2940 1811 3008 aliumque
1836 2937 1904 2992 ab

315 3044 389 3085 00
406 3029 496 3100 qui
522 3039 629 3083 tum
655 3029 908 3098 regnabat
928 3044 1106 3099 regem
1133 3045 1252 3084 esse
1278 3039 1659 3096 monstrantes,
1681 3044 1904 3095 sexcen-

317 3119 391 3173 tis
419 3133 538 3173 sese
567 3119 753 3173 mortis
791 3119 1040 3189 periculis
1078 3119 1328 3189 objicere.
1358 3119 1470 3175 Cur
1499 3128 1678 3174 autem
1716 3120 1906 3189 pannis

319 3211 615 3263 involutum
643 3207 974 3263 adorarunt?
999 3208 1130 3263 Nam
1160 3209 1205 3264 si
1237 3210 1320 3264 vir
1345 3211 1535 3265 saltem
1567 3209 1770 3274 fuisset,
1801 3208 1906 3264 dici

321 3302 580 3370 potuisset
613 3301 732 3355 illos
753 3341 770 3367 ,
801 3302 940 3370 quod
971 3317 1124 3371 apem
1165 3302 1282 3371 ejus
1320 3311 1730 3372 exspectarent,
1762 3317 1821 3356 se
1850 3299 1904 3355 in

317 3400 564 3460 apertmn
611 3392 903 3460 periculum
942 3391 1236 3462 conjecisse
1278 3409 1292 3446 :
1329 3391 1470 3462 quod
1511 3403 1686 3448 tamen
1733 3391 1906 3462 ipsum

317 3493 582 3538 extrema:
638 3485 933 3544 dementia:
993 3487 1208 3551 fuisset,
1267 3487 1525 3553 Persam,
1573 3487 1907 3554 barbarum,

318 3570 419 3641 qui
459 3573 597 3628 nihil
631 3591 923 3631 commune
955 3577 1187 3633 haberet
1214 3593 1340 3632 cum
1376 3577 1693 3634 Iudaeorum
1723 3584 1906 3647 gente,

318 3680 351 3718 a
387 3666 613 3736 propria
655 3675 802 3723 terra
833 3668 1148 3725 discedere
1171 3671 1333 3736 velle,
1388 3685 1454 3725 ac
1498 3668 1776 3740 patriam,
1815 3683 1911 3723 co-

319 3765 518 3826 gnatos
548 3767 604 3812 et
647 3758 873 3815 domum
913 3761 1268 3831 relinquere,
1316 3777 1486 3830 seque
1529 3761 1690 3816 alteri
1740 3775 1910 3832 regno

319 3847 620 3920 subjicere.

397 4060 453 4116 2.
507 4060 659 4128 Quod
707 4063 752 4117 si
806 4062 906 4118 hoc
950 4063 1172 4120 stultum
1217 4063 1438 4131 fuisset,
1485 4065 1628 4135 quod
1675 4051 1920 4136 sequitur

331 4151 490 4220 longe
530 4151 764 4208 stultius.
811 4153 1073 4222 Quidnam
1115 4155 1244 4210 illud
1294 4155 1420 4210 est?
1460 4156 1612 4223 Quod
1639 4168 1743 4212 tam
1775 4158 1918 4228 longi

326 4241 561 4310 Spatium
608 4243 814 4299 itineris
853 4247 1088 4312 emensi,
1139 4256 1417 4317 postquam
1443 4247 1828 4315 adoraverant,
1864 4258 1920 4304 et

327 4341 535 4387 tantum
577 4333 718 4403 apud
766 4350 953 4392 omnes
996 4339 1278 4392 tumultum
1317 4339 1708 4408 excitaverant,
1737 4342 1917 4396 statim

326 4425 530 4479 reversi
577 4427 703 4480 sint.
753 4428 882 4493 Qua:
929 4429 1141 4486 tandem
1183 4430 1432 4486 viderunt
1468 4432 1616 4502 regni
1656 4432 1920 4504 insignia?

327 4512 652 4584 Tugurium,
702 4533 971 4588 praesepe,
1024 4521 1303 4590 puerulum
1349 4523 1400 4576 in
1449 4523 1761 4591 cunabulis,
1805 4541 1921 4579 ma-

329 4613 466 4659 trem
513 4622 821 4676 pauperem.
861 4611 1085 4664 Cuinam
1115 4627 1340 4667 munera
1369 4613 1709 4680 obtulerunt,
1738 4623 1792 4670 et
1815 4630 1920 4684 qua

327 4697 398 4752 de
434 4701 639 4754 causa?
683 4702 763 4755 An
805 4717 868 4756 ea
911 4703 994 4758 lex
1019 4743 1035 4766 ,
1074 4704 1120 4757 is
1155 4719 1272 4760 mos
1297 4715 1443 4772 erat,
1473 4714 1528 4760 ut
1552 4706 1798 4762 omnibus
1826 4723 1922 4776 per

328 4791 516 4847 orbem
558 4794 904 4850 nascentibus
941 4796 1158 4866 regibus
1199 4797 1252 4852 id
1277 4798 1518 4868 obsequii
1549 4800 1919 4855 tribueretur?

330 4897 401 4936 an
422 4897 636 4953 semper
651 4893 915 4963 terrarum
941 4887 1126 4942 orbem
1151 4888 1467 4956 circuibant,
1489 4898 1546 4944 ut
1567 4905 1703 4960 quos
1722 4891 1922 4946 scirent

329 4987 402 5026 ex
434 4973 622 5030 vilibus
659 4985 716 5030 et
756 4977 1076 5046 pauperibus
1111 4993 1267 5048 reges
1292 4980 1529 5048 futuros,
1558 4990 1842 5052 antequam
1867 4982 1920 5038 in

332 5067 538 5134 regium
584 5068 775 5122 solium
815 5069 1202 5137 ascenderem,
1244 5071 1571 5127 adorarent?
1598 5073 1765 5130 Nemo
1791 5088 1922 5129 sane

328 5155 459 5208 illud
505 5156 718 5214 dixerit.
760 5157 871 5213 Cur
912 5174 1043 5230 ergo
1088 5161 1237 5215 illum
1285 5161 1620 5218 adorarunt?
1660 5163 1714 5220 Si
1741 5180 1920 5220 rerum

327 5249 671 5314 pmsentium
718 5263 909 5316 causa,
955 5251 1081 5321 quid
1119 5267 1180 5308 se
1218 5269 1438 5323 sperare
1465 5264 1760 5325 poteranta
1792 5273 1921 5326 puc-

327 5336 451 5390 rulo
481 5348 536 5392 et
557 5339 716 5409 inope
736 5351 907 5396 matre
934 5348 1292 5413 accepturos?
1315 5346 1363 5400 si
1389 5345 1688 5402 futurormn
1713 5349 1880 5419 gratia
1901 5391 1917 5408 .

326 5427 470 5481 unde
494 5430 633 5484 scire
655 5440 901 5500 poterant
930 5434 1210 5502 puerulum
1235 5437 1289 5490 in
1316 5438 1594 5493 cunabulis
1615 5439 1917 5506 adoratum,

323 5534 512 5574 eorum
538 5535 660 5590 quae
686 5530 794 5576 tum
825 5534 972 5594 gesta
999 5535 1128 5580 sunt
1149 5527 1551 5583 recordaturum
1581 5545 1701 5585 esse
1719 5531 1746 5584 τ
1766 5529 1918 5596 Quod

321 5611 370 5666 ti
421 5622 593 5667 mater
642 5615 791 5668 Illum
843 5615 1178 5674 admonitura
1229 5629 1377 5684 erat,
1435 5623 1694 5692 supplicio
1743 5626 1920 5694 potius

321 5719 484 5774 quam
525 5706 747 5776 praemio
768 5706 911 5778 digni
943 5720 1127 5779 erant,
1155 5713 1245 5782 qui
1274 5715 1324 5769 in
1350 5724 1592 5784 apertum
1625 5717 1916 5786 periculum

1999 501 2150 556 illum
2193 495 2568 567 coniecissent.
2618 491 2824 547 Exinde
2866 489 3009 545 enim
3040 485 3277 543 llerodes
3305 483 3545 536 turbatus
3571 524 3586 544 ,

1998 591 2277 664 quaerebat
2316 590 2462 644 illum
2487 628 2500 652 ,
2531 584 2901 648 scrutabatur,
2933 591 2988 638 et
3008 579 3310 635 interficere
3331 573 3590 630 tentabal.
3657 654 3666 661 _

2002 685 2177 754 Atque
2205 681 2402 752 ubique
2428 688 2690 733 terrarum
2711 717 2726 741 ,
2755 676 2846 746 qui
2873 674 3104 744 aliquem
3131 673 3185 725 in
3218 667 3410 723 tenella
3439 674 3590 718 :etate

2004 779 2308 848 privatum,
2348 781 2692 842 regnaturum
2732 784 2854 824 esse
2889 768 3060 838 palam
3087 761 3430 835 praedixerit,
3464 757 3592 811 nihil

2005 865 2147 921 aliud
2185 865 2292 930 agit
2311 905 2326 930 ,
2366 878 2524 934 quam
2554 860 2694 931 quod
2721 860 2891 929 ipsum
2922 858 3038 912 neci
3068 855 3271 917 tradat,
3299 853 3384 905 vel
3410 860 3593 904 contra

1995 967 2144 1023 illum
2187 962 2322 1018 bella
2350 958 2548 1013 excitet
2571 956 2869 1010 innumera.
2894 950 3086 1008 Viden’
3109 961 3306 1020 quanta
3337 949 3464 1004 hinc
3487 950 3588 1004 ab-

1994 1056 2156 1114 surda
2186 1059 2471 1108 nascantur
2491 1090 2505 1113 ,
2533 1047 2580 1104 si
2605 1053 2896 1102 secundum
2919 1058 3100 1097 rerum
3128 1041 3478 1096 humanarum
3505 1055 3593 1095 sc-

1995 1147 2167 1210 riem,
2224 1143 2600 1212 vuigaremque
2637 1150 2844 1191 morem
2888 1148 2976 1189 res
3021 1131 3370 1204 exploretur?
3410 1131 3593 1201 Neque

2000 1248 2179 1294 tamen
2225 1235 2340 1289 htec
2370 1241 2572 1287 tantum
2595 1269 2611 1292 ,
2641 1227 2736 1283 sed
2765 1226 2926 1281 etiam
2955 1225 3124 1280 multo
3155 1224 3303 1293 plura
3329 1223 3432 1278 diei
3466 1239 3593 1292 pas-

2000 1338 2124 1387 sent
2144 1371 2160 1396 ,
2185 1343 2304 1398 qua:
2334 1324 2565 1394 majores
2596 1321 2660 1375 iis
2679 1361 2694 1386 ,
2717 1331 2850 1389 quas
2871 1331 3033 1386 supra
3059 1316 3319 1379 diximus,
3348 1326 3594 1386 parerent

2001 1421 2344 1494 qua'stiones.

2066 1612 2231 1669 Stella
2249 1651 2266 1676 ,
2294 1624 2406 1681 qua:
2426 1607 2700 1679 apparuit,
2730 1622 2831 1660 non
2857 1622 2884 1658 e
2911 1618 3121 1658 numero
3148 1615 3448 1658 cauerat-um
3469 1606 3588 1658 stel-

1995 1706 2162 1761 larum
2205 1713 2334 1759 erat.
2368 1732 2439 1742 —
2477 1699 2583 1756 Sed
2614 1715 2680 1754 nc
2704 1697 3045 1753 difficultates
3064 1695 3465 1753 difficultatibus
3490 1714 3589 1753 nc-

1993 1805 2238 1864 ctentes,
2289 1796 2342 1852 in
2385 1795 2667 1864 caliginem
2708 1791 3196 1860 obscuritatemque
3234 1805 3332 1845 vos
3369 1789 3590 1858 dejicia-

1996 1906 2154 1956 mus;
2199 1903 2298 1960 age
2335 1886 2550 1943 demum
2579 1883 2646 1939 ad
2673 1885 3022 1954 quaesitorum
3046 1883 3364 1938 solutionem
3399 1897 3592 1951 prope-

1997 1997 2208 2047 remus,
2234 1989 2290 2036 et
2309 1995 2338 2034 a
2368 1978 2520 2034 stella
2543 1977 2801 2032 ducamus
2827 1975 3056 2029 initium.
3079 1973 3134 2030 Si
3159 1973 3302 2029 enim
3323 1972 3594 2028 discamus

1996 2092 2118 2149 quae
2160 2075 2245 2130 vel
2288 2072 2464 2143 qualis
2510 2071 2599 2126 illa
2644 2070 2754 2135 sit,
2797 2084 2867 2122 an
2893 2083 2961 2124 ex
2992 2082 3217 2122 numero
3243 2067 3498 2132 aliarum,
3525 2081 3593 2118 an

1998 2169 2210 2224 diversa
2250 2165 2320 2220 ab
2365 2163 2508 2228 illis,
2552 2177 2621 2215 an
2672 2168 2864 2214 natura
2911 2171 3041 2224 sua,
3082 2171 3152 2212 an
3179 2157 3362 2227 specie
3391 2167 3593 2210 tantum

2000 2260 2153 2316 stella
2173 2299 2190 2323 ,
2241 2266 2366 2312 tunc
2398 2256 2551 2311 facile
2576 2262 2770 2308 caetera
2800 2252 2978 2306 omnia
3006 2251 3260 2306 sciemus.
3289 2249 3444 2306 Unde
3468 2266 3597 2320 ergo

2003 2354 2119 2408 haec
2156 2345 2589 2418 comperiamus?
2632 2344 2710 2399 Ex
2756 2344 2870 2412 ipsa
2908 2341 3202 2411 Scriptura.
3252 2341 3406 2408 Quod
3452 2343 3594 2397 enim

2002 2445 2120 2498 lucc
2167 2442 2322 2496 stella
2365 2454 2470 2494 non
2516 2453 2585 2492 ex
2634 2449 2862 2490 numero
2897 2434 3158 2499 aliarum,
3200 2433 3310 2487 imo
3348 2447 3418 2487 ne
3441 2432 3595 2488 stella

2004 2534 2218 2605 quidem
2239 2539 2420 2594 esset,
2445 2537 2503 2582 ut
2530 2527 2658 2582 mihi
2684 2527 2898 2596 quidem
2920 2525 3133 2580 videtur
3150 2565 3165 2592 ,
3194 2524 3288 2579 sed
3318 2524 3597 2578 invisibilis

2003 2626 2250 2696 quaedam
2273 2625 2464 2688 virtus,
2491 2637 2610 2691 quas
2635 2620 2805 2674 steil:e
2831 2618 3066 2688 speciem
3099 2616 3394 2686 praeferret,
3424 2616 3599 2686 primo

2006 2719 2073 2772 ab
2118 2717 2234 2786 ejus
2277 2716 2467 2770 itinere
2513 2712 2770 2783 arguitur.
2815 2709 2968 2764 Nulla
3013 2709 3197 2775 enim,
3244 2708 3386 2762 nulla
3418 2707 3601 2776 utique

2007 2809 2162 2866 stella
2208 2816 2292 2862 est
2335 2821 2453 2874 qua:
2496 2803 2587 2857 tali
2630 2810 2817 2873 pergat
2839 2801 2922 2854 via
2953 2817 2967 2852 :
3002 2815 3124 2853 nam
3154 2808 3210 2852 et
3237 2799 3407 2853 solem
3432 2807 3486 2851 et
3514 2798 3600 2852 lu-

2009 2916 2132 2956 nam
2155 2941 2167 2962 ,
2218 2909 2273 2953 et
2312 2895 2444 2950 alias
2486 2907 2674 2948 omnes
2711 2891 2895 2946 stellas
2930 2891 3000 2945 ab
3030 2890 3238 2943 oriente
3265 2888 3508 2942 videmus
3535 2889 3602 2941 ad

2009 2992 2342 3048 occidentem
2386 3000 2610 3059 pergere
2656 3003 2671 3039 :
2704 2984 2818 3038 hazc
2845 2997 2973 3037 vero
3000 2981 3153 3037 stella
3183 2996 3211 3033 a
3239 2980 3603 3049 septentrione

2010 3086 2077 3140 ad
2117 3082 2392 3138 meridiem
2441 3079 2709 3135 ferebatur
2755 3094 2768 3130 :
2817 3075 3111 3130 Palmstinm
3137 3074 3332 3143 quippe
3357 3073 3443 3126 hic
3469 3072 3605 3126 situs

2011 3185 2095 3231 est
2122 3175 2166 3228 si
2197 3171 2466 3227 Persidem
2493 3178 2726 3238 spectes.
2753 3165 3034 3230 Secundo,
3069 3165 3198 3219 illud
3227 3165 3387 3220 etiam
3410 3179 3440 3217 a
3466 3172 3605 3218 temo

2016 3281 2144 3337 pore
2184 3263 2398 3335 probari
2430 3269 2624 3331 potest.
2655 3260 2839 3330 Neque
2861 3259 3003 3313 enim
3030 3267 3190 3311 noctu
3222 3263 3476 3326 apparet,
3509 3254 3604 3308 sed

2015 3360 2067 3413 in
2097 3356 2320 3412 meridie
2339 3395 2355 3418 ,
2383 3354 2596 3409 lucente
2635 3352 2789 3416 sole;
2830 3365 2991 3419 quam
3019 3348 3122 3402 vim
3151 3362 3250 3402 nec
3273 3347 3427 3402 stella
3452 3388 3468 3412 ,
3499 3345 3605 3400 imo

2016 3465 2085 3504 ne
2125 3449 2248 3502 luna
2291 3445 2504 3516 quidem
2555 3444 2668 3510 ipsa
2711 3441 2910 3506 habet,
2953 3455 3073 3510 qua:
3102 3439 3226 3494 licet
3252 3438 3429 3492 omnia
3458 3446 3604 3492 astra

2017 3547 2255 3607 superet,
2287 3547 2408 3590 orto
2437 3536 2565 3590 solis
2588 3534 2793 3603 fulgore
2821 3532 3002 3588 statim
3029 3531 3325 3586 occultatur
3349 3546 3444 3584 nec
3473 3545 3599 3584 con-

2013 3634 2254 3706 spicitur.
2299 3633 2424 3689 llaec
2449 3648 2576 3689 vero
2601 3633 2753 3688 stella
2781 3630 3084 3703 Splendoris
3108 3629 3188 3685 sui
3221 3630 3270 3682 vi
3295 3629 3456 3684 etiam
3483 3625 3612 3682 solis

2014 3728 2192 3782 radios
2213 3724 2499 3795 splendore
2518 3725 2840 3794 superabat,
2865 3724 3202 3794 majoresque
3225 3720 3502 3776 emittebat
3523 3732 3611 3772 ra-

2015 3818 2153 3873 dios.
2187 3815 2372 3872 Tertio
2397 3858 2413 3882 ,
2437 3816 2692 3886 probatur
2711 3857 2726 3876 ,
2748 3815 2891 3884 quod
2912 3831 2976 3870 ea
3005 3813 3167 3868 modo
3191 3813 3365 3868 lucem
3394 3810 3606 3865 emitte-

2015 3918 2128 3973 ret,
2177 3909 2338 3963 modo
2381 3917 2639 3965 cessaret.
2665 3906 2801 3962 Nam
2823 3906 3158 3962 venientibus
3188 3905 3242 3960 in
3271 3903 3606 3959 Palmstinam

2013 4001 2146 4077 luxit
2193 4018 2206 4054 :
2255 4008 2538 4070 postquam
2583 4008 2762 4054 autem
2807 3997 3193 4068 Jerosolymam
3237 3995 3606 4056 advenerant,

2012 4107 2133 4146 sese
2171 4093 2456 4147 occultavit
2479 4091 2592 4163 (a);
2620 4091 2814 4147 deinde
2841 4089 3053 4146 Herode
3078 4089 3297 4153 relicto,
3329 4097 3606 4156 postquam

2015 4183 2164 4238 illum
2192 4184 2261 4239 de
2284 4198 2443 4240 causa
2474 4184 2679 4239 itineris
2701 4183 2984 4240 certiorem
3013 4183 3271 4248 fecerant,
3301 4183 3401 4236 iter
3425 4195 3607 4236 susce-

2017 4275 2183 4343 pturis
2201 4276 2446 4345 apparuit
2471 4293 2486 4329 :
2514 4275 2656 4346 quod
2680 4285 2827 4331 certe
2855 4292 2960 4330 non
2991 4276 3160 4330 stella:
3187 4275 3355 4329 motui
3383 4289 3607 4344 compe-

2015 4364 2116 4430 tit,
2167 4365 2262 4420 sed
2313 4365 2494 4420 virtuti
2540 4365 2890 4436 intelligentia
2941 4365 3196 4436 praedita.
3251 4365 3436 4435 Neque
3461 4365 3607 4421 enim

2015 4457 2284 4528 proprium
2325 4457 2426 4511 sibi
2468 4473 2686 4512 cursum
2729 4457 2986 4525 habebat,
3029 4458 3124 4512 sed
3161 4457 3250 4512 ubi
3282 4457 3608 4527 pergendqu

2012 4558 2123 4603 erat
2145 4589 2160 4614 ,
2189 4549 2272 4603 illa
2302 4551 2590 4618 pergebat;
2620 4551 2706 4606 ubi
2733 4551 3016 4618 standum,
3051 4553 3258 4616 stabat,
3317 4551 3608 4609 secundum

2013 4643 2461 4710 opportunitatem
2511 4645 2688 4698 omnia
2757 4643 3114 4712 dispensans;
3171 4645 3311 4699 sicut
3360 4645 3606 4699 columna

2013 4733 2101 4788 illa
2141 4733 2299 4788 nubis
2341 4749 2458 4802 qu:e
2510 4733 2712 4788 Judaeis
2757 4734 3124 4795 monstrabat.
3172 4735 3386 4802 quando
3430 4744 3607 4789 castra

2014 4840 2249 4890 movere,
2281 4825 2494 4895 quando
2517 4827 2705 4882 sistere
2726 4838 3000 4896 oporteret
3027 4825 3220 4898 (Exod.
3235 4829 3322 4881 l5.
3345 4826 3505 4882 Nam.
3527 4827 3604 4894 9).

2011 4917 2214 4984 Quarto
2236 4959 2252 4986 ,
2297 4917 2366 4972 ab
2403 4919 2518 4986 ipso
2545 4917 2754 4972 incendi
2782 4916 2942 4972 modo
2968 4917 3019 4972 id
3047 4918 3190 4972 clare
3215 4919 3460 4975 discitur.
3490 4921 3606 4975 Non

2011 5008 2155 5062 enim
2201 5009 2252 5063 in
2296 5009 2408 5062 alto
2449 5009 2582 5062 caelo
2618 5008 2904 5062 constituta
2929 5050 2945 5073 ,
2989 5024 3160 5080 neque
3187 5011 3331 5065 enim
3363 5022 3608 5080 poterant

2013 5097 2106 5153 illo
2144 5100 2304 5155 modo
2341 5100 2532 5171 dirigi,
2577 5101 2670 5154 sed
2700 5098 2909 5156 inferne
2947 5100 3215 5170 demissa,
3248 5103 3422 5159 locum
3453 5121 3608 5160 mon-

2078 5409 2152 5474 (η)
2186 5408 2317 5474 Quod
2340 5407 2557 5474 bicidicit
2580 5407 2966 5474 Chrysostomus,
2987 5407 3354 5474 stellam‘magis
3377 5424 3536 5474 usque
3559 5414 3607 5464 in

2015 5469 2313 5522 Palaistinam
2339 5471 2542 5527 luxisse,
2569 5478 2622 5519 et
2641 5469 2752 5520 cum
2769 5469 3114 5533 Jerosolymam
3137 5469 3472 5532 advenissent,
3491 5487 3608 5525 sese

2017 5533 2314 5595 occultasse,
2343 5545 2440 5580 nou
2463 5533 2654 5581 videtur
2675 5544 2943 5595 consonare
2965 5545 3074 5581 cum
3098 5533 3360 5595 evangelio
3383 5537 3544 5585 Matth.
3558 5537 3606 5595 2,

2017 5597 2063 5654 9,
2092 5596 2166 5652 10,
2186 5593 2269 5655 ubi
2289 5593 2468 5654 legitur
2493 5609 2505 5642 :
2535 5599 2722 5655 Iglgecce
2738 5592 2895 5650 stella,
2916 5606 3070 5655 qutun
3085 5592 3307 5644 videram
3329 5596 3379 5644 in
3402 5592 3602 5654 oriente,

2018 5652 2325 5720 antecedebat
2341 5652 2481 5720 eos...
2511 5653 2736 5706 Videam
2767 5652 2938 5704 autem
2962 5652 3151 5706 stellam
3182 5656 3334 5720 gavisi
3357 5665 3467 5708 sum
3489 5671 3590 5720 gau

2019 5717 2100 5769 dio
2123 5729 2294 5781 magno
2315 5715 2474 5780 valde,
2510 5723 2607 5766 etc.
