  <div class='ocr_page' id='page_1' title='image "/cluster/home/n/w/nwhite01/storage/ocr_20150623/57:no.7:pt.1/coo.31924054869577/079.png"; bbox 0 0 4066 6424; ppageno 0'>
   <div class='ocr_carea' id='block_1_1' title="bbox 3289 254 3428 295">
    <p class='ocr_par' dir='ltr' id='par_1_1' title="bbox 3289 254 3428 295">
     <span class='ocr_line' id='line_1_1' title="bbox 3289 254 3428 295; baseline 0 -33"><span class='ocrx_word' id='word_1_1' title='bbox 3289 254 3309 262; x_wconf 75' lang='grc'><strong>-</strong></span> <span class='ocrx_word' id='word_1_2' title='bbox 3348 266 3428 295; x_wconf 28' lang='grc' dir='ltr'><strong>Ὺ,</strong></span> 
     </span>
    </p>
   </div>
   <div class='ocr_carea' id='block_1_2' title="bbox 498 321 3773 407">
    <p class='ocr_par' dir='ltr' id='par_1_2' title="bbox 498 321 3773 407">
     <span class='ocr_line' id='line_1_2' title="bbox 498 321 3773 407; baseline 0.009 -31"><span class='ocrx_word' id='word_1_3' title='bbox 498 321 568 377; x_wconf 82' lang='grc'>65</span> <span class='ocrx_word' id='word_1_4' title='bbox 1205 334 1264 392; x_wconf 88' lang='lat' dir='ltr'><strong>S.</strong></span> <span class='ocrx_word' id='word_1_5' title='bbox 1303 335 1578 395; x_wconf 78' lang='lat' dir='ltr'><strong>JDANNIS</strong></span> <span class='ocrx_word' id='word_1_6' title='bbox 1613 324 2084 397; x_wconf 69' lang='lat' dir='ltr'><strong>CIIRYSOSTOMI</strong></span> <span class='ocrx_word' id='word_1_7' title='bbox 2120 341 2434 401; x_wconf 78' lang='lat' dir='ltr'><strong>ARCIIIEP.</strong></span> <span class='ocrx_word' id='word_1_8' title='bbox 2473 345 3004 405; x_wconf 73' lang='lat' dir='ltr'><strong>CONSTANTINOP.</strong></span> <span class='ocrx_word' id='word_1_9' title='bbox 3707 348 3773 407; x_wconf 79' lang='grc'><strong>66</strong></span> 
     </span>
    </p>
   </div>
   <div class='ocr_carea' id='block_1_3' title="bbox 501 445 2091 516">
    <p class='ocr_par' dir='ltr' id='par_1_3' title="bbox 501 445 2091 516">
     <span class='ocr_line' id='line_1_3' title="bbox 501 445 2091 516; baseline 0.004 -17"><span class='ocrx_word' id='word_1_10' title='bbox 501 445 729 501; x_wconf 88' lang='lat' dir='ltr'><strong>strabat.</strong></span> <span class='ocrx_word' id='word_1_11' title='bbox 776 445 957 502; x_wconf 88' lang='lat' dir='ltr'><strong>Nostis</strong></span> <span class='ocrx_word' id='word_1_12' title='bbox 1002 445 1143 503; x_wconf 91' lang='lat' dir='ltr'><strong>enim</strong></span> <span class='ocrx_word' id='word_1_13' title='bbox 1189 460 1296 502; x_wconf 92' lang='lat' dir='ltr'><strong>non</strong></span> <span class='ocrx_word' id='word_1_14' title='bbox 1344 460 1504 516; x_wconf 84' lang='lat' dir='ltr'><strong>posse</strong></span> <span class='ocrx_word' id='word_1_15' title='bbox 1549 447 1761 503; x_wconf 78' lang='lat' dir='ltr'><strong>stellam</strong></span> <span class='ocrx_word' id='word_1_16' title='bbox 1808 448 1984 504; x_wconf 90' lang='lat' dir='ltr'><strong>locum</strong></span> <span class='ocrx_word' id='word_1_17' title='bbox 2021 449 2091 505; x_wconf 90' lang='lat' dir='ltr'><strong>ita</strong></span> 
     </span>
    </p>
   </div>
   <div class='ocr_carea' id='block_1_4' title="bbox 497 539 2092 610">
    <p class='ocr_par' dir='ltr' id='par_1_4' title="bbox 497 539 2092 610">
     <span class='ocr_line' id='line_1_4' title="bbox 497 539 2092 610; baseline 0.004 -18"><span class='ocrx_word' id='word_1_18' title='bbox 497 553 723 608; x_wconf 85' lang='lat' dir='ltr'><strong>parvum</strong></span> <span class='ocrx_word' id='word_1_19' title='bbox 768 546 1106 605; x_wconf 90' lang='lat' dir='ltr'><strong>monstrare,</strong></span> <span class='ocrx_word' id='word_1_20' title='bbox 1153 539 1242 608; x_wconf 88' lang='lat' dir='ltr'><strong>qui</strong></span> <span class='ocrx_word' id='word_1_21' title='bbox 1289 539 1552 610; x_wconf 89' lang='lat' dir='ltr'><strong>tugurium</strong></span> <span class='ocrx_word' id='word_1_22' title='bbox 1595 541 1932 609; x_wconf 74' lang='lat' dir='ltr'><strong>contineret;</strong></span> <span class='ocrx_word' id='word_1_23' title='bbox 1982 542 2092 599; x_wconf 88' lang='lat' dir='ltr'><strong>imo</strong></span> 
     </span>
    </p>
   </div>
   <div class='ocr_carea' id='block_1_5' title="bbox 495 627 2089 703">
    <p class='ocr_par' dir='ltr' id='par_1_5' title="bbox 495 627 2089 703">
     <span class='ocr_line' id='line_1_5' title="bbox 495 627 2089 703; baseline 0.004 -19"><span class='ocrx_word' id='word_1_24' title='bbox 495 627 673 684; x_wconf 77' lang='lat' dir='ltr'><strong>locum</strong></span> <span class='ocrx_word' id='word_1_25' title='bbox 711 629 800 698; x_wconf 87' lang='lat' dir='ltr'><strong>qui</strong></span> <span class='ocrx_word' id='word_1_26' title='bbox 829 643 1023 698; x_wconf 90' lang='lat' dir='ltr'><strong>corpus</strong></span> <span class='ocrx_word' id='word_1_27' title='bbox 1049 627 1290 684; x_wconf 84' lang='lat' dir='ltr'><strong>infantuli</strong></span> <span class='ocrx_word' id='word_1_28' title='bbox 1318 644 1511 700; x_wconf 81' lang='lat' dir='ltr'><strong>capere</strong></span> <span class='ocrx_word' id='word_1_29' title='bbox 1540 640 1721 700; x_wconf 87' lang='lat' dir='ltr'><strong>posset</strong></span> <span class='ocrx_word' id='word_1_30' title='bbox 1747 647 1764 686; x_wconf 92' lang='lat'><strong>:</strong></span> <span class='ocrx_word' id='word_1_31' title='bbox 1794 632 1917 703; x_wconf 85' lang='lat' dir='ltr'><strong>quia</strong></span> <span class='ocrx_word' id='word_1_32' title='bbox 1945 634 2089 691; x_wconf 92' lang='lat' dir='ltr'><strong>enim</strong></span> 
     </span>
    </p>
   </div>
   <div class='ocr_carea' id='block_1_6' title="bbox 490 720 2087 792">
    <p class='ocr_par' dir='ltr' id='par_1_6' title="bbox 490 720 2087 792">
     <span class='ocr_line' id='line_1_6' title="bbox 490 720 2087 792; baseline 0.003 -16"><span class='ocrx_word' id='word_1_33' title='bbox 490 720 753 776; x_wconf 87' lang='lat' dir='ltr'><strong>immensa</strong></span> <span class='ocrx_word' id='word_1_34' title='bbox 798 729 916 776; x_wconf 88' lang='lat' dir='ltr'><strong>erat</strong></span> <span class='ocrx_word' id='word_1_35' title='bbox 954 721 1180 776; x_wconf 84' lang='lat' dir='ltr'><strong>altitudo</strong></span> <span class='ocrx_word' id='word_1_36' title='bbox 1204 763 1220 789; x_wconf 93' lang='lat'><strong>,</strong></span> <span class='ocrx_word' id='word_1_37' title='bbox 1269 736 1376 776; x_wconf 92' lang='lat' dir='ltr'><strong>non</strong></span> <span class='ocrx_word' id='word_1_38' title='bbox 1424 731 1633 792; x_wconf 80' lang='lat' dir='ltr'><strong>poterat</strong></span> <span class='ocrx_word' id='word_1_39' title='bbox 1675 724 1830 779; x_wconf 87' lang='lat' dir='ltr'><strong>stella</strong></span> <span class='ocrx_word' id='word_1_40' title='bbox 1859 733 1964 779; x_wconf 88' lang='lat' dir='ltr'><strong>tam</strong></span> <span class='ocrx_word' id='word_1_41' title='bbox 1987 741 2087 780; x_wconf 88' lang='lat' dir='ltr'><strong>an-</strong></span> 
     </span>
    </p>
   </div>
   <div class='ocr_carea' id='block_1_7' title="bbox 491 811 2088 880">
    <p class='ocr_par' dir='ltr' id='par_1_7' title="bbox 491 811 2088 880">
     <span class='ocr_line' id='line_1_7' title="bbox 491 811 2088 880; baseline 0.004 -15"><span class='ocrx_word' id='word_1_42' title='bbox 491 822 705 880; x_wconf 87' lang='lat' dir='ltr'><strong>gustum</strong></span> <span class='ocrx_word' id='word_1_43' title='bbox 762 811 938 866; x_wconf 89' lang='lat' dir='ltr'><strong>locum</strong></span> <span class='ocrx_word' id='word_1_44' title='bbox 995 812 1234 869; x_wconf 89' lang='lat' dir='ltr'><strong>indicare</strong></span> <span class='ocrx_word' id='word_1_45' title='bbox 1282 815 1584 868; x_wconf 89' lang='lat' dir='ltr'><strong>volentibus</strong></span> <span class='ocrx_word' id='word_1_46' title='bbox 1638 813 1890 870; x_wconf 80' lang='lat' dir='ltr'><strong>invisere.</strong></span> <span class='ocrx_word' id='word_1_47' title='bbox 1951 816 2088 872; x_wconf 91' lang='lat' dir='ltr'><strong>Illud</strong></span> 
     </span>
    </p>
   </div>
   <div class='ocr_carea' id='block_1_8' title="bbox 495 902 2090 976">
    <p class='ocr_par' dir='ltr' id='par_1_8' title="bbox 495 902 2090 976">
     <span class='ocr_line' id='line_1_8' title="bbox 495 902 2090 976; baseline 0.007 -22"><span class='ocrx_word' id='word_1_48' title='bbox 495 917 622 957; x_wconf 79' lang='lat' dir='ltr'><strong>vero</strong></span> <span class='ocrx_word' id='word_1_49' title='bbox 646 918 712 958; x_wconf 81' lang='lat' dir='ltr'><strong>ex</strong></span> <span class='ocrx_word' id='word_1_50' title='bbox 746 903 856 971; x_wconf 90' lang='lat' dir='ltr'><strong>ipsa</strong></span> <span class='ocrx_word' id='word_1_51' title='bbox 889 904 1012 959; x_wconf 90' lang='lat' dir='ltr'><strong>luna</strong></span> <span class='ocrx_word' id='word_1_52' title='bbox 1040 902 1446 973; x_wconf 86' lang='lat' dir='ltr'><strong>deprehendere</strong></span> <span class='ocrx_word' id='word_1_53' title='bbox 1470 916 1554 961; x_wconf 90' lang='lat' dir='ltr'><strong>est</strong></span> <span class='ocrx_word' id='word_1_54' title='bbox 1577 923 1588 958; x_wconf 93' lang='lat'>:</span> <span class='ocrx_word' id='word_1_55' title='bbox 1613 921 1732 976; x_wconf 66' lang='lat' dir='ltr'><strong>qua:</strong></span> <span class='ocrx_word' id='word_1_56' title='bbox 1758 922 1879 962; x_wconf 88' lang='lat' dir='ltr'><strong>cum</strong></span> <span class='ocrx_word' id='word_1_57' title='bbox 1904 908 2090 965; x_wconf 80' lang='lat' dir='ltr'><strong>stellas</strong></span> 
     </span>
    </p>
   </div>
   <div class='ocr_carea' id='block_1_9' title="bbox 488 995 2086 1068">
    <p class='ocr_par' dir='ltr' id='par_1_9' title="bbox 488 995 2086 1068">
     <span class='ocr_line' id='line_1_9' title="bbox 488 995 2086 1068; baseline 0.004 -22"><span class='ocrx_word' id='word_1_58' title='bbox 488 1007 678 1048; x_wconf 92' lang='lat' dir='ltr'><strong>omnes</strong></span> <span class='ocrx_word' id='word_1_59' title='bbox 705 1003 909 1048; x_wconf 90' lang='lat' dir='ltr'><strong>tantum</strong></span> <span class='ocrx_word' id='word_1_60' title='bbox 937 1004 1177 1065; x_wconf 90' lang='lat' dir='ltr'><strong>superet,</strong></span> <span class='ocrx_word' id='word_1_61' title='bbox 1208 996 1472 1052; x_wconf 88' lang='lat' dir='ltr'><strong>universis</strong></span> <span class='ocrx_word' id='word_1_62' title='bbox 1502 995 1687 1052; x_wconf 91' lang='lat' dir='ltr'><strong>orbem</strong></span> <span class='ocrx_word' id='word_1_63' title='bbox 1711 997 2086 1068; x_wconf 76' lang='lat' dir='ltr'><strong>incolentibus,</strong></span> 
     </span>
    </p>
   </div>
   <div class='ocr_carea' id='block_1_10' title="bbox 489 1083 2089 1156">
    <p class='ocr_par' dir='ltr' id='par_1_10' title="bbox 489 1083 2089 1156">
     <span class='ocr_line' id='line_1_10' title="bbox 489 1083 2089 1156; baseline 0.008 -21"><span class='ocrx_word' id='word_1_64' title='bbox 489 1092 546 1136; x_wconf 90' lang='lat' dir='ltr'><strong>et</strong></span> <span class='ocrx_word' id='word_1_65' title='bbox 582 1083 635 1137; x_wconf 90' lang='lat' dir='ltr'><strong>in</strong></span> <span class='ocrx_word' id='word_1_66' title='bbox 665 1091 811 1138; x_wconf 91' lang='lat' dir='ltr'><strong>tanta</strong></span> <span class='ocrx_word' id='word_1_67' title='bbox 842 1094 998 1140; x_wconf 64' lang='lat' dir='ltr'><strong>terra:</strong></span> <span class='ocrx_word' id='word_1_68' title='bbox 1026 1086 1305 1141; x_wconf 85' lang='lat' dir='ltr'><strong>latitudine</strong></span> <span class='ocrx_word' id='word_1_69' title='bbox 1329 1087 1569 1156; x_wconf 84' lang='lat' dir='ltr'><strong>dill‘usis,</strong></span> <span class='ocrx_word' id='word_1_70' title='bbox 1599 1089 1772 1144; x_wconf 89' lang='lat' dir='ltr'><strong>vicina</strong></span> <span class='ocrx_word' id='word_1_71' title='bbox 1795 1105 1915 1146; x_wconf 91' lang='lat' dir='ltr'><strong>esse</strong></span> <span class='ocrx_word' id='word_1_72' title='bbox 1946 1093 2089 1148; x_wconf 91' lang='lat' dir='ltr'><strong>vide-</strong></span> 
     </span>
    </p>
   </div>
   <div class='ocr_carea' id='block_1_11' title="bbox 491 1175 2084 1252">
    <p class='ocr_par' dir='ltr' id='par_1_11' title="bbox 491 1175 2084 1252">
     <span class='ocr_line' id='line_1_11' title="bbox 491 1175 2084 1252; baseline 0.008 -26"><span class='ocrx_word' id='word_1_73' title='bbox 491 1184 598 1228; x_wconf 91' lang='lat' dir='ltr'><strong>tur.</strong></span> <span class='ocrx_word' id='word_1_74' title='bbox 653 1175 932 1241; x_wconf 84' lang='lat' dir='ltr'><strong>Quomodo</strong></span> <span class='ocrx_word' id='word_1_75' title='bbox 973 1176 1174 1246; x_wconf 81' lang='lat' dir='ltr'><strong>igitur,</strong></span> <span class='ocrx_word' id='word_1_76' title='bbox 1218 1192 1435 1248; x_wconf 65' lang='lat' dir='ltr'><strong>quasso,</strong></span> <span class='ocrx_word' id='word_1_77' title='bbox 1480 1179 1654 1234; x_wconf 92' lang='lat' dir='ltr'><strong>locum</strong></span> <span class='ocrx_word' id='word_1_78' title='bbox 1700 1181 1773 1235; x_wconf 86' lang='lat' dir='ltr'><strong>ita</strong></span> <span class='ocrx_word' id='word_1_79' title='bbox 1804 1193 2084 1252; x_wconf 86' lang='lat' dir='ltr'><strong>angustum</strong></span> 
     </span>
    </p>
   </div>
   <div class='ocr_carea' id='block_1_12' title="bbox 493 1269 2084 1337">
    <p class='ocr_par' dir='ltr' id='par_1_12' title="bbox 493 1269 2084 1337">
     <span class='ocr_line' id='line_1_12' title="bbox 493 1269 2084 1337; baseline 0.006 -18"><span class='ocrx_word' id='word_1_80' title='bbox 493 1269 752 1337; x_wconf 65' lang='lat' dir='ltr'><strong>praesepis</strong></span> <span class='ocrx_word' id='word_1_81' title='bbox 781 1276 834 1322; x_wconf 90' lang='lat' dir='ltr'><strong>et</strong></span> <span class='ocrx_word' id='word_1_82' title='bbox 864 1269 1054 1337; x_wconf 82' lang='lat' dir='ltr'><strong>tuguuii</strong></span> <span class='ocrx_word' id='word_1_83' title='bbox 1087 1269 1241 1324; x_wconf 81' lang='lat' dir='ltr'><strong>stella</strong></span> <span class='ocrx_word' id='word_1_84' title='bbox 1271 1269 1597 1326; x_wconf 87' lang='lat' dir='ltr'><strong>ostendisset</strong></span> <span class='ocrx_word' id='word_1_85' title='bbox 1625 1287 1638 1336; x_wconf 93' lang='lat'>;</span> <span class='ocrx_word' id='word_1_86' title='bbox 1669 1273 1770 1327; x_wconf 89' lang='lat' dir='ltr'><strong>nisi</strong></span> <span class='ocrx_word' id='word_1_87' title='bbox 1792 1274 1972 1328; x_wconf 91' lang='lat' dir='ltr'><strong>relicta</strong></span> <span class='ocrx_word' id='word_1_88' title='bbox 1998 1275 2084 1330; x_wconf 92' lang='lat' dir='ltr'><strong>illa</strong></span> 
     </span>
    </p>
   </div>
   <div class='ocr_carea' id='block_1_13' title="bbox 490 1360 2082 1434">
    <p class='ocr_par' dir='ltr' id='par_1_13' title="bbox 490 1360 2082 1434">
     <span class='ocr_line' id='line_1_13' title="bbox 490 1360 2082 1434; baseline 0.005 -20"><span class='ocrx_word' id='word_1_89' title='bbox 490 1360 810 1416; x_wconf 90' lang='lat' dir='ltr'><strong>celsitudine</strong></span> <span class='ocrx_word' id='word_1_90' title='bbox 851 1361 918 1415; x_wconf 91' lang='lat' dir='ltr'><strong>ad</strong></span> <span class='ocrx_word' id='word_1_91' title='bbox 948 1362 1196 1416; x_wconf 83' lang='lat' dir='ltr'><strong>inferiora</strong></span> <span class='ocrx_word' id='word_1_92' title='bbox 1225 1361 1589 1416; x_wconf 90' lang='lat' dir='ltr'><strong>descendisset</strong></span> <span class='ocrx_word' id='word_1_93' title='bbox 1613 1403 1628 1429; x_wconf 95' lang='lat'><strong>,</strong></span> <span class='ocrx_word' id='word_1_94' title='bbox 1657 1372 1711 1419; x_wconf 91' lang='lat' dir='ltr'><strong>et</strong></span> <span class='ocrx_word' id='word_1_95' title='bbox 1734 1379 1894 1434; x_wconf 87' lang='lat' dir='ltr'><strong>supra</strong></span> <span class='ocrx_word' id='word_1_96' title='bbox 1920 1377 2082 1434; x_wconf 85' lang='lat' dir='ltr'><strong>caput</strong></span> 
     </span>
    </p>
   </div>
   <div class='ocr_carea' id='block_1_14' title="bbox 491 1451 2085 1527">
    <p class='ocr_par' dir='ltr' id='par_1_14' title="bbox 491 1451 2085 1527">
     <span class='ocr_line' id='line_1_14' title="bbox 491 1451 2085 1527; baseline 0.006 -23"><span class='ocrx_word' id='word_1_97' title='bbox 491 1451 662 1519; x_wconf 91' lang='lat' dir='ltr'><strong>ipsum</strong></span> <span class='ocrx_word' id='word_1_98' title='bbox 705 1453 852 1521; x_wconf 88' lang='lat' dir='ltr'><strong>pueri</strong></span> <span class='ocrx_word' id='word_1_99' title='bbox 898 1452 1178 1507; x_wconf 85' lang='lat' dir='ltr'><strong>stetisset?</strong></span> <span class='ocrx_word' id='word_1_100' title='bbox 1216 1453 1368 1520; x_wconf 83' lang='lat' dir='ltr'><strong>Quod</strong></span> <span class='ocrx_word' id='word_1_101' title='bbox 1395 1455 1738 1510; x_wconf 90' lang='lat' dir='ltr'><strong>subindicans</strong></span> <span class='ocrx_word' id='word_1_102' title='bbox 1761 1459 2085 1527; x_wconf 80' lang='lat' dir='ltr'><strong>evangelista</strong></span> 
     </span>
    </p>
   </div>
   <div class='ocr_carea' id='block_1_15' title="bbox 487 1543 2080 1617">
    <p class='ocr_par' dir='ltr' id='par_1_15' title="bbox 487 1543 2080 1617">
     <span class='ocr_line' id='line_1_15' title="bbox 487 1543 2080 1617; baseline 0.006 -21"><span class='ocrx_word' id='word_1_103' title='bbox 487 1543 698 1598; x_wconf 84' lang='lat' dir='ltr'><strong>dicebat</strong></span> <span class='ocrx_word' id='word_1_104' title='bbox 726 1562 738 1597; x_wconf 90' lang='lat'>:</span> <span class='ocrx_word' id='word_1_105' title='bbox 773 1544 825 1600; x_wconf 92' lang='lat'><strong>9.</strong></span> <span class='ocrx_word' id='word_1_106' title='bbox 858 1543 989 1598; x_wconf 85' lang='lat' dir='ltr'><strong>Ecce</strong></span> <span class='ocrx_word' id='word_1_107' title='bbox 1010 1546 1158 1599; x_wconf 88' lang='lat' dir='ltr'><strong>stella</strong></span> <span class='ocrx_word' id='word_1_108' title='bbox 1175 1547 1492 1600; x_wconf 84' lang='lat' dir='ltr'><strong>antecedebat</strong></span> <span class='ocrx_word' id='word_1_109' title='bbox 1521 1564 1604 1601; x_wconf 89' lang='lat' dir='ltr'><strong>eos</strong></span> <span class='ocrx_word' id='word_1_110' title='bbox 1623 1586 1638 1612; x_wconf 91' lang='lat'><strong>,</strong></span> <span class='ocrx_word' id='word_1_111' title='bbox 1670 1565 1824 1617; x_wconf 85' lang='lat' dir='ltr'><strong>usque</strong></span> <span class='ocrx_word' id='word_1_112' title='bbox 1848 1550 1968 1603; x_wconf 89' lang='lat' dir='ltr'><strong>dum</strong></span> <span class='ocrx_word' id='word_1_113' title='bbox 1993 1566 2080 1605; x_wconf 82' lang='lat' dir='ltr'><strong>ve-</strong></span> 
     </span>
    </p>
   </div>
   <div class='ocr_carea' id='block_1_16' title="bbox 488 1633 2084 1710">
    <p class='ocr_par' dir='ltr' id='par_1_16' title="bbox 488 1633 2084 1710">
     <span class='ocr_line' id='line_1_16' title="bbox 488 1633 2084 1710; baseline 0.007 -25"><span class='ocrx_word' id='word_1_114' title='bbox 488 1633 632 1686; x_wconf 82' lang='lat' dir='ltr'><strong>niens</strong></span> <span class='ocrx_word' id='word_1_115' title='bbox 661 1643 813 1688; x_wconf 83' lang='lat' dir='ltr'><strong>staret</strong></span> <span class='ocrx_word' id='word_1_116' title='bbox 841 1651 1000 1705; x_wconf 80' lang='lat' dir='ltr'><strong>supra</strong></span> <span class='ocrx_word' id='word_1_117' title='bbox 1020 1636 1102 1689; x_wconf 90' lang='lat' dir='ltr'><strong>ubi</strong></span> <span class='ocrx_word' id='word_1_118' title='bbox 1123 1647 1231 1688; x_wconf 86' lang='lat' dir='ltr'><strong>erat</strong></span> <span class='ocrx_word' id='word_1_119' title='bbox 1254 1653 1398 1706; x_wconf 86' lang='lat' dir='ltr'><strong>puer.</strong></span> <span class='ocrx_word' id='word_1_120' title='bbox 1430 1637 1618 1693; x_wconf 82' lang='lat' dir='ltr'><strong>Viden’</strong></span> <span class='ocrx_word' id='word_1_121' title='bbox 1646 1648 1776 1708; x_wconf 93' lang='lat' dir='ltr'><strong>quot</strong></span> <span class='ocrx_word' id='word_1_122' title='bbox 1795 1655 2084 1710; x_wconf 84' lang='lat' dir='ltr'><strong>argumen-</strong></span> 
     </span>
    </p>
   </div>
   <div class='ocr_carea' id='block_1_17' title="bbox 491 1725 2086 1795">
    <p class='ocr_par' dir='ltr' id='par_1_17' title="bbox 491 1725 2086 1795">
     <span class='ocr_line' id='line_1_17' title="bbox 491 1725 2086 1795; baseline 0.006 -17"><span class='ocrx_word' id='word_1_123' title='bbox 491 1726 558 1779; x_wconf 91' lang='lat' dir='ltr'><strong>tis</strong></span> <span class='ocrx_word' id='word_1_124' title='bbox 599 1725 856 1795; x_wconf 82' lang='lat' dir='ltr'><strong>probatur</strong></span> <span class='ocrx_word' id='word_1_125' title='bbox 884 1728 1024 1781; x_wconf 88' lang='lat' dir='ltr'><strong>hanc</strong></span> <span class='ocrx_word' id='word_1_126' title='bbox 1050 1728 1258 1782; x_wconf 88' lang='lat' dir='ltr'><strong>stellam</strong></span> <span class='ocrx_word' id='word_1_127' title='bbox 1284 1743 1388 1782; x_wconf 91' lang='lat' dir='ltr'><strong>non</strong></span> <span class='ocrx_word' id='word_1_128' title='bbox 1419 1729 1582 1785; x_wconf 78' lang='lat' dir='ltr'><strong>fuisse</strong></span> <span class='ocrx_word' id='word_1_129' title='bbox 1609 1746 1676 1786; x_wconf 82' lang='lat' dir='ltr'><strong>ex</strong></span> <span class='ocrx_word' id='word_1_130' title='bbox 1701 1747 1926 1788; x_wconf 88' lang='lat' dir='ltr'><strong>numero</strong></span> <span class='ocrx_word' id='word_1_131' title='bbox 1951 1733 2086 1788; x_wconf 91' lang='lat' dir='ltr'><strong>alia-</strong></span> 
     </span>
    </p>
   </div>
   <div class='ocr_carea' id='block_1_18' title="bbox 489 1816 2086 1895">
    <p class='ocr_par' dir='ltr' id='par_1_18' title="bbox 489 1816 2086 1895">
     <span class='ocr_line' id='line_1_18' title="bbox 489 1816 2086 1895; baseline 0.006 -26"><span class='ocrx_word' id='word_1_132' title='bbox 489 1832 608 1870; x_wconf 92' lang='lat' dir='ltr'><strong>rum</strong></span> <span class='ocrx_word' id='word_1_133' title='bbox 651 1835 663 1870; x_wconf 96' lang='lat'>:</span> <span class='ocrx_word' id='word_1_134' title='bbox 708 1832 880 1887; x_wconf 89' lang='lat' dir='ltr'><strong>neque</strong></span> <span class='ocrx_word' id='word_1_135' title='bbox 904 1816 1198 1873; x_wconf 89' lang='lat' dir='ltr'><strong>secundum</strong></span> <span class='ocrx_word' id='word_1_136' title='bbox 1228 1820 1422 1875; x_wconf 90' lang='lat' dir='ltr'><strong>seriem</strong></span> <span class='ocrx_word' id='word_1_137' title='bbox 1450 1830 1686 1876; x_wconf 61' lang='lat' dir='ltr'><strong>externa;</strong></span> <span class='ocrx_word' id='word_1_138' title='bbox 1709 1820 1850 1878; x_wconf 90' lang='lat' dir='ltr'><strong>illius</strong></span> <span class='ocrx_word' id='word_1_139' title='bbox 1872 1825 2086 1895; x_wconf 82' lang='lat' dir='ltr'><strong>genesis</strong></span> 
     </span>
    </p>
   </div>
   <div class='ocr_carea' id='block_1_19' title="bbox 489 1907 843 1977">
    <p class='ocr_par' dir='ltr' id='par_1_19' title="bbox 489 1907 843 1977">
     <span class='ocr_line' id='line_1_19' title="bbox 489 1907 843 1977; baseline 0.008 -17"><span class='ocrx_word' id='word_1_140' title='bbox 489 1907 800 1977; x_wconf 83' lang='lat' dir='ltr'><strong>apparuisse</strong></span> <span class='ocrx_word' id='word_1_141' title='bbox 819 1908 843 1962; x_wconf 72' lang='lat'><strong>‘2</strong></span> 
     </span>
    </p>
   </div>
   <div class='ocr_carea' id='block_1_20' title="bbox 553 2053 2076 2126">
    <p class='ocr_par' dir='ltr' id='par_1_20' title="bbox 553 2053 2076 2126">
     <span class='ocr_line' id='line_1_20' title="bbox 553 2053 2076 2126; baseline 0.003 -19"><span class='ocrx_word' id='word_1_142' title='bbox 553 2054 606 2107; x_wconf 78' lang='grc'><strong>5.</strong></span> <span class='ocrx_word' id='word_1_143' title='bbox 636 2053 798 2107; x_wconf 82' lang='lat' dir='ltr'><strong>Stella</strong></span> <span class='ocrx_word' id='word_1_144' title='bbox 818 2069 909 2107; x_wconf 88' lang='lat' dir='ltr'><strong>cur</strong></span> <span class='ocrx_word' id='word_1_145' title='bbox 928 2054 1185 2125; x_wconf 80' lang='lat' dir='ltr'><strong>apparuit.</strong></span> <span class='ocrx_word' id='word_1_146' title='bbox 1204 2083 1276 2095; x_wconf 91' lang='lat'><strong><em>—</em></strong></span> <span class='ocrx_word' id='word_1_147' title='bbox 1294 2053 1404 2109; x_wconf 87' lang='lat' dir='ltr'><strong>Cur</strong></span> <span class='ocrx_word' id='word_1_148' title='bbox 1427 2069 1559 2126; x_wconf 85' lang='lat' dir='ltr'><strong>ergo</strong></span> <span class='ocrx_word' id='word_1_149' title='bbox 1577 2056 1863 2126; x_wconf 83' lang='lat' dir='ltr'><strong>apparuit?</strong></span> <span class='ocrx_word' id='word_1_150' title='bbox 1892 2055 1958 2111; x_wconf 91' lang='lat' dir='ltr'><strong>Ut</strong></span> <span class='ocrx_word' id='word_1_151' title='bbox 1981 2055 2076 2111; x_wconf 80' lang='lat' dir='ltr'><strong>Ju-</strong></span> 
     </span>
    </p>
   </div>
   <div class='ocr_carea' id='block_1_21' title="bbox 479 2144 2077 2216">
    <p class='ocr_par' dir='ltr' id='par_1_21' title="bbox 479 2144 2077 2216">
     <span class='ocr_line' id='line_1_21' title="bbox 479 2144 2077 2216; baseline 0.001 -19"><span class='ocrx_word' id='word_1_152' title='bbox 479 2144 722 2198; x_wconf 84' lang='lat' dir='ltr'><strong>dacorum</strong></span> <span class='ocrx_word' id='word_1_153' title='bbox 770 2145 1131 2214; x_wconf 88' lang='lat' dir='ltr'><strong>stupiditatem</strong></span> <span class='ocrx_word' id='word_1_154' title='bbox 1173 2145 1465 2199; x_wconf 88' lang='lat' dir='ltr'><strong>incesseret</strong></span> <span class='ocrx_word' id='word_1_155' title='bbox 1489 2187 1502 2209; x_wconf 94' lang='lat'><strong>,</strong></span> <span class='ocrx_word' id='word_1_156' title='bbox 1529 2152 1691 2214; x_wconf 91' lang='lat' dir='ltr'><strong>atque</strong></span> <span class='ocrx_word' id='word_1_157' title='bbox 1714 2146 1935 2216; x_wconf 73' lang='lat' dir='ltr'><strong>ingratis</strong></span> <span class='ocrx_word' id='word_1_158' title='bbox 1962 2144 2077 2199; x_wconf 71' lang='lat' dir='ltr'><strong>adi~</strong></span> 
     </span>
    </p>
   </div>
   <div class='ocr_carea' id='block_1_22' title="bbox 481 2233 2077 2301">
    <p class='ocr_par' dir='ltr' id='par_1_22' title="bbox 481 2233 2077 2301">
     <span class='ocr_line' id='line_1_22' title="bbox 481 2233 2077 2301; baseline 0.001 -13"><span class='ocrx_word' id='word_1_159' title='bbox 481 2244 657 2288; x_wconf 90' lang='lat' dir='ltr'><strong>meret</strong></span> <span class='ocrx_word' id='word_1_160' title='bbox 700 2249 915 2288; x_wconf 89' lang='lat' dir='ltr'><strong>onmem</strong></span> <span class='ocrx_word' id='word_1_161' title='bbox 957 2233 1286 2289; x_wconf 83' lang='lat' dir='ltr'><strong>defensionis</strong></span> <span class='ocrx_word' id='word_1_162' title='bbox 1330 2248 1536 2288; x_wconf 86' lang='lat' dir='ltr'><strong>ansam.</strong></span> <span class='ocrx_word' id='word_1_163' title='bbox 1579 2235 1713 2301; x_wconf 84' lang='lat' dir='ltr'><strong>Quia</strong></span> <span class='ocrx_word' id='word_1_164' title='bbox 1747 2235 1890 2289; x_wconf 90' lang='lat' dir='ltr'><strong>enim</strong></span> <span class='ocrx_word' id='word_1_165' title='bbox 1920 2234 2077 2290; x_wconf 78' lang='lat' dir='ltr'><strong>adve-</strong></span> 
     </span>
    </p>
   </div>
   <div class='ocr_carea' id='block_1_23' title="bbox 487 2326 2077 2398">
    <p class='ocr_par' dir='ltr' id='par_1_23' title="bbox 487 2326 2077 2398">
     <span class='ocr_line' id='line_1_23' title="bbox 487 2326 2077 2398; baseline 0.003 -18"><span class='ocrx_word' id='word_1_166' title='bbox 487 2327 645 2381; x_wconf 89' lang='lat' dir='ltr'><strong>niens</strong></span> <span class='ocrx_word' id='word_1_167' title='bbox 672 2326 763 2381; x_wconf 90' lang='lat' dir='ltr'><strong>ille</strong></span> <span class='ocrx_word' id='word_1_168' title='bbox 789 2337 939 2381; x_wconf 92' lang='lat' dir='ltr'><strong>vetus</strong></span> <span class='ocrx_word' id='word_1_169' title='bbox 970 2326 1270 2381; x_wconf 89' lang='lat' dir='ltr'><strong>institutum</strong></span> <span class='ocrx_word' id='word_1_170' title='bbox 1301 2326 1668 2397; x_wconf 88' lang='lat' dir='ltr'><strong>abrogaturus,</strong></span> <span class='ocrx_word' id='word_1_171' title='bbox 1696 2328 1986 2398; x_wconf 83' lang='lat' dir='ltr'><strong>orbemque</strong></span> <span class='ocrx_word' id='word_1_172' title='bbox 2009 2327 2077 2385; x_wconf 90' lang='lat' dir='ltr'><strong>ad</strong></span> 
     </span>
    </p>
   </div>
   <div class='ocr_carea' id='block_1_24' title="bbox 487 2419 2078 2491">
    <p class='ocr_par' dir='ltr' id='par_1_24' title="bbox 487 2419 2078 2491">
     <span class='ocr_line' id='line_1_24' title="bbox 487 2419 2078 2491; baseline 0.004 -18"><span class='ocrx_word' id='word_1_173' title='bbox 487 2435 651 2474; x_wconf 74' lang='lat' dir='ltr'><strong>unum</strong></span> <span class='ocrx_word' id='word_1_174' title='bbox 696 2419 1052 2489; x_wconf 83' lang='lat' dir='ltr'><strong>eamdemque</strong></span> <span class='ocrx_word' id='word_1_175' title='bbox 1097 2421 1302 2476; x_wconf 81' lang='lat' dir='ltr'><strong>cultum</strong></span> <span class='ocrx_word' id='word_1_176' title='bbox 1348 2419 1712 2488; x_wconf 90' lang='lat' dir='ltr'><strong>deducturus,</strong></span> <span class='ocrx_word' id='word_1_177' title='bbox 1757 2421 1976 2491; x_wconf 80' lang='lat' dir='ltr'><strong>ipseque</strong></span> <span class='ocrx_word' id='word_1_178' title='bbox 2024 2420 2078 2479; x_wconf 84' lang='lat' dir='ltr'><strong>in</strong></span> 
     </span>
    </p>
   </div>
   <div class='ocr_carea' id='block_1_25' title="bbox 487 2514 2080 2584">
    <p class='ocr_par' dir='ltr' id='par_1_25' title="bbox 487 2514 2080 2584">
     <span class='ocr_line' id='line_1_25' title="bbox 487 2514 2080 2584; baseline -0.002 -13"><span class='ocrx_word' id='word_1_179' title='bbox 487 2518 621 2572; x_wconf 86' lang='lat' dir='ltr'><strong>mari</strong></span> <span class='ocrx_word' id='word_1_180' title='bbox 663 2527 712 2571; x_wconf 90' lang='lat' dir='ltr'><strong>et</strong></span> <span class='ocrx_word' id='word_1_181' title='bbox 757 2526 894 2571; x_wconf 89' lang='lat' dir='ltr'><strong>terra</strong></span> <span class='ocrx_word' id='word_1_182' title='bbox 918 2515 1116 2584; x_wconf 85' lang='lat' dir='ltr'><strong>ubique</strong></span> <span class='ocrx_word' id='word_1_183' title='bbox 1134 2514 1439 2569; x_wconf 81' lang='lat' dir='ltr'><strong>adorandus</strong></span> <span class='ocrx_word' id='word_1_184' title='bbox 1467 2521 1614 2578; x_wconf 90' lang='lat' dir='ltr'><strong>erat,</strong></span> <span class='ocrx_word' id='word_1_185' title='bbox 1646 2515 1714 2568; x_wconf 91' lang='lat' dir='ltr'><strong>ab</strong></span> <span class='ocrx_word' id='word_1_186' title='bbox 1743 2515 1874 2584; x_wconf 88' lang='lat' dir='ltr'><strong>ipsis</strong></span> <span class='ocrx_word' id='word_1_187' title='bbox 1901 2515 2080 2568; x_wconf 86' lang='lat' dir='ltr'><strong>statim</strong></span> 
     </span>
    </p>
   </div>
   <div class='ocr_carea' id='block_1_26' title="bbox 487 2604 2082 2676">
    <p class='ocr_par' dir='ltr' id='par_1_26' title="bbox 487 2604 2082 2676">
     <span class='ocr_line' id='line_1_26' title="bbox 487 2604 2082 2676; baseline -0.004 -12"><span class='ocrx_word' id='word_1_188' title='bbox 487 2610 654 2664; x_wconf 85' lang='lat' dir='ltr'><strong>initiis</strong></span> <span class='ocrx_word' id='word_1_189' title='bbox 693 2609 890 2662; x_wconf 84' lang='lat' dir='ltr'><strong>ostium</strong></span> <span class='ocrx_word' id='word_1_190' title='bbox 915 2607 1160 2676; x_wconf 76' lang='lat' dir='ltr'><strong>gentibus</strong></span> <span class='ocrx_word' id='word_1_191' title='bbox 1183 2605 1353 2674; x_wconf 91' lang='lat' dir='ltr'><strong>aperit</strong></span> <span class='ocrx_word' id='word_1_192' title='bbox 1377 2641 1392 2668; x_wconf 83' lang='lat'><strong>,</strong></span> <span class='ocrx_word' id='word_1_193' title='bbox 1424 2612 1482 2658; x_wconf 92' lang='lat' dir='ltr'><strong>ut</strong></span> <span class='ocrx_word' id='word_1_194' title='bbox 1510 2604 1806 2658; x_wconf 88' lang='lat' dir='ltr'><strong>alienorum</strong></span> <span class='ocrx_word' id='word_1_195' title='bbox 1834 2605 2082 2673; x_wconf 71' lang='lat' dir='ltr'><strong>exemplo</strong></span> 
     </span>
    </p>
   </div>
   <div class='ocr_carea' id='block_1_27' title="bbox 487 2694 2079 2764">
    <p class='ocr_par' dir='ltr' id='par_1_27' title="bbox 487 2694 2079 2764">
     <span class='ocr_line' id='line_1_27' title="bbox 487 2694 2079 2764; baseline -0.005 -8"><span class='ocrx_word' id='word_1_196' title='bbox 487 2715 615 2756; x_wconf 83' lang='lat' dir='ltr'><strong>suos</strong></span> <span class='ocrx_word' id='word_1_197' title='bbox 635 2700 796 2755; x_wconf 89' lang='lat' dir='ltr'><strong>etiam</strong></span> <span class='ocrx_word' id='word_1_198' title='bbox 839 2697 1096 2752; x_wconf 87' lang='lat' dir='ltr'><strong>crudiret.</strong></span> <span class='ocrx_word' id='word_1_199' title='bbox 1138 2696 1272 2762; x_wconf 89' lang='lat' dir='ltr'><strong>Quia</strong></span> <span class='ocrx_word' id='word_1_200' title='bbox 1317 2694 1460 2749; x_wconf 90' lang='lat' dir='ltr'><strong>enim</strong></span> <span class='ocrx_word' id='word_1_201' title='bbox 1499 2708 1619 2749; x_wconf 92' lang='lat' dir='ltr'><strong>cum</strong></span> <span class='ocrx_word' id='word_1_202' title='bbox 1657 2695 1943 2764; x_wconf 82' lang='lat' dir='ltr'><strong>prophetas</strong></span> <span class='ocrx_word' id='word_1_203' title='bbox 1970 2694 2079 2749; x_wconf 83' lang='lat' dir='ltr'><strong>fre-</strong></span> 
     </span>
    </p>
   </div>
   <div class='ocr_carea' id='block_1_28' title="bbox 491 2785 2078 2862">
    <p class='ocr_par' dir='ltr' id='par_1_28' title="bbox 491 2785 2078 2862">
     <span class='ocr_line' id='line_1_28' title="bbox 491 2785 2078 2862; baseline -0.006 -16"><span class='ocrx_word' id='word_1_204' title='bbox 491 2801 721 2862; x_wconf 85' lang='lat' dir='ltr'><strong>quenter</strong></span> <span class='ocrx_word' id='word_1_205' title='bbox 759 2789 1002 2844; x_wconf 89' lang='lat' dir='ltr'><strong>audirent</strong></span> <span class='ocrx_word' id='word_1_206' title='bbox 1043 2787 1113 2841; x_wconf 88' lang='lat' dir='ltr'><strong>de</strong></span> <span class='ocrx_word' id='word_1_207' title='bbox 1154 2787 1320 2853; x_wconf 85' lang='lat' dir='ltr'><strong>ipsius</strong></span> <span class='ocrx_word' id='word_1_208' title='bbox 1343 2785 1572 2840; x_wconf 82' lang='lat' dir='ltr'><strong>adventu</strong></span> <span class='ocrx_word' id='word_1_209' title='bbox 1601 2800 1743 2855; x_wconf 69' lang='lat' dir='ltr'><strong>saepe</strong></span> <span class='ocrx_word' id='word_1_210' title='bbox 1765 2786 2078 2854; x_wconf 85' lang='lat' dir='ltr'><strong>loquentes,</strong></span> 
     </span>
    </p>
   </div>
   <div class='ocr_carea' id='block_1_29' title="bbox 487 2874 2081 2942">
    <p class='ocr_par' dir='ltr' id='par_1_29' title="bbox 487 2874 2081 2942">
     <span class='ocr_line' id='line_1_29' title="bbox 487 2874 2081 2942; baseline -0.004 -5"><span class='ocrx_word' id='word_1_211' title='bbox 487 2897 594 2937; x_wconf 90' lang='lat' dir='ltr'><strong>non</strong></span> <span class='ocrx_word' id='word_1_212' title='bbox 639 2881 925 2934; x_wconf 84' lang='lat' dir='ltr'><strong>admodum</strong></span> <span class='ocrx_word' id='word_1_213' title='bbox 970 2877 1350 2942; x_wconf 88' lang='lat' dir='ltr'><strong>attendebant,</strong></span> <span class='ocrx_word' id='word_1_214' title='bbox 1397 2874 1574 2930; x_wconf 80' lang='lat' dir='ltr'><strong>eﬂ‘ecit</strong></span> <span class='ocrx_word' id='word_1_215' title='bbox 1630 2884 1687 2929; x_wconf 91' lang='lat' dir='ltr'><strong>ut</strong></span> <span class='ocrx_word' id='word_1_216' title='bbox 1757 2874 1970 2930; x_wconf 89' lang='lat' dir='ltr'><strong>barbari</strong></span> <span class='ocrx_word' id='word_1_217' title='bbox 2011 2874 2081 2931; x_wconf 86' lang='lat' dir='ltr'><strong>de</strong></span> 
     </span>
    </p>
   </div>
   <div class='ocr_carea' id='block_1_30' title="bbox 489 2965 2078 3041">
    <p class='ocr_par' dir='ltr' id='par_1_30' title="bbox 489 2965 2078 3041">
     <span class='ocr_line' id='line_1_30' title="bbox 489 2965 2078 3041; baseline -0.006 -13"><span class='ocrx_word' id='word_1_218' title='bbox 489 2983 631 3028; x_wconf 87' lang='lat' dir='ltr'><strong>terra</strong></span> <span class='ocrx_word' id='word_1_219' title='bbox 680 2972 968 3041; x_wconf 87' lang='lat' dir='ltr'><strong>longinqua</strong></span> <span class='ocrx_word' id='word_1_220' title='bbox 1005 2969 1253 3023; x_wconf 82' lang='lat' dir='ltr'><strong>venirent</strong></span> <span class='ocrx_word' id='word_1_221' title='bbox 1276 3007 1291 3032; x_wconf 94' lang='lat'><strong>,</strong></span> <span class='ocrx_word' id='word_1_222' title='bbox 1317 2966 1407 3037; x_wconf 94' lang='lat' dir='ltr'><strong>qui</strong></span> <span class='ocrx_word' id='word_1_223' title='bbox 1435 2981 1614 3036; x_wconf 88' lang='lat' dir='ltr'><strong>regem</strong></span> <span class='ocrx_word' id='word_1_224' title='bbox 1643 2965 1781 3035; x_wconf 89' lang='lat' dir='ltr'><strong>apud</strong></span> <span class='ocrx_word' id='word_1_225' title='bbox 1810 2966 1954 3035; x_wconf 82' lang='lat' dir='ltr'><strong>ipsos</strong></span> <span class='ocrx_word' id='word_1_226' title='bbox 1981 2981 2078 3019; x_wconf 90' lang='lat' dir='ltr'><strong>na-</strong></span> 
     </span>
    </p>
   </div>
   <div class='ocr_carea' id='block_1_31' title="bbox 486 3057 2078 3133">
    <p class='ocr_par' dir='ltr' id='par_1_31' title="bbox 486 3057 2078 3133">
     <span class='ocr_line' id='line_1_31' title="bbox 486 3057 2078 3133; baseline -0.004 -15"><span class='ocrx_word' id='word_1_227' title='bbox 486 3074 597 3118; x_wconf 91' lang='lat' dir='ltr'><strong>tum</strong></span> <span class='ocrx_word' id='word_1_228' title='bbox 642 3063 1012 3133; x_wconf 89' lang='lat' dir='ltr'><strong>inquirerent;</strong></span> <span class='ocrx_word' id='word_1_229' title='bbox 1044 3070 1098 3114; x_wconf 88' lang='lat' dir='ltr'><strong>et</strong></span> <span class='ocrx_word' id='word_1_230' title='bbox 1128 3059 1338 3114; x_wconf 86' lang='lat' dir='ltr'><strong>Persica</strong></span> <span class='ocrx_word' id='word_1_231' title='bbox 1366 3072 1496 3112; x_wconf 91' lang='lat' dir='ltr'><strong>voce</strong></span> <span class='ocrx_word' id='word_1_232' title='bbox 1527 3057 1750 3126; x_wconf 88' lang='lat' dir='ltr'><strong>primum</strong></span> <span class='ocrx_word' id='word_1_233' title='bbox 1777 3071 1840 3112; x_wconf 90' lang='lat' dir='ltr'><strong>ea</strong></span> <span class='ocrx_word' id='word_1_234' title='bbox 1871 3057 2078 3111; x_wconf 82' lang='lat' dir='ltr'><strong>edisce-</strong></span> 
     </span>
    </p>
   </div>
   <div class='ocr_carea' id='block_1_32' title="bbox 485 3149 2080 3224">
    <p class='ocr_par' dir='ltr' id='par_1_32' title="bbox 485 3149 2080 3224">
     <span class='ocr_line' id='line_1_32' title="bbox 485 3149 2080 3224; baseline -0.003 -15"><span class='ocrx_word' id='word_1_235' title='bbox 485 3164 648 3222; x_wconf 90' lang='lat' dir='ltr'><strong>rent,</strong></span> <span class='ocrx_word' id='word_1_236' title='bbox 680 3169 799 3224; x_wconf 83' lang='lat' dir='ltr'><strong>quae</strong></span> <span class='ocrx_word' id='word_1_237' title='bbox 824 3169 856 3208; x_wconf 89' lang='lat' dir='ltr'><strong>a</strong></span> <span class='ocrx_word' id='word_1_238' title='bbox 879 3152 1154 3224; x_wconf 86' lang='lat' dir='ltr'><strong>prephetis</strong></span> <span class='ocrx_word' id='word_1_239' title='bbox 1183 3150 1391 3206; x_wconf 91' lang='lat' dir='ltr'><strong>discere</strong></span> <span class='ocrx_word' id='word_1_240' title='bbox 1417 3151 1699 3205; x_wconf 85' lang='lat' dir='ltr'><strong>noluerant</strong></span> <span class='ocrx_word' id='word_1_241' title='bbox 1727 3165 1740 3201; x_wconf 71' lang='grc' dir='ltr'><strong>ι</strong></span> <span class='ocrx_word' id='word_1_242' title='bbox 1771 3156 1827 3202; x_wconf 86' lang='grc' dir='ltr'><strong>ιιι</strong></span> <span class='ocrx_word' id='word_1_243' title='bbox 1847 3149 1890 3202; x_wconf 90' lang='lat' dir='ltr'><strong>si</strong></span> <span class='ocrx_word' id='word_1_244' title='bbox 1911 3149 2080 3217; x_wconf 88' lang='lat' dir='ltr'><strong>probe</strong></span> 
     </span>
    </p>
   </div>
   <div class='ocr_carea' id='block_1_33' title="bbox 485 3239 2076 3322">
    <p class='ocr_par' dir='ltr' id='par_1_33' title="bbox 485 3239 2076 3322">
     <span class='ocr_line' id='line_1_33' title="bbox 485 3239 2076 3322; baseline -0.008 -16"><span class='ocrx_word' id='word_1_245' title='bbox 485 3265 546 3306; x_wconf 83' lang='lat' dir='ltr'><strong>se</strong></span> <span class='ocrx_word' id='word_1_246' title='bbox 571 3255 820 3322; x_wconf 84' lang='lat' dir='ltr'><strong>gererent</strong></span> <span class='ocrx_word' id='word_1_247' title='bbox 838 3289 854 3314; x_wconf 93' lang='lat'><strong>,</strong></span> <span class='ocrx_word' id='word_1_248' title='bbox 887 3246 1172 3300; x_wconf 82' lang='lat' dir='ltr'><strong>maximam</strong></span> <span class='ocrx_word' id='word_1_249' title='bbox 1199 3243 1498 3312; x_wconf 90' lang='lat' dir='ltr'><strong>arriperent</strong></span> <span class='ocrx_word' id='word_1_250' title='bbox 1520 3241 1583 3295; x_wconf 90' lang='lat' dir='ltr'><strong>ad</strong></span> <span class='ocrx_word' id='word_1_251' title='bbox 1605 3239 2076 3309; x_wconf 88' lang='lat' dir='ltr'><strong>obtemperandum</strong></span> 
     </span>
    </p>
   </div>
   <div class='ocr_carea' id='block_1_34' title="bbox 483 3332 2074 3403">
    <p class='ocr_par' dir='ltr' id='par_1_34' title="bbox 483 3332 2074 3403">
     <span class='ocr_line' id='line_1_34' title="bbox 483 3332 2074 3403; baseline -0.008 -8"><span class='ocrx_word' id='word_1_252' title='bbox 483 3357 669 3396; x_wconf 87' lang='lat' dir='ltr'><strong>ansam</strong></span> <span class='ocrx_word' id='word_1_253' title='bbox 695 3357 710 3403; x_wconf 87' lang='lat'><strong>;</strong></span> <span class='ocrx_word' id='word_1_254' title='bbox 741 3339 821 3393; x_wconf 91' lang='lat' dir='ltr'><strong>sin</strong></span> <span class='ocrx_word' id='word_1_255' title='bbox 850 3351 978 3392; x_wconf 85' lang='lat' dir='ltr'><strong>vero</strong></span> <span class='ocrx_word' id='word_1_256' title='bbox 999 3334 1420 3396; x_wconf 82' lang='lat' dir='ltr'><strong>contenderent,</strong></span> <span class='ocrx_word' id='word_1_257' title='bbox 1446 3332 1588 3386; x_wconf 91' lang='lat' dir='ltr'><strong>omni</strong></span> <span class='ocrx_word' id='word_1_258' title='bbox 1612 3342 1830 3400; x_wconf 89' lang='lat' dir='ltr'><strong>prorsus</strong></span> <span class='ocrx_word' id='word_1_259' title='bbox 1852 3344 2074 3384; x_wconf 83' lang='lat' dir='ltr'><strong>excusa-</strong></span> 
     </span>
    </p>
   </div>
   <div class='ocr_carea' id='block_1_35' title="bbox 485 3423 2076 3497">
    <p class='ocr_par' dir='ltr' id='par_1_35' title="bbox 485 3423 2076 3497">
     <span class='ocr_line' id='line_1_35' title="bbox 485 3423 2076 3497; baseline -0.008 -10"><span class='ocrx_word' id='word_1_260' title='bbox 485 3435 631 3488; x_wconf 86' lang='lat' dir='ltr'><strong>tione</strong></span> <span class='ocrx_word' id='word_1_261' title='bbox 666 3431 820 3486; x_wconf 90' lang='lat' dir='ltr'><strong>vacui</strong></span> <span class='ocrx_word' id='word_1_262' title='bbox 863 3439 1066 3486; x_wconf 88' lang='lat' dir='ltr'><strong>essent.</strong></span> <span class='ocrx_word' id='word_1_263' title='bbox 1111 3427 1248 3497; x_wconf 88' lang='lat' dir='ltr'><strong>Quid</strong></span> <span class='ocrx_word' id='word_1_264' title='bbox 1275 3427 1419 3481; x_wconf 91' lang='lat' dir='ltr'><strong>enim</strong></span> <span class='ocrx_word' id='word_1_265' title='bbox 1449 3425 1628 3480; x_wconf 88' lang='lat' dir='ltr'><strong>dicere</strong></span> <span class='ocrx_word' id='word_1_266' title='bbox 1655 3425 1858 3494; x_wconf 79' lang='lat' dir='ltr'><strong>possint</strong></span> <span class='ocrx_word' id='word_1_267' title='bbox 1888 3423 1960 3489; x_wconf 93' lang='lat' dir='ltr'><strong>ii,</strong></span> <span class='ocrx_word' id='word_1_268' title='bbox 1988 3423 2076 3492; x_wconf 92' lang='lat' dir='ltr'><strong>qui</strong></span> 
     </span>
    </p>
   </div>
   <div class='ocr_carea' id='block_1_36' title="bbox 483 3517 2074 3589">
    <p class='ocr_par' dir='ltr' id='par_1_36' title="bbox 483 3517 2074 3589">
     <span class='ocr_line' id='line_1_36' title="bbox 483 3517 2074 3589; baseline -0.009 -10"><span class='ocrx_word' id='word_1_269' title='bbox 483 3525 750 3579; x_wconf 85' lang='lat' dir='ltr'><strong>Christum</strong></span> <span class='ocrx_word' id='word_1_270' title='bbox 767 3538 796 3576; x_wconf 90' lang='lat' dir='ltr'><strong>a</strong></span> <span class='ocrx_word' id='word_1_271' title='bbox 815 3531 889 3576; x_wconf 93' lang='lat' dir='ltr'><strong>tot</strong></span> <span class='ocrx_word' id='word_1_272' title='bbox 908 3519 1178 3589; x_wconf 88' lang='lat' dir='ltr'><strong>prophetis</strong></span> <span class='ocrx_word' id='word_1_273' title='bbox 1198 3517 1564 3572; x_wconf 86' lang='lat' dir='ltr'><strong>annuntiatum</strong></span> <span class='ocrx_word' id='word_1_274' title='bbox 1583 3532 1692 3570; x_wconf 85' lang='lat' dir='ltr'><strong>non</strong></span> <span class='ocrx_word' id='word_1_275' title='bbox 1707 3522 2074 3584; x_wconf 85' lang='lat' dir='ltr'><strong>susceperunt,</strong></span> 
     </span>
    </p>
   </div>
   <div class='ocr_carea' id='block_1_37' title="bbox 484 3608 2076 3681">
    <p class='ocr_par' dir='ltr' id='par_1_37' title="bbox 484 3608 2076 3681">
     <span class='ocr_line' id='line_1_37' title="bbox 484 3608 2076 3681; baseline -0.008 -10"><span class='ocrx_word' id='word_1_276' title='bbox 484 3631 607 3671; x_wconf 89' lang='lat' dir='ltr'><strong>cum</strong></span> <span class='ocrx_word' id='word_1_277' title='bbox 635 3614 862 3669; x_wconf 80' lang='lat' dir='ltr'><strong>viderint</strong></span> <span class='ocrx_word' id='word_1_278' title='bbox 896 3625 1079 3681; x_wconf 86' lang='lat' dir='ltr'><strong>magos</strong></span> <span class='ocrx_word' id='word_1_279' title='bbox 1099 3627 1162 3665; x_wconf 82' lang='lat' dir='ltr'><strong>ex</strong></span> <span class='ocrx_word' id='word_1_280' title='bbox 1190 3611 1345 3664; x_wconf 87' lang='lat' dir='ltr'><strong>unius</strong></span> <span class='ocrx_word' id='word_1_281' title='bbox 1371 3610 1541 3664; x_wconf 62' lang='lat' dir='ltr'><strong>stella:</strong></span> <span class='ocrx_word' id='word_1_282' title='bbox 1565 3610 1680 3663; x_wconf 86' lang='lat' dir='ltr'><strong>visu</strong></span> <span class='ocrx_word' id='word_1_283' title='bbox 1709 3611 1879 3676; x_wconf 86' lang='lat' dir='ltr'><strong>ipsum</strong></span> <span class='ocrx_word' id='word_1_284' title='bbox 1903 3608 2076 3662; x_wconf 88' lang='lat' dir='ltr'><strong>susci-</strong></span> 
     </span>
    </p>
   </div>
   <div class='ocr_carea' id='block_1_38' title="bbox 485 3698 2077 3775">
    <p class='ocr_par' dir='ltr' id='par_1_38' title="bbox 485 3698 2077 3775">
     <span class='ocr_line' id='line_1_38' title="bbox 485 3698 2077 3775; baseline -0.005 -15"><span class='ocrx_word' id='word_1_285' title='bbox 485 3706 693 3775; x_wconf 87' lang='lat' dir='ltr'><strong>pientes</strong></span> <span class='ocrx_word' id='word_1_286' title='bbox 720 3712 775 3757; x_wconf 91' lang='lat' dir='ltr'><strong>et</strong></span> <span class='ocrx_word' id='word_1_287' title='bbox 813 3700 1142 3757; x_wconf 89' lang='lat' dir='ltr'><strong>adorantes?</strong></span> <span class='ocrx_word' id='word_1_288' title='bbox 1169 3699 1323 3766; x_wconf 84' lang='lat' dir='ltr'><strong>Quod</strong></span> <span class='ocrx_word' id='word_1_289' title='bbox 1354 3699 1513 3770; x_wconf 81' lang='lat' dir='ltr'><strong>igitur</strong></span> <span class='ocrx_word' id='word_1_290' title='bbox 1539 3699 1680 3754; x_wconf 85' lang='lat' dir='ltr'><strong>circa</strong></span> <span class='ocrx_word' id='word_1_291' title='bbox 1711 3698 1969 3752; x_wconf 84' lang='lat' dir='ltr'><strong>Ninivitas</strong></span> <span class='ocrx_word' id='word_1_292' title='bbox 1997 3699 2077 3752; x_wconf 86' lang='lat' dir='ltr'><strong>Ie-</strong></span> 
     </span>
    </p>
   </div>
   <div class='ocr_carea' id='block_1_39' title="bbox 484 3789 2078 3860">
    <p class='ocr_par' dir='ltr' id='par_1_39' title="bbox 484 3789 2078 3860">
     <span class='ocr_line' id='line_1_39' title="bbox 484 3789 2078 3860; baseline -0.004 -10"><span class='ocrx_word' id='word_1_293' title='bbox 484 3805 633 3852; x_wconf 89' lang='lat' dir='ltr'><strong>cerat</strong></span> <span class='ocrx_word' id='word_1_294' title='bbox 669 3795 856 3850; x_wconf 75' lang='lat' dir='ltr'><strong>Ionam</strong></span> <span class='ocrx_word' id='word_1_295' title='bbox 879 3793 1106 3848; x_wconf 89' lang='lat' dir='ltr'><strong>mittens</strong></span> <span class='ocrx_word' id='word_1_296' title='bbox 1127 3831 1143 3858; x_wconf 88' lang='lat'><strong>,</strong></span> <span class='ocrx_word' id='word_1_297' title='bbox 1174 3799 1230 3847; x_wconf 90' lang='lat' dir='ltr'><strong>et</strong></span> <span class='ocrx_word' id='word_1_298' title='bbox 1254 3791 1394 3860; x_wconf 89' lang='lat' dir='ltr'><strong>quod</strong></span> <span class='ocrx_word' id='word_1_299' title='bbox 1423 3791 1563 3844; x_wconf 92' lang='lat' dir='ltr'><strong>circa</strong></span> <span class='ocrx_word' id='word_1_300' title='bbox 1603 3789 1991 3844; x_wconf 85' lang='lat' dir='ltr'><strong>Samaritanam</strong></span> <span class='ocrx_word' id='word_1_301' title='bbox 2022 3797 2078 3844; x_wconf 90' lang='lat' dir='ltr'><strong>et</strong></span> 
     </span>
    </p>
   </div>
   <div class='ocr_carea' id='block_1_40' title="bbox 482 3879 2076 3952">
    <p class='ocr_par' dir='ltr' id='par_1_40' title="bbox 482 3879 2076 3952">
     <span class='ocr_line' id='line_1_40' title="bbox 482 3879 2076 3952; baseline -0.003 -11"><span class='ocrx_word' id='word_1_302' title='bbox 482 3887 876 3949; x_wconf 75' lang='lat' dir='ltr'><strong>Chananteam,</strong></span> <span class='ocrx_word' id='word_1_303' title='bbox 908 3884 1136 3952; x_wconf 90' lang='lat' dir='ltr'><strong>idipsum</strong></span> <span class='ocrx_word' id='word_1_304' title='bbox 1168 3883 1328 3937; x_wconf 88' lang='lat' dir='ltr'><strong>etiam</strong></span> <span class='ocrx_word' id='word_1_305' title='bbox 1352 3897 1449 3949; x_wconf 91' lang='lat' dir='ltr'><strong>per</strong></span> <span class='ocrx_word' id='word_1_306' title='bbox 1473 3895 1657 3950; x_wconf 88' lang='lat' dir='ltr'><strong>magos</strong></span> <span class='ocrx_word' id='word_1_307' title='bbox 1679 3879 1825 3935; x_wconf 81' lang='lat' dir='ltr'><strong>fecit.</strong></span> <span class='ocrx_word' id='word_1_308' title='bbox 1851 3880 2076 3949; x_wconf 83' lang='lat' dir='ltr'><strong>Ideoque</strong></span> 
     </span>
    </p>
   </div>
   <div class='ocr_carea' id='block_1_41' title="bbox 481 3973 2074 4044">
    <p class='ocr_par' dir='ltr' id='par_1_41' title="bbox 481 3973 2074 4044">
     <span class='ocr_line' id='line_1_41' title="bbox 481 3973 2074 4044; baseline -0.006 -10"><span class='ocrx_word' id='word_1_309' title='bbox 481 3979 690 4035; x_wconf 85' lang='lat' dir='ltr'><strong>dicebat</strong></span> <span class='ocrx_word' id='word_1_310' title='bbox 757 3996 770 4032; x_wconf 76' lang='grc' dir='ltr'>ε</span> <span class='ocrx_word' id='word_1_311' title='bbox 823 3977 929 4031; x_wconf 84' lang='lat' dir='ltr'><strong>Viri</strong></span> <span class='ocrx_word' id='word_1_312' title='bbox 983 3973 1228 4030; x_wconf 77' lang='lat' dir='ltr'><strong>Ninivitte</strong></span> <span class='ocrx_word' id='word_1_313' title='bbox 1280 3983 1506 4044; x_wconf 88' lang='lat' dir='ltr'><strong>surgent,</strong></span> <span class='ocrx_word' id='word_1_314' title='bbox 1543 3984 1590 4027; x_wconf 90' lang='lat' dir='ltr'><strong>et</strong></span> <span class='ocrx_word' id='word_1_315' title='bbox 1638 3973 2074 4035; x_wconf 80' lang='lat' dir='ltr'><strong>condemnabam;</strong></span> 
     </span>
    </p>
   </div>
   <div class='ocr_carea' id='block_1_42' title="bbox 469 4066 2073 4141">
    <p class='ocr_par' dir='ltr' id='par_1_42' title="bbox 469 4066 2073 4141">
     <span class='ocr_line' id='line_1_42' title="bbox 469 4066 2073 4141; baseline -0.004 -15"><span class='ocrx_word' id='word_1_316' title='bbox 469 4082 568 4136; x_wconf 74' lang='lat' dir='ltr'><strong>~ct&#39;,</strong></span> <span class='ocrx_word' id='word_1_317' title='bbox 597 4071 790 4141; x_wconf 83' lang='lat' dir='ltr'><strong>Regina</strong></span> <span class='ocrx_word' id='word_1_318' title='bbox 815 4070 975 4123; x_wconf 80' lang='lat' dir='ltr'><strong>austri</strong></span> <span class='ocrx_word' id='word_1_319' title='bbox 1004 4078 1201 4137; x_wconf 81' lang='lat' dir='ltr'><strong>surget,</strong></span> <span class='ocrx_word' id='word_1_320' title='bbox 1246 4077 1290 4120; x_wconf 87' lang='lat' dir='ltr'><strong>et</strong></span> <span class='ocrx_word' id='word_1_321' title='bbox 1313 4066 1661 4121; x_wconf 79' lang='lat' dir='ltr'><strong>condemnabit</strong></span> <span class='ocrx_word' id='word_1_322' title='bbox 1707 4067 2073 4136; x_wconf 83' lang='lat' dir='ltr'><strong>generationem</strong></span> 
     </span>
    </p>
   </div>
   <div class='ocr_carea' id='block_1_43' title="bbox 481 4157 2072 4230">
    <p class='ocr_par' dir='ltr' id='par_1_43' title="bbox 481 4157 2072 4230">
     <span class='ocr_line' id='line_1_43' title="bbox 481 4157 2072 4230; baseline -0.002 -16"><span class='ocrx_word' id='word_1_323' title='bbox 481 4164 613 4215; x_wconf 81' lang='lat' dir='ltr'><strong>hanc</strong></span> <span class='ocrx_word' id='word_1_324' title='bbox 655 4161 676 4230; x_wconf 94' lang='lat'><strong>(</strong></span> <span class='ocrx_word' id='word_1_325' title='bbox 707 4160 893 4214; x_wconf 84' lang='lat' dir='ltr'><strong>Matth.</strong></span> <span class='ocrx_word' id='word_1_326' title='bbox 922 4160 1010 4214; x_wconf 72' lang='grc'><strong>12.</strong></span> <span class='ocrx_word' id='word_1_327' title='bbox 1041 4161 1128 4213; x_wconf 76' lang='grc' dir='ltr'><strong>Η.</strong></span> <span class='ocrx_word' id='word_1_328' title='bbox 1161 4158 1274 4227; x_wconf 72' lang='grc'><strong>42)</strong></span> <span class='ocrx_word' id='word_1_329' title='bbox 1305 4177 1319 4211; x_wconf 86' lang='lat'><strong>:</strong></span> <span class='ocrx_word' id='word_1_330' title='bbox 1345 4161 1598 4227; x_wconf 82' lang='lat' dir='ltr'><strong>quoniam</strong></span> <span class='ocrx_word' id='word_1_331' title='bbox 1648 4158 1724 4211; x_wconf 89' lang='lat' dir='ltr'><strong>illi</strong></span> <span class='ocrx_word' id='word_1_332' title='bbox 1780 4157 2072 4211; x_wconf 88' lang='lat' dir='ltr'><strong>minoribus</strong></span> 
     </span>
    </p>
   </div>
   <div class='ocr_carea' id='block_1_44' title="bbox 481 4249 2068 4317">
    <p class='ocr_par' dir='ltr' id='par_1_44' title="bbox 481 4249 2068 4317">
     <span class='ocr_line' id='line_1_44' title="bbox 481 4249 2068 4317; baseline -0.001 -13"><span class='ocrx_word' id='word_1_333' title='bbox 481 4251 859 4314; x_wconf 87' lang='lat' dir='ltr'><strong>crediderunt,</strong></span> <span class='ocrx_word' id='word_1_334' title='bbox 901 4249 955 4302; x_wconf 88' lang='lat' dir='ltr'><strong>bi</strong></span> <span class='ocrx_word' id='word_1_335' title='bbox 997 4264 1124 4303; x_wconf 85' lang='lat' dir='ltr'><strong>vero</strong></span> <span class='ocrx_word' id='word_1_336' title='bbox 1151 4265 1322 4316; x_wconf 83' lang='lat' dir='ltr'><strong>neque</strong></span> <span class='ocrx_word' id='word_1_337' title='bbox 1351 4250 1659 4317; x_wconf 85' lang='lat' dir='ltr'><strong>majoribus.</strong></span> <span class='ocrx_word' id='word_1_338' title='bbox 1691 4249 1760 4301; x_wconf 87' lang='lat' dir='ltr'><strong>At</strong></span> <span class='ocrx_word' id='word_1_339' title='bbox 1787 4263 1881 4302; x_wconf 88' lang='lat' dir='ltr'><strong>cur</strong></span> <span class='ocrx_word' id='word_1_340' title='bbox 1910 4249 2068 4316; x_wconf 85' lang='lat' dir='ltr'><strong>illos,</strong></span> 
     </span>
    </p>
   </div>
   <div class='ocr_carea' id='block_1_45' title="bbox 479 4337 2068 4408">
    <p class='ocr_par' dir='ltr' id='par_1_45' title="bbox 479 4337 2068 4408">
     <span class='ocr_line' id='line_1_45' title="bbox 479 4337 2068 4408; baseline -0.001 -14"><span class='ocrx_word' id='word_1_341' title='bbox 479 4344 708 4408; x_wconf 75' lang='lat' dir='ltr'><strong>inquies,</strong></span> <span class='ocrx_word' id='word_1_342' title='bbox 740 4354 832 4406; x_wconf 89' lang='lat' dir='ltr'><strong>per</strong></span> <span class='ocrx_word' id='word_1_343' title='bbox 859 4338 1018 4392; x_wconf 89' lang='lat' dir='ltr'><strong>talem</strong></span> <span class='ocrx_word' id='word_1_344' title='bbox 1044 4338 1215 4392; x_wconf 90' lang='lat' dir='ltr'><strong>visum</strong></span> <span class='ocrx_word' id='word_1_345' title='bbox 1241 4337 1496 4391; x_wconf 82' lang='lat' dir='ltr'><strong>adduxit?</strong></span> <span class='ocrx_word' id='word_1_346' title='bbox 1525 4339 1593 4392; x_wconf 85' lang='lat' dir='ltr'><strong>At</strong></span> <span class='ocrx_word' id='word_1_347' title='bbox 1616 4337 1885 4406; x_wconf 89' lang='lat' dir='ltr'><strong>quomodo</strong></span> <span class='ocrx_word' id='word_1_348' title='bbox 1908 4352 2068 4406; x_wconf 82' lang='lat' dir='ltr'><strong>apor-</strong></span> 
     </span>
    </p>
   </div>
   <div class='ocr_carea' id='block_1_46' title="bbox 479 4427 2066 4499">
    <p class='ocr_par' dir='ltr' id='par_1_46' title="bbox 479 4427 2066 4499">
     <span class='ocr_line' id='line_1_46' title="bbox 479 4427 2066 4499; baseline -0.001 -14"><span class='ocrx_word' id='word_1_349' title='bbox 479 4433 619 4485; x_wconf 71' lang='lat' dir='ltr'><strong>tuit&#39;.’</strong></span> <span class='ocrx_word' id='word_1_350' title='bbox 656 4445 724 4483; x_wconf 90' lang='lat' dir='ltr'><strong>an</strong></span> <span class='ocrx_word' id='word_1_351' title='bbox 760 4428 1048 4499; x_wconf 85' lang='lat' dir='ltr'><strong>prophetas</strong></span> <span class='ocrx_word' id='word_1_352' title='bbox 1083 4429 1338 4483; x_wconf 81' lang='lat' dir='ltr'><strong>mittere?</strong></span> <span class='ocrx_word' id='word_1_353' title='bbox 1366 4427 1470 4483; x_wconf 89' lang='lat' dir='ltr'><strong>Sed</strong></span> <span class='ocrx_word' id='word_1_354' title='bbox 1497 4428 1634 4496; x_wconf 83' lang='lat' dir='ltr'><strong>magi</strong></span> <span class='ocrx_word' id='word_1_355' title='bbox 1661 4428 1934 4497; x_wconf 88' lang='lat' dir='ltr'><strong>prophetis</strong></span> <span class='ocrx_word' id='word_1_356' title='bbox 1959 4444 2066 4484; x_wconf 81' lang='lat' dir='ltr'><strong>non</strong></span> 
     </span>
    </p>
   </div>
   <div class='ocr_carea' id='block_1_47' title="bbox 477 4517 2064 4588">
    <p class='ocr_par' dir='ltr' id='par_1_47' title="bbox 477 4517 2064 4588">
     <span class='ocr_line' id='line_1_47' title="bbox 477 4517 2064 4588; baseline -0.003 -10"><span class='ocrx_word' id='word_1_357' title='bbox 477 4521 848 4578; x_wconf 81' lang='lat' dir='ltr'><strong>credidissent.</strong></span> <span class='ocrx_word' id='word_1_358' title='bbox 877 4522 959 4575; x_wconf 87' lang='lat' dir='ltr'><strong>An</strong></span> <span class='ocrx_word' id='word_1_359' title='bbox 981 4533 1168 4575; x_wconf 89' lang='lat' dir='ltr'><strong>vocem</strong></span> <span class='ocrx_word' id='word_1_360' title='bbox 1187 4534 1416 4588; x_wconf 88' lang='lat' dir='ltr'><strong>superne</strong></span> <span class='ocrx_word' id='word_1_361' title='bbox 1440 4518 1714 4587; x_wconf 79' lang='lat' dir='ltr'><strong>proferre?</strong></span> <span class='ocrx_word' id='word_1_362' title='bbox 1745 4517 1935 4573; x_wconf 82' lang='lat' dir='ltr'><strong>Verum</strong></span> <span class='ocrx_word' id='word_1_363' title='bbox 1957 4533 2064 4573; x_wconf 87' lang='lat' dir='ltr'><strong>non</strong></span> 
     </span>
    </p>
   </div>
   <div class='ocr_carea' id='block_1_48' title="bbox 475 4610 2066 4684">
    <p class='ocr_par' dir='ltr' id='par_1_48' title="bbox 475 4610 2066 4684">
     <span class='ocr_line' id='line_1_48' title="bbox 475 4610 2066 4684; baseline 0 -16"><span class='ocrx_word' id='word_1_364' title='bbox 475 4614 846 4669; x_wconf 85' lang='lat' dir='ltr'><strong>attendissent.</strong></span> <span class='ocrx_word' id='word_1_365' title='bbox 877 4615 957 4668; x_wconf 91' lang='lat' dir='ltr'><strong>An</strong></span> <span class='ocrx_word' id='word_1_366' title='bbox 989 4612 1236 4684; x_wconf 76' lang='lat' dir='ltr'><strong>angelum</strong></span> <span class='ocrx_word' id='word_1_367' title='bbox 1268 4611 1523 4666; x_wconf 86' lang='lat' dir='ltr'><strong>mittere?</strong></span> <span class='ocrx_word' id='word_1_368' title='bbox 1557 4610 1662 4666; x_wconf 88' lang='lat' dir='ltr'><strong>Sed</strong></span> <span class='ocrx_word' id='word_1_369' title='bbox 1692 4611 1833 4666; x_wconf 89' lang='lat' dir='ltr'><strong>hunc</strong></span> <span class='ocrx_word' id='word_1_370' title='bbox 1856 4625 2066 4682; x_wconf 88' lang='lat' dir='ltr'><strong>quoque</strong></span> 
     </span>
    </p>
   </div>
   <div class='ocr_carea' id='block_1_49' title="bbox 474 4703 2068 4780">
    <p class='ocr_par' dir='ltr' id='par_1_49' title="bbox 474 4703 2068 4780">
     <span class='ocr_line' id='line_1_49' title="bbox 474 4703 2068 4780; baseline -0.003 -16"><span class='ocrx_word' id='word_1_371' title='bbox 474 4710 698 4764; x_wconf 82' lang='lat' dir='ltr'><strong>forsitan</strong></span> <span class='ocrx_word' id='word_1_372' title='bbox 728 4708 1132 4780; x_wconf 80' lang='lat' dir='ltr'><strong>prtcteriissent.</strong></span> <span class='ocrx_word' id='word_1_373' title='bbox 1159 4705 1492 4776; x_wconf 88' lang='lat' dir='ltr'><strong>Quapropter</strong></span> <span class='ocrx_word' id='word_1_374' title='bbox 1513 4703 1618 4760; x_wconf 90' lang='lat' dir='ltr'><strong>illis</strong></span> <span class='ocrx_word' id='word_1_375' title='bbox 1639 4704 1888 4758; x_wconf 90' lang='lat' dir='ltr'><strong>omnibus</strong></span> <span class='ocrx_word' id='word_1_376' title='bbox 1904 4704 2068 4759; x_wconf 84' lang='lat' dir='ltr'><strong>omis-</strong></span> 
     </span>
    </p>
   </div>
   <div class='ocr_carea' id='block_1_50' title="bbox 473 4797 2064 4867">
    <p class='ocr_par' dir='ltr' id='par_1_50' title="bbox 473 4797 2064 4867">
     <span class='ocr_line' id='line_1_50' title="bbox 473 4797 2064 4867; baseline -0.001 -14"><span class='ocrx_word' id='word_1_377' title='bbox 473 4802 549 4854; x_wconf 89' lang='lat' dir='ltr'><strong>sis</strong></span> <span class='ocrx_word' id='word_1_378' title='bbox 595 4802 770 4867; x_wconf 81' lang='lat' dir='ltr'><strong>Deus,</strong></span> <span class='ocrx_word' id='word_1_379' title='bbox 815 4815 1026 4855; x_wconf 91' lang='lat' dir='ltr'><strong>summa</strong></span> <span class='ocrx_word' id='word_1_380' title='bbox 1074 4808 1228 4853; x_wconf 90' lang='lat' dir='ltr'><strong>utens</strong></span> <span class='ocrx_word' id='word_1_381' title='bbox 1268 4797 1633 4867; x_wconf 81' lang='lat' dir='ltr'><strong>indulgentia,</strong></span> <span class='ocrx_word' id='word_1_382' title='bbox 1679 4810 1774 4866; x_wconf 90' lang='lat' dir='ltr'><strong>per</strong></span> <span class='ocrx_word' id='word_1_383' title='bbox 1811 4806 2064 4853; x_wconf 88' lang='lat' dir='ltr'><strong>consueta</strong></span> 
     </span>
    </p>
   </div>
   <div class='ocr_carea' id='block_1_51' title="bbox 473 4887 2066 4961">
    <p class='ocr_par' dir='ltr' id='par_1_51' title="bbox 473 4887 2066 4961">
     <span class='ocr_line' id='line_1_51' title="bbox 473 4887 2066 4961; baseline -0.002 -17"><span class='ocrx_word' id='word_1_384' title='bbox 473 4901 628 4945; x_wconf 87' lang='lat' dir='ltr'><strong>vocat</strong></span> <span class='ocrx_word' id='word_1_385' title='bbox 668 4891 784 4946; x_wconf 86' lang='lat' dir='ltr'><strong>illos</strong></span> <span class='ocrx_word' id='word_1_386' title='bbox 803 4932 819 4957; x_wconf 92' lang='lat'><strong>,</strong></span> <span class='ocrx_word' id='word_1_387' title='bbox 860 4889 1200 4961; x_wconf 89' lang='lat' dir='ltr'><strong>ostenditque</strong></span> <span class='ocrx_word' id='word_1_388' title='bbox 1228 4889 1436 4945; x_wconf 87' lang='lat' dir='ltr'><strong>stellam</strong></span> <span class='ocrx_word' id='word_1_389' title='bbox 1466 4901 1709 4957; x_wconf 87' lang='lat' dir='ltr'><strong>magnam</strong></span> <span class='ocrx_word' id='word_1_390' title='bbox 1740 4887 1808 4942; x_wconf 91' lang='lat' dir='ltr'><strong>ab</strong></span> <span class='ocrx_word' id='word_1_391' title='bbox 1835 4888 1954 4942; x_wconf 90' lang='lat' dir='ltr'><strong>aliis</strong></span> <span class='ocrx_word' id='word_1_392' title='bbox 1984 4889 2066 4941; x_wconf 88' lang='lat' dir='ltr'><strong>di-</strong></span> 
     </span>
    </p>
   </div>
   <div class='ocr_carea' id='block_1_52' title="bbox 467 4974 2068 5050">
    <p class='ocr_par' dir='ltr' id='par_1_52' title="bbox 467 4974 2068 5050">
     <span class='ocr_line' id='line_1_52' title="bbox 467 4974 2068 5050; baseline -0.003 -16"><span class='ocrx_word' id='word_1_393' title='bbox 467 4997 682 5037; x_wconf 79' lang='lat' dir='ltr'><strong>versam</strong></span> <span class='ocrx_word' id='word_1_394' title='bbox 701 5020 717 5046; x_wconf 88' lang='lat'><strong>,</strong></span> <span class='ocrx_word' id='word_1_395' title='bbox 761 4989 821 5034; x_wconf 90' lang='lat' dir='ltr'><strong>ut</strong></span> <span class='ocrx_word' id='word_1_396' title='bbox 861 4982 1005 5050; x_wconf 83' lang='lat' dir='ltr'><strong>ipsos</strong></span> <span class='ocrx_word' id='word_1_397' title='bbox 1032 4988 1087 5034; x_wconf 91' lang='lat' dir='ltr'><strong>et</strong></span> <span class='ocrx_word' id='word_1_398' title='bbox 1111 4995 1176 5034; x_wconf 81' lang='lat' dir='ltr'><strong>ex</strong></span> <span class='ocrx_word' id='word_1_399' title='bbox 1204 4976 1570 5049; x_wconf 86' lang='lat' dir='ltr'><strong>magnitudine</strong></span> <span class='ocrx_word' id='word_1_400' title='bbox 1591 4984 1648 5032; x_wconf 88' lang='lat' dir='ltr'><strong>et</strong></span> <span class='ocrx_word' id='word_1_401' title='bbox 1672 4991 1737 5032; x_wconf 84' lang='lat' dir='ltr'><strong>ex</strong></span> <span class='ocrx_word' id='word_1_402' title='bbox 1769 4974 2068 5046; x_wconf 79' lang='lat' dir='ltr'><strong>pulchritu-</strong></span> 
     </span>
    </p>
   </div>
   <div class='ocr_carea' id='block_1_53' title="bbox 469 5069 2066 5139">
    <p class='ocr_par' dir='ltr' id='par_1_53' title="bbox 469 5069 2066 5139">
     <span class='ocr_line' id='line_1_53' title="bbox 469 5069 2066 5139; baseline -0.001 -15"><span class='ocrx_word' id='word_1_403' title='bbox 469 5073 596 5125; x_wconf 90' lang='lat' dir='ltr'><strong>dine</strong></span> <span class='ocrx_word' id='word_1_404' title='bbox 640 5070 932 5139; x_wconf 89' lang='lat' dir='ltr'><strong>spectaculi</strong></span> <span class='ocrx_word' id='word_1_405' title='bbox 978 5071 1325 5137; x_wconf 86' lang='lat' dir='ltr'><strong>percelleret,</strong></span> <span class='ocrx_word' id='word_1_406' title='bbox 1353 5083 1564 5125; x_wconf 90' lang='lat' dir='ltr'><strong>necnon</strong></span> <span class='ocrx_word' id='word_1_407' title='bbox 1593 5069 1754 5122; x_wconf 89' lang='lat' dir='ltr'><strong>etiam</strong></span> <span class='ocrx_word' id='word_1_408' title='bbox 1783 5083 1848 5122; x_wconf 76' lang='lat' dir='ltr'><strong>ex</strong></span> <span class='ocrx_word' id='word_1_409' title='bbox 1879 5081 2066 5122; x_wconf 85' lang='lat' dir='ltr'><strong>cursus</strong></span> 
     </span>
    </p>
   </div>
   <div class='ocr_carea' id='block_1_54' title="bbox 469 5155 2066 5222">
    <p class='ocr_par' dir='ltr' id='par_1_54' title="bbox 469 5155 2066 5222">
     <span class='ocr_line' id='line_1_54' title="bbox 469 5155 2066 5222; baseline -0.003 -8"><span class='ocrx_word' id='word_1_410' title='bbox 469 5159 652 5216; x_wconf 85' lang='lat' dir='ltr'><strong>modo.</strong></span> <span class='ocrx_word' id='word_1_411' title='bbox 686 5158 810 5212; x_wconf 65' lang='lat' dir='ltr'><strong>llaec</strong></span> <span class='ocrx_word' id='word_1_412' title='bbox 847 5167 903 5212; x_wconf 91' lang='lat' dir='ltr'><strong>et</strong></span> <span class='ocrx_word' id='word_1_413' title='bbox 949 5157 1143 5211; x_wconf 88' lang='lat' dir='ltr'><strong>Paulus</strong></span> <span class='ocrx_word' id='word_1_414' title='bbox 1183 5158 1450 5222; x_wconf 91' lang='lat' dir='ltr'><strong>imitatus,</strong></span> <span class='ocrx_word' id='word_1_415' title='bbox 1491 5173 1559 5211; x_wconf 84' lang='lat' dir='ltr'><strong>ex</strong></span> <span class='ocrx_word' id='word_1_416' title='bbox 1596 5172 1688 5211; x_wconf 89' lang='lat' dir='ltr'><strong>ara</strong></span> <span class='ocrx_word' id='word_1_417' title='bbox 1716 5172 1836 5212; x_wconf 93' lang='lat' dir='ltr'><strong>cum</strong></span> <span class='ocrx_word' id='word_1_418' title='bbox 1863 5155 2066 5212; x_wconf 70' lang='lat' dir='ltr'><strong>Graecis</strong></span> 
     </span>
    </p>
   </div>
   <div class='ocr_carea' id='block_1_55' title="bbox 469 5249 2062 5318">
    <p class='ocr_par' dir='ltr' id='par_1_55' title="bbox 469 5249 2062 5318">
     <span class='ocr_line' id='line_1_55' title="bbox 469 5249 2062 5318; baseline -0.003 -10"><span class='ocrx_word' id='word_1_419' title='bbox 469 5252 769 5308; x_wconf 91' lang='lat' dir='ltr'><strong>disserendi</strong></span> <span class='ocrx_word' id='word_1_420' title='bbox 809 5249 1146 5306; x_wconf 89' lang='lat' dir='ltr'><strong>occasionem</strong></span> <span class='ocrx_word' id='word_1_421' title='bbox 1172 5250 1365 5318; x_wconf 87' lang='lat' dir='ltr'><strong>accipit</strong></span> <span class='ocrx_word' id='word_1_422' title='bbox 1388 5291 1402 5314; x_wconf 95' lang='lat'><strong>,</strong></span> <span class='ocrx_word' id='word_1_423' title='bbox 1434 5258 1489 5304; x_wconf 91' lang='lat' dir='ltr'><strong>et</strong></span> <span class='ocrx_word' id='word_1_424' title='bbox 1516 5257 1790 5318; x_wconf 91' lang='lat' dir='ltr'><strong>poetarum</strong></span> <span class='ocrx_word' id='word_1_425' title='bbox 1821 5249 2062 5303; x_wconf 89' lang='lat' dir='ltr'><strong>testimo-</strong></span> 
     </span>
    </p>
   </div>
   <div class='ocr_carea' id='block_1_56' title="bbox 472 5338 2062 5399">
    <p class='ocr_par' dir='ltr' id='par_1_56' title="bbox 472 5338 2062 5399">
     <span class='ocr_line' id='line_1_56' title="bbox 472 5338 2062 5399; baseline -0.003 -1"><span class='ocrx_word' id='word_1_426' title='bbox 472 5346 558 5398; x_wconf 87' lang='lat' dir='ltr'><strong>nia</strong></span> <span class='ocrx_word' id='word_1_427' title='bbox 588 5346 639 5399; x_wconf 90' lang='lat' dir='ltr'><strong>in</strong></span> <span class='ocrx_word' id='word_1_428' title='bbox 668 5343 902 5398; x_wconf 91' lang='lat' dir='ltr'><strong>medium</strong></span> <span class='ocrx_word' id='word_1_429' title='bbox 928 5338 1147 5395; x_wconf 86' lang='lat' dir='ltr'><strong>adducit</strong></span> <span class='ocrx_word' id='word_1_430' title='bbox 1175 5359 1189 5397; x_wconf 88' lang='lat'><strong>:</strong></span> <span class='ocrx_word' id='word_1_431' title='bbox 1215 5339 1428 5396; x_wconf 70' lang='lat' dir='ltr'><strong>Judazos</strong></span> <span class='ocrx_word' id='word_1_432' title='bbox 1452 5355 1584 5396; x_wconf 87' lang='lat' dir='ltr'><strong>vero</strong></span> <span class='ocrx_word' id='word_1_433' title='bbox 1603 5339 2062 5396; x_wconf 88' lang='lat' dir='ltr'><strong>circumcisionem</strong></span> 
     </span>
    </p>
   </div>
   <div class='ocr_carea' id='block_1_57' title="bbox 475 5431 2060 5504">
    <p class='ocr_par' dir='ltr' id='par_1_57' title="bbox 475 5431 2060 5504">
     <span class='ocr_line' id='line_1_57' title="bbox 475 5431 2060 5504; baseline 0 -16"><span class='ocrx_word' id='word_1_434' title='bbox 475 5451 780 5491; x_wconf 88' lang='lat' dir='ltr'><strong>memorans</strong></span> <span class='ocrx_word' id='word_1_435' title='bbox 824 5433 1148 5504; x_wconf 85' lang='lat' dir='ltr'><strong>alloquitur,</strong></span> <span class='ocrx_word' id='word_1_436' title='bbox 1187 5441 1242 5488; x_wconf 90' lang='lat' dir='ltr'><strong>et</strong></span> <span class='ocrx_word' id='word_1_437' title='bbox 1278 5445 1371 5488; x_wconf 87' lang='lat' dir='ltr'><strong>eos</strong></span> <span class='ocrx_word' id='word_1_438' title='bbox 1397 5431 1486 5500; x_wconf 91' lang='lat' dir='ltr'><strong>qui</strong></span> <span class='ocrx_word' id='word_1_439' title='bbox 1514 5433 1614 5488; x_wconf 90' lang='lat' dir='ltr'><strong>sub</strong></span> <span class='ocrx_word' id='word_1_440' title='bbox 1641 5432 1759 5502; x_wconf 87' lang='lat' dir='ltr'><strong>lege</strong></span> <span class='ocrx_word' id='word_1_441' title='bbox 1781 5432 2060 5497; x_wconf 80' lang='lat' dir='ltr'><strong>viverent,</strong></span> 
     </span>
    </p>
   </div>
   <div class='ocr_carea' id='block_1_58' title="bbox 531 5641 1105 5708">
    <p class='ocr_par' dir='ltr' id='par_1_58' title="bbox 531 5641 1105 5708">
     <span class='ocr_line' id='line_1_58' title="bbox 531 5641 1105 5708; baseline 0.002 -17"><span class='ocrx_word' id='word_1_442' title='bbox 531 5642 550 5672; x_wconf 72' lang='grc'>⁸</span> <span class='ocrx_word' id='word_1_443' title='bbox 584 5641 764 5705; x_wconf 76' lang='lat' dir='ltr'><strong>Aliqui,</strong></span> <span class='ocrx_word' id='word_1_444' title='bbox 788 5656 873 5706; x_wconf 86' lang='lat' dir='ltr'><strong>per</strong></span> <span class='ocrx_word' id='word_1_445' title='bbox 896 5643 1105 5708; x_wconf 81' lang='lat' dir='ltr'><strong>angelos.</strong></span> 
     </span>
    </p>
   </div>
   <div class='ocr_carea' id='block_1_59' title="bbox 2184 447 3778 518">
    <p class='ocr_par' dir='ltr' id='par_1_59' title="bbox 2184 447 3778 518">
     <span class='ocr_line' id='line_1_59' title="bbox 2184 447 3778 518; baseline 0.001 -14"><span class='ocrx_word' id='word_1_446' title='bbox 2184 465 2215 504; x_wconf 90' lang='lat' dir='ltr'><strong>a</strong></span> <span class='ocrx_word' id='word_1_447' title='bbox 2265 449 2545 508; x_wconf 80' lang='lat' dir='ltr'><strong>sacriﬁciis</strong></span> <span class='ocrx_word' id='word_1_448' title='bbox 2577 466 2732 508; x_wconf 88' lang='lat' dir='ltr'><strong>orsus</strong></span> <span class='ocrx_word' id='word_1_449' title='bbox 2754 491 2771 518; x_wconf 87' lang='lat'><strong>,</strong></span> <span class='ocrx_word' id='word_1_450' title='bbox 2805 451 3048 507; x_wconf 88' lang='lat' dir='ltr'><strong>doctrina</strong></span> <span class='ocrx_word' id='word_1_451' title='bbox 3085 447 3293 505; x_wconf 90' lang='lat' dir='ltr'><strong>imbuit.</strong></span> <span class='ocrx_word' id='word_1_452' title='bbox 3322 448 3457 517; x_wconf 89' lang='lat' dir='ltr'><strong>Quia</strong></span> <span class='ocrx_word' id='word_1_453' title='bbox 3481 449 3624 505; x_wconf 88' lang='lat' dir='ltr'><strong>enim</strong></span> <span class='ocrx_word' id='word_1_454' title='bbox 3651 465 3778 506; x_wconf 88' lang='lat' dir='ltr'><strong>con-</strong></span> 
     </span>
    </p>
   </div>
   <div class='ocr_carea' id='block_1_60' title="bbox 2184 541 3778 613">
    <p class='ocr_par' dir='ltr' id='par_1_60' title="bbox 2184 541 3778 613">
     <span class='ocr_line' id='line_1_60' title="bbox 2184 541 3778 613; baseline 0.001 -17"><span class='ocrx_word' id='word_1_455' title='bbox 2184 549 2396 598; x_wconf 84' lang='lat' dir='ltr'><strong>suetum</strong></span> <span class='ocrx_word' id='word_1_456' title='bbox 2440 542 2540 598; x_wconf 89' lang='lat' dir='ltr'><strong>sibi</strong></span> <span class='ocrx_word' id='word_1_457' title='bbox 2586 544 2811 613; x_wconf 88' lang='lat' dir='ltr'><strong>quisque</strong></span> <span class='ocrx_word' id='word_1_458' title='bbox 2857 557 3062 597; x_wconf 83' lang='lat' dir='ltr'><strong>merent</strong></span> <span class='ocrx_word' id='word_1_459' title='bbox 3115 541 3344 598; x_wconf 90' lang='lat' dir='ltr'><strong>libenter</strong></span> <span class='ocrx_word' id='word_1_460' title='bbox 3390 543 3675 612; x_wconf 88' lang='lat' dir='ltr'><strong>sequitur,</strong></span> <span class='ocrx_word' id='word_1_461' title='bbox 3725 553 3778 598; x_wconf 89' lang='lat' dir='ltr'><strong>et</strong></span> 
     </span>
    </p>
   </div>
   <div class='ocr_carea' id='block_1_61' title="bbox 2187 632 3780 698">
    <p class='ocr_par' dir='ltr' id='par_1_61' title="bbox 2187 632 3780 698">
     <span class='ocr_line' id='line_1_61' title="bbox 2187 632 3780 698; baseline 0.002 -11"><span class='ocrx_word' id='word_1_462' title='bbox 2187 632 2328 690; x_wconf 90' lang='lat' dir='ltr'><strong>Deus</strong></span> <span class='ocrx_word' id='word_1_463' title='bbox 2364 641 2420 688; x_wconf 87' lang='lat' dir='ltr'><strong>et</strong></span> <span class='ocrx_word' id='word_1_464' title='bbox 2455 634 2552 688; x_wconf 90' lang='lat' dir='ltr'><strong>viri</strong></span> <span class='ocrx_word' id='word_1_465' title='bbox 2596 649 2626 688; x_wconf 92' lang='lat' dir='ltr'><strong>a</strong></span> <span class='ocrx_word' id='word_1_466' title='bbox 2669 634 2782 688; x_wconf 90' lang='lat' dir='ltr'><strong>Deo</strong></span> <span class='ocrx_word' id='word_1_467' title='bbox 2819 634 2886 688; x_wconf 88' lang='lat' dir='ltr'><strong>ad</strong></span> <span class='ocrx_word' id='word_1_468' title='bbox 2931 633 3082 689; x_wconf 84' lang='lat' dir='ltr'><strong>orbis</strong></span> <span class='ocrx_word' id='word_1_469' title='bbox 3121 634 3345 689; x_wconf 87' lang='lat' dir='ltr'><strong>salutem</strong></span> <span class='ocrx_word' id='word_1_470' title='bbox 3378 635 3562 698; x_wconf 86' lang='lat' dir='ltr'><strong>missi,</strong></span> <span class='ocrx_word' id='word_1_471' title='bbox 3591 635 3661 688; x_wconf 83' lang='lat' dir='ltr'><strong>ita</strong></span> <span class='ocrx_word' id='word_1_472' title='bbox 3693 651 3780 690; x_wconf 80' lang='lat' dir='ltr'><strong>res</strong></span> 
     </span>
    </p>
   </div>
   <div class='ocr_carea' id='block_1_62' title="bbox 2185 722 3780 795">
    <p class='ocr_par' dir='ltr' id='par_1_62' title="bbox 2185 722 3780 795">
     <span class='ocr_line' id='line_1_62' title="bbox 2185 722 3780 795; baseline 0.003 -19"><span class='ocrx_word' id='word_1_473' title='bbox 2185 730 2432 777; x_wconf 89' lang='lat' dir='ltr'><strong>tractant.</strong></span> <span class='ocrx_word' id='word_1_474' title='bbox 2477 722 2556 778; x_wconf 84' lang='lat' dir='ltr'><strong>Ne</strong></span> <span class='ocrx_word' id='word_1_475' title='bbox 2601 723 2782 793; x_wconf 88' lang='lat' dir='ltr'><strong>itaque</strong></span> <span class='ocrx_word' id='word_1_476' title='bbox 2820 723 3093 794; x_wconf 90' lang='lat' dir='ltr'><strong>indignum</strong></span> <span class='ocrx_word' id='word_1_477' title='bbox 3133 722 3246 778; x_wconf 92' lang='lat' dir='ltr'><strong>Deo</strong></span> <span class='ocrx_word' id='word_1_478' title='bbox 3283 732 3472 793; x_wconf 89' lang='lat' dir='ltr'><strong>putes,</strong></span> <span class='ocrx_word' id='word_1_479' title='bbox 3509 724 3656 793; x_wconf 86' lang='lat' dir='ltr'><strong>quod</strong></span> <span class='ocrx_word' id='word_1_480' title='bbox 3685 740 3780 795; x_wconf 86' lang='lat' dir='ltr'><strong>per</strong></span> 
     </span>
    </p>
   </div>
   <div class='ocr_carea' id='block_1_63' title="bbox 2184 812 3780 884">
    <p class='ocr_par' dir='ltr' id='par_1_63' title="bbox 2184 812 3780 884">
     <span class='ocr_line' id='line_1_63' title="bbox 2184 812 3780 884; baseline 0.001 -16"><span class='ocrx_word' id='word_1_481' title='bbox 2184 813 2390 868; x_wconf 89' lang='lat' dir='ltr'><strong>stellam</strong></span> <span class='ocrx_word' id='word_1_482' title='bbox 2435 812 2578 881; x_wconf 86' lang='lat' dir='ltr'><strong>ipsos</strong></span> <span class='ocrx_word' id='word_1_483' title='bbox 2623 813 2895 868; x_wconf 86' lang='lat' dir='ltr'><strong>vocaverit</strong></span> <span class='ocrx_word' id='word_1_484' title='bbox 2945 829 2957 866; x_wconf 90' lang='lat'><strong>:</strong></span> <span class='ocrx_word' id='word_1_485' title='bbox 3011 812 3092 868; x_wconf 87' lang='lat' dir='ltr'><strong>sic</strong></span> <span class='ocrx_word' id='word_1_486' title='bbox 3137 813 3281 867; x_wconf 89' lang='lat' dir='ltr'><strong>enim</strong></span> <span class='ocrx_word' id='word_1_487' title='bbox 3321 812 3540 869; x_wconf 69' lang='lat' dir='ltr'><strong>Iudaica</strong></span> <span class='ocrx_word' id='word_1_488' title='bbox 3563 829 3780 884; x_wconf 88' lang='lat' dir='ltr'><strong>quoque</strong></span> 
     </span>
    </p>
   </div>
   <div class='ocr_carea' id='block_1_64' title="bbox 2183 903 3774 974">
    <p class='ocr_par' dir='ltr' id='par_1_64' title="bbox 2183 903 3774 974">
     <span class='ocr_line' id='line_1_64' title="bbox 2183 903 3774 974; baseline 0.002 -16"><span class='ocrx_word' id='word_1_489' title='bbox 2183 904 2363 959; x_wconf 83' lang='lat' dir='ltr'><strong>omnia</strong></span> <span class='ocrx_word' id='word_1_490' title='bbox 2409 903 2735 974; x_wconf 87' lang='lat' dir='ltr'><strong>improbabis</strong></span> <span class='ocrx_word' id='word_1_491' title='bbox 2753 944 2769 972; x_wconf 92' lang='lat'><strong>,</strong></span> <span class='ocrx_word' id='word_1_492' title='bbox 2795 903 3054 959; x_wconf 83' lang='lat' dir='ltr'><strong>sacriﬁcia</strong></span> <span class='ocrx_word' id='word_1_493' title='bbox 3079 917 3271 973; x_wconf 83' lang='lat' dir='ltr'><strong>nempe</strong></span> <span class='ocrx_word' id='word_1_494' title='bbox 3290 945 3308 971; x_wconf 98' lang='lat'><strong>,</strong></span> <span class='ocrx_word' id='word_1_495' title='bbox 3338 904 3739 973; x_wconf 83' lang='lat' dir='ltr'><strong>puriﬁcationes</strong></span> <span class='ocrx_word' id='word_1_496' title='bbox 3758 948 3774 974; x_wconf 88' lang='lat'><strong>,</strong></span> 
     </span>
    </p>
   </div>
   <div class='ocr_carea' id='block_1_65' title="bbox 2185 993 3774 1064">
    <p class='ocr_par' dir='ltr' id='par_1_65' title="bbox 2185 993 3774 1064">
     <span class='ocr_line' id='line_1_65' title="bbox 2185 993 3774 1064; baseline -0.001 -15"><span class='ocrx_word' id='word_1_497' title='bbox 2185 995 2494 1050; x_wconf 90' lang='lat' dir='ltr'><strong>neomenias</strong></span> <span class='ocrx_word' id='word_1_498' title='bbox 2515 1034 2534 1062; x_wconf 91' lang='lat'><strong>,</strong></span> <span class='ocrx_word' id='word_1_499' title='bbox 2561 1008 2741 1049; x_wconf 89' lang='lat' dir='ltr'><strong>aream</strong></span> <span class='ocrx_word' id='word_1_500' title='bbox 2761 1035 2776 1060; x_wconf 93' lang='lat'><strong>,</strong></span> <span class='ocrx_word' id='word_1_501' title='bbox 2802 994 3082 1064; x_wconf 87' lang='lat' dir='ltr'><strong>ipsumque</strong></span> <span class='ocrx_word' id='word_1_502' title='bbox 3111 994 3387 1063; x_wconf 88' lang='lat' dir='ltr'><strong>templum.</strong></span> <span class='ocrx_word' id='word_1_503' title='bbox 3416 993 3543 1050; x_wconf 73' lang='lat' dir='ltr'><strong>Haec</strong></span> <span class='ocrx_word' id='word_1_504' title='bbox 3571 996 3774 1064; x_wconf 88' lang='lat' dir='ltr'><strong>quippe</strong></span> 
     </span>
    </p>
   </div>
   <div class='ocr_carea' id='block_1_66' title="bbox 2183 1084 3777 1154">
    <p class='ocr_par' dir='ltr' id='par_1_66' title="bbox 2183 1084 3777 1154">
     <span class='ocr_line' id='line_1_66' title="bbox 2183 1084 3777 1154; baseline 0.001 -16"><span class='ocrx_word' id='word_1_505' title='bbox 2183 1084 2362 1139; x_wconf 89' lang='lat' dir='ltr'><strong>omnia</strong></span> <span class='ocrx_word' id='word_1_506' title='bbox 2403 1099 2474 1138; x_wconf 81' lang='lat' dir='ltr'><strong>ex</strong></span> <span class='ocrx_word' id='word_1_507' title='bbox 2507 1085 2742 1154; x_wconf 89' lang='lat' dir='ltr'><strong>gentium</strong></span> <span class='ocrx_word' id='word_1_508' title='bbox 2769 1084 3121 1140; x_wconf 89' lang='lat' dir='ltr'><strong>crassitudine</strong></span> <span class='ocrx_word' id='word_1_509' title='bbox 3149 1091 3328 1138; x_wconf 89' lang='lat' dir='ltr'><strong>ortum</strong></span> <span class='ocrx_word' id='word_1_510' title='bbox 3356 1084 3644 1139; x_wconf 81' lang='lat' dir='ltr'><strong>duxerunt.</strong></span> <span class='ocrx_word' id='word_1_511' title='bbox 3677 1089 3777 1140; x_wconf 85' lang='lat' dir='ltr'><strong>At-</strong></span> 
     </span>
    </p>
   </div>
   <div class='ocr_carea' id='block_1_67' title="bbox 2185 1173 3778 1244">
    <p class='ocr_par' dir='ltr' id='par_1_67' title="bbox 2185 1173 3778 1244">
     <span class='ocr_line' id='line_1_67' title="bbox 2185 1173 3778 1244; baseline 0 -15"><span class='ocrx_word' id='word_1_512' title='bbox 2185 1183 2362 1229; x_wconf 87' lang='lat' dir='ltr'><strong>tamen</strong></span> <span class='ocrx_word' id='word_1_513' title='bbox 2407 1175 2549 1230; x_wconf 89' lang='lat' dir='ltr'><strong>Deus</strong></span> <span class='ocrx_word' id='word_1_514' title='bbox 2587 1174 2654 1229; x_wconf 88' lang='lat' dir='ltr'><strong>ad</strong></span> <span class='ocrx_word' id='word_1_515' title='bbox 2692 1174 2985 1228; x_wconf 89' lang='lat' dir='ltr'><strong>errantium</strong></span> <span class='ocrx_word' id='word_1_516' title='bbox 3025 1173 3250 1228; x_wconf 90' lang='lat' dir='ltr'><strong>salutem</strong></span> <span class='ocrx_word' id='word_1_517' title='bbox 3276 1174 3360 1229; x_wconf 90' lang='lat' dir='ltr'><strong>his</strong></span> <span class='ocrx_word' id='word_1_518' title='bbox 3387 1188 3447 1228; x_wconf 92' lang='lat' dir='ltr'><strong>se</strong></span> <span class='ocrx_word' id='word_1_519' title='bbox 3477 1189 3669 1244; x_wconf 90' lang='lat' dir='ltr'><strong>passus</strong></span> <span class='ocrx_word' id='word_1_520' title='bbox 3694 1185 3778 1230; x_wconf 91' lang='lat' dir='ltr'><strong>est</strong></span> 
     </span>
    </p>
   </div>
   <div class='ocr_carea' id='block_1_68' title="bbox 2183 1263 3773 1333">
    <p class='ocr_par' dir='ltr' id='par_1_68' title="bbox 2183 1263 3773 1333">
     <span class='ocr_line' id='line_1_68' title="bbox 2183 1263 3773 1333; baseline -0.001 -14"><span class='ocrx_word' id='word_1_521' title='bbox 2183 1264 2286 1319; x_wconf 90' lang='lat' dir='ltr'><strong>coli</strong></span> <span class='ocrx_word' id='word_1_522' title='bbox 2306 1303 2321 1329; x_wconf 94' lang='lat'><strong>,</strong></span> <span class='ocrx_word' id='word_1_523' title='bbox 2368 1264 2562 1333; x_wconf 89' lang='lat' dir='ltr'><strong>quibus</strong></span> <span class='ocrx_word' id='word_1_524' title='bbox 2607 1263 2879 1318; x_wconf 68' lang='lat' dir='ltr'><strong>daamonas</strong></span> <span class='ocrx_word' id='word_1_525' title='bbox 2904 1263 3132 1332; x_wconf 89' lang='lat' dir='ltr'><strong>gentiles</strong></span> <span class='ocrx_word' id='word_1_526' title='bbox 3162 1263 3235 1316; x_wconf 92' lang='lat' dir='ltr'><strong>illi</strong></span> <span class='ocrx_word' id='word_1_527' title='bbox 3262 1263 3541 1328; x_wconf 90' lang='lat' dir='ltr'><strong>colebant,</strong></span> <span class='ocrx_word' id='word_1_528' title='bbox 3571 1263 3664 1318; x_wconf 92' lang='lat' dir='ltr'><strong>illo</strong></span> <span class='ocrx_word' id='word_1_529' title='bbox 3692 1273 3773 1318; x_wconf 85' lang='lat' dir='ltr'><strong>ta-</strong></span> 
     </span>
    </p>
   </div>
   <div class='ocr_carea' id='block_1_69' title="bbox 2181 1353 3771 1424">
    <p class='ocr_par' dir='ltr' id='par_1_69' title="bbox 2181 1353 3771 1424">
     <span class='ocr_line' id='line_1_69' title="bbox 2181 1353 3771 1424; baseline -0.001 -14"><span class='ocrx_word' id='word_1_530' title='bbox 2181 1369 2304 1410; x_wconf 89' lang='lat' dir='ltr'><strong>men</strong></span> <span class='ocrx_word' id='word_1_531' title='bbox 2344 1355 2488 1409; x_wconf 90' lang='lat' dir='ltr'><strong>cultu</strong></span> <span class='ocrx_word' id='word_1_532' title='bbox 2520 1355 2777 1424; x_wconf 89' lang='lat' dir='ltr'><strong>tantisper</strong></span> <span class='ocrx_word' id='word_1_533' title='bbox 2803 1363 3038 1418; x_wconf 88' lang='lat' dir='ltr'><strong>mutato,</strong></span> <span class='ocrx_word' id='word_1_534' title='bbox 3071 1363 3126 1406; x_wconf 92' lang='lat' dir='ltr'><strong>ut</strong></span> <span class='ocrx_word' id='word_1_535' title='bbox 3154 1353 3274 1408; x_wconf 90' lang='lat' dir='ltr'><strong>illos</strong></span> <span class='ocrx_word' id='word_1_536' title='bbox 3305 1353 3556 1423; x_wconf 89' lang='lat' dir='ltr'><strong>paulatim</strong></span> <span class='ocrx_word' id='word_1_537' title='bbox 3581 1369 3609 1408; x_wconf 91' lang='lat' dir='ltr'><strong>a</strong></span> <span class='ocrx_word' id='word_1_538' title='bbox 3639 1368 3771 1408; x_wconf 91' lang='lat' dir='ltr'><strong>con-</strong></span> 
     </span>
    </p>
   </div>
   <div class='ocr_carea' id='block_1_70' title="bbox 2182 1443 3772 1513">
    <p class='ocr_par' dir='ltr' id='par_1_70' title="bbox 2182 1443 3772 1513">
     <span class='ocr_line' id='line_1_70' title="bbox 2182 1443 3772 1513; baseline -0.001 -13"><span class='ocrx_word' id='word_1_539' title='bbox 2182 1445 2462 1500; x_wconf 85' lang='lat' dir='ltr'><strong>suetudine</strong></span> <span class='ocrx_word' id='word_1_540' title='bbox 2487 1444 2744 1500; x_wconf 87' lang='lat' dir='ltr'><strong>ahductos</strong></span> <span class='ocrx_word' id='word_1_541' title='bbox 2765 1485 2780 1509; x_wconf 93' lang='lat'><strong>,</strong></span> <span class='ocrx_word' id='word_1_542' title='bbox 2811 1443 2878 1498; x_wconf 91' lang='lat' dir='ltr'><strong>ad</strong></span> <span class='ocrx_word' id='word_1_543' title='bbox 2907 1444 3189 1499; x_wconf 79' lang='lat' dir='ltr'><strong>sublimem</strong></span> <span class='ocrx_word' id='word_1_544' title='bbox 3213 1444 3354 1498; x_wconf 86' lang='lat' dir='ltr'><strong>illam</strong></span> <span class='ocrx_word' id='word_1_545' title='bbox 3379 1444 3772 1513; x_wconf 83' lang='lat' dir='ltr'><strong>philosophiam</strong></span> 
     </span>
    </p>
   </div>
   <div class='ocr_carea' id='block_1_71' title="bbox 2182 1533 3774 1606">
    <p class='ocr_par' dir='ltr' id='par_1_71' title="bbox 2182 1533 3774 1606">
     <span class='ocr_line' id='line_1_71' title="bbox 2182 1533 3774 1606; baseline -0.003 -14"><span class='ocrx_word' id='word_1_546' title='bbox 2182 1537 2493 1593; x_wconf 88' lang='lat' dir='ltr'><strong>deduceret.</strong></span> <span class='ocrx_word' id='word_1_547' title='bbox 2527 1536 2583 1591; x_wconf 91' lang='lat' dir='ltr'><strong>Id</strong></span> <span class='ocrx_word' id='word_1_548' title='bbox 2605 1535 2745 1606; x_wconf 92' lang='lat' dir='ltr'><strong>quod</strong></span> <span class='ocrx_word' id='word_1_549' title='bbox 2771 1535 2931 1589; x_wconf 88' lang='lat' dir='ltr'><strong>etiam</strong></span> <span class='ocrx_word' id='word_1_550' title='bbox 2954 1535 3096 1589; x_wconf 89' lang='lat' dir='ltr'><strong>circa</strong></span> <span class='ocrx_word' id='word_1_551' title='bbox 3117 1548 3302 1603; x_wconf 87' lang='lat' dir='ltr'><strong>magos</strong></span> <span class='ocrx_word' id='word_1_552' title='bbox 3323 1533 3500 1593; x_wconf 68' lang='lat' dir='ltr'><strong>eﬂeeit</strong></span> <span class='ocrx_word' id='word_1_553' title='bbox 3517 1576 3533 1600; x_wconf 92' lang='lat'><strong>,</strong></span> <span class='ocrx_word' id='word_1_554' title='bbox 3560 1551 3683 1590; x_wconf 91' lang='lat' dir='ltr'><strong>cum</strong></span> <span class='ocrx_word' id='word_1_555' title='bbox 3711 1537 3774 1590; x_wconf 85' lang='lat' dir='ltr'><strong>il-</strong></span> 
     </span>
    </p>
   </div>
   <div class='ocr_carea' id='block_1_72' title="bbox 2182 1624 3772 1696">
    <p class='ocr_par' dir='ltr' id='par_1_72' title="bbox 2182 1624 3772 1696">
     <span class='ocr_line' id='line_1_72' title="bbox 2182 1624 3772 1696; baseline -0.001 -14"><span class='ocrx_word' id='word_1_556' title='bbox 2182 1627 2263 1682; x_wconf 90' lang='lat' dir='ltr'><strong>los</strong></span> <span class='ocrx_word' id='word_1_557' title='bbox 2302 1642 2398 1696; x_wconf 90' lang='lat' dir='ltr'><strong>per</strong></span> <span class='ocrx_word' id='word_1_558' title='bbox 2439 1627 2610 1682; x_wconf 71' lang='lat' dir='ltr'><strong>stella:</strong></span> <span class='ocrx_word' id='word_1_559' title='bbox 2650 1625 2820 1679; x_wconf 90' lang='lat' dir='ltr'><strong>visum</strong></span> <span class='ocrx_word' id='word_1_560' title='bbox 2846 1626 3090 1689; x_wconf 87' lang='lat' dir='ltr'><strong>vocavit,</strong></span> <span class='ocrx_word' id='word_1_561' title='bbox 3121 1632 3182 1678; x_wconf 89' lang='lat' dir='ltr'><strong>ut</strong></span> <span class='ocrx_word' id='word_1_562' title='bbox 3208 1624 3401 1680; x_wconf 90' lang='lat' dir='ltr'><strong>deinde</strong></span> <span class='ocrx_word' id='word_1_563' title='bbox 3429 1625 3772 1682; x_wconf 89' lang='lat' dir='ltr'><strong>sublimiores</strong></span> 
     </span>
    </p>
   </div>
   <div class='ocr_carea' id='block_1_73' title="bbox 2182 1713 3774 1786">
    <p class='ocr_par' dir='ltr' id='par_1_73' title="bbox 2182 1713 3774 1786">
     <span class='ocr_line' id='line_1_73' title="bbox 2182 1713 3774 1786; baseline -0.003 -13"><span class='ocrx_word' id='word_1_564' title='bbox 2182 1717 2449 1773; x_wconf 89' lang='lat' dir='ltr'><strong>redderet.</strong></span> <span class='ocrx_word' id='word_1_565' title='bbox 2482 1717 2768 1786; x_wconf 83' lang='lat' dir='ltr'><strong>Postquam</strong></span> <span class='ocrx_word' id='word_1_566' title='bbox 2795 1715 2954 1785; x_wconf 85' lang='lat' dir='ltr'><strong>igitur</strong></span> <span class='ocrx_word' id='word_1_567' title='bbox 2975 1713 3094 1769; x_wconf 87' lang='lat' dir='ltr'><strong>illos</strong></span> <span class='ocrx_word' id='word_1_568' title='bbox 3119 1713 3184 1768; x_wconf 90' lang='lat' dir='ltr'><strong>ad</strong></span> <span class='ocrx_word' id='word_1_569' title='bbox 3215 1729 3454 1784; x_wconf 80' lang='lat' dir='ltr'><strong>praesepe</strong></span> <span class='ocrx_word' id='word_1_570' title='bbox 3479 1717 3632 1784; x_wconf 91' lang='lat' dir='ltr'><strong>quasi</strong></span> <span class='ocrx_word' id='word_1_571' title='bbox 3658 1731 3774 1769; x_wconf 65' lang='lat' dir='ltr'><strong>ma.</strong></span> 
     </span>
    </p>
   </div>
   <div class='ocr_carea' id='block_1_74' title="bbox 2185 1803 3772 1873">
    <p class='ocr_par' dir='ltr' id='par_1_74' title="bbox 2185 1803 3772 1873">
     <span class='ocr_line' id='line_1_74' title="bbox 2185 1803 3772 1873; baseline -0.002 -13"><span class='ocrx_word' id='word_1_572' title='bbox 2185 1822 2257 1860; x_wconf 89' lang='lat' dir='ltr'><strong>nu</strong></span> <span class='ocrx_word' id='word_1_573' title='bbox 2302 1805 2629 1871; x_wconf 84' lang='lat' dir='ltr'><strong>deduxerat,</strong></span> <span class='ocrx_word' id='word_1_574' title='bbox 2668 1820 2774 1857; x_wconf 89' lang='lat' dir='ltr'><strong>non</strong></span> <span class='ocrx_word' id='word_1_575' title='bbox 2815 1819 2910 1873; x_wconf 91' lang='lat' dir='ltr'><strong>per</strong></span> <span class='ocrx_word' id='word_1_576' title='bbox 2930 1803 3136 1858; x_wconf 86' lang='lat' dir='ltr'><strong>stellam</strong></span> <span class='ocrx_word' id='word_1_577' title='bbox 3161 1803 3355 1858; x_wconf 88' lang='lat' dir='ltr'><strong>deinde</strong></span> <span class='ocrx_word' id='word_1_578' title='bbox 3375 1844 3391 1867; x_wconf 92' lang='lat'><strong>,</strong></span> <span class='ocrx_word' id='word_1_579' title='bbox 3423 1806 3516 1858; x_wconf 91' lang='lat' dir='ltr'><strong>sed</strong></span> <span class='ocrx_word' id='word_1_580' title='bbox 3547 1819 3644 1872; x_wconf 91' lang='lat' dir='ltr'><strong>per</strong></span> <span class='ocrx_word' id='word_1_581' title='bbox 3674 1820 3772 1858; x_wconf 89' lang='lat' dir='ltr'><strong>an-</strong></span> 
     </span>
    </p>
   </div>
   <div class='ocr_carea' id='block_1_75' title="bbox 2183 1890 3773 1965">
    <p class='ocr_par' dir='ltr' id='par_1_75' title="bbox 2183 1890 3773 1965">
     <span class='ocr_line' id='line_1_75' title="bbox 2183 1890 3773 1965; baseline -0.001 -16"><span class='ocrx_word' id='word_1_582' title='bbox 2183 1895 2360 1965; x_wconf 85' lang='lat' dir='ltr'><strong>gelum</strong></span> <span class='ocrx_word' id='word_1_583' title='bbox 2390 1895 2406 1924; x_wconf 84' lang='grc'>¹</span> <span class='ocrx_word' id='word_1_584' title='bbox 2448 1895 2594 1963; x_wconf 90' lang='lat' dir='ltr'><strong>ipsos</strong></span> <span class='ocrx_word' id='word_1_585' title='bbox 2629 1893 2922 1962; x_wconf 91' lang='lat' dir='ltr'><strong>alloquitur</strong></span> <span class='ocrx_word' id='word_1_586' title='bbox 2966 1908 2980 1944; x_wconf 94' lang='lat'><strong>:</strong></span> <span class='ocrx_word' id='word_1_587' title='bbox 3025 1891 3104 1946; x_wconf 90' lang='lat' dir='ltr'><strong>sic</strong></span> <span class='ocrx_word' id='word_1_588' title='bbox 3132 1892 3201 1944; x_wconf 93' lang='lat' dir='ltr'><strong>illi</strong></span> <span class='ocrx_word' id='word_1_589' title='bbox 3230 1890 3487 1961; x_wconf 87' lang='lat' dir='ltr'><strong>gradatim</strong></span> <span class='ocrx_word' id='word_1_590' title='bbox 3519 1892 3773 1948; x_wconf 88' lang='lat' dir='ltr'><strong>meliores</strong></span> 
     </span>
    </p>
   </div>
   <div class='ocr_carea' id='block_1_76' title="bbox 2182 1981 3768 2052">
    <p class='ocr_par' dir='ltr' id='par_1_76' title="bbox 2182 1981 3768 2052">
     <span class='ocr_line' id='line_1_76' title="bbox 2182 1981 3768 2052; baseline -0.002 -12"><span class='ocrx_word' id='word_1_591' title='bbox 2182 1985 2356 2040; x_wconf 83' lang='lat' dir='ltr'><strong>ell‘ecti</strong></span> <span class='ocrx_word' id='word_1_592' title='bbox 2386 1991 2526 2038; x_wconf 92' lang='lat' dir='ltr'><strong>sunt.</strong></span> <span class='ocrx_word' id='word_1_593' title='bbox 2559 1983 2669 2037; x_wconf 82' lang='lat' dir='ltr'><strong>Hoc</strong></span> <span class='ocrx_word' id='word_1_594' title='bbox 2703 1983 2874 2052; x_wconf 90' lang='lat' dir='ltr'><strong>ipsum</strong></span> <span class='ocrx_word' id='word_1_595' title='bbox 2903 1981 3028 2036; x_wconf 79' lang='lat' dir='ltr'><strong>fecit</strong></span> <span class='ocrx_word' id='word_1_596' title='bbox 3049 1983 3188 2038; x_wconf 90' lang='lat' dir='ltr'><strong>circa</strong></span> <span class='ocrx_word' id='word_1_597' title='bbox 3217 1983 3550 2037; x_wconf 86' lang='lat' dir='ltr'><strong>Ascalonitas</strong></span> <span class='ocrx_word' id='word_1_598' title='bbox 3575 1992 3630 2038; x_wconf 93' lang='lat' dir='ltr'><strong>et</strong></span> <span class='ocrx_word' id='word_1_599' title='bbox 3657 1983 3768 2040; x_wconf 87' lang='lat' dir='ltr'><strong>Ga-</strong></span> 
     </span>
    </p>
   </div>
   <div class='ocr_carea' id='block_1_77' title="bbox 2182 2072 3770 2142">
    <p class='ocr_par' dir='ltr' id='par_1_77' title="bbox 2182 2072 3770 2142">
     <span class='ocr_line' id='line_1_77' title="bbox 2182 2072 3770 2142; baseline 0.001 -14"><span class='ocrx_word' id='word_1_600' title='bbox 2182 2089 2342 2130; x_wconf 78' lang='lat' dir='ltr'><strong>zacos.</strong></span> <span class='ocrx_word' id='word_1_601' title='bbox 2381 2073 2513 2127; x_wconf 79' lang='lat' dir='ltr'><strong>Nam</strong></span> <span class='ocrx_word' id='word_1_602' title='bbox 2553 2082 2831 2142; x_wconf 84' lang='lat' dir='ltr'><strong>postquam</strong></span> <span class='ocrx_word' id='word_1_603' title='bbox 2861 2073 3094 2142; x_wconf 89' lang='lat' dir='ltr'><strong>quinque</strong></span> <span class='ocrx_word' id='word_1_604' title='bbox 3122 2072 3224 2126; x_wconf 84' lang='lat' dir='ltr'><strong>illae</strong></span> <span class='ocrx_word' id='word_1_605' title='bbox 3246 2072 3485 2126; x_wconf 83' lang='lat' dir='ltr'><strong>civitates</strong></span> <span class='ocrx_word' id='word_1_606' title='bbox 3504 2113 3522 2137; x_wconf 90' lang='lat'><strong>,</strong></span> <span class='ocrx_word' id='word_1_607' title='bbox 3547 2087 3672 2128; x_wconf 86' lang='lat' dir='ltr'><strong>arca</strong></span> <span class='ocrx_word' id='word_1_608' title='bbox 3699 2077 3770 2129; x_wconf 87' lang='lat' dir='ltr'><strong>ad</strong></span> 
     </span>
    </p>
   </div>
   <div class='ocr_carea' id='block_1_78' title="bbox 2181 2161 3767 2232">
    <p class='ocr_par' dir='ltr' id='par_1_78' title="bbox 2181 2161 3767 2232">
     <span class='ocr_line' id='line_1_78' title="bbox 2181 2161 3767 2232; baseline 0 -14"><span class='ocrx_word' id='word_1_609' title='bbox 2181 2180 2241 2219; x_wconf 91' lang='lat' dir='ltr'><strong>se</strong></span> <span class='ocrx_word' id='word_1_610' title='bbox 2278 2163 2524 2218; x_wconf 86' lang='lat' dir='ltr'><strong>veniente</strong></span> <span class='ocrx_word' id='word_1_611' title='bbox 2546 2202 2562 2227; x_wconf 89' lang='lat'><strong>,</strong></span> <span class='ocrx_word' id='word_1_612' title='bbox 2590 2161 2732 2216; x_wconf 89' lang='lat' dir='ltr'><strong>letali</strong></span> <span class='ocrx_word' id='word_1_613' title='bbox 2763 2161 2913 2232; x_wconf 85' lang='lat' dir='ltr'><strong>plaga</strong></span> <span class='ocrx_word' id='word_1_614' title='bbox 2936 2174 3202 2230; x_wconf 62' lang='lat' dir='ltr'><strong>percussae</strong></span> <span class='ocrx_word' id='word_1_615' title='bbox 3224 2169 3348 2216; x_wconf 86' lang='lat' dir='ltr'><strong>sunt</strong></span> <span class='ocrx_word' id='word_1_616' title='bbox 3366 2202 3385 2227; x_wconf 91' lang='lat'><strong>,</strong></span> <span class='ocrx_word' id='word_1_617' title='bbox 3410 2176 3532 2216; x_wconf 91' lang='lat' dir='ltr'><strong>cum</strong></span> <span class='ocrx_word' id='word_1_618' title='bbox 3559 2164 3767 2218; x_wconf 89' lang='lat' dir='ltr'><strong>nullum</strong></span> 
     </span>
    </p>
   </div>
   <div class='ocr_carea' id='block_1_79' title="bbox 2182 2253 3778 2327">
    <p class='ocr_par' dir='ltr' id='par_1_79' title="bbox 2182 2253 3778 2327">
     <span class='ocr_line' id='line_1_79' title="bbox 2182 2253 3778 2327; baseline -0.006 -15"><span class='ocrx_word' id='word_1_619' title='bbox 2182 2255 2552 2327; x_wconf 73' lang='lat' dir='ltr'><strong>ingruentibus</strong></span> <span class='ocrx_word' id='word_1_620' title='bbox 2579 2255 2734 2310; x_wconf 90' lang='lat' dir='ltr'><strong>malis</strong></span> <span class='ocrx_word' id='word_1_621' title='bbox 2760 2255 3050 2309; x_wconf 86' lang='lat' dir='ltr'><strong>remedium</strong></span> <span class='ocrx_word' id='word_1_622' title='bbox 3074 2253 3410 2317; x_wconf 82' lang='lat' dir='ltr'><strong>invenirent,</strong></span> <span class='ocrx_word' id='word_1_623' title='bbox 3443 2256 3646 2307; x_wconf 85' lang='lat' dir='ltr'><strong>vocatis</strong></span> <span class='ocrx_word' id='word_1_624' title='bbox 3679 2268 3778 2304; x_wconf 86' lang='lat' dir='ltr'><strong>va-</strong></span> 
     </span>
    </p>
   </div>
   <div class='ocr_carea' id='block_1_80' title="bbox 2183 2342 3780 2416">
    <p class='ocr_par' dir='ltr' id='par_1_80' title="bbox 2183 2342 3780 2416">
     <span class='ocr_line' id='line_1_80' title="bbox 2183 2342 3780 2416; baseline -0.003 -16"><span class='ocrx_word' id='word_1_625' title='bbox 2183 2347 2324 2401; x_wconf 88' lang='lat' dir='ltr'><strong>tibus</strong></span> <span class='ocrx_word' id='word_1_626' title='bbox 2378 2355 2432 2400; x_wconf 83' lang='lat' dir='ltr'><strong>et</strong></span> <span class='ocrx_word' id='word_1_627' title='bbox 2469 2352 2791 2416; x_wconf 87' lang='lat' dir='ltr'><strong>congregato</strong></span> <span class='ocrx_word' id='word_1_628' title='bbox 2828 2351 2972 2401; x_wconf 61' lang='lat' dir='ltr'><strong>coetu</strong></span> <span class='ocrx_word' id='word_1_629' title='bbox 2997 2342 3265 2414; x_wconf 85' lang='lat' dir='ltr'><strong>quomodo</strong></span> <span class='ocrx_word' id='word_1_630' title='bbox 3289 2343 3548 2397; x_wconf 85' lang='lat' dir='ltr'><strong>divinitus</strong></span> <span class='ocrx_word' id='word_1_631' title='bbox 3571 2343 3780 2397; x_wconf 87' lang='lat' dir='ltr'><strong>immis-</strong></span> 
     </span>
    </p>
   </div>
   <div class='ocr_carea' id='block_1_81' title="bbox 2181 2435 3780 2507">
    <p class='ocr_par' dir='ltr' id='par_1_81' title="bbox 2181 2435 3780 2507">
     <span class='ocr_line' id='line_1_81' title="bbox 2181 2435 3780 2507; baseline -0.002 -14"><span class='ocrx_word' id='word_1_632' title='bbox 2181 2453 2302 2493; x_wconf 87' lang='lat' dir='ltr'><strong>sum</strong></span> <span class='ocrx_word' id='word_1_633' title='bbox 2329 2439 2528 2493; x_wconf 90' lang='lat' dir='ltr'><strong>malum</strong></span> <span class='ocrx_word' id='word_1_634' title='bbox 2549 2435 3248 2493; x_wconf 88' lang='lat' dir='ltr'><strong>amoverentconsultabant</strong></span> <span class='ocrx_word' id='word_1_635' title='bbox 3275 2435 3353 2503; x_wconf 81' lang='grc'><strong>(1.</strong></span> <span class='ocrx_word' id='word_1_636' title='bbox 3374 2436 3500 2506; x_wconf 83' lang='lat' dir='ltr'><strong>Reg.</strong></span> <span class='ocrx_word' id='word_1_637' title='bbox 3526 2435 3608 2507; x_wconf 84' lang='grc'><strong>5).</strong></span> <span class='ocrx_word' id='word_1_638' title='bbox 3641 2435 3780 2490; x_wconf 87' lang='lat' dir='ltr'><strong>lliuc</strong></span> 
     </span>
    </p>
   </div>
   <div class='ocr_carea' id='block_1_82' title="bbox 2178 2527 3782 2596">
    <p class='ocr_par' dir='ltr' id='par_1_82' title="bbox 2178 2527 3782 2596">
     <span class='ocr_line' id='line_1_82' title="bbox 2178 2527 3782 2596; baseline 0 -14"><span class='ocrx_word' id='word_1_639' title='bbox 2178 2529 2388 2584; x_wconf 89' lang='lat' dir='ltr'><strong>vatibus</strong></span> <span class='ocrx_word' id='word_1_640' title='bbox 2428 2528 2766 2594; x_wconf 89' lang='lat' dir='ltr'><strong>dicentibus,</strong></span> <span class='ocrx_word' id='word_1_641' title='bbox 2815 2542 3003 2583; x_wconf 87' lang='lat' dir='ltr'><strong>vaccas</strong></span> <span class='ocrx_word' id='word_1_642' title='bbox 3045 2527 3332 2581; x_wconf 86' lang='lat' dir='ltr'><strong>indomitas</strong></span> <span class='ocrx_word' id='word_1_643' title='bbox 3378 2527 3782 2596; x_wconf 73' lang='lat' dir='ltr'><strong>etprimipnras</strong></span> 
     </span>
    </p>
   </div>
   <div class='ocr_carea' id='block_1_83' title="bbox 2178 2615 3778 2688">
    <p class='ocr_par' dir='ltr' id='par_1_83' title="bbox 2178 2615 3778 2688">
     <span class='ocr_line' id='line_1_83' title="bbox 2178 2615 3778 2688; baseline -0.002 -17"><span class='ocrx_word' id='word_1_644' title='bbox 2178 2633 2316 2672; x_wconf 85' lang='lat' dir='ltr'><strong>arcae</strong></span> <span class='ocrx_word' id='word_1_645' title='bbox 2339 2617 2487 2688; x_wconf 82' lang='lat' dir='ltr'><strong>jungi</strong></span> <span class='ocrx_word' id='word_1_646' title='bbox 2516 2627 2768 2688; x_wconf 89' lang='lat' dir='ltr'><strong>oportere</strong></span> <span class='ocrx_word' id='word_1_647' title='bbox 2792 2657 2809 2685; x_wconf 92' lang='lat'><strong>,</strong></span> <span class='ocrx_word' id='word_1_648' title='bbox 2839 2626 2900 2671; x_wconf 86' lang='lat' dir='ltr'><strong>ut</strong></span> <span class='ocrx_word' id='word_1_649' title='bbox 2921 2617 3068 2671; x_wconf 88' lang='lat' dir='ltr'><strong>nullo</strong></span> <span class='ocrx_word' id='word_1_650' title='bbox 3092 2615 3227 2670; x_wconf 91' lang='lat' dir='ltr'><strong>duce</strong></span> <span class='ocrx_word' id='word_1_651' title='bbox 3257 2629 3364 2686; x_wconf 88' lang='lat' dir='ltr'><strong>quo</strong></span> <span class='ocrx_word' id='word_1_652' title='bbox 3389 2617 3588 2670; x_wconf 90' lang='lat' dir='ltr'><strong>vellent</strong></span> <span class='ocrx_word' id='word_1_653' title='bbox 3610 2617 3778 2682; x_wconf 89' lang='lat' dir='ltr'><strong>irent;</strong></span> 
     </span>
    </p>
   </div>
   <div class='ocr_carea' id='block_1_84' title="bbox 2180 2707 3779 2780">
    <p class='ocr_par' dir='ltr' id='par_1_84' title="bbox 2180 2707 3779 2780">
     <span class='ocr_line' id='line_1_84' title="bbox 2180 2707 3779 2780; baseline 0 -18"><span class='ocrx_word' id='word_1_654' title='bbox 2180 2709 2411 2780; x_wconf 90' lang='lat' dir='ltr'><strong>hincque</strong></span> <span class='ocrx_word' id='word_1_655' title='bbox 2448 2710 2787 2778; x_wconf 82' lang='lat' dir='ltr'><strong>exploratum</strong></span> <span class='ocrx_word' id='word_1_656' title='bbox 2835 2709 2949 2763; x_wconf 80' lang='lat' dir='ltr'><strong>fore</strong></span> <span class='ocrx_word' id='word_1_657' title='bbox 2977 2723 3042 2761; x_wconf 90' lang='lat' dir='ltr'><strong>an</strong></span> <span class='ocrx_word' id='word_1_658' title='bbox 3069 2707 3324 2762; x_wconf 85' lang='lat' dir='ltr'><strong>divinitus</strong></span> <span class='ocrx_word' id='word_1_659' title='bbox 3344 2746 3360 2772; x_wconf 91' lang='lat'><strong>,</strong></span> <span class='ocrx_word' id='word_1_660' title='bbox 3387 2721 3453 2761; x_wconf 92' lang='lat' dir='ltr'><strong>an</strong></span> <span class='ocrx_word' id='word_1_661' title='bbox 3482 2722 3610 2762; x_wconf 87' lang='lat' dir='ltr'><strong>casu</strong></span> <span class='ocrx_word' id='word_1_662' title='bbox 3637 2723 3779 2777; x_wconf 85' lang='lat' dir='ltr'><strong>quo-</strong></span> 
     </span>
    </p>
   </div>
   <div class='ocr_carea' id='block_1_85' title="bbox 2181 2798 3779 2870">
    <p class='ocr_par' dir='ltr' id='par_1_85' title="bbox 2181 2798 3779 2870">
     <span class='ocr_line' id='line_1_85' title="bbox 2181 2798 3779 2870; baseline 0.002 -18"><span class='ocrx_word' id='word_1_663' title='bbox 2181 2800 2322 2870; x_wconf 90' lang='lat' dir='ltr'><strong>piam</strong></span> <span class='ocrx_word' id='word_1_664' title='bbox 2370 2800 2642 2855; x_wconf 88' lang='lat' dir='ltr'><strong>immissus</strong></span> <span class='ocrx_word' id='word_1_665' title='bbox 2671 2800 2891 2855; x_wconf 90' lang='lat' dir='ltr'><strong>morbus</strong></span> <span class='ocrx_word' id='word_1_666' title='bbox 2919 2809 3061 2854; x_wconf 87' lang='lat' dir='ltr'><strong>esset</strong></span> <span class='ocrx_word' id='word_1_667' title='bbox 3090 2799 3252 2870; x_wconf 88' lang='lat' dir='ltr'><strong>(Ibid.</strong></span> <span class='ocrx_word' id='word_1_668' title='bbox 3283 2798 3341 2869; x_wconf 89' lang='lat'><strong>6)</strong></span> <span class='ocrx_word' id='word_1_669' title='bbox 3369 2815 3386 2863; x_wconf 87' lang='lat'><strong>;</strong></span> <span class='ocrx_word' id='word_1_670' title='bbox 3413 2815 3534 2854; x_wconf 90' lang='lat' dir='ltr'><strong>nam</strong></span> <span class='ocrx_word' id='word_1_671' title='bbox 3566 2801 3634 2866; x_wconf 92' lang='lat' dir='ltr'><strong>si,</strong></span> <span class='ocrx_word' id='word_1_672' title='bbox 3663 2802 3779 2855; x_wconf 90' lang='lat' dir='ltr'><strong>aie-</strong></span> 
     </span>
    </p>
   </div>
   <div class='ocr_carea' id='block_1_86' title="bbox 2179 2889 3777 2962">
    <p class='ocr_par' dir='ltr' id='par_1_86' title="bbox 2179 2889 3777 2962">
     <span class='ocr_line' id='line_1_86' title="bbox 2179 2889 3777 2962; baseline 0 -17"><span class='ocrx_word' id='word_1_673' title='bbox 2179 2890 2308 2945; x_wconf 90' lang='lat' dir='ltr'><strong>bant</strong></span> <span class='ocrx_word' id='word_1_674' title='bbox 2332 2932 2346 2957; x_wconf 92' lang='lat'><strong>,</strong></span> <span class='ocrx_word' id='word_1_675' title='bbox 2375 2889 2564 2962; x_wconf 78' lang='lat' dir='ltr'><strong>jugum</strong></span> <span class='ocrx_word' id='word_1_676' title='bbox 2593 2906 2659 2946; x_wconf 83' lang='lat' dir='ltr'><strong>ex</strong></span> <span class='ocrx_word' id='word_1_677' title='bbox 2688 2891 2952 2960; x_wconf 88' lang='lat' dir='ltr'><strong>imperitia</strong></span> <span class='ocrx_word' id='word_1_678' title='bbox 2983 2892 2998 2922; x_wconf 74' lang='grc' dir='ltr'>ί</span> <span class='ocrx_word' id='word_1_679' title='bbox 3029 2899 3309 2945; x_wconf 85' lang='lat' dir='ltr'><strong>conteram</strong></span> <span class='ocrx_word' id='word_1_680' title='bbox 3329 2931 3344 2956; x_wconf 96' lang='lat'><strong>,</strong></span> <span class='ocrx_word' id='word_1_681' title='bbox 3375 2891 3454 2944; x_wconf 87' lang='lat' dir='ltr'><strong>vel</strong></span> <span class='ocrx_word' id='word_1_682' title='bbox 3483 2891 3527 2945; x_wconf 89' lang='lat' dir='ltr'><strong>si</strong></span> <span class='ocrx_word' id='word_1_683' title='bbox 3557 2891 3627 2945; x_wconf 88' lang='lat' dir='ltr'><strong>ad</strong></span> <span class='ocrx_word' id='word_1_684' title='bbox 3653 2909 3777 2946; x_wconf 86' lang='lat' dir='ltr'><strong>mu-</strong></span> 
     </span>
    </p>
   </div>
   <div class='ocr_carea' id='block_1_87' title="bbox 2178 2981 3775 3051">
    <p class='ocr_par' dir='ltr' id='par_1_87' title="bbox 2178 2981 3775 3051">
     <span class='ocr_line' id='line_1_87' title="bbox 2178 2981 3775 3051; baseline 0.002 -17"><span class='ocrx_word' id='word_1_685' title='bbox 2178 2981 2386 3051; x_wconf 84' lang='lat' dir='ltr'><strong>gientes</strong></span> <span class='ocrx_word' id='word_1_686' title='bbox 2430 2982 2625 3036; x_wconf 91' lang='lat' dir='ltr'><strong>vitulos</strong></span> <span class='ocrx_word' id='word_1_687' title='bbox 2665 2990 2974 3044; x_wconf 90' lang='lat' dir='ltr'><strong>vertantur,</strong></span> <span class='ocrx_word' id='word_1_688' title='bbox 3018 2981 3167 3050; x_wconf 87' lang='lat' dir='ltr'><strong>plaga</strong></span> <span class='ocrx_word' id='word_1_689' title='bbox 3213 2995 3340 3034; x_wconf 90' lang='lat' dir='ltr'><strong>casu</strong></span> <span class='ocrx_word' id='word_1_690' title='bbox 3365 2981 3659 3043; x_wconf 87' lang='lat' dir='ltr'><strong>acciderit;</strong></span> <span class='ocrx_word' id='word_1_691' title='bbox 3692 2984 3775 3038; x_wconf 93' lang='lat' dir='ltr'><strong>sin</strong></span> 
     </span>
    </p>
   </div>
   <div class='ocr_carea' id='block_1_88' title="bbox 2181 3069 3762 3141">
    <p class='ocr_par' dir='ltr' id='par_1_88' title="bbox 2181 3069 3762 3141">
     <span class='ocr_line' id='line_1_88' title="bbox 2181 3069 3762 3141; baseline 0 -17"><span class='ocrx_word' id='word_1_692' title='bbox 2181 3078 2328 3125; x_wconf 81' lang='lat' dir='ltr'><strong>recta</strong></span> <span class='ocrx_word' id='word_1_693' title='bbox 2345 3077 2588 3141; x_wconf 85' lang='lat' dir='ltr'><strong>pergant,</strong></span> <span class='ocrx_word' id='word_1_694' title='bbox 2608 3084 2785 3140; x_wconf 88' lang='lat' dir='ltr'><strong>neque</strong></span> <span class='ocrx_word' id='word_1_695' title='bbox 2801 3069 2916 3124; x_wconf 90' lang='lat' dir='ltr'><strong>sive</strong></span> <span class='ocrx_word' id='word_1_696' title='bbox 2937 3076 3159 3138; x_wconf 87' lang='lat' dir='ltr'><strong>propter</strong></span> <span class='ocrx_word' id='word_1_697' title='bbox 3174 3069 3468 3122; x_wconf 88' lang='lat' dir='ltr'><strong>vitulorum</strong></span> <span class='ocrx_word' id='word_1_698' title='bbox 3487 3070 3762 3139; x_wconf 87' lang='lat' dir='ltr'><strong>mugitum</strong></span> 
     </span>
    </p>
   </div>
   <div class='ocr_carea' id='block_1_89' title="bbox 2183 3159 3774 3230">
    <p class='ocr_par' dir='ltr' id='par_1_89' title="bbox 2183 3159 3774 3230">
     <span class='ocr_line' id='line_1_89' title="bbox 2183 3159 3774 3230; baseline 0 -15"><span class='ocrx_word' id='word_1_699' title='bbox 2183 3160 2297 3215; x_wconf 88' lang='lat' dir='ltr'><strong>sive</strong></span> <span class='ocrx_word' id='word_1_700' title='bbox 2333 3169 2557 3230; x_wconf 84' lang='lat' dir='ltr'><strong>prapter</strong></span> <span class='ocrx_word' id='word_1_701' title='bbox 2593 3162 2694 3214; x_wconf 67' lang='lat' dir='ltr'><strong>viae</strong></span> <span class='ocrx_word' id='word_1_702' title='bbox 2731 3159 3091 3230; x_wconf 86' lang='lat' dir='ltr'><strong>ignorantiam</strong></span> <span class='ocrx_word' id='word_1_703' title='bbox 3111 3159 3386 3224; x_wconf 89' lang='lat' dir='ltr'><strong>aberrent,</strong></span> <span class='ocrx_word' id='word_1_704' title='bbox 3407 3160 3774 3226; x_wconf 89' lang='lat' dir='ltr'><strong>conspicuum</strong></span> 
     </span>
    </p>
   </div>
   <div class='ocr_carea' id='block_1_90' title="bbox 2183 3249 3768 3322">
    <p class='ocr_par' dir='ltr' id='par_1_90' title="bbox 2183 3249 3768 3322">
     <span class='ocr_line' id='line_1_90' title="bbox 2183 3249 3768 3322; baseline 0.001 -18"><span class='ocrx_word' id='word_1_705' title='bbox 2183 3250 2285 3304; x_wconf 87' lang='lat' dir='ltr'><strong>erit</strong></span> <span class='ocrx_word' id='word_1_706' title='bbox 2302 3250 2476 3319; x_wconf 89' lang='lat' dir='ltr'><strong>ipsam</strong></span> <span class='ocrx_word' id='word_1_707' title='bbox 2489 3249 2580 3304; x_wconf 91' lang='lat' dir='ltr'><strong>Dei</strong></span> <span class='ocrx_word' id='word_1_708' title='bbox 2601 3265 2821 3305; x_wconf 90' lang='lat' dir='ltr'><strong>manum</strong></span> <span class='ocrx_word' id='word_1_709' title='bbox 2841 3250 2938 3304; x_wconf 85' lang='lat' dir='ltr'><strong>has</strong></span> <span class='ocrx_word' id='word_1_710' title='bbox 2953 3250 3115 3304; x_wconf 87' lang='lat' dir='ltr'><strong>urbes</strong></span> <span class='ocrx_word' id='word_1_711' title='bbox 3135 3250 3491 3318; x_wconf 86' lang='lat' dir='ltr'><strong>percussisse:</strong></span> <span class='ocrx_word' id='word_1_712' title='bbox 3509 3250 3639 3318; x_wconf 85' lang='lat' dir='ltr'><strong>quia</strong></span> <span class='ocrx_word' id='word_1_713' title='bbox 3661 3252 3768 3322; x_wconf 81' lang='lat' dir='ltr'><strong>igi-</strong></span> 
     </span>
    </p>
   </div>
   <div class='ocr_carea' id='block_1_91' title="bbox 2186 3341 3769 3412">
    <p class='ocr_par' dir='ltr' id='par_1_91' title="bbox 2186 3341 3769 3412">
     <span class='ocr_line' id='line_1_91' title="bbox 2186 3341 3769 3412; baseline 0.001 -16"><span class='ocrx_word' id='word_1_714' title='bbox 2186 3350 2276 3396; x_wconf 89' lang='lat' dir='ltr'><strong>tur</strong></span> <span class='ocrx_word' id='word_1_715' title='bbox 2293 3351 2474 3397; x_wconf 89' lang='lat' dir='ltr'><strong>vatum</strong></span> <span class='ocrx_word' id='word_1_716' title='bbox 2497 3342 2658 3398; x_wconf 86' lang='lat' dir='ltr'><strong>dictis</strong></span> <span class='ocrx_word' id='word_1_717' title='bbox 2677 3350 2973 3412; x_wconf 86' lang='lat' dir='ltr'><strong>paruerunt</strong></span> <span class='ocrx_word' id='word_1_718' title='bbox 2997 3342 3208 3395; x_wconf 88' lang='lat' dir='ltr'><strong>illarum</strong></span> <span class='ocrx_word' id='word_1_719' title='bbox 3228 3341 3510 3395; x_wconf 77' lang='lat' dir='ltr'><strong>civitatum</strong></span> <span class='ocrx_word' id='word_1_720' title='bbox 3543 3343 3769 3406; x_wconf 69' lang='lat' dir='ltr'><strong>incolae.</strong></span> 
     </span>
    </p>
   </div>
   <div class='ocr_carea' id='block_1_92' title="bbox 2181 3437 3776 3508">
    <p class='ocr_par' dir='ltr' id='par_1_92' title="bbox 2181 3437 3776 3508">
     <span class='ocr_line' id='line_1_92' title="bbox 2181 3437 3776 3508; baseline 0 -16"><span class='ocrx_word' id='word_1_721' title='bbox 2181 3439 2319 3493; x_wconf 91' lang='lat' dir='ltr'><strong>Deus</strong></span> <span class='ocrx_word' id='word_1_722' title='bbox 2356 3439 2516 3493; x_wconf 91' lang='lat' dir='ltr'><strong>etiam</strong></span> <span class='ocrx_word' id='word_1_723' title='bbox 2535 3479 2552 3506; x_wconf 92' lang='lat'><strong>,</strong></span> <span class='ocrx_word' id='word_1_724' title='bbox 2582 3437 2906 3508; x_wconf 88' lang='lat' dir='ltr'><strong>indulgentia</strong></span> <span class='ocrx_word' id='word_1_725' title='bbox 2935 3450 3063 3492; x_wconf 92' lang='lat' dir='ltr'><strong>usus</strong></span> <span class='ocrx_word' id='word_1_726' title='bbox 3083 3478 3098 3503; x_wconf 96' lang='lat'><strong>,</strong></span> <span class='ocrx_word' id='word_1_727' title='bbox 3131 3447 3310 3490; x_wconf 87' lang='lat' dir='ltr'><strong>vatum</strong></span> <span class='ocrx_word' id='word_1_728' title='bbox 3336 3438 3653 3492; x_wconf 89' lang='lat' dir='ltr'><strong>sententiam</strong></span> <span class='ocrx_word' id='word_1_729' title='bbox 3679 3453 3776 3492; x_wconf 81' lang='lat' dir='ltr'><strong>se-</strong></span> 
     </span>
    </p>
   </div>
   <div class='ocr_carea' id='block_1_93' title="bbox 2176 3527 3777 3600">
    <p class='ocr_par' dir='ltr' id='par_1_93' title="bbox 2176 3527 3777 3600">
     <span class='ocr_line' id='line_1_93' title="bbox 2176 3527 3777 3600; baseline -0.002 -16"><span class='ocrx_word' id='word_1_730' title='bbox 2176 3539 2373 3600; x_wconf 89' lang='lat' dir='ltr'><strong>quutus</strong></span> <span class='ocrx_word' id='word_1_731' title='bbox 2411 3538 2524 3594; x_wconf 90' lang='lat' dir='ltr'><strong>est,</strong></span> <span class='ocrx_word' id='word_1_732' title='bbox 2557 3544 2657 3584; x_wconf 91' lang='lat' dir='ltr'><strong>nec</strong></span> <span class='ocrx_word' id='word_1_733' title='bbox 2687 3529 2965 3598; x_wconf 88' lang='lat' dir='ltr'><strong>majestate</strong></span> <span class='ocrx_word' id='word_1_734' title='bbox 2994 3542 3089 3582; x_wconf 90' lang='lat' dir='ltr'><strong>sua</strong></span> <span class='ocrx_word' id='word_1_735' title='bbox 3112 3527 3382 3598; x_wconf 86' lang='lat' dir='ltr'><strong>indignum</strong></span> <span class='ocrx_word' id='word_1_736' title='bbox 3411 3531 3646 3597; x_wconf 88' lang='lat' dir='ltr'><strong>putavit,</strong></span> <span class='ocrx_word' id='word_1_737' title='bbox 3679 3544 3777 3581; x_wconf 86' lang='lat' dir='ltr'><strong>va-</strong></span> 
     </span>
    </p>
   </div>
   <div class='ocr_carea' id='block_1_94' title="bbox 2175 3619 3780 3692">
    <p class='ocr_par' dir='ltr' id='par_1_94' title="bbox 2175 3619 3780 3692">
     <span class='ocr_line' id='line_1_94' title="bbox 2175 3619 3780 3692; baseline -0.001 -16"><span class='ocrx_word' id='word_1_738' title='bbox 2175 3629 2287 3676; x_wconf 90' lang='lat' dir='ltr'><strong>tum</strong></span> <span class='ocrx_word' id='word_1_739' title='bbox 2330 3621 2730 3692; x_wconf 64' lang='lat' dir='ltr'><strong>praedictionem</strong></span> <span class='ocrx_word' id='word_1_740' title='bbox 2769 3621 2835 3675; x_wconf 89' lang='lat' dir='ltr'><strong>ad</strong></span> <span class='ocrx_word' id='word_1_741' title='bbox 2861 3635 2998 3692; x_wconf 83' lang='lat' dir='ltr'><strong>Opus</strong></span> <span class='ocrx_word' id='word_1_742' title='bbox 3019 3619 3286 3676; x_wconf 88' lang='lat' dir='ltr'><strong>deducere</strong></span> <span class='ocrx_word' id='word_1_743' title='bbox 3309 3661 3326 3687; x_wconf 92' lang='lat'><strong>,</strong></span> <span class='ocrx_word' id='word_1_744' title='bbox 3351 3629 3405 3675; x_wconf 89' lang='lat' dir='ltr'><strong>et</strong></span> <span class='ocrx_word' id='word_1_745' title='bbox 3431 3619 3591 3676; x_wconf 87' lang='lat' dir='ltr'><strong>Iidem</strong></span> <span class='ocrx_word' id='word_1_746' title='bbox 3617 3619 3780 3674; x_wconf 87' lang='lat' dir='ltr'><strong>dictis</strong></span> 
     </span>
    </p>
   </div>
   <div class='ocr_carea' id='block_1_95' title="bbox 2176 3710 3770 3781">
    <p class='ocr_par' dir='ltr' id='par_1_95' title="bbox 2176 3710 3770 3781">
     <span class='ocr_line' id='line_1_95' title="bbox 2176 3710 3770 3781; baseline -0.003 -13"><span class='ocrx_word' id='word_1_747' title='bbox 2176 3727 2364 3768; x_wconf 90' lang='lat' dir='ltr'><strong>eorum</strong></span> <span class='ocrx_word' id='word_1_748' title='bbox 2409 3711 2719 3768; x_wconf 89' lang='lat' dir='ltr'><strong>conciliare.</strong></span> <span class='ocrx_word' id='word_1_749' title='bbox 2767 3711 2844 3766; x_wconf 88' lang='lat' dir='ltr'><strong>Eo</strong></span> <span class='ocrx_word' id='word_1_750' title='bbox 2887 3712 3059 3780; x_wconf 87' lang='lat' dir='ltr'><strong>major</strong></span> <span class='ocrx_word' id='word_1_751' title='bbox 3086 3714 3232 3765; x_wconf 92' lang='lat' dir='ltr'><strong>enim</strong></span> <span class='ocrx_word' id='word_1_752' title='bbox 3259 3725 3349 3766; x_wconf 88' lang='lat' dir='ltr'><strong>res</strong></span> <span class='ocrx_word' id='word_1_753' title='bbox 3369 3718 3516 3781; x_wconf 87' lang='lat' dir='ltr'><strong>gesta</strong></span> <span class='ocrx_word' id='word_1_754' title='bbox 3545 3710 3770 3766; x_wconf 85' lang='lat' dir='ltr'><strong>videba-</strong></span> 
     </span>
    </p>
   </div>
   <div class='ocr_carea' id='block_1_96' title="bbox 2174 3802 3770 3872">
    <p class='ocr_par' dir='ltr' id='par_1_96' title="bbox 2174 3802 3770 3872">
     <span class='ocr_line' id='line_1_96' title="bbox 2174 3802 3770 3872; baseline -0.001 -15"><span class='ocrx_word' id='word_1_755' title='bbox 2174 3811 2282 3871; x_wconf 91' lang='lat' dir='ltr'><strong>tur,</strong></span> <span class='ocrx_word' id='word_1_756' title='bbox 2329 3805 2373 3858; x_wconf 92' lang='lat' dir='ltr'><strong>si</strong></span> <span class='ocrx_word' id='word_1_757' title='bbox 2415 3803 2512 3858; x_wconf 90' lang='lat' dir='ltr'><strong>Dei</strong></span> <span class='ocrx_word' id='word_1_758' title='bbox 2541 3804 2829 3872; x_wconf 86' lang='lat' dir='ltr'><strong>potentiam</strong></span> <span class='ocrx_word' id='word_1_759' title='bbox 2865 3804 2963 3871; x_wconf 91' lang='lat' dir='ltr'><strong>ipsi</strong></span> <span class='ocrx_word' id='word_1_760' title='bbox 2991 3804 3151 3856; x_wconf 87' lang='lat' dir='ltr'><strong>etiain</strong></span> <span class='ocrx_word' id='word_1_761' title='bbox 3179 3803 3377 3858; x_wconf 90' lang='lat' dir='ltr'><strong>inimici</strong></span> <span class='ocrx_word' id='word_1_762' title='bbox 3410 3802 3770 3858; x_wconf 78' lang='lat' dir='ltr'><strong>testiﬁcaren-</strong></span> 
     </span>
    </p>
   </div>
   <div class='ocr_carea' id='block_1_97' title="bbox 2175 3891 3768 3959">
    <p class='ocr_par' dir='ltr' id='par_1_97' title="bbox 2175 3891 3768 3959">
     <span class='ocr_line' id='line_1_97' title="bbox 2175 3891 3768 3959; baseline 0.001 -12"><span class='ocrx_word' id='word_1_763' title='bbox 2175 3901 2293 3959; x_wconf 90' lang='lat' dir='ltr'><strong>tur,</strong></span> <span class='ocrx_word' id='word_1_764' title='bbox 2341 3903 2397 3948; x_wconf 91' lang='lat' dir='ltr'><strong>et</strong></span> <span class='ocrx_word' id='word_1_765' title='bbox 2443 3893 2488 3948; x_wconf 88' lang='lat' dir='ltr'><strong>si</strong></span> <span class='ocrx_word' id='word_1_766' title='bbox 2536 3909 2720 3948; x_wconf 89' lang='lat' dir='ltr'><strong>eorum</strong></span> <span class='ocrx_word' id='word_1_767' title='bbox 2767 3893 3016 3948; x_wconf 87' lang='lat' dir='ltr'><strong>doctores</strong></span> <span class='ocrx_word' id='word_1_768' title='bbox 3045 3891 3112 3948; x_wconf 89' lang='lat' dir='ltr'><strong>de</strong></span> <span class='ocrx_word' id='word_1_769' title='bbox 3139 3892 3228 3947; x_wconf 89' lang='lat' dir='ltr'><strong>illa</strong></span> <span class='ocrx_word' id='word_1_770' title='bbox 3253 3892 3513 3948; x_wconf 90' lang='lat' dir='ltr'><strong>calculum</strong></span> <span class='ocrx_word' id='word_1_771' title='bbox 3541 3891 3768 3948; x_wconf 79' lang='lat' dir='ltr'><strong>ferrent.</strong></span> 
     </span>
    </p>
   </div>
   <div class='ocr_carea' id='block_1_98' title="bbox 2172 3982 3772 4055">
    <p class='ocr_par' dir='ltr' id='par_1_98' title="bbox 2172 3982 3772 4055">
     <span class='ocr_line' id='line_1_98' title="bbox 2172 3982 3772 4055; baseline -0.001 -16"><span class='ocrx_word' id='word_1_772' title='bbox 2172 3984 2334 4039; x_wconf 82' lang='lat' dir='ltr'><strong>Multa</strong></span> <span class='ocrx_word' id='word_1_773' title='bbox 2355 3999 2566 4055; x_wconf 89' lang='lat' dir='ltr'><strong>quoque</strong></span> <span class='ocrx_word' id='word_1_774' title='bbox 2594 3983 2790 4038; x_wconf 89' lang='lat' dir='ltr'><strong>similia</strong></span> <span class='ocrx_word' id='word_1_775' title='bbox 2819 3983 2985 4039; x_wconf 91' lang='lat' dir='ltr'><strong>Deum</strong></span> <span class='ocrx_word' id='word_1_776' title='bbox 3008 3982 3406 4052; x_wconf 88' lang='lat' dir='ltr'><strong>dispensantem</strong></span> <span class='ocrx_word' id='word_1_777' title='bbox 3427 3982 3772 4038; x_wconf 88' lang='lat' dir='ltr'><strong>animadver-</strong></span> 
     </span>
    </p>
   </div>
   <div class='ocr_carea' id='block_1_99' title="bbox 2173 4073 3771 4145">
    <p class='ocr_par' dir='ltr' id='par_1_99' title="bbox 2173 4073 3771 4145">
     <span class='ocr_line' id='line_1_99' title="bbox 2173 4073 3771 4145; baseline 0.001 -18"><span class='ocrx_word' id='word_1_778' title='bbox 2173 4075 2352 4130; x_wconf 75' lang='lat' dir='ltr'><strong>timus.</strong></span> <span class='ocrx_word' id='word_1_779' title='bbox 2373 4075 2503 4129; x_wconf 86' lang='lat' dir='ltr'><strong>Nam</strong></span> <span class='ocrx_word' id='word_1_780' title='bbox 2526 4091 2586 4130; x_wconf 91' lang='lat' dir='ltr'><strong>ca</strong></span> <span class='ocrx_word' id='word_1_781' title='bbox 2607 4075 2766 4129; x_wconf 86' lang='lat' dir='ltr'><strong>etiam</strong></span> <span class='ocrx_word' id='word_1_782' title='bbox 2789 4090 2909 4145; x_wconf 72' lang='lat' dir='ltr'><strong>qua:</strong></span> <span class='ocrx_word' id='word_1_783' title='bbox 2926 4074 2992 4129; x_wconf 89' lang='lat' dir='ltr'><strong>ad</strong></span> <span class='ocrx_word' id='word_1_784' title='bbox 3015 4073 3380 4145; x_wconf 79' lang='lat' dir='ltr'><strong>pytlionissam</strong></span> <span class='ocrx_word' id='word_1_785' title='bbox 3406 4083 3649 4144; x_wconf 89' lang='lat' dir='ltr'><strong>spectant</strong></span> <span class='ocrx_word' id='word_1_786' title='bbox 3673 4089 3771 4129; x_wconf 82' lang='lat' dir='ltr'><strong>eo-</strong></span> 
     </span>
    </p>
   </div>
   <div class='ocr_carea' id='block_1_100' title="bbox 2173 4165 3771 4234">
    <p class='ocr_par' dir='ltr' id='par_1_100' title="bbox 2173 4165 3771 4234">
     <span class='ocr_line' id='line_1_100' title="bbox 2173 4165 3771 4234; baseline 0 -14"><span class='ocrx_word' id='word_1_787' title='bbox 2173 4165 2296 4220; x_wconf 91' lang='lat' dir='ltr'><strong>dem</strong></span> <span class='ocrx_word' id='word_1_788' title='bbox 2334 4165 2641 4234; x_wconf 88' lang='lat' dir='ltr'><strong>dispensata</strong></span> <span class='ocrx_word' id='word_1_789' title='bbox 2682 4174 2809 4220; x_wconf 85' lang='lat' dir='ltr'><strong>sunt</strong></span> <span class='ocrx_word' id='word_1_790' title='bbox 2852 4165 3053 4220; x_wconf 85' lang='lat' dir='ltr'><strong>modo:</strong></span> <span class='ocrx_word' id='word_1_791' title='bbox 3084 4174 3142 4220; x_wconf 90' lang='lat' dir='ltr'><strong>ut</strong></span> <span class='ocrx_word' id='word_1_792' title='bbox 3170 4181 3265 4220; x_wconf 87' lang='lat' dir='ltr'><strong>vos</strong></span> <span class='ocrx_word' id='word_1_793' title='bbox 3293 4165 3548 4234; x_wconf 88' lang='lat' dir='ltr'><strong>deinceps</strong></span> <span class='ocrx_word' id='word_1_794' title='bbox 3571 4180 3771 4221; x_wconf 87' lang='lat' dir='ltr'><strong>secun-</strong></span> 
     </span>
    </p>
   </div>
   <div class='ocr_carea' id='block_1_101' title="bbox 2173 4256 3770 4328">
    <p class='ocr_par' dir='ltr' id='par_1_101' title="bbox 2173 4256 3770 4328">
     <span class='ocr_line' id='line_1_101' title="bbox 2173 4256 3770 4328; baseline 0 -16"><span class='ocrx_word' id='word_1_795' title='bbox 2173 4257 2300 4312; x_wconf 90' lang='lat' dir='ltr'><strong>dum</strong></span> <span class='ocrx_word' id='word_1_796' title='bbox 2339 4257 2450 4326; x_wconf 91' lang='lat' dir='ltr'><strong>jam</strong></span> <span class='ocrx_word' id='word_1_797' title='bbox 2490 4257 2628 4311; x_wconf 91' lang='lat' dir='ltr'><strong>dicta</strong></span> <span class='ocrx_word' id='word_1_798' title='bbox 2680 4257 2924 4328; x_wconf 89' lang='lat' dir='ltr'><strong>poteritis</strong></span> <span class='ocrx_word' id='word_1_799' title='bbox 2961 4257 3228 4327; x_wconf 77' lang='lat' dir='ltr'><strong>explicare</strong></span> <span class='ocrx_word' id='word_1_800' title='bbox 3279 4256 3438 4319; x_wconf 85' lang='lat' dir='ltr'><strong>(Ibid.</strong></span> <span class='ocrx_word' id='word_1_801' title='bbox 3469 4257 3585 4328; x_wconf 78' lang='lat'><strong>‘28).</strong></span> <span class='ocrx_word' id='word_1_802' title='bbox 3638 4258 3770 4312; x_wconf 75' lang='lat' dir='ltr'><strong>Ilzec</strong></span> 
     </span>
    </p>
   </div>
   <div class='ocr_carea' id='block_1_102' title="bbox 2172 4345 3766 4415">
    <p class='ocr_par' dir='ltr' id='par_1_102' title="bbox 2172 4345 3766 4415">
     <span class='ocr_line' id='line_1_102' title="bbox 2172 4345 3766 4415; baseline -0.001 -14"><span class='ocrx_word' id='word_1_803' title='bbox 2172 4345 2242 4402; x_wconf 87' lang='lat' dir='ltr'><strong>de</strong></span> <span class='ocrx_word' id='word_1_804' title='bbox 2279 4347 2434 4402; x_wconf 87' lang='lat' dir='ltr'><strong>stella</strong></span> <span class='ocrx_word' id='word_1_805' title='bbox 2478 4363 2507 4402; x_wconf 93' lang='lat' dir='ltr'><strong>a</strong></span> <span class='ocrx_word' id='word_1_806' title='bbox 2547 4349 2701 4402; x_wconf 81' lang='lat' dir='ltr'><strong>nobis</strong></span> <span class='ocrx_word' id='word_1_807' title='bbox 2739 4348 2877 4402; x_wconf 87' lang='lat' dir='ltr'><strong>dicta</strong></span> <span class='ocrx_word' id='word_1_808' title='bbox 2926 4357 3087 4409; x_wconf 87' lang='lat' dir='ltr'><strong>sunt;</strong></span> <span class='ocrx_word' id='word_1_809' title='bbox 3118 4348 3210 4400; x_wconf 90' lang='lat' dir='ltr'><strong>sed</strong></span> <span class='ocrx_word' id='word_1_810' title='bbox 3241 4348 3392 4415; x_wconf 88' lang='lat' dir='ltr'><strong>plura</strong></span> <span class='ocrx_word' id='word_1_811' title='bbox 3423 4363 3452 4400; x_wconf 91' lang='lat' dir='ltr'><strong>a</strong></span> <span class='ocrx_word' id='word_1_812' title='bbox 3478 4348 3630 4400; x_wconf 84' lang='lat' dir='ltr'><strong>vobis</strong></span> <span class='ocrx_word' id='word_1_813' title='bbox 3658 4348 3766 4400; x_wconf 78' lang='lat' dir='ltr'><strong>dici</strong></span> 
     </span>
    </p>
   </div>
   <div class='ocr_carea' id='block_1_103' title="bbox 2170 4439 3772 4517">
    <p class='ocr_par' dir='ltr' id='par_1_103' title="bbox 2170 4439 3772 4517">
     <span class='ocr_line' id='line_1_103' title="bbox 2170 4439 3772 4517; baseline -0.006 -14"><span class='ocrx_word' id='word_1_814' title='bbox 2170 4447 2378 4517; x_wconf 91' lang='lat' dir='ltr'><strong>possint</strong></span> <span class='ocrx_word' id='word_1_815' title='bbox 2401 4464 2415 4501; x_wconf 91' lang='lat'><strong>:</strong></span> <span class='ocrx_word' id='word_1_816' title='bbox 2438 4459 2560 4500; x_wconf 90' lang='lat' dir='ltr'><strong>nam</strong></span> <span class='ocrx_word' id='word_1_817' title='bbox 2583 4443 2664 4498; x_wconf 90' lang='lat' dir='ltr'><strong>Da</strong></span> <span class='ocrx_word' id='word_1_818' title='bbox 2692 4442 2908 4512; x_wconf 83' lang='lat' dir='ltr'><strong>sapienti</strong></span> <span class='ocrx_word' id='word_1_819' title='bbox 2931 4443 3242 4497; x_wconf 85' lang='lat' dir='ltr'><strong>occasionem</strong></span> <span class='ocrx_word' id='word_1_820' title='bbox 3265 4481 3280 4506; x_wconf 94' lang='lat'><strong>,</strong></span> <span class='ocrx_word' id='word_1_821' title='bbox 3308 4449 3354 4494; x_wconf 90' lang='lat' dir='ltr'><strong>et</strong></span> <span class='ocrx_word' id='word_1_822' title='bbox 3379 4439 3655 4509; x_wconf 81' lang='lat' dir='ltr'><strong>sapientior</strong></span> <span class='ocrx_word' id='word_1_823' title='bbox 3673 4441 3772 4494; x_wconf 73' lang='lat' dir='ltr'><strong>erit</strong></span> 
     </span>
    </p>
   </div>
   <div class='ocr_carea' id='block_1_104' title="bbox 2168 4535 2540 4607">
    <p class='ocr_par' dir='ltr' id='par_1_104' title="bbox 2168 4535 2540 4607">
     <span class='ocr_line' id='line_1_104' title="bbox 2168 4535 2540 4607; baseline -0.008 -14"><span class='ocrx_word' id='word_1_824' title='bbox 2168 4536 2351 4607; x_wconf 82' lang='lat' dir='ltr'><strong>(Prov.</strong></span> <span class='ocrx_word' id='word_1_825' title='bbox 2383 4537 2439 4593; x_wconf 88' lang='lat'><strong>9.</strong></span> <span class='ocrx_word' id='word_1_826' title='bbox 2463 4535 2540 4606; x_wconf 85' lang='lat'><strong>9).</strong></span> 
     </span>
    </p>
   </div>
   <div class='ocr_carea' id='block_1_105' title="bbox 2241 4690 3768 4773">
    <p class='ocr_par' dir='ltr' id='par_1_105' title="bbox 2241 4690 3768 4773">
     <span class='ocr_line' id='line_1_105' title="bbox 2241 4690 3768 4773; baseline -0.014 -11"><span class='ocrx_word' id='word_1_827' title='bbox 2241 4709 2293 4762; x_wconf 73' lang='grc'><strong>4.</strong></span> <span class='ocrx_word' id='word_1_828' title='bbox 2317 4706 2486 4773; x_wconf 75' lang='lat' dir='ltr'><strong>Quare</strong></span> <span class='ocrx_word' id='word_1_829' title='bbox 2504 4703 2773 4771; x_wconf 84' lang='lat' dir='ltr'><strong>Scriptura</strong></span> <span class='ocrx_word' id='word_1_830' title='bbox 2794 4709 2985 4766; x_wconf 84' lang='lat' dir='ltr'><strong>tempus</strong></span> <span class='ocrx_word' id='word_1_831' title='bbox 3005 4706 3050 4750; x_wconf 90' lang='lat' dir='ltr'><strong>et</strong></span> <span class='ocrx_word' id='word_1_832' title='bbox 3067 4696 3234 4749; x_wconf 83' lang='lat' dir='ltr'><strong>locum</strong></span> <span class='ocrx_word' id='word_1_833' title='bbox 3251 4693 3548 4755; x_wconf 65' lang='lat' dir='ltr'><strong>nativitatis,</strong></span> <span class='ocrx_word' id='word_1_834' title='bbox 3575 4690 3768 4758; x_wconf 61' lang='lat' dir='ltr'><strong>print-iu</strong></span> 
     </span>
    </p>
   </div>
   <div class='ocr_carea' id='block_1_106' title="bbox 2169 4782 3764 4871">
    <p class='ocr_par' dir='ltr' id='par_1_106' title="bbox 2169 4782 3764 4871">
     <span class='ocr_line' id='line_1_106' title="bbox 2169 4782 3764 4871; baseline -0.012 -17"><span class='ocrx_word' id='word_1_835' title='bbox 2169 4814 2380 4871; x_wconf 77' lang='lat' dir='ltr'><strong>petitque</strong></span> <span class='ocrx_word' id='word_1_836' title='bbox 2399 4805 2518 4850; x_wconf 89' lang='lat' dir='ltr'><strong>tunc</strong></span> <span class='ocrx_word' id='word_1_837' title='bbox 2543 4791 2778 4862; x_wconf 80' lang='lat' dir='ltr'><strong>temporis</strong></span> <span class='ocrx_word' id='word_1_838' title='bbox 2796 4796 3090 4859; x_wconf 85' lang='lat' dir='ltr'><strong>regnantem</strong></span> <span class='ocrx_word' id='word_1_839' title='bbox 3106 4794 3209 4838; x_wconf 78' lang='lat' dir='ltr'><strong>tam</strong></span> <span class='ocrx_word' id='word_1_840' title='bbox 3229 4792 3469 4837; x_wconf 85' lang='lat' dir='ltr'><strong>accurate</strong></span> <span class='ocrx_word' id='word_1_841' title='bbox 3491 4782 3764 4836; x_wconf 74' lang='lat' dir='ltr'><strong>describat.</strong></span> 
     </span>
    </p>
   </div>
   <div class='ocr_carea' id='block_1_107' title="bbox 2170 4875 3770 4948">
    <p class='ocr_par' dir='ltr' id='par_1_107' title="bbox 2170 4875 3770 4948">
     <span class='ocr_line' id='line_1_107' title="bbox 2170 4875 3770 4948; baseline -0.013 -3"><span class='ocrx_word' id='word_1_842' title='bbox 2170 4890 2410 4945; x_wconf 85' lang='lat' dir='ltr'><strong>Liberum</strong></span> <span class='ocrx_word' id='word_1_843' title='bbox 2447 4884 2731 4938; x_wconf 85' lang='lat' dir='ltr'><strong>arbitrium.</strong></span> <span class='ocrx_word' id='word_1_844' title='bbox 2788 4879 3112 4948; x_wconf 74' lang='lat' dir='ltr'><strong>Jerosolyma</strong></span> <span class='ocrx_word' id='word_1_845' title='bbox 3142 4891 3231 4930; x_wconf 81' lang='lat' dir='ltr'><strong>cur</strong></span> <span class='ocrx_word' id='word_1_846' title='bbox 3265 4875 3467 4928; x_wconf 86' lang='lat' dir='ltr'><strong>turbata</strong></span> <span class='ocrx_word' id='word_1_847' title='bbox 3501 4881 3574 4926; x_wconf 87' lang='lat' dir='ltr'><strong>est</strong></span> <span class='ocrx_word' id='word_1_848' title='bbox 3594 4912 3610 4937; x_wconf 92' lang='lat'><strong>,</strong></span> <span class='ocrx_word' id='word_1_849' title='bbox 3649 4888 3770 4926; x_wconf 66' lang='lat' dir='ltr'><strong>cura</strong></span> 
     </span>
    </p>
   </div>
   <div class='ocr_carea' id='block_1_108' title="bbox 2171 4964 3764 5036">
    <p class='ocr_par' dir='ltr' id='par_1_108' title="bbox 2171 4964 3764 5036">
     <span class='ocr_line' id='line_1_108' title="bbox 2171 4964 3764 5036; baseline -0.015 1"><span class='ocrx_word' id='word_1_850' title='bbox 2171 4981 2364 5036; x_wconf 81' lang='lat' dir='ltr'><strong>audivit</strong></span> <span class='ocrx_word' id='word_1_851' title='bbox 2389 4977 2646 5033; x_wconf 83' lang='lat' dir='ltr'><strong>Christum</strong></span> <span class='ocrx_word' id='word_1_852' title='bbox 2672 4982 2868 5028; x_wconf 80' lang='lat' dir='ltr'><strong>natum.</strong></span> <span class='ocrx_word' id='word_1_853' title='bbox 2890 4999 2960 5009; x_wconf 90' lang='lat'>—</span> <span class='ocrx_word' id='word_1_854' title='bbox 2979 4968 3096 5024; x_wconf 69' lang='lat' dir='ltr'><strong>iam</strong></span> <span class='ocrx_word' id='word_1_855' title='bbox 3125 4967 3191 5020; x_wconf 92' lang='lat' dir='ltr'><strong>ad</strong></span> <span class='ocrx_word' id='word_1_856' title='bbox 3222 4964 3542 5035; x_wconf 87' lang='lat' dir='ltr'><strong>principium</strong></span> <span class='ocrx_word' id='word_1_857' title='bbox 3572 4977 3764 5017; x_wconf 86' lang='lat' dir='ltr'><strong>eorum</strong></span> 
     </span>
    </p>
   </div>
   <div class='ocr_carea' id='block_1_109' title="bbox 2172 5053 3772 5144">
    <p class='ocr_par' dir='ltr' id='par_1_109' title="bbox 2172 5053 3772 5144">
     <span class='ocr_line' id='line_1_109' title="bbox 2172 5053 3772 5144; baseline -0.016 -15"><span class='ocrx_word' id='word_1_858' title='bbox 2172 5087 2292 5144; x_wconf 68' lang='lat' dir='ltr'><strong>qua:</strong></span> <span class='ocrx_word' id='word_1_859' title='bbox 2321 5071 2457 5126; x_wconf 87' lang='lat' dir='ltr'><strong>lecta</strong></span> <span class='ocrx_word' id='word_1_860' title='bbox 2498 5074 2626 5121; x_wconf 89' lang='lat' dir='ltr'><strong>sunt</strong></span> <span class='ocrx_word' id='word_1_861' title='bbox 2651 5061 2987 5120; x_wconf 87' lang='lat' dir='ltr'><strong>redeundum</strong></span> <span class='ocrx_word' id='word_1_862' title='bbox 3009 5068 3115 5113; x_wconf 90' lang='lat' dir='ltr'><strong>est.</strong></span> <span class='ocrx_word' id='word_1_863' title='bbox 3146 5055 3428 5123; x_wconf 85' lang='lat' dir='ltr'><strong>Quodnam</strong></span> <span class='ocrx_word' id='word_1_864' title='bbox 3456 5063 3541 5109; x_wconf 89' lang='lat' dir='ltr'><strong>est</strong></span> <span class='ocrx_word' id='word_1_865' title='bbox 3567 5053 3772 5124; x_wconf 89' lang='lat' dir='ltr'><strong>princi-</strong></span> 
     </span>
    </p>
   </div>
   <div class='ocr_carea' id='block_1_110' title="bbox 2173 5146 3773 5236">
    <p class='ocr_par' dir='ltr' id='par_1_110' title="bbox 2173 5146 3773 5236">
     <span class='ocr_line' id='line_1_110' title="bbox 2173 5146 3773 5236; baseline -0.011 -19"><span class='ocrx_word' id='word_1_866' title='bbox 2173 5163 2358 5236; x_wconf 84' lang='lat' dir='ltr'><strong>pium?</strong></span> <span class='ocrx_word' id='word_1_867' title='bbox 2385 5159 2510 5215; x_wconf 84' lang='lat' dir='ltr'><strong>Cum</strong></span> <span class='ocrx_word' id='word_1_868' title='bbox 2551 5167 2701 5212; x_wconf 88' lang='lat' dir='ltr'><strong>natus</strong></span> <span class='ocrx_word' id='word_1_869' title='bbox 2724 5165 2852 5210; x_wconf 87' lang='lat' dir='ltr'><strong>esset</strong></span> <span class='ocrx_word' id='word_1_870' title='bbox 2876 5151 3028 5206; x_wconf 68' lang='lat' dir='ltr'><strong>Iesus</strong></span> <span class='ocrx_word' id='word_1_871' title='bbox 3050 5151 3104 5203; x_wconf 81' lang='lat' dir='ltr'><strong>in</strong></span> <span class='ocrx_word' id='word_1_872' title='bbox 3130 5148 3423 5204; x_wconf 76' lang='lat' dir='ltr'><strong>Bethleliem</strong></span> <span class='ocrx_word' id='word_1_873' title='bbox 3447 5146 3648 5200; x_wconf 68' lang='lat' dir='ltr'><strong>ludicre</strong></span> <span class='ocrx_word' id='word_1_874' title='bbox 3665 5185 3681 5211; x_wconf 93' lang='lat'><strong>,</strong></span> <span class='ocrx_word' id='word_1_875' title='bbox 3714 5147 3773 5199; x_wconf 74' lang='lat' dir='ltr'><strong>iis</strong></span> 
     </span>
    </p>
   </div>
   <div class='ocr_carea' id='block_1_111' title="bbox 2175 5238 3774 5321">
    <p class='ocr_par' dir='ltr' id='par_1_111' title="bbox 2175 5238 3774 5321">
     <span class='ocr_line' id='line_1_111' title="bbox 2175 5238 3774 5321; baseline -0.013 -10"><span class='ocrx_word' id='word_1_876' title='bbox 2175 5256 2349 5311; x_wconf 85' lang='lat' dir='ltr'><strong>diebus</strong></span> <span class='ocrx_word' id='word_1_877' title='bbox 2373 5251 2596 5308; x_wconf 76' lang='lat' dir='ltr'><strong>Herodis</strong></span> <span class='ocrx_word' id='word_1_878' title='bbox 2624 5250 2786 5321; x_wconf 87' lang='lat' dir='ltr'><strong>regis,</strong></span> <span class='ocrx_word' id='word_1_879' title='bbox 2825 5262 2938 5302; x_wconf 82' lang='lat' dir='ltr'><strong>ecce</strong></span> <span class='ocrx_word' id='word_1_880' title='bbox 2958 5243 3097 5315; x_wconf 87' lang='lat' dir='ltr'><strong>magi</strong></span> <span class='ocrx_word' id='word_1_881' title='bbox 3116 5242 3178 5296; x_wconf 90' lang='lat' dir='ltr'><strong>ab</strong></span> <span class='ocrx_word' id='word_1_882' title='bbox 3199 5243 3391 5296; x_wconf 87' lang='lat' dir='ltr'><strong>oriente</strong></span> <span class='ocrx_word' id='word_1_883' title='bbox 3414 5249 3656 5296; x_wconf 81' lang='lat' dir='ltr'><strong>venerunt</strong></span> <span class='ocrx_word' id='word_1_884' title='bbox 3677 5238 3774 5291; x_wconf 84' lang='lat' dir='ltr'><strong>Je-</strong></span> 
     </span>
    </p>
   </div>
   <div class='ocr_carea' id='block_1_112' title="bbox 2176 5328 3776 5417">
    <p class='ocr_par' dir='ltr' id='par_1_112' title="bbox 2176 5328 3776 5417">
     <span class='ocr_line' id='line_1_112' title="bbox 2176 5328 3776 5417; baseline -0.013 -14"><span class='ocrx_word' id='word_1_885' title='bbox 2176 5346 2505 5417; x_wconf 81' lang='lat' dir='ltr'><strong>rosolymam.</strong></span> <span class='ocrx_word' id='word_1_886' title='bbox 2523 5341 2658 5411; x_wconf 77' lang='lat' dir='ltr'><strong>Magi</strong></span> <span class='ocrx_word' id='word_1_887' title='bbox 2685 5338 2898 5396; x_wconf 87' lang='lat' dir='ltr'><strong>stellam</strong></span> <span class='ocrx_word' id='word_1_888' title='bbox 2918 5335 3109 5391; x_wconf 89' lang='lat' dir='ltr'><strong>ducem</strong></span> <span class='ocrx_word' id='word_1_889' title='bbox 3135 5331 3347 5402; x_wconf 89' lang='lat' dir='ltr'><strong>sequuti</strong></span> <span class='ocrx_word' id='word_1_890' title='bbox 3368 5338 3526 5396; x_wconf 88' lang='lat' dir='ltr'><strong>sunt;</strong></span> <span class='ocrx_word' id='word_1_891' title='bbox 3559 5328 3614 5384; x_wconf 91' lang='lat' dir='ltr'><strong>hi</strong></span> <span class='ocrx_word' id='word_1_892' title='bbox 3639 5344 3776 5384; x_wconf 88' lang='lat' dir='ltr'><strong>vero</strong></span> 
     </span>
    </p>
   </div>
   <div class='ocr_carea' id='block_1_113' title="bbox 2247 5590 3779 5665">
    <p class='ocr_par' dir='ltr' id='par_1_113' title="bbox 2247 5590 3779 5665">
     <span class='ocr_line' id='line_1_113' title="bbox 2247 5590 3779 5665; baseline -0.012 -6"><span class='ocrx_word' id='word_1_893' title='bbox 2247 5612 2265 5643; x_wconf 82' lang='grc' dir='ltr'><strong>ι</strong></span> <span class='ocrx_word' id='word_1_894' title='bbox 2304 5609 2359 5659; x_wconf 88' lang='lat' dir='ltr'><strong>In</strong></span> <span class='ocrx_word' id='word_1_895' title='bbox 2383 5615 2563 5664; x_wconf 65' lang='lat' dir='ltr'><strong>Graeco,</strong></span> <span class='ocrx_word' id='word_1_896' title='bbox 2587 5615 2656 5655; x_wconf 74' lang='grc' dir='ltr'>ιικδ</span> <span class='ocrx_word' id='word_1_897' title='bbox 2677 5621 2742 5663; x_wconf 75' lang='grc' dir='ltr'><strong>τῆς</strong></span> <span class='ocrx_word' id='word_1_898' title='bbox 2762 5614 2941 5665; x_wconf 65' lang='grc' dir='ltr'>ἀκαιρίας.</span> <span class='ocrx_word' id='word_1_899' title='bbox 2960 5601 3178 5665; x_wconf 73' lang='lat' dir='ltr'><strong>Atrianus</strong></span> <span class='ocrx_word' id='word_1_900' title='bbox 3196 5603 3258 5644; x_wconf 82' lang='lat' dir='ltr'><strong>at)</strong></span> <span class='ocrx_word' id='word_1_901' title='bbox 3279 5601 3373 5662; x_wconf 39' lang='lat' dir='ltr'><strong>ista.</strong></span> <span class='ocrx_word' id='word_1_902' title='bbox 3391 5590 3602 5642; x_wconf 86' lang='lat' dir='ltr'><strong>lectione</strong></span> <span class='ocrx_word' id='word_1_903' title='bbox 3624 5591 3779 5642; x_wconf 73' lang='lat' dir='ltr'><strong>aber-</strong></span> 
     </span>
    </p>
   </div>
   <div class='ocr_carea' id='block_1_114' title="bbox 2179 5658 3449 5734">
    <p class='ocr_par' dir='ltr' id='par_1_114' title="bbox 2179 5658 3449 5734">
     <span class='ocr_line' id='line_1_114' title="bbox 2179 5658 3449 5734; baseline -0.016 -11"><span class='ocrx_word' id='word_1_904' title='bbox 2179 5679 2274 5734; x_wconf 83' lang='lat' dir='ltr'><strong>rat,</strong></span> <span class='ocrx_word' id='word_1_905' title='bbox 2296 5658 2346 5722; x_wconf 75' lang='lat' dir='ltr'><strong>in</strong></span> <span class='ocrx_word' id='word_1_906' title='bbox 2367 5658 2768 5731; x_wconf 74' lang='lat' dir='ltr'><strong>interpretatione</strong></span> <span class='ocrx_word' id='word_1_907' title='bbox 2785 5658 2998 5728; x_wconf 79' lang='lat' dir='ltr'><strong>ponens,</strong></span> <span class='ocrx_word' id='word_1_908' title='bbox 3017 5658 3222 5724; x_wconf 82' lang='lat' dir='ltr'><strong>superba</strong></span> <span class='ocrx_word' id='word_1_909' title='bbox 3245 5658 3449 5708; x_wconf 74' lang='lat' dir='ltr'><strong>cervice.</strong></span> 
     </span>
    </p>
   </div>
  </div>
