4066 6430
311 436 380 494 σε
1451 426 1521 482 IN
1558 421 1965 483 MA'I'TIIIEUM
2005 421 2233 480 IIOMIL.
2276 421 2365 480 Vl.

312 544 449 596 κατά
481 543 584 615 τὴν
609 544 934 616 οἰκουμένην
961 543 1207 610 οἰκοῦσι,
1240 544 1333 599 καὶ
1365 545 1446 609 εἰς
1469 545 1722 600 τοσοῦτον
1753 546 1888 603 πλά-

311 649 400 694 τος
440 636 544 702 γῆς
582 633 966 704 ἐκκεχυμένοις
991 635 1056 698 ³¹,
1109 635 1311 689 ἀπασιν
1351 634 1518 703 ἐγγὺς
1550 631 1688 688 εἶναι
1718 635 1884 692 δοκεῖ.

317 724 445 787 Πῶς
468 721 563 778 οὖν
587 727 619 778 6
637 725 835 796 ἀστήρ,
857 726 976 780 εἰπέ
1001 743 1112 797 μοι,
1138 727 1299 780 τόπον
1316 725 1457 780 οὕτω
1476 727 1658 780 στενὸν
1684 729 1890 798 φάτνης

321 817 414 869 καὶ
461 816 707 886 καλύϐης
736 817 943 871 ἐδείκνυ
968 856 990 882 ,
1018 819 1066 871 εἰ
1097 817 1172 888 μὴ
1201 818 1263 871 τὸ
1290 818 1495 890 ὑψηλὸν
1531 819 1709 872 ἐκεῖνο
1732 819 1890 896 ἀιφεὶς

317 907 470 958 κάτω
503 906 734 977 κατέϐη,
764 908 858 962 καὶ
885 907 1026 977 ὑπὲρ
1063 908 1231 978 αὐτῆς
1255 909 1388 980 ἔστη
1406 909 1506 979 τῆς
1531 909 1772 980 κεφαλῆς
1795 910 1888 964 τοῦ

313 995 563 1061 παιδίου;
599 996 774 1065 Ὅπερ
801 992 894 1050 οὖν
931 998 1026 1051 καὶ
1052 996 1081 1049 6
1107 997 1492 1070 εὑαγγελιστὴς
1526 993 1892 1070 αἰνιττόμενος

317 1084 502 1153 ἔλεγεν
523 1104 537 1118 ·
583 1086 738 1140 Ἰδοὺ
772 1091 806 1142 ὁ
836 1088 1032 1161 ἀστὴρ
1067 1087 1332 1159 προῆγεν
1360 1090 1583 1156 αὐτοὺς
1603 1129 1619 1154 ,
1659 1091 1769 1156 ἕως
1793 1093 1892 1144 ἐλ-

315 1175 437 1230 θὼν
472 1177 623 1244 ἔστη
655 1176 855 1231 ἐπάνω
886 1174 958 1234 οὗ
992 1173 1070 1248 ἦν
1089 1178 1157 1232 τὸ
1185 1178 1447 1233 παιδίον.
1463 1178 1630 1250 Ὀρᾷς
1661 1179 1728 1233 δι’
1754 1182 1892 1234 ὅσων

313 1265 592 1320 δείκνυται
618 1268 676 1321 06
707 1267 813 1322 τῶν
852 1268 1061 1321 πολλῶν
1094 1265 1174 1332 εἷς
1203 1267 1279 1322 ὢν
1310 1261 1466 1333 οὗτος
1498 1271 1526 1322 6
1559 1271 1751 1342 ἀστὴρ,
1773 1271 1892 1324 οὐδὲ

316 1359 461 1412 κατά
506 1360 608 1430 τὴν
639 1361 961 1416 ἀκολουθίαν
992 1362 1090 1433 τῆς
1145 1361 1250 1428 ἐξω
1361 1362 1628 1431 γενέσεως
1679 1364 1892 1428 δεικνὺς

273 1452 280 1456 ⁷
318 1446 438 1520 [89]
470 1449 660 1504 ἑαυτόν
679 1467 696 1515 ;
1023 1515 1036 1523 γ

388 1538 461 1607 γ’.
495 1541 606 1593 Καὶ
633 1541 778 1606 τίνος
804 1542 989 1596 ἕνεκεν
1017 1544 1225 1613 ἐφάνη;
1257 1543 1419 1597 ’Ὥστε
1447 1542 1764 1597 καθικέσθαι
1793 1543 1895 1614 τῆς

329 1630 604 1685 Ἰουδαίων
637 1633 1011 1704 ἀναισθησίας,
1044 1635 1138 1687 καὶ
1163 1635 1342 1688 πᾶσαν
1362 1636 1542 1698 αὐτοῖς
1577 1634 1894 1687 ἀποκλεῖσαι

318 1713 881 1789 ἀπολογίαςάφορμῆν
895 1721 939 1752 ³³
971 1716 1396 1784 ἀγνωμονοῦσιν.
1432 1715 1644 1785 Ἐπειδὴ
1707 1715 1817 1786 γὰρ
1864 1716 1894 1767 6

321 1806 786 1876 παραγενόμενος,
825 1805 922 1875 τὴν
964 1805 1066 1876 μὲν
1107 1806 1342 1860 παλαιάν
1377 1807 1674 1861 ἀναπαύειν
1705 1806 1904 1876 ἔμελλε

323 1897 619 1960 πολιτείαν,
650 1897 748 1966 τὴν
769 1897 826 1949 δε
851 1896 1172 1967 οἰκουμένην
1200 1899 1281 1961 εἰς
1309 1897 1408 1968 τὴν
1440 1897 1605 1952 αὑτοῦ
1655 1897 1901 1968 προσκύ-

319 2014 479 2068 νησιν
507 1999 709 2065 καλεῖν,
735 1999 832 2053 καὶ
859 2001 917 2053 ἐν
943 2001 1015 2070 γῇ
1055 2000 1150 2053 καὶ
1188 2000 1246 2051 ἐν
1287 1996 1523 2066 θαλάττῃ
1574 1993 1897 2064 προσκυνεῖ-

322 2089 450 2141 σθαι
490 2090 658 2159 πάσῃ,
683 2091 746 2141 ἐκ
772 2090 1071 2160 προοιμίων
1097 2089 1297 2153 εὐθέως
1326 2089 1436 2150 τοῖς
1461 2086 1667 2138 ἔθνεσιν
1695 2083 1900 2151 ἀνοίγει

322 2179 422 2248 τήν
452 2179 642 2249 θύραν,
663 2179 752 2232 διὰ
786 2181 893 2232 τῶν
923 2179 1215 2249 ἀλλοτρίων
1246 2179 1374 2241 τοὺς
1414 2177 1645 2239 οἰκείους
1675 2174 1900 2228 παιδεῦ-

323 2285 423 2321 σαι
466 2269 653 2326 θέλων.
703 2269 918 2340 Ἐπειδὴ
979 2270 1089 2340 γὰρ
1137 2269 1247 2322 τῶν
1302 2266 1598 2339 προφητῶν
1661 2263 1901 2334 συνεχῶς

323 2359 615 2423 ἀκούοντες
654 2360 920 2426 λεγόντων
975 2359 1104 2430 περὶ
1143 2358 1242 2428 τῆς
1286 2356 1448 2410 αὑτοῦ
1491 2355 1807 2425 παρουσίας,
1838 2353 1899 2405 06

327 2450 536 2520 σφόδρα
563 2453 868 2520 προσεῖχον,
887 2450 1108 2520 ἐποίησε
1133 2450 1227 2503 καὶ
1259 2449 1565 2519 βαρϐάρους
1595 2446 1766 2499 ἐλθεῖν
1793 2445 1906 2508 ἀπὸ

325 2541 432 2610 γῆς
468 2543 702 2611 μακρᾶς,
734 2542 826 2594 τὸν
855 2543 984 2612 παρ’
1012 2542 1194 2603 αὐτοῖς
1233 2540 1457 2609 βασιλέα
1486 2537 1896 2606 ἐπιζητοῦντας,

326 2630 425 2682 καὶ
474 2629 622 2701 παρά
666 2630 938 2700 Περσικῆς
983 2629 1204 2699 πρώτης
1241 2629 1423 2697 φωνῆς
1457 2627 1834 2696 μανθάνουσιν,
1863 2627 1899 2680 ἃ

327 2718 483 2788 παρά
518 2719 625 2770 τῶν
652 2720 944 2788 προφητῶν
988 2720 1178 2789 μαθεῖν
1205 2719 1306 2771 οὐκ
1341 2719 1630 2787 ἠνέσχοντο
1651 2734 1665 2748 ο
1697 2719 1802 2781 ἵνα,
1835 2717 1900 2771 ἂν

329 2808 432 2876 μὲν
490 2806 887 2876 εὐγνωμονῶσι,
956 2807 1217 2877 μεγίστην
1271 2805 1433 2876 ἔχωσι
1483 2805 1575 2858 τοῦ
1621 2805 1900 2859 πείθεσθαι

326 2895 600 2964 πρόφασιν
618 2911 632 2925 ο
656 2894 748 2947 ἐάν
770 2895 827 2946 δὲ
849 2893 1212 2964 φιλονεικῶσι,
1242 2895 1420 2963 πάσης
1443 2886 1576 2946 ὦσιν
1606 2887 1904 2962 ἀπεστερηο

329 2984 486 3055 μένοι
506 2984 689 3037 λοιπὸν
715 2985 1028 3054 ἀπολογίας.
1057 2983 1122 3037 Τί
1161 2984 1268 3053 γὰρ
1299 2983 1366 3037 ἂν
1393 2983 1564 3054 ἔχοιεν
1596 2984 1790 3046 εἰπεῖν,
1825 2983 1900 3053 μὴ

213 3108 219 3112 -
325 3074 614 3144 δεξάμενοι
643 3075 732 3128 τὸν
758 3076 991 3146 Χριστὸν
1027 3076 1164 3145 μετὰ
1190 3077 1316 3139 τοὺς
1357 3073 1643 3136 τοσούτους
1691 3075 1902 3144 προφή-

324 3182 447 3229 τας,
488 3168 616 3220 ὅταν
639 3167 788 3220 ἰδωσι
813 3167 1015 3237 μάγους
1045 3165 1154 3219 ἀπὸ
1195 3166 1370 3236 ὅψεως
1407 3166 1523 3228 ἐνὸς
1548 3165 1746 3237 ἄστρου
1777 3164 1902 3217 τοῦ-

323 3271 419 3308 τον
467 3254 809 3325 δεξαμένους,
841 3256 934 3308 καὶ
978 3257 1462 3326 προσκυνήσαντας
1493 3254 1584 3307 τὸν
1625 3254 1899 3323 φανέντα;

328 3347 507 3417 Ὅπερ
536 3343 628 3400 οῦν
661 3348 752 3400 ἐπὶ
795 3347 906 3400 τῶν
953 3346 1250 3400 Νινευῖτῶν
1301 3345 1544 3415 ἐποίησε,
1568 3345 1789 3415 πέμψας
1810 3345 1902 3400 τὸν

339 3438 546 3502 Ἰωνᾶν,
585 3439 678 3490 καὶ
709 3439 844 3508 ὅπερ
872 3439 965 3493 ἐπὶ
991 3440 1088 3510 τῆς
1120 3436 1506 3508 Σαμαρείτιδος
1537 3435 1752 3506 καὶτῆς
1787 3436 1902 3488 Χα-

325 3529 577 3592 ναναίας,
611 3529 766 3582 τοῦτο
801 3532 896 3583 καὶ
944 3530 1037 3582 ἐπὶ
1077 3529 1186 3582 τῶν
1235 3528 1443 3598 μάγων.
1489 3526 1586 3580 Διά
1627 3526 1783 3579 τοῦτο
1811 3526 1903 3580 καὶ

325 3617 514 3686 ἔλεγεν
533 3635 548 3650 ο
613 3619 861 3688 Ἄνδρες
915 3619 1213 3674 Νινευῗται
1267 3617 1737 3684 ἀναστήσονται,
1802 3616 1902 3670 καὶ

325 3711 755 3780 κατακρινοῦσι
775 3727 788 3741 ο
821 3711 934 3774 καὶ,
965 3711 1310 3764 Βασίλισσα
1350 3711 1532 3763 νότου
1564 3709 1904 3774 ἀναστήσε-

331 3818 454 3865 ται,
479 3802 576 3855 καὶ
606 3800 950 3870 κατακρινεῖ
971 3800 1086 3870 τὴν
1114 3804 1328 3870 γενεὰν
1357 3802 1585 3868 ταύτην
1603 3815 1617 3830 ·
1653 3802 1732 3854 ὃτι
1760 3801 1905 3852 ἐκεῖ·

326 3907 412 3944 νοι
447 3889 546 3960 μὲν
574 3892 685 3953 τοῖς
718 3891 994 3946 ἐλάττοσιν
1026 3891 1375 3954 ἐπίστευσαν,
1395 3885 1536 3944 οὗτοι
1563 3890 1619 3942 δέ
1639 3890 1759 3944 οὐδὲ
1791 3891 1904 3952 τοῖς

330 3980 564 4051 μείζοσι.
597 3983 704 4035 Καὶ
726 3981 868 4045 τίνος
889 3981 1072 4036 ἕνεκεν
1095 3981 1182 4034 διὰ
1209 3981 1464 4052 τοιαύτης
1495 3981 1690 4044 αὐτοὺς
1719 3981 1905 4032 εἵλκυ-

330 4088 426 4125 σεν
474 4071 687 4140 ὅψεως
738 4073 921 4144 φησίν.
984 4071 1144 4126 Ἀλλὰ
1179 4071 1298 4135 πῶς
1349 4073 1552 4143 ἐχρῆν;
1608 4072 1900 4141 Προφήτας

325 4161 543 4231 πέμψαι
566 4179 581 4227 ;
628 4161 767 4215 Ἀλλ’
797 4163 894 4215 οὐκ
921 4162 987 4216 ἂν
1013 4165 1061 4215 οἰ
1089 4163 1252 4232 μάγοι
1279 4161 1570 4233 προφητῶν
1591 4163 1901 4232 ἠνέσχοντο.

341 4251 504 4306 Ἀλλά
532 4253 715 4325 φωνὴν
766 4254 970 4309 ἄνωθεν
1001 4254 1252 4325 ἀφεῖναι;
1300 4252 1438 4306 Ἀλλ’
1471 4253 1572 4308 οὐκ
1615 4253 1680 4306 ἂν
1727 4269 1900 4324 προσ-

321 4355 502 4423 έσχον.
542 4353 680 4405 Ἀλλ’
715 4352 943 4421 ἄγγελον
982 4353 1325 4418 ἀποστεῖλαι;
1365 4352 1526 4405 Ἀλλὰ
1571 4354 1666 4407 καί⁸
1710 4354 1897 4408 τοῦτον

317 4443 387 4497 ἂν
419 4443 789 4514 παρέδραμον.
832 4443 931 4496 Διά
971 4442 1035 4514 δὴ
1061 4442 1219 4496 τοῦτο
1259 4443 1437 4497 πάντα
1467 4444 1648 4498 ἐκεῖνα
1677 4433 1835 4516 ἀφεὶς
1869 4449 1898 4500 6

319 4532 478 4596 Θεὸς,
501 4532 588 4586 διά
617 4533 726 4586 τῶν
749 4532 997 4602 συνήθων
1024 4533 1218 4596 αὐτοὺς
1243 4532 1420 4600 καλεῖ,
1458 4535 1663 4606 σφόδρα
1695 4553 1898 4604 συγκα-

315 4622 611 4689 ταϐαίνων,
635 4623 731 4676 καὶ
755 4621 871 4694 [90]
905 4621 1175 4677 δείκνυσιν
1207 4624 1405 4695 ἄστρον
1449 4625 1591 4694 μέγα
1618 4627 1710 4679 καὶ
1741 4627 1897 4697 ἐξηλ-

319 4713 614 4784 λαγμένον,
645 4714 788 4769 ὥστε
816 4715 911 4768 καὶ
957 4714 1034 4786 τῷ
1065 4714 1284 4786 μεγέθει
1322 4715 1417 4770 καὶ
1450 4716 1530 4786 τῷ
1568 4717 1756 4771 κάλλει
1796 4719 1897 4789 τῆς

317 4805 495 4874 ὅψεως
518 4807 716 4870 αὐτοὺς
746 4805 1035 4876 ἐκπλῆξαι,
1067 4807 1163 4860 καὶ
1189 4807 1266 4878 τῷ
1289 4807 1477 4878 τρόπῳ
1513 4808 1615 4878 τῆς
1647 4810 1892 4880 πορείας.

316 4899 507 4952 Ταῦτα
546 4899 639 4952 καὶ
683 4901 712 4952 6
763 4897 976 4962 Παῦλος
1027 4897 1363 4969 μιμούμενος
1411 4899 1518 4953 ἀπὸ
1559 4899 1744 4970 βωμοῦ
1783 4904 1897 4965 τοῖς

319 4989 549 5061 Ἕλλησι
575 4990 885 5059 διαλέγεται
904 5031 922 5056 ,
965 4990 1059 5043 καὶ
1089 4988 1326 5061 ποιητῶν
1353 4989 1593 5060 παράγει
1613 4991 1659 5023 ³⁸
1691 5009 1897 5062 μαρτυ-

319 5077 446 5150 ρίας
475 5081 554 5142 εἰς
590 5079 796 5148 μέσονο
829 5078 924 5131 καὶ
975 5077 1113 5148 μετά
1147 5078 1450 5149 περιτομῆς
1486 5080 1598 5141 τοῖς
1630 5080 1899 5145 Ἰουδαίοις

314 5170 640 5240 δημηγορεῖ,
669 5169 763 5224 καὶ
785 5169 895 5222 ἀπὸ
914 5168 1114 5223 θυσιῶν
1140 5169 1278 5239 πρὸς
1297 5169 1422 5231 τοὺς
1443 5169 1500 5221 ἐν
1521 5169 1672 5240 νόμῳ
1691 5168 1898 5234 ζῶντας

312 5260 417 5331 τὴν
463 5261 639 5332 ἀρχὴν
691 5264 927 5315 ποιεῖται
971 5260 1072 5331 τῆς
1118 5260 1482 5324 διδασκαλίας.
1527 5261 1742 5333 Ἐπειδὴ
1789 5262 1899 5335 γὰρ

315 5352 534 5422 ἐκάστῳ
558 5352 628 5406 τὰ
662 5352 864 5424 συνήθη
905 5351 1052 5422 φίλα,
1097 5351 1192 5406 καὶ
1222 5353 1250 5405 6
1281 5351 1412 5415 Θεὸς
1439 5351 1532 5405 καὶ
1560 5353 1609 5404 οἰ
1639 5353 1767 5423 παρ’
1797 5353 1897 5405 αὒ-

313 5439 413 5493 τοῦ
458 5441 800 5511 πεμφθέντες
839 5442 1116 5513 ἄνθρωποι
1154 5440 1292 5512 πρὸς
1313 5439 1412 5512 τὴν
1439 5441 1541 5512 τῆς
1576 5441 1898 5512 οἰκουμένης

238 5561 249 5590 ,-
317 5531 594 5600 σωτηρίαν
640 5529 783 5586 οὕτω
829 5531 900 5584 τὰ
948 5530 1249 5602 πράγματα
1304 5529 1760 5600 μεταχειρίζουσι.
1802 5531 1896 5602 Μὴ

229 5632 245 5680 Γ
315 5620 498 5675 τοίνυν
519 5621 738 5687 ἀνάξιον
767 5618 908 5677 εἶναι
930 5622 1158 5694 νομίσῃς
1187 5621 1374 5689 αὐτοῦ,
1390 5622 1450 5675 τὸ
1461 5622 1528 5676 δι’
1554 5622 1782 5693 ἀστέρος
1800 5622 1898 5677 αύ-

316 5712 448 5777 τοὺς
496 5713 724 5769 καλέσαι
744 5729 759 5745 ο
809 5714 938 5768 ἐπεὶ
976 5712 1120 5767 οὕτω
1169 5713 1264 5768 καὶ
1309 5715 1378 5768 τὰ
1426 5711 1691 5768 Ἰουδαϊκὰ
1722 5713 1899 5768 πάντα

398 5918 447 5951 ⁸¹
485 5919 618 5976 ἐκκε
657 5919 794 5992 υμέν
836 5937 865 5982 ς
899 5916 966 5972 D.
999 5915 1072 5973 Ε.
1097 5916 1442 5989 ἐκκεχυμένη
1478 5915 1540 5973 F.
1586 5917 1691 5972 An.
1723 5918 1926 5973 ἅπασιν
1951 5932 2064 5975 om.
2100 5917 2162 5974 Β.

398 6007 457 6022 η...
481 5988 522 6022 ιθ
620 5939 666 6022 ἦ
695 5936 960 6022 ..-ἂνω
992 5989 1109 6022 κν..
1144 5988 1258 6022 ιιι...
1315 5988 1423 6022 ιιι...
1488 5989 1650 6022 mnu.
1683 6001 1800 6022 nnc!
1841 5988 2162 6022 ξενηηυληρ.

323 5988 457 6056 τίαν
481 5988 543 6044 l“.

645 5987 666 6023 ι
695 5987 962 6060 ἆξαράγει]
992 5987 1280 6060 ἄγαμοι.
1314 5987 1448 6042 Ben}
1488 5989 1650 6060 paulo
1683 6001 1805 6058 post
1840 5990 1897 6042 t6

1997 5988 2171 6059 wdpeu.
2198 5989 2263 6044 A.
2289 5989 2349 6044 Β.
2383 5991 2442 6046 c.
2478 5989 2538 6044 υ.
2614 5991 2658 6022 ³³
2681 5991 2936 6060 ἀναγνάγτι

2478 345 2565 400 Γ,,
3504 386 3506 388 ,

2483 397 2489 429 ,
2526 397 2554 421 ν,

2485 437 2506 491 τι
3520 413 3587 467 ιδ

2000 541 2294 603 διαϐαλεῖς,
2323 537 2418 592 καὶ
2448 535 2546 600 τάς
2570 535 2761 599 θυσίας
2779 574 2794 601 ,
2834 533 2930 589 καὶ
2961 535 3086 596 τοὺς
3112 531 3453 603 καθαρμοὺς,
3481 531 3575 583 καὶ

2001 633 2100 696 τὰς
2119 629 2430 702 νεομηνίας,
2462 629 2556 683 καὶ
2590 627 2688 698 τὴν
2716 625 2946 679 κιϐωτὸν
2967 665 2982 690 ,
3010 623 3216 679 καὶτὸν
3237 623 3362 677 ναὸν
3386 623 3443 675 δὲ
3474 621 3574 674 αὑ-

2001 724 2112 779 τόν.
2143 723 2252 778 Καὶ
2275 722 2386 794 γάρ
2431 720 2491 786 ἐξ
2527 719 2843 789 Ἑλληνικῆς
2874 716 3047 770 ταῦτα
3083 715 3393 786 παχύτητος
3416 713 3575 768 ἔλαϐε

2001 815 2102 888 τὴν
2133 815 2328 886 ἀρχήν.
2347 813 2488 867 Ἀλλ’
2510 811 2661 882 ὅμως
2691 811 2720 862 6
2739 809 2868 872 Θεὸς
2891 808 2978 862 διὰ
3005 806 3103 879 τὴν
3131 808 3238 859 τῶν
3275 803 3576 876 πλανηθέν-

2001 923 2110 960 των
2137 905 2408 976 σωτηρίαν
2435 903 2692 974 ἠνέσχετο
2712 901 2801 954 διὰ
2833 899 3037 954 τούτων
3065 896 3485 969 θεραπευθῆναι,
3510 893 3575 948 δι’

2001 989 2076 1052 ὧν
2106 997 2155 1050 οἰ
2193 994 2390 1060 ἔξωθεν
2415 994 2672 1065 δαίμονας
2697 990 3048 1061 ἐθεράπευον,
3076 988 3268 1059 μικρὸν
3302 985 3576 1057 παραλλά-

2002 1085 2099 1152 ξας
2137 1087 2314 1141 αὑτά’
2355 1087 2444 1140 ῑνα
2487 1085 2683 1146 αὐτοὺς
2715 1081 2854 1136 κατὰ
2908 1079 3103 1152 μικρὸν
3144 1078 3244 1149 τῆς
3290 1076 3575 1147 συνηθείας

1999 1177 2327 1239 ἀποσπάσας
2362 1174 2454 1227 ἐπὶ
2481 1173 2580 1244 τὴν
2616 1172 2824 1243 ὑψηλὴν
2850 1172 3032 1241 ἀγάγῃ
3058 1171 3102 1202 ³⁵
3135 1169 3471 1239 φιλοσοφίαν.
3512 1166 3577 1219 Ὃ

1998 1268 2064 1337 δὴ
2095 1267 2189 1321 καὶ
2219 1267 2312 1320 ἐπὶ
2344 1265 2452 1319 τῶν
2483 1264 2672 1335 μάγων
2697 1261 2940 1332 ἐποίησε,
2963 1259 3030 1313 δι’
3052 1258 3228 1329 ὅψεως
3253 1257 3451 1327 ἄστρου
3484 1271 3578 1306 κα.

1997 1357 2153 1412 λέσαι
2189 1357 2387 1419 αὐτοὺς
2417 1353 2817 1424 ἀνασχόμενος,
2862 1352 2949 1404 ἶνα
2981 1350 3166 1403 λοιπὸν
3216 1345 3577 1418 ὑψηλοτέρους

1996 1457 2314 1529 ἐργάσηται.
2352 1454 2505 1508 Ἐπεὶ
2541 1449 2634 1506 οὖν
2679 1453 2852 1524 ἤγαγε
2902 1451 2996 1504 καὶ
3024 1446 3452 1519 ἐχειραγώγησε,
3479 1446 3574 1498 καὶ

1997 1547 2136 1619 πρὸς
2162 1548 2260 1618 τὴν
2303 1547 2510 1616 φάτνην
2557 1545 2803 1615 ἔστησεν,
2840 1543 3022 1596 οὐκέτι
3062 1541 3128 1592 δι’
3175 1540 3398 1610 ἄστρου,
3437 1537 3574 1590 ἀλλά

1993 1617 2060 1691 διἰ
2095 1617 2329 1707 ἀγγέλου
2381 1636 2567 1689 λοιπὸν
2616 1635 2801 1696 αὐτοῖς
2850 1632 3192 1700 διαλέγεται,
3251 1627 3394 1682 οὕτω
3431 1617 3592 1681 κατά

1997 1726 2194 1796 μικρὸν
2228 1725 2468 1795 βελτίους
2489 1724 2755 1791 ἐγένοντο.
2789 1721 2961 1775 Τοῦτο
2990 1721 3083 1774 καὶ
3117 1721 3209 1773 ἐπὶ
3236 1719 3345 1772 τῶν
3375 1720 3571 1771 Ἀσκα-

1995 1816 2232 1870 λωνιτῶν
2277 1817 2372 1870 καὶ
2403 1813 2653 1879 Γαζαίων
2699 1813 2943 1884 ἐποίησε.
2986 1811 3099 1864 Καὶ
3142 1810 3251 1882 γὰρ
3311 1811 3366 1863 αἰ
3411 1808 3572 1861 πέντε

1996 1906 2177 1968 πόλεις
2205 1906 2443 1969 ἐκεῖναι,
2483 1904 2672 1975 ἐπειδὴ
2714 1903 2815 1972 τῆς
2848 1899 3082 1956 κιϐωτοῦ
3127 1897 3573 1969 παραγενομένης

1996 1995 2314 2064 ἐπλήγησαν
2361 1992 2579 2064 καιρίαν
2637 1991 2872 2063 πληγὴν,
2912 1991 3008 2044 καλ¹
3054 1987 3373 2057 ἀπαλλαγὴν
3435 1986 3575 2038 οὐδε-

1998 2084 2125 2152 μίαν
2150 2083 2403 2154 εὖρισκον
2433 2081 2541 2136 τῶν
2567 2082 2929 2151 ἐπικειμένων
2965 2077 3172 2142 κακῶν,
3199 2079 3326 2140 τοὺς
3350 2076 3572 2146 μάντεις

1994 2171 2342 2240 καλέσαντες,
2389 2174 2482 2226 καὶ
2522 2173 2816 2243 ἐκκλησίαν
2857 2170 3289 2239 συναγαγόντες,
3345 2168 3572 2238 ἐζήτουν

1993 2263 2146 2316 λύσιν
2169 2265 2348 2334 εὑρεῖν
2376 2263 2475 2333 τῆς
2505 2263 2766 2334 θεηλάτου
2797 2263 3012 2333 πληγῆς
3043 2260 3278 2332 ἐκείνης.
3305 2254 3436 2311 Εἶτα
3465 2257 3572 2310 τῶν

1997 2353 2242 2424 μάντεων
2269 2352 2382 2425 [91]
2416 2355 2698 2418 εἰπόντων,
2722 2354 2804 2406 ὅτι
2832 2351 3091 2422 δαμάλεις
3121 2350 3463 2418 ἀδαμάστους
3479 2349 3572 2400 καὶ

1995 2446 2444 2516 πρωτοτοκούσας
2476 2442 2771 2508 ὕποζεῦξαι
2800 2445 2867 2512 τῇ
2905 2439 3121 2508 κιϐωτῷ
3159 2437 3285 2507 χρὴ,
3321 2437 3416 2488 καὶ
3439 2435 3574 2504 μηδ-

1994 2536 2112 2599 ενὸς
2162 2535 2628 2606 χειραγωγοῦντος
2687 2535 2904 2603 ἀφεῖναι
2968 2530 3230 2601 βαδίζεινο
3279 2525 3422 2579 οὕτω
3462 2525 3575 2596 γὰρ.

1996 2627 2144 2682 ἔσται
2184 2627 2502 2698 κατάδηλον,
2543 2628 2651 2681 εῑτε
2699 2625 2956 2696 θεήλατος
2994 2618 3062 2692 ἦν
3079 2623 3124 2652 ³⁸
3154 2622 3187 2690 ή
3226 2618 3427 2689 πληγὴ,
3459 2618 3570 2669 εἴτε

1993 2721 2059 2772 ἐκ
2085 2719 2388 2790 περιφορᾶς
2427 2735 2574 2780 τινος
2618 2719 2652 2787 ή
2687 2717 2841 2778 νόσος
2876 2714 2972 2784 (ἂν
3002 2712 3099 2783 μὲν
3122 2710 3248 2781 γὰρ,
3279 2708 3436 2779 φησὶ,
3475 2707 3574 2760 τὸν

1994 2809 2156 2878 ζυγὸν
2188 2809 2293 2862 ὑπὸ
2333 2809 2435 2880 τῆς
2471 2807 2728 2878 ἀπειρίας
2783 2803 3225 2875 συντρίψωσιν,ἢ
3283 2801 3420 2871 πρὸς
3471 2800 3577 2864 τὰς

1992 2899 2250 2970 δαμάλεις
2282 2899 2609 2970 μυκωμένας
2637 2895 3036 2969 ἐπιστραφῶσι,
3077 2891 3337 2963 συντυχία
3380 2891 3442 2944 τὸ
3478 2907 3564 2959 γε⁶

1994 2989 2289 3059 γενημένον
2323 2990 2502 3042 ἐστίν’
2530 2987 2596 3042 ἂν
2624 2987 2680 3040 δέ
2708 2985 2844 3057 ὀρθὰ
2872 2984 3146 3055 βαδίσωσι,
3175 2981 3270 3037 καὶ
3289 2979 3411 3034 οὕτε
3434 2979 3569 3050 πρὸς

1993 3080 2084 3133 τὸν
2126 3081 2413 3152 μυκηθμὸν
2457 3081 2565 3134 τῶν
2600 3078 2828 3132 παιδίων
2861 3075 3165 3148 πάσχουσαι
3195 3092 3267 3140 τι,
3314 3073 3439 3126 οὔτε
3467 3072 3575 3126 ὑπδ

1993 3170 2091 3240 τῆς
2120 3169 2342 3237 ἀγνοίας
2369 3168 2468 3240 τῆς
2498 3167 2642 3220 κατά
2671 3168 2770 3237 τὴν
2796 3165 2933 3230 ὁδὸν,
2965 3163 3331 3235 πλανηθῶσιν,
3351 3161 3581 3233 εῠδηλον

1995 3262 2075 3314 ὅτι
2105 3262 2139 3332 ἡ
2169 3260 2263 3314 τοῦ
2314 3261 2453 3314 Θεοῦ
2484 3260 2604 3330 χείρ
2647 3261 2794 3311 ἐστιν
2845 3260 2876 3328 ἦ
2939 3255 3196 3326 ἁψαμένη
3226 3254 3336 3309 τῶν
3365 3255 3577 3308 πόλεων

1994 3351 2231 3422 τούτων)
2253 3370 2268 3385 ο
2304 3352 2428 3406 ἐπεὶ
2457 3349 2550 3405 οῦν
2602 3350 2773 3403 ταῦτα
2823 3348 2935 3401 τῶν
2993 3347 3240 3416 μάντεων
3291 3343 3576 3409 εἰπόντων,

1996 3442 2328 3513 ἐπείσθησαν
2376 3444 2423 3494 οἱ
2466 3440 2564 3504 τὰς
2625 3439 2811 3500 πόλεις
2860 3436 3136 3500 οἰκοῦντες
3192 3435 3429 3498 ἐκείνας,
3477 3433 3574 3487 καὶ

1997 3533 2258 3603 ἐποίησαν
2279 3533 2354 3596 ὡς
2389 3530 2788 3602 ἐκελεύσθησαν
2807 3569 2823 3593 ,
2857 3528 2948 3582 καὶ
2979 3530 3007 3580 6
3039 3526 3171 3590 Θεὸς
3197 3528 3270 3596 τῇ
3299 3525 3409 3578 τῶν
3438 3525 3580 3595 μάν-

1995 3643 2132 3680 τεων
2161 3625 2494 3695 ἠκολούθησε
2527 3623 2740 3694 γνώμῃ,
2779 3618 3228 3690 συγκαταϐαίνων
3256 3617 3416 3672 πάλιν
3436 3654 3451 3679 ,
3483 3615 3576 3668 καὶ

1997 3717 2096 3770 οὐκ
2121 3717 2369 3786 ἐνόμισεν
2401 3715 2616 3780 ἀνάξιον
2647 3709 2786 3766 εἷναι
2817 3710 2983 3766 αὑτοῦ
3029 3711 3138 3764 τῶν
3185 3708 3430 3778 μάντεων
3477 3705 3582 3775 τὴν

1997 3807 2300 3880 πρόρρησιν
2329 3808 2409 3870 εἰς
2431 3807 2590 3881 ἔργον
2615 3805 2924 3873 ἐξαγαγεῖν,
2963 3802 3059 3856 καὶ
3089 3801 3313 3868 ποιῆσαι
3352 3800 3576 3860 πιστοὺς

1997 3895 2138 3952 εἶναι
2175 3899 2372 3963 δοκεῖν,
2414 3900 2470 3950 ἐν
2515 3892 2595 3960 οἷς
2632 3897 2755 3951 τότε
2773 3895 3058 3964 εἰρήκασι.
3099 3891 3210 3944 Καὶ
3243 3888 3351 3959 γὰρ
3389 3888 3573 3959 μεῖζον

1997 3987 2058 4041 τὸ
2111 3987 2540 4058 κατορθούμενον
2586 3982 2674 4056 ἦν,
2703 3985 2781 4053 τῷ
2810 3985 2854 4015 ³⁷
2898 3983 2990 4036 καὶ
3021 3980 3220 4042 αὐτοὺς
3253 3981 3381 4041 τοὺς
3421 3979 3574 4030 ἐναν-

1997 4078 2145 4141 τίους
2179 4077 2524 4148 μαρτυρῆσαι
2550 4079 2617 4145 τῇ
2651 4074 2748 4127 τοῦ
2769 4073 2903 4127 Θεοῦ
2925 4072 3173 4141 δυνάμει,
3196 4073 3289 4125 καὶ
3324 4073 3422 4140 τὴν
3446 4088 3512 4123 πε
3523 4071 3582 4139 pl

1999 4168 2164 4222 αὑτοῦ
2214 4167 2394 4236 ψῆφον
2451 4166 2576 4228 τοὺς
2612 4163 2790 4218 αὐτῶν
2853 4161 3204 4225 διδασκάλους
3252 4160 3574 4228 ἐξενεγκεῖν.

2000 4261 2111 4314 Καὶ
2141 4259 2304 4330 ἕτερα
2335 4258 2392 4311 δὲ
2421 4257 2590 4312 πολλὰ
2617 4256 2840 4310 τοιαῦτα
2871 4255 2970 4310 ίδοι
2999 4273 3082 4319 τις
3100 4254 3165 4309 ἂν
3193 4253 3577 4324 οἰκονομοῦντα

2000 4351 2090 4406 τὸν
2117 4351 2272 4405 Θεὸν.
2315 4351 2426 4402 Καὶ
2453 4348 2561 4421 γὰρ
2610 4350 2703 4402 καί⁵
2740 4349 2801 4402 τὸ
2852 4348 2943 4400 ἐπὶ
2985 4345 3085 4416 τῆς
3135 4331 3575 4416 ἐγγαστριμύθου

2001 4443 2174 4514 τούτῳ
2226 4441 2514 4511 προσέοικε
2563 4441 2662 4511 τῆς
2714 4422 3023 4510 οἰκονομίας
3064 4437 3142 4509 τῷ
3169 4437 3383 4510 τρόπῳ,
3415 4435 3444 4488 6
3484 4435 3581 4488 καὶ

2003 4535 2159 4603 ὑμεῖς
2182 4533 2367 4588 λοιπὸν
2393 4532 2503 4587 ἀπὸ
2531 4531 2642 4586 τῶν
2667 4532 2969 4605 εἰρημένων
2992 4528 3241 4584 ἐπιλῦσαι
3260 4527 3574 4598 δυνήσεσθε.

1998 4637 2105 4690 Τοῦ
2135 4636 2234 4707 μὲν
2282 4631 2375 4688 οὖν
2428 4633 2656 4705 ἀστέρος
2685 4632 2868 4685 ἕνεκεν
2910 4631 3072 4700 παρὰ.
3096 4631 3192 4699 μὲν
3223 4629 3380 4700 ήμῶν
3405 4630 3578 4681 ταῦτα

1998 4728 2234 4800 εἴρηται,
2264 4725 2415 4796 παρὰ
2445 4725 2502 4778 δὲ
2523 4722 2677 4793 ὑμῶν
2705 4723 2800 4775 καὶ
2836 4721 3055 4773 πλείονα
3084 4719 3342 4789 λεχθῆναι
3375 4719 3576 4772 δύναιτ’

1999 4819 2096 4874 ἄν·
2132 4818 2308 4872 Διδου
2339 4818 2473 4886 γὰρ,
2515 4813 2672 4886 φησὶ,
2703 4811 2875 4882 σοφῷ
2919 4811 3221 4881 ἀφορμὴν,
3257 4811 3356 4864 καὶ
3381 4812 3578 4881 σοφώ-

1999 4927 2167 4979 τερος
2185 4910 2377 4964 ἔσται.

2070 5001 2134 5058 δ’.
2152 5004 2242 5055 Δεῖ
2256 5001 2313 5054 δὲ
2342 5000 2528 5052 λοιπὸν
2549 4997 2642 5050 ἐπὶ
2665 4996 2764 5066 τὴν
2793 4993 2968 5066 ἀρχὴν
2985 4993 3092 5046 τῶν
3123 4992 3580 5062 ἀναγνωσθέντων

2001 5093 2197 5147 ἐλθεῖν.
2229 5091 2326 5155 Τίς
2359 5091 2416 5145 δέ
2442 5092 2476 5160 ἡ
2507 5089 2685 5161 ἀρχή;
2712 5086 2828 5141 Τοῦ
2853 5084 2922 5138 δὲ
2960 5084 3163 5152 Ἰησοῦ
3185 5085 3581 5154 γεννηθέντος

2001 5185 2071 5239 ἐν
2098 5184 2372 5251 Βηθλεὲμ
2416 5181 2529 5250 τῆς
2565 5179 2880 5244 Ἰουδαίας,
2921 5177 2992 5232 ἐν
3033 5176 3281 5247 ἡμέραις
3319 5175 3576 5244 Ἡρώδου

2001 5277 2110 5331 τοῦ
2131 5274 2455 5341 βασιλέως,
2489 5271 2616 5328 ἰδοὺ
2641 5270 2820 5340 μάγοι
2852 5269 2971 5324 ἀπὸ
3017 5267 3330 5323 ἀνατολῶν
3367 5268 3579 5336 ἔρχον-

2003 5383 2097 5420 ται
2118 5370 2206 5433 είς
2247 5366 2656 5434 Ἰεροσόλυμα.
2687 5362 2866 5430 Μάγοι
2899 5359 2999 5431 μὲν
3023 5359 3252 5429 ἀστέρος
3281 5358 3580 5427 κατάρχον-

2002 5473 2094 5520 τος
2109 5453 2500 5527 ἠκολούθησανυ
2521 5446 2666 5506 οῦτοι
2687 5450 2744 5505 δέ
2767 5450 2889 5504 οὐδὲ
2914 5447 3210 5522 προφητῶν
3247 5447 3583 5518 ἐνηχούντων

2003 5546 2351 5600 ἐπίστευσαν.
2381 5543 2537 5606 Τίνος
2560 5541 2618 5595 δὲ
2640 5540 2685 5573 ³⁸
2716 5540 2903 5594 ἕνεκεν
2945 5540 3077 5610 ἡμῖν
3125 5538 3220 5592 καὶ
3252 5537 3342 5590 τὸν
3393 5537 3581 5607 χρόνον

2004 5632 2179 5702 λέγει,
2225 5633 2322 5686 καὶ
2354 5631 2446 5686 τὸν
2473 5632 2660 5695 τόπον,
2693 5629 2797 5685 Ἕν
2823 5626 3094 5697 Βηθλεὲμ
3130 5627 3322 5692 εἰπὼν,
3353 5628 3453 5698 καὶ⁸
3478 5627 3583 5679 Ἐν

2004 5721 2136 5787 ταῖς
2187 5722 2434 5792 ἡμέραις
2474 5719 2733 5788 Ἡρώδου
2784 5717 2894 5774 τοῦ
2945 5717 3287 5784 βασιλέως
3339 5717 3478 5780 τίνος
3525 5717 3581 5770 δὲ

2267 5918 2317 5991 ’ξ
2341 5918 2684 5991 Vid._adn0t.
2730 5918 3024 5991 ἀπολογίας
3046 5914 3343 5991 ἀφορμὴν]
3367 5917 3574 5991 ἀπολοέ

2966 5990 3025 6044 υ.
3062 5991 3133 6044 [ς.
3156 5989 3323 6061 νι-ηιεεί
3355 5990 3578 6061 Eine-“1*!

321 6045 460 6147 ¹ξοῦν
489 6059 550 6114 F.
631 6061 676 6092 “
703 6045 911 6133 ἧνόιίι.
941 6045 1004 6114 Ᾰ.
1039 6045 1186 6133 ΕΈ.
1214 6045 1548 6131 πάσχουσαι]
1579 6045 1830 6132 πάσδςῶσι
1860 6061 1897 6116 E

1999 6045 2171 6120 anm
2203 6060 2267 6116 F.
2343 6045 2969 6134 "emamnﬁui
3049 6061 3093 6094 σε
3115 6059 3198 6134 δὲ]
3225 6056 3318 6116 οὖν
3340 6045 3488 6115 Λευ.
3510 6045 3576 6115 (:1
