4066 6434
325 439 394 496 67
1494 446 1563 502 IN
1603 444 2014 503 MATTHIEUM
2048 447 2278 501 "OMIL.
2314 446 2403 502 Vl.
3525 448 3596 501 68

332 577 400 616 ne
427 555 706 629 prophetis
724 553 940 625 quidem
962 549 1399 606 annuntiantibus
1422 550 1777 606 crediderunt.
1808 551 1917 605 Cur

327 659 507 706 autem
539 645 696 702 nobis
730 655 784 699 et
822 654 1029 713 tempus
1066 641 1196 696 dicit
1227 648 1281 696 et
1309 641 1521 706 locum,
1550 640 1678 696 dum
1707 641 1815 708 ait,
1848 641 1916 694 In

329 739 624 795 Bethleheat
643 778 659 803 ,
688 747 744 789 et
762 776 777 798 ,
807 734 875 788 In
896 733 1072 786 diebus
1106 730 1324 786 Herodis
1355 731 1526 800 regis?
1560 746 1661 800 qua
1693 745 1822 785 vero
1850 729 1919 785 de

327 846 492 888 causa
525 829 835 899 dignitatem
882 825 1044 880 etiam
1085 821 1665 896 addiditYDignitatem
1696 818 1919 890 quidem

330 923 568 989 addidit,
597 917 847 989 quoniam
881 922 937 970 et
972 913 1107 968 alius
1137 911 1235 966 fuit
1270 911 1506 966 Herodes
1530 910 1620 980 qui
1660 909 1919 965 Joannem

328 1011 565 1073 occidit;
597 1007 692 1063 sed
721 1007 810 1061 bic
837 1005 1138 1067 tetrarcba,
1169 1003 1260 1059 ille
1285 1018 1378 1058 rex
1410 1011 1544 1057 erat.
1588 1002 1789 1057 Locum
1827 1018 1920 1057 au-

333 1114 445 1159 tem
475 1101 661 1158 scribit
685 1108 738 1156 et
764 1108 975 1166 tempus
1011 1096 1140 1151 dum
1175 1094 1484 1165 prophetias
1522 1093 1676 1148 nobis
1712 1103 1922 1150 veteres

330 1198 753 1258 commemorat,
801 1204 1025 1260 quarum
1065 1187 1290 1243 alteram
1333 1187 1578 1242 Michzras
1623 1187 1802 1242 emisit
1841 1187 1924 1242 bis

329 1286 514 1342 verbis
541 1302 555 1339 :
582 1282 648 1337 Et
675 1292 728 1336 tu
756 1281 1048 1336 Bethfeltem
1081 1289 1217 1334 terra
1255 1279 1397 1334 Iuda
1416 1320 1432 1345 ,
1470 1296 1787 1350 nequaquam
1828 1278 1926 1332 mi~

333 1378 473 1430 nima
501 1391 554 1431 es
576 1374 629 1428 in
668 1373 980 1444 principibus
1001 1370 1033 1425 J
1042 1371 1140 1424 uda
1174 1369 1358 1443 (Mich.
1386 1370 1438 1425 5.
1463 1368 1552 1440 2);
1580 1370 1802 1424 alteram
1834 1384 1926 1440 pa-

333 1467 566 1522 triarcha
589 1465 754 1521 Jacob
773 1506 788 1528 ,
816 1464 906 1536 qui
934 1463 1086 1519 nobis
1111 1472 1318 1531 tempus
1341 1462 1622 1532 exprimit,
1648 1477 1928 1533 magnum-

333 1575 440 1631 que
488 1559 697 1630 signum
737 1557 996 1612 adventus
1033 1555 1151 1626 ejus
1195 1554 1448 1625 apponit;
1496 1569 1618 1609 nam
1658 1556 1773 1610 ait:
1808 1554 1928 1610 Non

331 1656 595 1724 auferetur
650 1650 882 1719 princeps
929 1648 993 1701 de
1035 1645 1209 1712 Juda,
1249 1663 1342 1700 nec
1392 1645 1501 1700 dua;
1548 1646 1613 1701 de
1656 1645 1928 1718 femoribus

335 1745 451 1813 ejus
480 1785 496 1809 ,
550 1741 709 1797 donec
757 1741 924 1794 ueniat
968 1738 1050 1792 cui
1097 1739 1375 1807 repositum
1421 1746 1497 1791 est
1532 1754 1552 1791 :
1595 1748 1640 1790 et
1691 1737 1800 1808 ipse
1843 1753 1930 1790 ea:-

336 1833 586 1905 spectatio
621 1832 843 1904 gentium
883 1828 1034 1902 (Gen.
1079 1829 1326 1897 49.10).
1371 1826 1476 1884 Sed
1524 1827 1654 1882 illud
1707 1841 1922 1898 quoque

338 1922 718 1996 inquirendum
759 1930 876 1988 est,
922 1934 1042 1990 qua:
1082 1931 1244 1975 causa
1283 1918 1416 1989 ipsis
1460 1917 1619 1973 fuerit
1660 1919 1786 1973 talia
1826 1933 1924 1974 co-

336 2015 580 2088 gitandi,
631 2025 686 2072 et
732 2016 852 2086 quis
894 2016 1016 2069 illos
1054 2015 1120 2069 ad
1163 2015 1284 2070 talia
1318 2013 1522 2084 agenda
1561 2012 1932 2069 concitaverit.

339 2106 528 2177 Neque
567 2106 713 2160 enim
755 2105 886 2159 mibi
929 2104 1143 2160 videtur
1182 2103 1297 2159 haec
1332 2119 1489 2173 posse
1515 2103 1582 2157 ad
1611 2102 1781 2158 solam
1807 2101 1934 2156 stel-

339 2199 451 2255 lam
481 2197 708 2264 referri;
741 2196 835 2254 sed
861 2197 928 2252 ad
958 2198 1128 2253 Deum
1155 2197 1245 2268 qui
1274 2211 1459 2252 eorum
1502 2195 1712 2250 animos
1754 2194 1932 2250 conci-

335 2291 475 2346 tavit
497 2310 512 2346 :
534 2291 586 2346 id
613 2290 756 2361 quod
777 2291 938 2345 etiam
971 2289 1023 2344 in
1044 2289 1188 2361 Cyro
1217 2288 1341 2344 fecit
1359 2331 1375 2356 ,
1407 2303 1530 2344 cum
1553 2287 1670 2358 ejus
1695 2288 1932 2342 animum

337 2383 586 2448 induxit,
631 2391 691 2438 ut
718 2381 934 2438 Judaaos
973 2381 1269 2437 dimitteret
1313 2379 1523 2451 (Paral.
1574 2379 1705 2449 36);
1759 2392 1934 2448 neque

341 2481 526 2528 tamen
571 2472 699 2527 illud
731 2473 802 2527 ita
847 2481 1103 2542 operatus
1143 2483 1244 2538 εει,
1277 2480 1332 2526 ut
1362 2471 1587 2529 liberum
1632 2471 1747 2538 ejus
1788 2467 1933 2523 arbi-

335 2565 503 2618 trium
523 2563 775 2618 tolleret:
806 2562 1234 2633 quandoquidem
1259 2571 1314 2618 et
1341 2577 1461 2616 cum
1484 2560 1705 2616 Paulum
1732 2576 1798 2615 ex
1825 2559 1932 2616 alto

345 2655 592 2719 vocavit,
619 2664 670 2709 et
694 2654 922 2724 gratiam
949 2669 1102 2708 suam
1134 2662 1190 2708 et
1222 2653 1340 2723 ejus
1372 2653 1775 2722 obsequentiam
1805 2665 1936 2706 con-

338 2746 583 2814 spicuam
610 2744 790 2800 effecit
814 2744 952 2818 (Act.
992 2743 1072 2816 9).
1120 2745 1189 2799 At
1215 2744 1422 2815 inquies
1443 2784 1457 2807 ,
1486 2742 1596 2798 Cur
1621 2758 1729 2799 non
1754 2744 1933 2799 omni-

339 2836 443 2890 bus
493 2837 662 2906 magis
713 2835 819 2893 hoc
864 2835 1039 2906 ipsum
1086 2834 1384 2892 revelavit?
1423 2836 1556 2904 Quia
1597 2851 1704 2891 non
1744 2851 1932 2892 omnes

335 2928 599 2984 credituri
622 2936 776 2985 erant
793 2969 811 2995 ,
841 2926 894 2982 hi
917 2943 1046 2983 vero
1073 2935 1227 2984 erant
1253 2927 1373 2983 aliis
1402 2929 1735 2998 paratiores:
1759 2927 1932 2998 siqui-

335 3018 464 3072 dem
503 3032 623 3072 cum
664 3018 958 3073 innumerae
998 3026 1189 3088 gentes
1230 3017 1503 3089 perirent,
1553 3016 1621 3072 ad
1669 3017 1932 3074 Ninivitas

333 3110 512 3163 solum
554 3107 812 3178 propheta
859 3109 1057 3162 missus
1098 3117 1219 3164 est:
1251 3108 1465 3179 duoque
1489 3117 1642 3164 erant
1679 3110 1730 3163 in
1771 3122 1932 3165 cruce

340 3198 620 3264 latrones,
648 3208 702 3252 et
724 3198 861 3254 alter
891 3207 1096 3253 tantum
1125 3199 1351 3254 salutem
1383 3208 1570 3255 nactus
1590 3209 1693 3256 est.
1727 3200 1930 3256 Horum

336 3291 522 3361 itaque
567 3291 816 3347 virtutem
862 3293 1172 3362 perpende;
1214 3308 1323 3348 non
1348 3293 1488 3364 quod
1518 3294 1792 3358 venerint,
1834 3292 1931 3349 sed

333 3381 482 3451 quod
511 3395 635 3436 cum
676 3381 866 3438 ﬁducia
895 3392 951 3438 et
976 3381 1292 3454 simpliciter
1332 3383 1560 3455 egerint.
1605 3383 1821 3440 Etenim
1863 3398 1931 3440 ne

337 3474 570 3530 subdole
613 3475 757 3530 missi
806 3475 1122 3543 videantur,
1166 3484 1356 3548 etquo
1383 3476 1520 3533 duce
1558 3477 1834 3542 venerint,
1877 3485 1932 3532 et

335 3566 438 3620 via:
478 3565 868 3636 longitudinem
897 3576 1159 3635 narrant,
1199 3577 1254 3623 et
1281 3567 1533 3638 loquendi
1566 3567 1810 3624 ﬁduciam
1838 3584 1932 3624 ex-

335 3656 564 3714 hibent:
593 3671 716 3712 nam
745 3659 914 3724 aiunt,
956 3657 1196 3712 Venimus
1225 3657 1440 3712 adorare
1461 3675 1611 3722 eum;
1634 3673 1807 3728 neque
1835 3674 1932 3728 po-

336 3749 445 3818 puli
472 3748 744 3815 furorem,
779 3763 955 3819 neque
981 3750 1122 3820 regis
1156 3749 1493 3820 tyrannidem
1534 3748 1924 3806 reformidant:

331 3848 662 3910 quapropter
686 3840 935 3896 videntur
962 3841 1092 3895 mihi
1115 3842 1277 3896 etiam
1303 3842 1681 3898 contribulium
1708 3857 1930 3898 suorum

332 3931 584 3986 doctores
608 3931 753 3986 domi
787 3931 970 3986 fuisse.
1001 3931 1135 3986 Nam
1165 3932 1257 4002 qui
1296 3933 1416 3987 istic
1447 3933 1574 3988 illud
1605 3933 1787 3990 dicere
1820 3950 1927 3989 non

331 4022 681 4087 dubitarunt,
728 4022 898 4076 multo
932 4022 1102 4093 magis
1130 4023 1185 4076 in
1213 4024 1385 4093 patria
1423 4038 1519 4078 sua
1558 4039 1620 4078 ea
1650 4023 1718 4079 de
1749 4040 1809 4078 re
1843 4025 1927 4078 lo-

332 4113 486 4183 quuti
531 4113 699 4168 libere
744 4112 972 4178 fuerint,
1017 4113 1216 4184 quippe
1248 4114 1338 4183 qui
1369 4121 1424 4168 et
1449 4113 1725 4168 oraculum
1753 4114 1926 4184 angeli

338 4203 717 4271 accepissent,
749 4211 804 4258 et
846 4203 1123 4273 prophetae
1172 4205 1535 4260 testimonium
1583 4205 1823 4260 allatum.
1868 4205 1922 4259 5.

329 4293 558 4348 Audiens
585 4303 758 4348 autem
789 4292 1055 4363 Herodes,
1102 4298 1210 4362 ait,
1259 4294 1488 4348 turbatus
1529 4305 1630 4360 est,
1676 4305 1721 4349 et
1762 4299 1926 4350 omnis

329 4383 654 4455 Jerosotyma
693 4401 807 4439 cum
843 4386 954 4440 illo.
992 4385 1123 4442 Jure
1158 4386 1371 4457 quidem
1407 4387 1680 4455 llerodes,
1710 4387 1800 4458 qui
1830 4404 1923 4443 rex

330 4483 484 4541 erat,
515 4476 614 4532 sibi
648 4475 879 4548 ﬁliisque
907 4477 1169 4533 timebat:
1199 4479 1534 4549 .lerosolyma
1582 4495 1711 4535 vero
1759 4496 1925 4551 quare

327 4570 539 4625 turbata
569 4579 653 4626 est
672 4611 689 4635 ,
738 4569 1166 4640 quandoquidem
1193 4571 1370 4642 ipsum
1390 4580 1444 4628 et
1467 4581 1799 4628 servatorem
1817 4611 1838 4641 ,
1864 4584 1920 4629 et

326 4659 627 4715 beneﬁcum
649 4700 667 4726 ,
706 4669 760 4714 et
785 4659 1128 4715 liberatorem
1155 4659 1264 4730 jam
1307 4661 1436 4716 olim
1475 4663 1751 4733 pmphetze
1776 4677 1917 4733 prae-

327 4749 612 4805 dixerant?
635 4747 743 4805 Cur
771 4763 900 4821 ergo
927 4749 1121 4806 turbati
1149 4752 1316 4808 sunt?
1354 4751 1560 4808 Eodem
1599 4755 1782 4808 animo
1811 4768 1919 4823 quo

325 4843 458 4898 olim
504 4843 805 4898 beneﬁcum
851 4844 1017 4900 Deum
1057 4845 1468 4912 aversabantur,
1496 4856 1552 4902 et
1576 4862 1769 4904 carnes
1798 4849 1916 4905 illas

323 4932 670 5014 Egyptiacas
711 4937 1234 5003 commemorabant,
1279 4938 1406 4992 dum
1439 4949 1583 4995 tanta
1613 4939 1918 4997 fruerentur

326 5025 594 5082 libertate.
623 5027 704 5082 Tu
732 5041 860 5083 vero
893 5027 1022 5083 mihi
1051 5029 1322 5099 perpende
1351 5040 1602 5088 accurata
1630 5033 1913 5103 pr0plteta-

324 5133 446 5173 rum
485 5117 644 5173 dicta.
691 5117 824 5173 Nam
866 5119 994 5173 illud
1035 5121 1208 5189 ipsum
1239 5121 1348 5191 jam
1383 5123 1511 5178 olim
1541 5125 1915 5195 prtenuntiavit

324 5211 586 5279 propheta
624 5211 708 5266 his
750 5209 966 5265 verbis:
995 5211 1208 5283 Cupient
1238 5213 1281 5267 si
1314 5214 1437 5284 [acti
1470 5224 1585 5268 sunt
1630 5215 1746 5286 igne
1780 5233 1916 5270 com-

325 5301 462 5356 busti
485 5318 503 5356 :
524 5303 643 5371 quia
665 5318 792 5373 puer
824 5313 974 5356 natus
999 5312 1069 5357 est
1091 5304 1233 5358 nobis
1251 5345 1266 5370 ,
1301 5313 1349 5357 et
1369 5305 1507 5373 ﬁlius
1541 5306 1691 5361 datus
1719 5320 1792 5361 est
1819 5325 1915 5360 ηο-

327 5393 405 5448 bis
435 5393 588 5464 (Isai.
625 5395 679 5451 9.
721 5395 775 5450 5.
817 5394 896 5465 6).
944 5396 1193 5451 Attamen
1226 5395 1552 5466 perturbati,
1583 5414 1690 5453 non
1720 5409 1913 5454 curant

323 5485 512 5541 videre
535 5485 676 5556 quod
708 5496 915 5556 gestum
944 5495 1060 5553 est,
1103 5501 1209 5540 non
1237 5501 1423 5556 magos
1451 5499 1770 5558 sequuntur,
1809 5505 1914 5545 non

323 5578 701 5642 sciscitantur;
738 5578 809 5633 ita
834 5578 1088 5633 nimirum
1117 5579 1438 5634 contentiosi
1466 5587 1522 5634 et
1545 5581 1702 5635 simul
1731 5596 1916 5638 socor-

323 5669 424 5725 des
469 5683 579 5736 pra:
624 5669 874 5724 omnibus
911 5678 1097 5734 erant;
1142 5685 1264 5726 cum
1301 5687 1399 5742 par
1421 5671 1613 5729 fuisset
1636 5676 1778 5730 enim
1804 5676 1918 5747 glo-

321 5759 486 5827 riari,
517 5763 658 5832 quod
697 5776 792 5817 rex
816 5760 909 5818 ille
937 5761 1078 5834 apud
1105 5775 1165 5819 se
1199 5771 1356 5820 natus
1384 5772 1560 5831 esset,
1605 5765 1744 5832 quod
1780 5766 1912 5823 Pcr-

2021 562 2201 603 sarum
2231 551 2504 620 regionem
2533 549 2601 606 ad
2627 565 2688 607 se
2716 552 3000 618 traxisset,
3030 569 3093 609 ac
3113 555 3228 612 fore
3256 557 3529 613 videretur
3555 571 3610 615 ut

2021 655 2210 696 omnes
2247 640 2349 696 sibi
2392 640 2592 695 subditi
2632 651 2847 709 essent,
2893 644 3110 712 quando
3136 661 3224 700 res
3250 647 3329 702 sic
3355 663 3610 718 prospere

2021 731 2277 787 caderent
2303 739 2360 787 et
2383 733 2434 786 in
2461 733 2651 787 melius
2687 735 3038 803 proﬁcerent,
3083 751 3145 792 ac
3184 739 3264 792 vel
3291 753 3321 793 a
3347 741 3610 810 principio

2022 823 2306 892 imperium
2353 823 2424 877 ita
2467 823 2804 893 splendidum
2851 836 2995 881 esset
3027 845 3041 881 :
3071 828 3145 882 illi
3197 841 3374 885 tamen
3423 848 3490 887 ne
3531 833 3611 887 sic

2025 913 2243 984 quidem
2287 913 2340 967 in
2382 915 2604 968 meliora
2635 925 2927 983 mutantur,
2964 919 3170 973 etiamsi
3200 935 3369 990 nuper
3401 921 3612 977 fuerant

2027 1017 2055 1055 a
2083 1002 2390 1072 captivitate
2429 1003 2640 1062 Persica
2683 1007 2912 1062 liberati.
2951 1010 3109 1078 Atqui
3151 1025 3246 1079 par
3295 1022 3406 1066 crat
3451 1014 3605 1075 illos,

2019 1093 2230 1148 etiamsi
2275 1109 2592 1149 arcanorum
2623 1104 2678 1151 et
2706 1097 3015 1154 sublimium
3059 1101 3228 1172 ignari
3268 1102 3527 1170 fuissent,
3555 1115 3608 1161 et

2018 1198 2082 1238 ex
2124 1186 2488 1254 praesentibus
2529 1194 2736 1241 tantum
2784 1189 3046 1246 calculum
3103 1194 3436 1262 posuissent,
3489 1197 3603 1250 lucc

2015 1275 2249 1343 cogitare
2275 1285 2492 1330 tamen:
2531 1275 2587 1332 Si
2620 1286 2800 1332 natum
2831 1295 3008 1350 regem
3046 1293 3288 1340 nostrum
3315 1285 3389 1341 ita
3422 1286 3606 1342 formi-

2017 1365 2179 1434 dant,
2225 1369 2394 1423 multo
2423 1369 2591 1440 magis
2621 1386 2743 1425 cum
2784 1371 3080 1430 adoleverit
3126 1375 3299 1446 ipsum
3346 1381 3607 1450 pertime-

2015 1469 2206 1527 scent,
2252 1460 2463 1532 ipsique
2508 1463 2872 1534 obsequentur
2908 1483 2923 1519 :
2967 1477 3257 1538 nostraque
3308 1470 3604 1528 barbaricis

2014 1552 2378 1623 splendidiora
2421 1553 2595 1608 futura
2627 1566 2772 1610 sunt.
2805 1555 2912 1612 Sed
2956 1559 3087 1613 nihil
3120 1560 3423 1630 ltujusmodi
3460 1566 3605 1635 ipso-

2014 1657 2131 1698 rum
2173 1645 2381 1700 animos
2406 1645 2598 1716 erigit:
2625 1654 2771 1702 tanta
2811 1649 3014 1706 scilicet
3037 1661 3154 1706 erat
3181 1653 3392 1708 illorum
3421 1670 3605 1711 socor-

2014 1737 2102 1793 dia
2145 1753 2267 1792 cum
2313 1737 2486 1794 livore
2530 1740 2817 1810 conjuncta
2851 1759 2864 1773 -
2895 1743 3036 1813 quod
3086 1753 3372 1816 utrumque
3420 1750 3601 1804 vitium

2015 1854 2118 1896 nos
2155 1847 2374 1911 oportet
2402 1838 2699 1911 diligenter
2729 1855 2944 1908 arcere,
2975 1858 3237 1913 eumque,
3271 1845 3368 1915 qui
3407 1847 3608 1902 adver-

2019 1945 2116 1986 sus
2167 1931 2274 1986 ista
2319 1931 2500 1988 aciem
2546 1931 2787 1987 instruet
2831 1933 2956 2004 igne
3013 1934 3414 1993 ferventiorem
3463 1955 3606 1996 esse.

2015 2022 2387 2090 Quamobrem
2441 2023 2662 2081 dicebat
2707 2023 3012 2081 Christus:
3063 2026 3248 2099 Ignem
3307 2031 3426 2085 veni
3487 2034 3610 2086 mit-

2019 2125 2130 2170 tere
2183 2117 2242 2170 in
2297 2125 2545 2183 terram;
2593 2125 2642 2170 et
2696 2117 2822 2187 quid
2873 2118 3010 2184 vola,
3064 2121 3165 2175 nisi
3227 2130 3288 2175 ut
3349 2126 3609 2179 accenda-

2020 2215 2110 2260 tur
2146 2206 2309 2278 (Luc.
2353 2207 2439 2262 12.
2481 2208 2619 2278 49)?
2652 2208 2893 2279 Ideoque
2943 2207 3185 2280 Spiritus
3231 2213 3375 2286 ignis
3425 2217 3610 2287 specie

2021 2303 2304 2371 apparuit.

2097 2470 2152 2526 5.
2193 2469 2465 2524 Fervorem
2512 2467 2828 2522 audientium
2873 2465 3056 2520 euitat
3099 2464 3326 2536 exemplo
3376 2461 3536 2518 Pauli
3575 2473 3621 2516 et

2031 2563 2308 2618 primorum
2349 2561 2594 2630 ﬁdelium.
2638 2559 2786 2630 Ignis
2822 2558 3104 2628 spiritualis
3145 2573 3344 2611 onmem
3371 2556 3622 2626 cupidita-

2031 2662 2126 2707 tem
2167 2652 2438 2707 consumit.
2468 2681 2540 2693 —-
2567 2650 2762 2706 Verum
2804 2664 2904 2704 nos
2953 2650 3138 2704 cinere
3190 2647 3524 2716 frigidiores,
3568 2656 3622 2701 et

2035 2747 2261 2799 mortuis
2285 2743 2609 2814 stupidiores
2636 2741 2760 2796 facti
2789 2754 2975 2796 sumus
2995 2781 3010 2806 ,
3044 2740 3168 2794 licet
3200 2738 3421 2794 Paulum
3450 2737 3623 2792 videa-

2029 2852 2148 2892 mus
2173 2851 2336 2906 super
2363 2836 2554 2891 caelum
2580 2845 2634 2890 et
2657 2834 2850 2889 caelum
2888 2833 3003 2887 calli
3056 2832 3353 2898 volantem,
3380 2839 3434 2885 et
3463 2830 3623 2884 vehe-

2029 2929 2258 2983 mentius
2287 2942 2448 3000 quam
2487 2928 2600 2996 ipsa
2642 2925 2858 2980 ﬂamma
2892 2925 3074 2978 omnia
3114 2922 3416 2978 vincentem
3449 2931 3505 2975 et
3532 2935 3624 2973 su-

2028 3029 2304 3090 perantem
2326 3061 2341 3087 ,
2373 3033 2603 3090 superna
2627 3059 2643 3085 ,
2677 3017 2923 3082 inferna;
2955 3016 3243 3087 przesentia
3265 3056 3282 3081 ,
3315 3014 3523 3077 futura,
3558 3027 3621 3067 ea

2026 3126 2145 3180 qua:
2171 3118 2295 3164 sunt
2323 3120 2378 3164 et
2397 3125 2458 3164 ca
2479 3124 2600 3180 quae
2627 3123 2734 3162 non
2761 3117 2906 3162 sunt.
2937 3105 3087 3173 Quod
3116 3105 3159 3160 si
3189 3104 3292 3160 hoc
3315 3103 3620 3172 exemplum

2030 3215 2192 3271 supra
2225 3210 2277 3256 te
2315 3210 2431 3266 est,
2476 3199 2587 3269 jam
2631 3197 2860 3268 torporis
2901 3205 2986 3251 est
3025 3197 3128 3251 iste
3167 3195 3439 3250 obtentus.
3483 3192 3621 3261 Quid

2028 3291 2170 3344 enim
2200 3277 2317 3360 plus
2342 3305 2501 3359 quam
2533 3297 2586 3344 tu
2612 3287 2797 3343 habuit
2820 3287 3039 3351 Paulus,
3066 3297 3123 3339 ut
3147 3284 3296 3340 dicas
3322 3299 3430 3338 non
3461 3298 3623 3354 posse

2033 3388 2089 3436 te
2117 3381 2266 3435 illum
2291 3381 2522 3434 imitari?
2551 3379 2748 3434 Verum
2776 3395 2846 3433 ne
2871 3378 2995 3448 quid
3027 3375 3414 3431 contentiosius
3440 3375 3620 3429 dicere

2026 3473 2333 3537 videamur,
2368 3473 2533 3528 Paulo
2573 3471 2799 3526 dimisso
2847 3469 3050 3541 primos
3095 3467 3284 3522 ﬁdeles
3311 3465 3620 3522 considere-

2026 3565 2299 3636 mus:qui
2325 3575 2380 3620 et
2410 3563 2664 3636 pecunias
2704 3573 2759 3618 et
2790 3561 3195 3632 possessiones,
3243 3569 3298 3615 et
3339 3576 3520 3616 curam
3566 3569 3622 3614 et

2031 3657 2411 3725 occupationes
2434 3670 2624 3712 omnes
2649 3655 2932 3710 stecularcs
2959 3648 3341 3722 repudiarunt,
3375 3659 3621 3719 totosque

2027 3763 2088 3805 se
2134 3748 2246 3804 Deo
2293 3755 2715 3812 consecrarunt,
2766 3752 2924 3800 nocte
2968 3741 3165 3812 dieque
3212 3756 3430 3812 semper
3467 3740 3621 3796 verbi

2025 3840 2286 3895 doctrinm
2312 3843 2669 3894 attendentes.
2710 3837 2836 3891 llaec
2865 3844 2949 3891 est
2973 3834 3115 3890 enim
3148 3832 3443 3902 spiritualis
3483 3831 3618 3902 ignis

2029 3939 2243 3996 natura,
2271 3937 2329 3983 ut
2357 3929 2557 3983 nullam
2582 3943 2761 3982 rerum
2792 3925 3129 3980 saecularium
3160 3923 3506 3991 cupiditatem
3535 3937 3619 3976 rc-

2028 4022 2268 4091 linquat,
2297 4019 2390 4075 sed
2414 4021 2466 4074 in
2495 4020 2656 4073 alium
2681 4017 2969 4073 transferat
2990 4030 3251 4069 amorem.
3278 4015 3620 4083 Quapropter

2028 4113 2212 4167 talium
2265 4127 2445 4168 rerum
2488 4109 2749 4180 cupidus,
2799 4109 3008 4164 etiamsi
3049 4108 3226 4162 omnia
3257 4104 3616 4176 profundere,

2024 4203 2233 4259 etiamsi
2279 4203 2606 4272 voluptatem
2655 4208 2714 4256 et
2753 4199 2981 4272 gloriam
3031 4197 3291 4261 irridere,
3336 4195 3614 4265 ipsamque

2016 4304 2249 4361 animam
2288 4300 2502 4358 tradere
2529 4307 2808 4370 oporteat,
2839 4311 2960 4350 cum
2983 4308 3175 4363 magna
3217 4291 3470 4348 facilitate
3501 4290 3618 4345 bmc

2017 4394 2198 4452 omnia
2227 4393 2456 4464 perﬁcit.
2485 4389 2617 4447 Nam
2646 4389 2789 4444 illius
2823 4387 2960 4456 ignis
2998 4384 3160 4440 ardor
3189 4384 3244 4438 in
3273 4383 3506 4437 animam
3538 4381 3618 4434 in-

2017 4501 2268 4558 gressus,
2298 4492 2576 4555 torporem
2605 4495 2826 4536 omnem
2853 4477 3075 4548 abjicit,
3121 4483 3178 4531 et
3225 4484 3406 4546 penna
3449 4473 3619 4527 levio-

2021 4591 2134 4631 rem
2165 4573 2332 4630 efﬁcit
2359 4588 2482 4629 eum
2508 4585 2671 4643 quem
2697 4565 2900 4624 invadit
2919 4607 2936 4630 ,
2968 4567 3039 4621 ita
3070 4572 3128 4620 ut
3151 4565 3333 4620 omnia
3365 4578 3484 4634 quae
3512 4561 3612 4615 sub

2019 4672 2292 4735 aspectum
2315 4663 2515 4719 cadunt
2535 4702 2551 4726 ,
2585 4660 2865 4730 despiciat.
2897 4657 2996 4726 Qui
3028 4657 3147 4711 talis
3176 4666 3296 4721 est,
3327 4655 3379 4708 in
3414 4667 3613 4723 perpe-

2021 4765 2112 4811 tua
2154 4754 2566 4824 compunctione
2603 4749 2798 4807 deinde
2835 4756 3178 4820 perseverat,
3226 4748 3400 4802 fontes
3440 4745 3616 4814 lacry-

2022 4863 2227 4903 marum
2267 4846 2576 4916 frequenter
2620 4841 2942 4906 effundens,
2985 4839 3312 4907 multamque
3353 4835 3478 4891 inde
3517 4851 3612 4890 vo-

2023 4942 2282 5007 luptatem
2346 4951 2664 5007 excerpens.
2719 4933 2864 4990 Nihil
2927 4932 3125 5002 quippe
3187 4931 3298 4986 Deo
3349 4929 3422 4984 ita
3473 4943 3611 4983 con-

2023 5031 2252 5101 glutinat
2281 5037 2337 5085 et
2378 5026 2688 5097 conjungit,
2739 5032 2796 5078 ut
2839 5023 3090 5094 lacrymm
3140 5020 3469 5092 bujttsmodi.
3521 5018 3615 5074 Vir

2026 5120 2148 5176 talis
2173 5120 2272 5176 etsi
2302 5120 2355 5174 in
2387 5118 2576 5173 mediis
2604 5116 2828 5171 urbibus
2850 5114 3072 5180 habitet,
3104 5113 3256 5182 quasi
3289 5114 3341 5166 in
3369 5112 3608 5174 deserto,

2025 5211 2082 5266 in
2106 5209 2376 5266 montibus
2400 5217 2455 5263 et
2475 5205 2745 5276 speluncis
2771 5214 3036 5270 versatur,
3070 5203 3232 5258 rebus
3261 5188 3615 5272 prtcsentibus

2025 5319 2134 5358 non
2159 5300 2419 5364 attendit,
2449 5313 2622 5369 neque
2649 5295 2956 5366 huiusmodi
2997 5295 3212 5351 fletibus
3242 5307 3496 5364 umquam
3531 5307 3619 5346 sa-

2025 5385 2206 5462 tiatur,
2233 5393 2348 5449 sive
2375 5406 2473 5463 pro
2503 5405 2594 5457 se,
2627 5389 2742 5444 sive
2780 5403 2877 5458 pro
2905 5387 3133 5444 aliorum
3167 5386 3403 5458 peccatis
3442 5385 3618 5456 lacry-

2024 5503 2140 5544 mas
2189 5485 2450 5543 effundat.
2507 5483 2740 5552 Ideoque
2792 5480 3038 5535 Christus
3069 5479 3085 5512 ¹
3116 5479 3280 5533 hosce
3324 5491 3435 5547 prae
3484 5477 3607 5532 aliis

2027 5579 2215 5634 beatos
2233 5575 2490 5648 praedicat
2513 5572 2718 5637 dicens,
2735 5569 2884 5625 Beati
2903 5569 2990 5640 qui
3016 5569 3184 5639 lugent
3203 5566 3414 5638 (Matth.
3438 5567 3493 5622 5.
3509 5567 3610 5637 5.).

2027 5671 2136 5726 Cur
2169 5683 2301 5724 vero
2343 5665 2542 5724 Paulus
2578 5663 2706 5719 dicit
2739 5680 2754 5717 :
2793 5659 3020 5716 Gaudete
3067 5659 3120 5714 in
3163 5657 3385 5713 Domino
3422 5673 3620 5728 sempe-

2033 5760 2289 5833 (Philipp.
2323 5759 2378 5814 4.
2411 5757 2490 5828 4.)
2511 5756 2534 5810 ?
2559 5755 2628 5814 Ut
2666 5755 3022 5826 lacrymarum
3048 5750 3350 5822 hujusmodi
3380 5749 3616 5822 volupta-
