4066 6428
512 413 581 469 69
1221 410 1278 466 S.
1319 407 1604 464 JOANNIS
1639 400 2119 463 CIIRYSOSTOMI
2161 403 2477 460 ARCHIEP.
2518 404 3062 464 CONSTANTINOI’.
3713 412 3778 470 70

511 530 615 573 tem
649 519 911 573 declaret.
960 512 1419 581 Quemadmodum
1449 513 1592 565 enim
1622 511 1804 565 mundi
1842 511 2090 581 gaudium

509 622 796 662 mceror-em
828 605 986 657 habet
1031 602 1373 670 conjunctum
1398 641 1412 666 ,
1464 600 1544 654 sic
1595 610 1650 654 et
1690 601 1942 671 lacrymte
1981 600 2091 655 illa:

508 697 798 754 secundum
834 696 995 748 Deum
1041 691 1279 745 laetitiam
1322 691 1536 759 pariunt
1578 703 1867 757 perennem
1893 698 1949 744 et
1974 704 2091 759 quae

506 799 793 855 numquam
833 782 1068 836 deﬁciat.
1117 780 1206 835 Sic
1247 778 1503 833 meretrix
1543 778 1631 831 illa
1661 778 1952 848 virginibus
1980 778 2091 833 cla.

506 880 615 932 rior
644 877 833 930 effecta
861 884 945 928 est
965 915 981 939 ,
1008 873 1110 926 hoc
1136 873 1255 941 igne
1279 884 1560 925 succensa.
1587 868 1721 935 Quia
1752 871 1892 924 enim
1923 872 2094 939 paeni-

507 978 687 1022 tentiae
731 966 949 1020 fervore
989 971 1235 1032 correpta
1274 969 1394 1026 est,
1441 958 1637 1015 Christi
1682 975 1867 1014 amore
1911 970 2091 1030 postea

504 1060 734 1121 exarsit,
766 1072 887 1110 cum
916 1055 1109 1109 solutis
1137 1051 1342 1121 capillis
1371 1064 1553 1104 sacros
1578 1049 1698 1104 illos
1726 1050 1892 1119 pedes
1921 1052 2091 1122 Iacry-

511 1154 618 1209 mis
660 1148 884 1222 rigavit,
925 1159 1077 1202 coma
1106 1159 1199 1200 sua
1228 1142 1514 1207 abstersit,
1571 1153 1729 1212 atque
1764 1154 2092 1213 unguentum

511 1244 717 1299 cﬂ‘udit.
749 1242 815 1296 Et
855 1240 971 1294 hate
1012 1236 1228 1307 quidem
1270 1234 1604 1289 extrinsecus
1632 1245 1781 1305 gesta
1809 1246 1968 1291 sunt:
2001 1237 2103 1291 illa'

508 1350 658 1398 vero,
687 1348 807 1404 quas
832 1332 884 1386 in
916 1330 1096 1383 animo
1114 1326 1426 1398 agebantur,
1457 1324 1543 1379 his
1588 1325 1742 1396 longe
1780 1326 2089 1382 ardentiora

506 1435 680 1492 erant,
712 1440 831 1495 quze
859 1437 997 1477 unus
1029 1418 1284 1476 cernebat
1312 1418 1475 1474 Deus.
1505 1418 1839 1488 Quapropter
1866 1420 2089 1490 quisque

504 1528 746 1569 nostrum
770 1513 890 1568 haec
912 1512 1134 1566 audiens
1155 1550 1171 1575 ,
1201 1506 1603 1577 congratulatur
1630 1508 1767 1577 ipsi,
1794 1523 1860 1564 ac
1884 1508 1951 1563 de
1971 1510 2088 1578 ejus

504 1616 648 1661 recte
686 1604 840 1660 factis
876 1604 1120 1668 laetatur,
1160 1599 1414 1669 omnique
1440 1597 1664 1654 crimine
1690 1598 1910 1654 liberam
1939 1599 2083 1655 illam

505 1705 674 1765 putat.

569 1855 831 1925 Lacryma:
856 1853 997 1906 bona:
1023 1858 1069 1903 et
1098 1850 1244 1903 utiles
1271 1863 1402 1917 qure.
1446 1848 1599 1901 Risus
1636 1846 1908 1901 dissolutus
1955 1862 2078 1917 pro-

496 1943 975 2012 hibetur.—Quod
1013 1945 1057 1998 si
1098 1958 1214 2005 nos,
1238 1942 1326 2011 qui
1380 1940 1504 1994 mali
1548 1954 1752 2005 sumus,
1781 1940 1919 1993 hunc
1962 1939 2081 1992 cal-

494 2039 673 2092 culum
715 2037 955 2101 feriinus,
982 2035 1155 2104 cogita
1181 2040 1432 2101 quantam
1456 2031 1721 2100 acceperit
1748 2030 1995 2100 gratiam,
2028 2037 2082 2083 et

493 2140 688 2198 quanta
719 2143 783 2183 ex
815 2125 1124 2197 poenitentia
1149 2164 1164 2188 ,
1197 2124 1357 2177 etiam
1401 2131 1687 2192 antequam
1735 2137 1953 2175 munera
1990 2120 2077 2175 illa

491 2220 780 2288 acciperet,
803 2233 832 2271 a
860 2218 972 2271 Deo
998 2225 1319 2283 consequuta
1350 2214 1419 2268 sit
1442 2212 1601 2267 bona.
1626 2213 1773 2268 Sicut
1792 2213 1933 2267 enim
1958 2222 2078 2282 post

489 2312 835 2365 vehementes
862 2308 1061 2362 imbres
1088 2321 1184 2361 aer
1206 2320 1372 2376 purus
1397 2304 1648 2370 efficitur,
1676 2305 1754 2359 sic
1782 2314 1903 2375 post
1931 2304 2077 2360 fusas

490 2401 751 2471 lacrymas
774 2398 1014 2469 sequitur
1039 2396 1394 2466 tranquillitas
1422 2405 1478 2450 et
1513 2397 1793 2463 serenitas,
1826 2406 2073 2463 peccato-

486 2506 707 2560 rumque
729 2491 960 2545 tenebrre
980 2489 1246 2557 fugantur.
1271 2487 1334 2541 Et
1364 2488 1500 2541 sicut
1525 2503 1590 2541 ex
1610 2503 1744 2557 aqua
1770 2495 1826 2542 et
1850 2487 2070 2557 Spiritu,

484 2582 563 2636 sic
590 2599 656 2637 ex
690 2583 942 2654 lacrymis
983 2589 1037 2635 et
1068 2580 1402 2635 confessione
1441 2596 1746 2650 purgamur,
1778 2582 1935 2636 modo
1964 2598 2070 2637 non

484 2673 550 2726 ad
593 2673 1006 2726 ostentationem
1037 2680 1092 2724 et
1119 2669 1327 2724 Iaudem
1366 2670 1681 2738 captandam
1711 2672 1762 2725 id
1794 2672 2071 2729 faciamus.

482 2762 615 2817 Nam
656 2778 775 2832 qua:
817 2763 915 2815 hac
948 2761 1016 2815 de
1058 2775 1217 2815 causa
1246 2760 1588 2831 Iacrymatur,
1618 2762 1785 2831 magis
1812 2763 2071 2833 culpanda

482 2864 585 2918 est,
609 2868 765 2923 quam
797 2869 859 2907 ea
889 2868 1007 2922 quze
1036 2851 1154 2905 fuco
1182 2863 1234 2906 et
1262 2851 1545 2922 pigmentis
1571 2867 1693 2907 sese
1717 2853 1925 2908 oblinit.
1950 2854 2071 2910 Illas

480 2946 621 2999 cnim
655 2945 866 3015 requiro
897 2945 1182 3015 lacryntas,
1231 2960 1349 3013 qua:
1378 2959 1483 2997 non
1527 2945 1591 2999 ad
1635 2946 2069 3013 ostentationem,

480 3036 574 3091 sed
614 3036 678 3089 ad
720 3036 1185 3105 compunctionem
1234 3032 1544 3098 funduntur,
1594 3050 1714 3105 quae
1760 3037 1967 3091 occulte
2012 3038 2065 3093 in

476 3127 733 3182 cubiculis
757 3127 904 3180 nullo
931 3134 1083 3192 teste,
1103 3140 1220 3196 qua:
1241 3125 1422 3195 quiete
1441 3125 1559 3180 sine
1578 3128 1803 3196 strepitu
1826 3138 2061 3195 manant,

475 3236 596 3289 quae
633 3235 699 3275 ex
745 3220 935 3273 intimo
980 3218 1174 3282 cordis,
1207 3234 1273 3273 ex
1314 3218 1602 3274 afflictione
1628 3230 1683 3275 et
1712 3220 1917 3285 dolore,
1947 3236 2065 3289 qua:

472 3318 692 3381 propter
725 3310 890 3365 Deum
918 3310 1233 3364 emittuntur
1257 3327 1270 3363 :
1303 3309 1487 3378 quales
1512 3320 1667 3365 erant
1696 3313 1865 3366 Anna:
1893 3313 2067 3385 lacry-

474 3417 575 3455 mae
601 3419 614 3455 :
643 3401 769 3471 Ejus
798 3401 940 3455 enim
985 3401 1119 3455 labia
1139 3441 1156 3467 ,
1182 3402 1355 3470 inquit
1372 3401 1671 3472 Scriptura,
1695 3405 2020 3459 movebantur
2042 3446 2061 3473 ,

469 3501 515 3544 et
541 3508 638 3545 vox
663 3510 762 3547 non
782 3495 1081 3548 audiebatur
1101 3495 1189 3568 (1.
1216 3495 1344 3567 Reg.
1371 3498 1421 3550 l.
1446 3498 1513 3552 15
1531 3498 1572 3567 ).
1596 3498 1796 3555 Verum
1819 3500 2069 3571 lacryma

470 3580 603 3633 sola:
644 3580 769 3635 tuba
799 3582 1081 3635 clariorem
1109 3584 1425 3638 emittebant
1451 3600 1658 3640 vocem.
1692 3587 1920 3658 Ideoque
1944 3590 2065 3644 vul-

470 3685 592 3724 vam
638 3671 755 3739 ejus
800 3671 1011 3741 aperuit
1050 3673 1214 3741 Deus,
1242 3682 1297 3729 et
1325 3675 1517 3731 durum
1570 3692 1757 3733 saxum
1790 3681 1844 3735 in
1874 3697 2061 3753 agrum

467 3757 698 3815 fertilem
742 3762 923 3816 vertit.

539 3850 594 3906 6.
623 3852 679 3907 Si
711 3861 766 3906 tu
793 3868 1006 3922 quoque
1033 3853 1112 3909 sic
1141 3854 1472 3927 Iacrymeris,
1502 3858 1710 3914 Domini
1734 3861 1807 3915 tui
1830 3862 2066 3920 imitator

470 3942 692 3999 effectus
722 3962 798 3999 es.
826 3944 958 4001 Nam
983 3955 1035 4000 et
1067 3947 1182 4017 ipse
1208 3949 1531 4019 Iacrymatus
1558 3960 1643 4005 est
1669 3952 1813 4009 etde
1838 3954 2058 4023 Lazaro,

463 4034 607 4090 etde
635 4034 847 4090 civitate
874 4035 1066 4106 (Jaan.
1102 4038 1187 4091 ll.
1222 4039 1310 4093 55.
1358 4037 1486 4095 Luc.
1519 4041 1603 4096 l9.
1636 4043 1698 4095 41
1727 4042 1746 4114 )
1773 4083 1789 4108 ,
1837 4053 1893 4099 et
1919 4046 2058 4101 circa

463 4124 647 4178 Iudam
696 4126 936 4181 turbatus
977 4138 1081 4181 est.
1138 4125 1369 4196 ldipsum
1400 4145 1559 4196 porro
1584 4132 1763 4187 videre
1793 4145 1874 4188 εει
1915 4150 2058 4205 saepe

467 4213 777 4280 facientem,
805 4216 1068 4270 ridentem
1092 4231 1223 4271 vero
1249 4234 1531 4287 nusquam,
1558 4221 1663 4275 imo
1685 4238 1753 4277 ne
1771 4224 2056 4281 subriden-

463 4313 570 4357 tem
614 4304 830 4373 quidem
863 4321 876 4357 :
910 4306 1082 4359 nullus
1106 4315 1253 4361 certe
1281 4307 1382 4361 hoc
1420 4311 1743 4379 evangelista
1794 4317 2050 4371 narravit.

462 4392 695 4462 Ideoque
723 4404 777 4447 et
805 4393 1030 4449 Paulum
1058 4394 1289 4461 flevisse,
1328 4412 1392 4451 ac
1434 4413 1528 4467 per
1565 4401 1849 4456 triennium
1900 4416 2055 4461 nocte

459 4496 512 4537 et
541 4484 629 4539 die
652 4484 878 4554 idipsum
908 4485 1115 4552 fecisse,
1144 4496 1198 4541 et
1226 4489 1340 4557 ipse
1369 4496 1424 4543 et
1447 4489 1533 4543 alii
1560 4490 1630 4544 de
1651 4492 1767 4561 ipso
1787 4506 2004 4550 narrant
2037 4514 2050 4551 :

458 4578 600 4647 quod
627 4586 804 4632 autem
837 4578 1016 4633 riserit
1055 4593 1153 4633 nec
1179 4580 1312 4649 ipse,
1343 4595 1442 4635 nec
1480 4583 1616 4637 alius
1649 4594 1957 4641 sanctorum
1984 4589 2053 4645 de

458 4669 575 4737 ipso
620 4668 775 4735 dixit,
807 4670 915 4723 imo
961 4684 1062 4725 nec
1100 4668 1170 4724 de
1202 4670 1321 4725 aliis
1365 4671 1464 4741 ipsi
1491 4673 1753 4729 similibus
1782 4693 1798 4732 :
1830 4677 1899 4733 de
1921 4678 2051 4735 Sara

457 4771 659 4816 tantum
692 4761 743 4816 id
776 4771 1040 4825 narratur,
1065 4763 1276 4832 quando
1313 4774 1556 4835 correpta
1594 4766 1725 4835 fuit;
1754 4778 1809 4824 et
1848 4769 1916 4826 de
1941 4773 2051 4829 filio

456 4849 603 4912 Noae,
630 4854 843 4920 quando
865 4868 931 4907 ex
954 4853 1123 4909 libero
1142 4870 1334 4911 servus
1355 4856 1575 4913 effectus
1595 4868 1699 4915 est.
1728 4861 1852 4918 Haec
1870 4872 2048 4919 autem

459 4941 604 5008 dico,
638 4956 743 4995 non
774 4953 830 4997 ut
856 4945 1021 4999 risum
1047 4961 1265 5015 prorsus
1288 4948 1579 5015 eliminem,
1612 4952 1706 5006 sed
1734 4962 1791 5007 ut
1817 4953 2048 5011 dissolu-

457 5035 658 5089 tionem
685 5037 919 5092 auferam
941 5040 1035 5110 (a).
1054 5042 1184 5109 Cur,
1208 5058 1411 5114 quzeso,
1441 5045 1510 5099 ita
1541 5047 1741 5116 gaudes
1767 5055 1823 5103 et
1846 5048 2047 5105 diffluis

533 5280 552 5311 ί
588 5279 662 5327 sic
677 5283 786 5326 Mss.
810 5281 865 5326 et
883 5278 948 5326 ita
969 5278 1092 5341 legit
1113 5281 1345 5335 Anianus.
1370 5285 1435 5335 At
1456 5286 1597 5338 Savil.
1624 5296 1677 5339 et
1703 5291 1890 5356 Βοιαὶ,
1914 5303 2059 5349 Deus.

510 5382 607 5492 331
628 5382 798 5445 Itaque
822 5383 1052 5447 prohibet
1073 5384 1439 5449 Chrysostomus
1458 5403 1557 5440 non
1578 5393 1748 5452 risum,
1774 5394 1861 5444 sed
1887 5395 2044 5447 disso-

609 5456 703 5492 em.
724 5446 797 5492 sic
821 5446 991 5492 etiam.
1013 5446 1182 5492 Homil.
1207 5449 1271 5492 de
1306 5451 1483 5492 David».
1508 5458 1561 5492 et.
1582 5455 1736 5492 Sni‘rlp.
1767 5456 1831 5492 rio
1855 5456 2044 5492 laeniuia

460 5438 703 5493 lationem.
718 5438 797 5515 ξεί)
817 5438 991 5515 etiam,
1013 5438 1186 5515 Homil:
1207 5449 1271 5496 de
1306 5451 1483 5515 pavide
1502 5438 1561 5515 et.
1582 5438 1748 5515 sgiﬁié,’
1767 5438 2049 5509 (ie—lasciviis

457 5514 616 5573 agens
639 5506 943 5565 mulieribus,
956 5510 1129 5570 quaein
1152 5510 1357 5557 theatris
1378 5506 1709 5563 histrionicam
1727 5506 2047 5581 exercebant,

459 5566 543 5644 ξιίι,
578 5578 647 5644 καὶ.
658 5577 772 5624 πολλή
839 5566 1020 5644 Silvosi,-
1032 5582 1137 5644 καὶιή
1155 5582 1341 5644 παρὰΙτφῦ
1355 5584 1468 5644 ξθκου
1489 5588 1573 5644 πρὸς
1598 5588 1783 5644 dativum

457 5621 945 5705 hocrest,‘m.ultaqtie
966 5621 1223 5705 dissolittiq
1246 5630 1406 5705 .(mtllc.
1452 5621 1581 5705 enim

461 5684 717 5747 confusio),
741 5686 851 5739 hinc
866 5684 975 5752 ipse
997 5690 1129 5743 locus
1150 5692 1216 5743 ad
1241 5684 1488 5743 lasciviam
1518 5684 1739 5750 inritans.

2202 507 2280 555 tot
2308 502 2598 556 reddendis
2643 503 2903 558 obnoxius
2933 505 3247 570 rationibus,
3281 507 3369 578 qui
3402 513 3692 568 tremendo
3720 517 3792 570 illi

2201 595 2448 650 tribunali
2488 598 2755 653 sistendus
2778 599 2953 674 es,_de
2999 601 3102 653 tuis
3148 602 3394 655 omnibus
3437 605 3490 659 in
3532 606 3636 661 hac
3684 607 3792 663 vita

2198 685 2360 752 gestis
2405 686 2669 741 rationem
2709 696 2957 742 accurate
2996 689 3339 745 redditurus?
3363 694 3576 749 Etenim
3607 696 3678 751 de
3704 698 3791 761 iis,

2192 785 2313 841 qua:
2342 774 2423 827 vel
2454 786 2642 844 sponte
2664 818 2681 844 ,
2709 779 2795 833 vel
2841 781 2990 835 inviti
3020 782 3263 847 fecimus,
3296 789 3560 844 rationem
3590 793 3788 849 redde-

2193 877 2314 916 mus
2343 881 2355 915 :
2389 864 2489 931 Qui
2514 867 2646 919 enim
2666 908 2681 930 ,
2732 868 2944 938 inquit,
2975 875 3225 942 negaverit
3253 892 3331 929 me
3356 894 3526 933 coram
3564 883 3787 937 homini-

2192 952 2305 1017 bus,
2340 965 2385 1007 et
2411 972 2503 1025 ego
2527 959 2717 1026 negabo
2743 976 2856 1012 eum
2880 978 3051 1016 coram
3098 964 3257 1020 Patre
3280 984 3391 1021 meo
3414 1010 3431 1036 ,
3456 974 3541 1040 qui
3569 975 3622 1026 in
3649 976 3789 1030 aclis

2190 1052 2262 1096 est
2293 1044 2529 1112 (Matth.
2564 1048 2654 1101 I0.
2688 1050 2757 1105 35
2780 1052 2819 1119 ).
2850 1053 3010 1121 Atqui
3066 1055 3155 1109 illa
3205 1061 3416 1127 negatio
3453 1060 3786 1138 [aliquando]

2191 1146 2297 1185 non
2327 1133 2626 1190 voluntaria
2653 1148 2756 1204 est,
2788 1148 2843 1194 et
2872 1148 3049 1197 tamen
3078 1146 3396 1215 supplicium
3428 1166 3534 1206 non
3576 1133 3784 1225 effugit,

2194 1222 2419 1292 ejusque
2461 1225 2708 1283 dabimus
2737 1244 2944 1299 pinnas,
2972 1242 3028 1287 et
3058 1242 3165 1288 tam
3193 1252 3380 1293 eorum
3410 1256 3529 1310 quae
3559 1222 3784 1314 scim-us,

2187 1328 2345 1381 quam
2373 1329 2561 1370 eorum
2585 1333 2704 1387 quas
2739 1322 3005 1376 nescimus
3036 1340 3049 1376 :
3076 1323 3226 1381 Nihil
3246 1329 3379 1382 enim
3401 1332 3525 1385 mihi
3554 1336 3785 1391 conscius

2185 1418 2316 1468 sum,
2348 1403 2540 1474 inquit,
2568 1409 2659 1461 sed
2686 1424 2789 1463 non
2810 1411 2863 1464 in
2892 1412 2987 1465 hoc
3017 1414 3333 1484 justi/icatus
3378 1436 3491 1473 sum
3514 1421 3534 1492 (
3555 1425 3608 1479 i.
3660 1426 3779 1480 Cor.

2186 1493 2239 1547 4.
2267 1495 2302 1549 4
2318 1493 2373 1566 );
2400 1498 2514 1553 sive
2539 1498 2843 1569 ignorantes
2874 1503 2987 1559 sive
3009 1506 3240 1563 scientes
3266 1524 3547 1579 peccemus
3572 1530 3589 1571 :
3614 1514 3778 1571 Testi-

2186 1586 2411 1638 monium
2436 1587 2570 1642 enim
2593 1589 2695 1643 illis
2738 1592 2993 1661 perhibeo,
3026 1595 3229 1665 inquit,
3256 1601 3377 1668 quia
3405 1598 3778 1661 wnmlationem

2186 1673 2277 1727 Dei
2300 1676 2503 1744 habent,
2522 1680 2611 1733 sed
2632 1696 2733 1735 non
2753 1684 3025 1737 secundum
3044 1687 3306 1749 scientiam
3328 1691 3347 1760 (
3369 1690 3524 1747 Rom.
3560 1697 3650 1750 10.
3678 1698 3714 1750 2
3734 1700 3773 1768 ).

2187 1764 2378 1821 Verum
2412 1768 2464 1822 id
2506 1769 2608 1824 illis
2636 1772 2702 1825 ad
2733 1775 3105 1842 purgationem
3152 1794 3256 1833 non
3304 1780 3522 1837 sufficit.
3580 1764 3783 1841 Corin-

2158 1856 2310 1913 ,tbiis
2353 1865 2532 1913 autem
2582 1861 2824 1917 scribens
2867 1865 3042 1920 aiebat
3074 1883 3088 1919 :
3126 1866 3296 1923 Timeo
3326 1874 3537 1927 nesicut
3564 1892 3780 1947 serpens

2182 1948 2343 2002 Evam
2390 1953 2589 2006 seduxit
2639 1956 2826 2008 astutia
2873 1974 2989 2021 sua,
3034 1960 3107 2012 sic
3155 1976 3546 2032 corrumpantur
3597 1985 3772 2025 sensus

2178 2042 2348 2107 vestri,
2379 2052 2427 2096 et
2449 2043 2681 2097 excidant
2706 2061 2737 2097 a
2765 2046 3087 2115 simplicitate
3112 2066 3225 2119 qua:
3260 2062 3333 2106 est
3372 2055 3423 2108 in
3450 2057 3652 2112 Christo
3676 2061 3694 2129 (
3715 2061 3767 2113 2.

2175 2133 2295 2190 Cor.
2341 2136 2428 2190 ll.
2460 2136 2549 2205 5).
2583 2137 2685 2192 Tot
2734 2146 3109 2210 tantorumque
3157 2144 3451 2201 facinorum
3504 2152 3766 2207 rationem

2175 2226 2502 2291 redditurus,
2535 2229 2691 2284 sedes
2720 2230 2920 2298 ridens,
2952 2234 3181 2289 urbanas
3213 2236 3427 2295 facetias
3454 2242 3764 2309 proferens,

2178 2325 2233 2371 et
2257 2317 2515 2388 voluptati
2546 2319 2864 2389 indulgens?
2893 2323 2997 2377 Sed
3023 2324 3067 2378 si
3099 2324 3152 2378 id
3176 2341 3281 2380 non
3306 2328 3503 2392 fecero,
3537 2333 3764 2402 inquies.

2181 2410 2226 2464 si
2270 2410 2481 2477 luxero,
2512 2427 2631 2480 qute
2685 2413 2815 2468 mihi
2868 2413 2992 2469 hinc
3041 2417 3276 2472 utilitas?
3306 2420 3466 2475 Multa
3512 2438 3661 2490 sane,
3713 2438 3768 2483 et

2173 2510 2317 2556 tanta
2345 2513 2596 2573 quantam
2626 2506 2892 2575 explicare
2922 2522 3026 2561 non
3067 2510 3287 2577 possim.
3333 2511 3390 2567 In
3416 2517 3763 2573 smeularibus

2171 2592 2313 2647 enim
2340 2594 2575 2662 jndiciis,
2602 2598 2940 2665 quantumvis
2971 2600 3171 2667 plores,
3207 2616 3313 2657 non
3365 2604 3593 2675 effugies
3638 2623 3766 2679 sup-

2174 2683 2390 2753 plicium
2417 2696 2537 2755 post
2561 2688 2719 2741 latam
2747 2690 3101 2756 sententiam;
3142 2690 3229 2746 hic
3272 2708 3421 2759 vero,
3467 2697 3512 2751 si
3537 2698 3763 2767 ingemi-

2172 2787 2291 2829 scas
2341 2783 2570 2842 tantum,
2603 2779 2921 2833 sententiam
2962 2780 3202 2847 solvisti,
3235 2793 3291 2838 et
3329 2786 3538 2840 veniam
3568 2804 3764 2846 conse-

2172 2868 2373 2935 queris.
2404 2867 2633 2937 Ideoque
2653 2869 2720 2924 de
2749 2871 2891 2924 luctu
2918 2886 3058 2940 smpe
3086 2871 3332 2930 Christus
3360 2892 3455 2933 nos
3485 2879 3760 2949 admonet,

2171 2966 2222 3012 ct
2241 2972 2334 3013 eos
2355 2959 2445 3028 qui
2462 2959 2641 3029 lugent
2664 2961 2845 3016 beatos
2865 2961 3144 3033 praedicat,
3168 2963 3286 3019 illos
3307 2982 3435 3021 vero
3451 2970 3538 3039 qui
3564 2972 3758 3039 rident,

2173 3048 2399 3103 miseros
2427 3049 2687 3105 declarat.
2741 3051 2855 3106 Hoc
2898 3054 3095 3123 quippe
3142 3056 3405 3113 theatrum
3454 3076 3559 3115 non
3594 3065 3761 3120 risum

2170 3137 2400 3192 admittit
2422 3158 2435 3193 :
2463 3156 2636 3212 neque
2662 3144 2784 3200 ideo
2806 3152 3176 3218 convenimus,
3196 3164 3254 3208 ut
3276 3157 3566 3215 cachinnos
3585 3163 3758 3218 effun-

2168 3226 2379 3295 damus,
2412 3231 2505 3285 sed
2537 3242 2593 3286 ut
2617 3250 2918 3304 gemamus,
2949 3249 3109 3312 atque
3132 3260 3199 3300 ex
3224 3249 3527 3316 hujusmodi
3556 3258 3756 3323 gemitu

2169 3321 2315 3389 regni
2371 3323 2719 3381 hereditatem
2770 3331 3158 3389 nanciscamur.
3204 3337 3282 3391 Tu
3323 3356 3452 3395 vero
3488 3344 3534 3397 si
3563 3321 3757 3402 coram

2168 3406 2492 3479 Imperatore
2542 3418 2776 3483 steteris,
2823 3436 2892 3476 ne
2934 3422 3213 3481 subridere
3238 3429 3458 3497 quidem
3484 3434 3710 3491 audebis
3739 3455 3753 3491 :

2165 3508 2221 3555 et
2246 3502 2417 3571 ipsum
2445 3506 2757 3576 angelorum
2784 3511 3063 3568 Dominum
3094 3516 3237 3572 domi
3268 3519 3469 3579 habens
3498 3540 3604 3580 non
3642 3539 3755 3583 stas

2168 3600 2405 3649 tremens
2433 3612 2552 3651 cum
2594 3599 2853 3655 modestia
2894 3603 3126 3671 decenti,
3154 3609 3248 3663 sed
3277 3612 3424 3669 rides
3469 3615 3560 3670 illo
3587 3619 3750 3675 etiam

2164 3696 2309 3753 sarpe
2337 3686 2512 3742 irato?
2539 3704 2638 3743 nec
2665 3694 2869 3761 cogitas
2900 3704 2952 3750 te
2977 3696 3123 3752 illum
3155 3702 3322 3771 magis
3347 3704 3413 3759 ad
3459 3706 3592 3762 iram
3620 3724 3751 3765 con-

2163 3774 2330 3830 citare
2358 3778 2481 3832 dum
2523 3779 2638 3836 haec
2683 3784 2798 3853 agis
2820 3824 2835 3847 ,
2866 3801 3023 3854 quam
3055 3787 3180 3843 dum
3210 3796 3443 3861 peccas?
3467 3796 3582 3853 Non
3609 3802 3755 3856 enim

2164 3866 2235 3920 ita
2260 3880 2571 3937 peccatores
2599 3885 2878 3930 aversatur
2907 3878 3069 3947 Deus,
3101 3890 3159 3935 ut
3182 3897 3274 3938 eos
3301 3887 3389 3954 qni
3420 3898 3537 3956 post
3564 3905 3756 3958 pecea-

2163 3967 2276 4013 tum
2304 3976 2408 4015 non
2434 3978 2553 4018 sese
2573 3964 2845 4021 cohibent.
2866 3969 3112 4026 Attamen
3136 3974 3205 4027 ita
3227 3985 3352 4030 sunt
3369 3979 3583 4046 quidam
3605 3986 3753 4040 omni

2161 4066 2321 4107 sensu
2353 4056 2525 4121 vacui,
2556 4065 2613 4111 ut
2638 4058 2897 4127 posthaec
2922 4062 3102 4118 audita
3128 4066 3289 4121 verba
3319 4069 3500 4126 dicant
3530 4090 3543 4127 :
3575 4076 3751 4143 Absit,

2112 4173 2117 4178 -
2163 4154 2222 4198 ut
2250 4160 2501 4215 umquam
2540 4148 2806 4220 lacrymas
2835 4150 3072 4221 fundam,
3098 4157 3227 4212 mibi
3253 4174 3381 4214 vero
3408 4163 3460 4217 id
3488 4168 3753 4223 concedat

2161 4232 2303 4289 Deus
2324 4276 2340 4301 ,
2387 4244 2444 4289 ut
2469 4252 2685 4307 semper
2722 4239 2924 4295 rideam
2956 4254 3011 4297 et
3039 4245 3236 4300 Iudam.
3285 4249 3420 4316 Quid
3448 4251 3752 4322 hujusmodi

2158 4325 2479 4393 cogitatione
2501 4328 2795 4383 infantius?
2831 4331 2947 4386 Non
2969 4335 3110 4389 enim
3138 4337 3277 4392 Deus
3303 4339 3352 4393 id
3380 4341 3473 4397 dat
3498 4353 3556 4397 ut
3594 4346 3748 4401 luda-

2159 4428 2298 4477 mus,
2332 4415 2425 4468 sed
2454 4416 2720 4471 diabolus.
2771 4420 2909 4474 Audi
2940 4423 3096 4491 igitur
3134 4427 3258 4493 quid
3291 4431 3429 4496 passi
3460 4432 3569 4486 sint
3597 4434 3631 4487 ii
3659 4438 3752 4504 qui

2158 4503 2413 4559 ludebant
2443 4523 2457 4560 :
2491 4506 2656 4571 Sedit,
2688 4509 2879 4579 inquit,
2912 4514 3131 4581 populus
3158 4520 3464 4575 manducare
3488 4533 3534 4575 et
3565 4503 3752 4590 bibere,

2155 4600 2206 4648 at
2230 4608 2561 4650 surrexerunt
2586 4596 2759 4653 ludere
2780 4599 2799 4671 (
2819 4599 2985 4654 Exod.
3010 4603 3099 4658 52.
3123 4606 3213 4674 6).
3239 4607 3396 4663 Tales
3414 4623 3567 4667 erant
3584 4613 3754 4669 Sodo-

2157 4682 2321 4751 mitaz,
2354 4685 2486 4741 tales
2514 4687 2674 4742 etiam
2714 4688 2789 4744 illi
2840 4699 3082 4761 tempore
3132 4694 3338 4751 diluvii.
3384 4698 3515 4755 Nam
3544 4704 3612 4757 de
3641 4704 3754 4761 illis

2157 4774 2373 4843 dicitur,
2402 4776 2470 4831 In
2508 4780 2774 4849 superbia,
2806 4782 2860 4835 in
2902 4786 3262 4855 prosperitate,
3294 4799 3343 4843 et
3392 4792 3445 4845 in
3487 4797 3759 4851 saturitate

2156 4883 2349 4936 panum
2397 4870 2591 4925 deliciis
2641 4873 2906 4943 afﬂuebant
2933 4874 2952 4947 (
2976 4875 3164 4933 Ezech.
3196 4879 3285 4935 16.
3318 4882 3445 4953 49).
3488 4885 3568 4940 Illi
3614 4904 3747 4945 vero

2155 4958 2242 5028 qui
2273 4969 2513 5030 tempore
2538 4961 2667 5018 Noae
2696 4974 2851 5019 erant
2871 5006 2885 5029 ,
2912 4980 3035 5021 cum
3066 4984 3161 5036 per
3192 4980 3268 5025 tot
3293 4987 3464 5029 annos
3507 4982 3750 5035 construi

2156 5064 2335 5106 arcam
2363 5052 2627 5122 viderent,
2658 5058 2777 5112 sine
2819 5058 2924 5112 ulla
2950 5074 3078 5114 cura
3107 5062 3191 5117 vel
3218 5077 3380 5119 sensu
3410 5066 3746 5138 laztabantur,

2156 5141 2287 5196 nihil
2332 5143 2401 5198 de
2446 5144 2637 5200 futuris
2690 5147 2852 5202 rebus
2904 5151 3327 5219 prospicientes;
3359 5156 3588 5229 ideoque
3629 5167 3750 5218 uni-

2157 5248 2340 5289 versos
2368 5233 2624 5289 diluvium
2654 5236 2963 5308 submersit,
2987 5249 3041 5296 et
3066 5257 3353 5303 commune
3365 5248 3512 5306 orbis
3534 5253 3750 5310 naufra-

2156 5324 2298 5393 gium
2332 5335 2458 5379 tunc
2487 5325 2684 5381 effecit.
2724 5402 2727 5405 ἰ

2224 5530 2273 5585 7.
2318 5530 2467 5587 Dona
2491 5531 2590 5585 Dei
2623 5546 2736 5601 quae
2762 5532 2881 5586 sint.
2914 5532 3191 5605 Vigilantia
3216 5553 3368 5608 quam
3396 5540 3567 5606 utilis;
3594 5559 3744 5613 quam

2154 5630 2305 5684 noxia
2352 5631 2538 5685 theatri
2586 5634 3093 5700 spectacula.—Ne
3148 5638 3327 5708 itaque
3378 5642 3464 5698 illa
3516 5653 3664 5713 petas
3716 5662 3746 5699 a

2154 5721 2292 5786 Deo,
2323 5737 2441 5790 quae
2486 5738 2515 5776 a
2561 5722 2775 5780 diabolo
2802 5725 3021 5797 accipis.
3049 5727 3181 5784 Nam
3212 5730 3303 5787 Dei
3331 5743 3449 5801 est,
3492 5736 3622 5793 dare
3649 5755 3746 5795 cor
