4066 6444
271 429 332 486 6‘)
1389 427 1457 482 IN
1492 423 1908 483 MATTHASUM
1945 423 2178 482 HOMIL.
2221 424 2312 482 VI.
3419 429 3520 483 -70

270 534 438 601 μένων
488 529 732 600 δακρύῃ.
755 529 854 581 Διὰ
891 527 1048 580 τοῦτο
1102 526 1208 598 πρὸ
1254 526 1364 580 τῶν
1409 527 1586 582 ἄλλων
1620 527 1842 592 τούτους

267 619 601 690 ἐμακάριζεν
633 623 664 674 6
696 620 826 684 Θεὸς
847 621 913 686 ⁸⁸,
941 619 1230 686 Μακάριοι
1265 622 1318 672 οἱ
1348 619 1731 686 πενθοῦντες,
1758 621 1844 674 λέ-

262 727 387 780 γων.
417 712 533 764 Καὶ
570 711 694 775 πῶς
724 713 754 764 6
789 709 1002 773 Παῦλός
1055 727 1216 780 φησι·
1259 710 1504 778 Χαίρετε
1538 711 1608 764 ἐν
1643 712 1853 778 Κυρίῳ·

263 803 511 856 πάντοτε
523 819 544 867 ;
572 802 688 874 Τὴν
720 805 784 856 ἐκ
803 803 911 857 τῶν
930 801 1180 873 δακρύων
1202 801 1408 854 τούτων
1428 801 1601 870 λέγων
1624 801 1838 872 ⁴ἡδονήν.

264 894 468 964 Ὠσπερ
486 893 601 966 γὰρ
624 896 660 965 ή
680 894 765 947 διὰ
793 893 998 961 κόσμον
1025 892 1170 964 χαρά
1194 891 1373 963 λύπην
1401 891 1513 963 ἔχει
1540 892 1844 962 συγκεκλη-

267 987 529 1058 ρωμένην,
565 985 710 1038 οὕτω
727 984 795 1037 τά
823 983 966 1038 κατὰ
1000 983 1133 1037 Θεὸν
1169 984 1380 1055 δάκρυα
1404 983 1580 1055 χαρὰν
1607 983 1846 1053 βλαστά-

267 1094 340 1133 νει
368 1076 596 1147 διηνεκῆ
624 1075 718 1128 καὶ
742 1075 1078 1147 ἀμάραντον.
1103 1073 1260 1128 Οὕτω
1296 1075 1390 1128 καὶ
1420 1077 1455 1145 ἡ
1495 1074 1669 1145 πόρνη
1696 1090 1843 1144 παρ·-

269 1168 425 1222 θένων
481 1166 704 1235 ἐγένετο
751 1167 1052 1237 σεμνοτέρα
1072 1207 1088 1232 ,
1121 1165 1294 1237 τούτῳ
1324 1165 1720 1236 κατασχεθείσα
1763 1163 1844 1234 τῷ

268 1257 407 1328 πυρί.
448 1257 674 1327 Ἐπειδὴ
703 1255 814 1328 γάρ
831 1256 1196 1328 διεθερμάνθη
1215 1259 1282 1328 τῇ
1309 1255 1587 1326 μετανοίᾳ,
1617 1253 1844 1318 ἐξεϐακ-

191 1391 201 1396 -
269 1345 423 1416 χεύθη
445 1343 636 1398 λοιπὸν
654 1345 733 1414 τῷ
757 1345 885 1416 περὶ
911 1345 1003 1398 τὸν
1041 1345 1276 1416 Χριστὸν
1305 1344 1480 1414 πόθῳ,
1506 1343 1606 1406 τὰς
1651 1343 1846 1415 τρίχας

264 1436 472 1502 λύουσα,
501 1437 601 1488 καὶ
645 1437 769 1498 τοὺς
801 1435 990 1504 ἁγίους
1007 1438 1051 1472 ⁵⁷
1090 1435 1360 1506 βρέχουσα
1391 1435 1557 1498 πόδας
1599 1437 1709 1496 τοῖς
1743 1433 1842 1486 δά-

266 1543 438 1599 κρυσι,
465 1526 562 1580 καὶ
606 1529 729 1590 ταῖς
775 1527 934 1591 ιδίαις
963 1527 1161 1590 αὐτοὺς
1194 1527 1592 1598 ἀπομάσσουσα
1618 1525 1843 1594 κόμαις,

272 1627 432 1680 καὶτὸ
462 1630 638 1696 μύρον
662 1624 912 1678 κενοῦσα.
933 1623 1044 1677 Kal
1070 1624 1240 1678 ταῦτα
1266 1626 1364 1696 μὲν
1388 1625 1603 1679 ἅπαντα
1634 1623 1836 1688 ἔξωθεν

275 1719 462 1787 ἐγίνετο
483 1734 496 1748 ·
527 1718 598 1769 τὰ
616 1717 674 1769 δὲ
704 1718 762 1768 ἐν
779 1719 844 1786 τῇ
876 1716 1081 1787 διανοίᾳ
1107 1716 1402 1787 τελούμενα
1427 1716 1604 1786 πολλῷ
1631 1716 1839 1769 τούτων

275 1808 566 1880 θερμότερα
591 1803 684 1877 ἦν,
713 1807 759 1838 ⁸⁸
781 1805 816 1860 ἀ
851 1805 1009 1876 μόνος
1035 1806 1196 1869 αὐτὸς
1233 1806 1457 1859 ἔϐλεπεν
1492 1807 1521 1857 ὁ
1552 1806 1703 1866 Θεός.
1735 1806 1835 1858 Διά

276 1899 331 1968 δὴ
353 1897 503 1951 τοῦτο
526 1898 760 1959 ἕκαστος
783 1897 828 1928 ⁵³
873 1895 1105 1960 ἀκούων,
1134 1897 1416 1967 συγχαίρει
1442 1914 1502 1949 τε
1530 1898 1690 1967 αὐτῇ,
1739 1896 1836 1949 καὶ

276 1987 605 2058 εὐφραίνεται
650 1987 763 2050 τοῖς
789 1986 1004 2054 ἐκείνης
1035 1985 1451 2057 κατορθώμασι,
1489 1987 1584 2040 καὶ
1618 1988 1838 2040 πάντων

279 2079 586 2134 ἀπαλλάττει
618 2078 729 2131 τῶν
759 2079 1120 2148 ἐγκλημάτων
1149 2078 1341 2148 αὐτήν.

339 2172 396 2222 Εἰ
427 2171 480 2222 δὲ
517 2171 681 2239 ἡμεῖς
703 2170 753 2220 οἱ
773 2170 999 2239 πονηροὶ
1022 2167 1224 2238 ταύτην
1258 2169 1493 2239 φέρομεν
1515 2167 1611 2240 τὴν
1634 2167 1838 2239 ψῆφον,

284 2260 515 2330 ἐννόησον
571 2259 720 2322 τίνος
776 2259 1053 2312 ἀπέλαυσε
1105 2259 1260 2328 παρά
1305 2258 1400 2312 τοῦ
1455 2258 1836 2330 φιλανθρώπου

281 2350 421 2414 Θεοῦ,
449 2353 540 2405 καὶ
568 2351 737 2414 πόσα,
763 2350 860 2404 καὶ
888 2351 994 2421 πρὸ
1019 2349 1127 2404 τῶν
1158 2351 1254 2404 τοῦ
1290 2351 1423 2404 Θεοῦ
1453 2352 1691 2420 δωρεῶν,
1727 2349 1837 2404 ἀπὸ

279 2441 366 2511 τῆς
391 2441 676 2512 μετανοίας
717 2439 831 2512 [96]
866 2442 1227 2512 ἐκαρπώσατο
1257 2444 1438 2512 ἀγαθά
1468 2444 1534 2494 σθ.
1571 2442 1838 2511 Καθάπερ

283 2531 376 2602 γὰρ
404 2531 558 2586 ὑετοῦ
621 2519 1060 2603 καταρραγέντος
1115 2533 1347 2604 σφοδροῦ
1391 2533 1576 2605 αἰθρία
1630 2533 1840 2600 γίνεται

282 2622 496 2691 καθαρὰ,
535 2621 685 2676 οὕτω
724 2622 816 2676 καὶ
840 2623 1087 2694 δακρύων
1120 2622 1574 2693 καταφερομένων
1631 2622 1838 2694 γαλήνη

284 2711 468 2779 γίνεται
499 2713 593 2765 καὶ
631 2711 800 2774 εὐδία,
829 2712 922 2764 καὶ
954 2712 1014 2765 τὸ
1043 2715 1107 2764 ἐκ
1132 2712 1242 2764 τῶν
1273 2711 1682 2783 ἁμαρτημάτων
1709 2713 1843 2781 ἀφα-

285 2800 464 2865 νίζεται
493 2802 708 2864 σκότος.
747 2802 858 2856 Kal
885 2801 1074 2872 ὥσπερ
1102 2802 1162 2865 ἐξ
1184 2801 1374 2866 ὓδατος
1394 2803 1486 2855 καὶ
1509 2802 1838 2872 πνεύματος,

286 2891 436 2956 οὕτως
455 2894 558 2946 ἀπὸ
588 2892 844 2963 δακρύων
873 2894 968 2946 καὶ
992 2893 1432 2964 ἐξομολογήσεως
1467 2893 1842 2964 καθαιρόμεοα

287 2983 447 3048 πάλιν,
476 2983 541 3038 ἂν
573 2985 655 3055 μὴ
679 2985 810 3055 πρὸς
834 2984 1090 3048 ἐπίδειξιν
1117 2985 1278 3038 τοῦτο
1305 2985 1549 3057 ποιῶμεν
1583 2988 1676 3039 καὶ
1708 2987 1843 3057 πρὸς

289 3075 591 3146 φιλοτιμίαν.
636 3076 746 3146 Τὴν
789 3078 897 3146 γὰρ
927 3075 1073 3129 οὕτω
1099 3075 1440 3149 δακρύουσαν
1485 3078 1585 3149 τῆς
1626 3078 1838 3130 καλλω-

287 3163 559 3234 πιζομένης
598 3165 695 3218 καὶ
712 3165 1114 3239 οίιύπογραφαῐς
1145 3168 1238 3220 καὶ
1257 3167 1623 3238 ἐπιτρίμμασι
1642 3167 1843 3237 μᾶλλον

290 3253 690 3323 κατηγορεῖσθαι
739 3253 906 3323 φαίην
961 3255 1028 3307 ἃν
1078 3251 1218 3308 εἶναι
1258 3256 1484 3310 δίκαιον.
1543 3257 1684 3326 Ἐγὼ
1735 3259 1844 3329 γὰρ

287 3341 448 3396 ἐκεῖνα
481 3344 631 3415 ζητῶ
659 3344 729 3396 τά
763 3345 972 3417 δάκρυα
1003 3348 1070 3398 τὰ
1111 3350 1185 3416 μὴ
1211 3348 1349 3416 πρὸς
1378 3348 1635 3412 ἐπίδειξιν
1657 3388 1671 3408 ,
1709 3348 1844 3401 ἀλλά

292 3432 413 3502 πρὸς
444 3433 738 3499 κατάνυξιν
787 3437 1080 3505 γινόμενα·
1122 3437 1189 3490 τὰ
1245 3437 1420 3509 λάθρα
1472 3440 1567 3491 καὶ
1622 3439 1681 3492 ἐν
1733 3440 1844 3501 τοῖς

291 3526 556 3594 ταμιείοις,
610 3527 706 3580 καὶ
761 3527 989 3598 μηδενὸς
1043 3528 1301 3600 ὁρῶντος,
1355 3530 1472 3583 ἀλλ’
1515 3530 1702 3602 ἡρέμα
1751 3530 1844 3583 καὶ

291 3615 503 3687 ἀψοφητὶ
527 3617 793 3682 στάζοντα
810 3637 823 3652 ·
853 3619 922 3672 τά
945 3620 1052 3673 ἀπὸ
1083 3620 1278 3689 βάθους
1301 3621 1556 3685 διανοίας,
1592 3623 1660 3674 τὰ
1687 3624 1743 3676 ἐν
1768 3621 1844 3692 τῷ

294 3705 540 3764 θλίϐεσθαι
571 3710 667 3763 καὶ
693 3709 999 3778 ὀδυνᾶσθαι,
1028 3713 1096 3765 τά
1119 3711 1208 3766 διὰ
1237 3713 1327 3766 τὸν
1353 3714 1483 3766 Θεὸν
1511 3714 1667 3785 μόνον
1700 3714 1846 3784 γινό-

295 3813 434 3866 μενοι,
464 3795 548 3854 οἷα
566 3800 639 3852 τὰ
670 3801 770 3871 τῆς
806 3802 1003 3872 Ἀννης
1032 3797 1098 3872 ἦν
1117 3817 1132 3832 ο
1180 3803 1256 3857 Τὰ
1285 3804 1396 3872 γὰρ
1427 3805 1601 3874 χείλη
1633 3803 1842 3873 αὐτῆς,

295 3890 458 3960 φησὶν,
485 3891 758 3957 ἐκινεῖτο,
791 3893 890 3946 καὶ
924 3893 962 3961 ἡ
991 3891 1160 3961 φωνὴ
1189 3894 1380 3962 αὐτῆς
1421 3898 1533 3950 οὐκ
1565 3896 1840 3964 ἠκούετο.

290 3989 432 4061 Ἀλλά
454 3997 516 4050 τὰ
541 3996 757 4069 δάκρυα
787 3999 923 4069 μόνα
953 4000 1250 4069 σάλπιγγος
1274 4002 1656 4074 λαμπροτέραν
1681 4002 1830 4073 ἠφίει

282 4085 459 4156 φωνήν.
505 4089 609 4141 Διά
654 4087 719 4160 δὴ
764 4089 924 4143 τοῦτο
971 4092 1064 4146 καὶ
1098 4092 1198 4162 τὴν
1253 4093 1467 4163 μήτραν
1519 4092 1755 4162 ἀνέῳξεν
1804 4095 1835 4145 6

280 4169 412 4236 Θεὸς.
465 4179 557 4231 καὶ
609 4177 708 4249 τὴν
758 4179 999 4250 σκληρὰν
1067 4181 1272 4252 πέτραν
1323 4182 1538 4254 ἁπαλὴν
1591 4183 1830 4255 ἄρουραν

282 4263 565 4331 εἰργάσατο.

341 4352 405 4416 ς’.
417 4357 507 4410 Ἂν
521 4357 668 4411 οὕτω
685 4357 780 4412 καὶ
794 4359 956 4423 αὐτὸς
972 4360 1232 4433 δακρύῃς,
1260 4363 1501 4434 μιμητὴς
1521 4361 1616 4417 τοῦ
1638 4363 1834 4416 Δεσπό-

281 4457 362 4494 του
397 4462 482 4499 σου
506 4449 761 4518 γέγονας.
794 4451 906 4504 Kal
934 4451 1044 4522 γὰρ
1078 4453 1174 4506 καὶ
1217 4454 1379 4518 αὐτὸς
1411 4454 1699 4526 ἐδάκρυσε,
1739 4456 1834 4509 καὶ.

281 4530 362 4584 ἐπὶ
394 4536 635 4612 Λαζάρου
668 4541 762 4594 καὶ
789 4542 882 4595 ἐπὶ
903 4543 1003 4614 τῆς
1029 4543 1259 4608 πόλεως,
1282 4546 1378 4599 καὶ
1413 4546 1506 4600 ἐπὶ¹
1536 4546 1628 4599 τοῦ
1665 4545 1833 4600 Ἰούδα

280 4620 602 4702 διεταράχθη.
626 4633 737 4686 Kal
764 4633 920 4686 τοῦτο
942 4633 1042 4705 μὲν
1074 4635 1329 4700 πολλάκις
1357 4636 1502 4691 ἐστιν
1531 4637 1658 4690 ίδείν
1675 4635 1834 4690 αὐτὸν

281 4715 529 4786 ποιοῦντα,
561 4723 804 4791 γελῶντα
827 4725 883 4779 δέ
914 4725 1151 4796 οὐδαμοῦ
1178 4743 1192 4757 ο
1226 4727 1340 4781 ἀλλ’
1388 4729 1510 4782 οὐδὲ
1542 4728 1832 4799 μειδιῶντα

279 4803 469 4877 ἡρέμαο
501 4814 698 4867 οὐκοῦν
737 4816 846 4868 τῶν
890 4816 1292 4886 εὐαγγελιστῶν
1331 4819 1504 4883 οὐδεὶς
1530 4822 1577 4851 θ’
1616 4821 1830 4891 εἴρηκε.

282 4895 365 4951 Διὰ
387 4900 532 4957 τοῦτο
550 4905 645 4957 καὶ
664 4905 896 4971 Παῦλος,
924 4907 1006 4960 ὅτι
1027 4909 1124 4978 μὲν
1152 4909 1439 4980 ἐδάκρυσε,
1473 4912 1566 4965 καὶ
1589 4911 1832 4982 τριετίαν

284 4983 430 5043 νύκτα
458 4993 551 5047 καὶ
584 4993 796 5065 ἡμέραν
823 4995 982 5050 τοῦτο
1010 4998 1204 5060 ἐποίει,
1240 5001 1335 5052 καὶ
1364 5001 1526 5064 αὐτὸς
1554 5003 1681 5071 περὶ
1715 5003 1834 5055 tau-

285 5073 381 5137 τοῦ,
411 5081 500 5133 καὶ
529 5083 708 5154 ἕτεροι
739 5085 868 5156 περὶ
918 5088 1080 5140 αὐτοῦ
1130 5089 1289 5143 τοῦτο
1334 5090 1613 5159 λέγουσιν’
1662 5092 1743 5145 ὅτι
1774 5091 1833 5145 δὲ

285 5163 537 5242 ἐγέλασεν,
566 5177 804 5248 οὐδαμοῦ
829 5179 950 5234 οὐτε
993 5182 1156 5246 αὐτὸς
1190 5183 1431 5254 εἴρηκεν,
1461 5184 1586 5237 οὔτε
1609 5185 1652 5216 ⁸³
1675 5183 1835 5249 ἀλλος

281 5256 386 5348 οὐδὲ
422 5261 497 5329 εἷς
526 5268 634 5322 τῶν
668 5271 859 5337 ἁγίων,
910 5271 1033 5326 οὕτε
1066 5275 1195 5347 περὶ
1242 5275 1436 5329 ἐαυτοῦ
1462 5315 1476 5338 ,
1538 5275 1662 5329 οὔτε
1705 5279 1834 5348 περὶ

284 5343 447 5421 ἐτέρου
492 5360 635 5422 τινὸς
689 5362 931 5416 τοιούτου
968 5381 983 5395 -
1033 5343 1153 5436 [971'
1184 5366 1320 5418 ἀλλὰ
1359 5368 1406 5405 ει
1452 5369 1579 5438 περὶ
1613 5343 1833 5438 Σάρῤέις

287 5439 432 5515 μόνης
460 5450 614 5505 τοῦτο
639 5452 875 5524 εἴρηται,
897 5455 1060 5525 ἡνίκα
1087 5455 1393 5528 ἐπετιμήθη
1413 5473 1426 5488 ·
1459 5458 1554 5510 καὶ
1580 5459 1710 5530 περὶ
1736 5456 1831 5510 τοῦ

286 5530 386 5632 υἱῖὖ
411 5535 547 5632 Νῶε,
592 5544 682 5598 ὅτε
738 5547 858 5600 ἀντ’
891 5546 1176 5617 ἐλευθέρου
1222 5548 1408 5614 δοῦλος
1458 5550 1670 5618 γέγονε.
1723 5551 1834 5605 Kal

283 5630 432 5680 ταῦτα
467 5630 626 5702 λέγω,
649 5635 712 5688 οὐ
737 5634 830 5688 τόν
862 5635 1074 5704 γέλωτα
1101 5639 1405 5705 ἐκκόπτων,
1434 5640 1569 5695 ἀλλὰ
1589 5641 1685 5712 τὴν
1711 5641 1832 5695 διά-

289 5725 421 5774 Χυσιν
463 5721 716 5794 ἀναιρῶν.
750 5726 909 5790 Τίνος
943 5727 1053 5798 γὰρ
1075 5727 1280 5796 ἐνεκεν,
1303 5729 1425 5783 εἰπέ
1469 5749 1578 5802 μοι,
1609 5731 1827 5806 θρύπτῃ

350 5823 556 5919 ῗὲξίεεῖ
583 5835 833 5919 Χριστὲς.
868 5836 982 5919 ἑο·
1008 5837 1160 5919 Εέεηο.
1176 5909 1195 5919 -
1218 5839 1268 5919 ξ’
1298 5837 1510 5919 ἐγίουε]
1531 5840 1837 5919 διάει-,εειἳῷ

2137 5843 2379 5919 ‘16]le
2401 5846 2584 5919 iidem.
2613 5917 2618 5919 Α
2660 5849 2708 5881 ⁸⁸
2740 5846 2994 5919 ξκαστος]
3017 5846 3140 5919 add,

1951 529 2044 581 καὶ
2071 531 2364 602 διαρῤέεις,
2392 535 2678 599 τοσαύταις
2703 537 2953 601 εὐθύναις
2971 539 3152 612 ἔνοχος
3182 542 3257 598 ὣν
3283 545 3384 611 ἐτι,
3426 551 3520 600 καὶ

1950 619 2166 691 φοϐερῷ
2201 622 2410 691 μέλλων
2455 627 2902 697 παραστήσεσθαι
2930 632 2975 663 ⁸⁵
3022 633 3376 706 δικαστηρίῳ.
3426 639 3524 690 καὶ

1951 709 2166 764 πάντων
2193 713 2452 785 παρέχειν
2480 715 2636 786 λόγον
2664 720 2802 788 μετά
2825 721 3110 792 ἀκριϐείας
3138 727 3247 780 τῶν
3287 728 3522 782 ἐνταῦθα

1947 803 2361 873 γεγενημένων;
2395 809 2504 862 Kal
2534 809 2643 882 γὰρ
2668 805 2742 864 ὧν
2766 814 2982 880 ἐκόντες
3004 817 3098 870 καὶ
3126 811 3200 872 ὧν
3221 821 3267 850 ⁸⁸
3294 820 3522 884 ἄκοντες

1944 890 2284 963 ἡμάρτομεν,
2317 896 2559 968 δώσομεν
2587 899 2742 968 λόγον
2759 917 2773 931 °
2820 905 2916 969 Ὃς
2941 903 3052 974 γὰρ
3076 905 3152 959 ἂν
3181 907 3520 976 ἀρνήσηταί

1937 995 2044 1052 με,
2109 985 2274 1055 φησὶν
2294 1024 2310 1050 ,
2383 986 2726 1057 ἔμπροσθεν
2776 990 2896 1046 τῶν
2946 993 3270 1064 ἀνθρώπων
3295 1035 3311 1062 ,
3356 995 3518 1068 κάγὼ

1943 1083 2280 1153 ἀρνήσομαι
2323 1087 2510 1140 αὐτὸν
2538 1086 2878 1156 ἔμπροσθεν
2904 1089 3011 1142 τοῦ
3061 1093 3286 1158 Πατρός
3305 1109 3445 1159 μου.
3471 1093 3513 1122 ⁸⁷

1945 1171 2202 1241 Καίτοιγε
2228 1175 2480 1239 ἀκούσιος
2511 1176 2546 1246 ή
2583 1176 2809 1246 τοιαύτη
2855 1178 3104 1248 ἄρνησις,
3132 1180 3246 1232 ἀλλ’
3275 1181 3425 1250 ὅμως
3455 1182 3516 1234 ού

1943 1260 2224 1331 διαφεύγει
2270 1265 2371 1334 τὴν
2421 1264 2680 1330 κόλασιν,
2715 1266 2852 1321 ἀλλὰ
2889 1268 2984 1320 καὶ
3028 1268 3229 1340 ταύτης
3269 1269 3520 1342 διδόαμεν

1944 1351 2172 1416 εὐθύνας
2190 1369 2206 1386 ο
2241 1354 2334 1407 καὶ
2350 1347 2426 1408 ὧν
2457 1355 2638 1425 ἴσμεν,
2666 1355 2762 1408 καὶ
2794 1349 2871 1408 ὧν
2899 1355 2944 1388 ⁸⁸
2972 1356 3072 1409 οὐκ
3096 1357 3256 1426 ῐσμεν
3277 1375 3292 1388 ’
3327 1358 3520 1412 Οὐδὲν

1943 1441 2054 1509 γὰρ
2089 1440 2323 1510 ἐμαυτῷ
2370 1444 2637 1506 σύνοιδα,
2673 1444 2860 1514 φησιν,
2902 1445 3041 1498 ἀλλ’
3071 1447 3183 1498 οὐκ
3229 1446 3299 1500 ἐν
3328 1448 3520 1514 τούτῳ

1942 1529 2340 1600 δεδικαίωμαι.
2381 1533 2492 1586 Kal
2520 1527 2597 1586 ὧν
2626 1533 2764 1586 κατά
2793 1534 3035 1602 ἄγνοιαν,
3065 1535 3160 1588 καὶ
3193 1531 3268 1589 ὧν
3297 1536 3344 1568 ⁶⁹
3374 1536 3516 1589 κατὰ

1942 1623 2143 1692 γνῶσιν
2163 1640 2179 1655 ο
2210 1623 2502 1692 Μαρτυρῶ
2534 1625 2644 1694 γὰρ
2700 1625 2923 1692 αὐτοῖς,
2975 1626 3172 1696 φησὶν,
3214 1626 3302 1679 ὅτι
3334 1625 3517 1695 ζῆλον

1947 1714 2099 1770 Θεοῦ
2125 1716 2397 1785 ἔχουσιν,
2421 1717 2557 1770 ἀλλ’
2595 1717 2667 1768 οὐ
2687 1717 2815 1769 κατ’
2833 1716 3160 1785 ἐπίγνωσιν
3177 1732 3193 1748 ο
3225 1717 3337 1770 ἀλλ’
3367 1717 3516 1786 ὅμως
3627 1717 3632 1721 ’

1942 1808 2040 1860 οὐκ
2055 1808 2218 1878 ἀρκεῖ
2234 1807 2390 1860 τοῦτο
2421 1808 2502 1870 είς
2529 1808 2822 1876 ἀπολογίαν
2846 1808 3048 1870 αὐτοῖς.
3075 1809 3182 1860 Kal
3211 1808 3515 1878 Κορινθίοις

1941 1897 1998 1952 δὲ
2038 1898 2367 1952 ἐπιστέλλων
2399 1897 2552 1966 ἔλεγε
2577 1914 2590 1929 ·
2625 1898 2920 1966 Φοϐοῦμαι
2951 1896 3159 1967 μήπως
3191 1898 3272 1962 ὠς
3301 1901 3334 1951 ὁ
3381 1898 3516 1966 ὄφις

1940 1986 2324 2056 ἐξηπάτησεν
2356 1987 2522 2040 Εὔαν
2558 1987 2627 2040 ἐν
2655 1984 2730 2055 τῇ
2767 1986 3097 2055 πανουργίᾳ
3127 1986 3334 2049 αὑτοῦ,
3364 1986 3517 2040 οὕτω

1939 2075 2137 2146 φθαρῇ
2165 2077 2235 2130 τὰ
2261 2075 2528 2144 νοήματα
2559 2075 2726 2144 ὑμῶν
2757 2075 2875 2128 ἀπὸ
2902 2073 3014 2142 τῆς
3041 2075 3382 2142 ἁπλότητος
3406 2073 3516 2142 τῆς

1937 2169 2025 2232 εὶς
2067 2166 2174 2221 τὸν
2209 2168 2490 2234 Χριστόν.
2547 2166 2829 2218 Τοσούτων
2861 2166 3039 2218 τοίνυν
3073 2165 3281 2234 μέλλων
3317 2165 3517 2218 διδόναι

1940 2260 2188 2325 εὐθύνας,
2219 2260 2360 2331 κάθῃ
2393 2259 2588 2328 γελῶν,
2619 2259 2713 2312 καὶ¹
2757 2258 2947 2312 ἀστεῖα
2977 2257 3171 2326 λέγων,
3215 2259 3307 2310 καὶ
3336 2260 3513 2328 τρυφῇ

1940 2354 2253 2423 προσέχων;
2287 2353 2387 2404 Ἂν
2424 2350 2534 2420 γὰρ
2574 2349 2648 2421 μὴ
2676 2347 2848 2402 ταῦτα
2879 2349 3108 2418 ποιήσω,
3143 2348 3332 2418 φησὶν,
3375 2348 3514 2401 ἀλλά

1939 2445 2213 2516 πενθήσω,
2241 2442 2295 2495 τί
2321 2441 2381 2495 τὸ
2407 2441 2630 2510 ὄφελος;
2659 2440 2929 2506 Μέγιστον
2965 2439 3062 2508 μὲν
3090 2434 3183 2491 οὖν
3206 2476 3222 2500 ,
3263 2439 3357 2491 καὶ
3385 2454 3513 2490 τοσ-

1935 2533 2091 2588 οῦτον
2154 2533 2278 2586 ὅσον
2341 2531 2460 2586 οὐδὲ
2531 2530 2610 2600 τῷ
2659 2528 2803 2598 λόγῳ
2863 2529 3212 2598 παραστῆσαι
3269 2527 3510 2581 δυνατόν.

1948 2622 2073 2676 Ἐπὶ
2100 2621 2196 2693 μὲν
2234 2621 2342 2692 γὰρ
2365 2619 2472 2673 τῶν
2494 2618 2692 2684 ἔξωθεν
2718 2618 3105 2688 δικαστηρίων,
3157 2617 3259 2669 ὅσα
3308 2616 3374 2670 ἂν
3417 2617 3512 2668 δα-

1936 2715 2164 2788 κρύσῃς,
2202 2715 2303 2767 οὐκ
2353 2711 2592 2784 ἐκφεύξῃ
2620 2711 2719 2781 τὴν
2769 2709 2992 2762 κόλασιν
3037 2708 3174 2777 μετά
3225 2708 3323 2779 τὴν
3374 2709 3511 2761 ἀπό-

1937 2824 2100 2879 φασιν
2127 2824 2141 2838 ο
2170 2805 2404 2859 ἐνταῦθα
2431 2805 2506 2868 δὲ,
2539 2803 2604 2856 ἂν
2646 2801 2955 2874 στυγνάσῃς
2990 2800 3169 2870 μόνον,
3198 2799 3393 2863 ἐλυσας
3413 2801 3511 2870 τὴν

1935 2900 2136 2970 ψῆφον,
2167 2900 2259 2952 καὶ
2290 2893 2617 2967 συγγνώμης
2676 2894 2790 2968 [98]
2836 2894 3165 2955 ἀπέλαυσας.
3219 2892 3317 2944 Διὰ
3357 2891 3514 2946 τοῦτο

1940 2991 2112 3044 πολλὰ
2144 2990 2272 3061 περὶ
2306 2989 2536 3050 πένθους
2565 2988 2698 3058 ἡμῖν
2735 2988 2763 3040 6
2800 2985 3031 3057 Χριστὸς
3059 2982 3382 3050 διαλέγεται,
3415 2983 3511 3036 καὶ

1939 3082 2231 3155 μακαρίζει
2284 3081 2410 3144 τοὺς
2468 3078 2842 3141 πενθοῦντας,
2905 3076 3000 3130 καὶ
3055 3073 3329 3138 ταλανίζει
3380 3074 3510 3137 τοὺς

1934 3171 2228 3242 γελῶντας.
2260 3171 2334 3224 Οὐ
2362 3170 2471 3241 γάρ
2516 3171 2632 3222 ἐστι
2662 3169 2722 3221 τὸ
2763 3167 2988 3240 θέατρον
3037 3166 3193 3218 τοῦτο
3249 3165 3508 3232 γέλωτος,

1933 3263 2053 3317 οὐδὲ
2073 3263 2161 3316 διὰ
2192 3261 2349 3314 τοῦτο
2376 3260 2730 3330 συνήλθομεν,
2761 3260 2847 3311 ἵνα
2873 3256 3363 3326 ἀνακαγχάζωμεν,
3395 3253 3508 3307 ἀλλ’

1937 3353 2024 3409 ἵνα
2058 3351 2402 3423 στενάζωμεν
2427 3351 2498 3417 ⁷⁸,
2533 3351 2627 3404 καὶ
2653 3349 2932 3418 βασιλείαν
2979 3349 3045 3400 ἐκ
3071 3347 3164 3400 τοῦ
3205 3344 3508 3414 στεναγμοῦ

1924 3440 2113 3493 τούτου
2162 3442 2679 3511 κληρονομήσωμεν.
2723 3438 2794 3491 Σὺ
2847 3437 2904 3489 δὲ
2957 3437 3168 3505 βασιλεί
3217 3439 3317 3507 μὲν
3365 3457 3506 3508 παρ-

1925 3528 2119 3593 εστὼς,
2137 3531 2257 3582 οὐδέ
2287 3529 2473 3593 ἁπλῶς
2505 3529 2781 3599 μειδιᾶσαι
2807 3527 2994 3597 ἀνέχῃ·
3024 3527 3115 3580 τὸν
3139 3527 3194 3581 δὲ
3222 3527 3331 3580 τῶν
3343 3528 3507 3596 ἀγγέ-

1925 3621 2031 3674 λων
2062 3621 2338 3692 Δεσπότην
2367 3620 2503 3690 ἔχων
2531 3620 2735 3673 ἕνοικον
2767 3619 2865 3689 οὐχ
2886 3618 3120 3690 ἕστηκας
3148 3620 3284 3688 μετά
3303 3621 3506 3690 τρόμου

1927 3712 2023 3767 καὶ
2067 3713 2112 3744 ⁷¹
2154 3713 2506 3784 σωφροσύνης
2555 3711 2657 3779 τῆς
2705 3709 3110 3780 προσηκούσης,
3147 3709 3282 3763 ἀλλά
3318 3710 3506 3780 γελᾷς,

1927 3803 2094 3856 αὐτοῦ
2133 3803 2389 3865 πολλάκις
2427 3801 2815 3874 ὀργιζομένου;
2838 3801 2930 3853 καὶ¹
2953 3802 3052 3853 οὐκ
3071 3803 3272 3864 ἐννοεῖς
3298 3803 3380 3854 ὄτι
3401 3803 3511 3854 τῶν

1929 3895 2339 3966 ἁμαρτημάτων
2362 3892 2535 3964 ταύτῃ
2572 3893 2833 3962 μειζόνως
2853 3892 3179 3963 παροξύνεις
3207 3893 3402 3958 αὐτόν;
3429 3893 3509 3948 Οὐ

1927 3987 2037 4058 γὰρ
2089 3987 2232 4040 οὕτω
2281 3986 2408 4049 τοὺς
2457 3984 2893 4055 ἁμαρτάνοντας,
2940 3983 3016 4046 ὼς
3065 3983 3190 4046 τοὺς
3243 3982 3382 4053 μετά
3412 3983 3512 4053 τὴν

1927 4078 2203 4148 ἁμαρτίαν
2234 4077 2308 4147 μὴ
2331 4073 2782 4144 συστελλομένους
2808 4073 3243 4144 ἀποστρέφεσθαι
3269 4072 3456 4124 εἴωθεν
3484 4075 3512 4125 ὁ

1928 4169 2079 4232 Θεός.
2119 4168 2256 4220 Ἀλλ’
2289 4168 2438 4237 ὅμως
2459 4165 2633 4228 οὕτως
2659 4165 2798 4217 εἰσὶν
2827 4162 3168 4234 ἀναισθήτως
3200 4163 3345 4226 τινὲς
3393 4163 3514 4216 δια-

1929 4261 2196 4331 κείμενοι,
2224 4259 2300 4322 ὼς
2323 4259 2418 4312 καὶ
2455 4257 2594 4328 μετά
2618 4255 2791 4310 ταῦτα
2817 4256 2886 4310 τὰ
2913 4257 3136 4328 ῥήματα
3155 4256 3363 4324 λέγειν’
3387 4255 3515 4326 ἐμοὶ

1929 4354 1988 4408 δὲ
2021 4354 2094 4424 μὴ
2126 4352 2333 4419 γένοιτο
2381 4349 2645 4421 δακρῦσαί
2696 4366 2827 4402 ποτε
2846 4388 2862 4412 ,
2906 4348 3046 4401 ἀλλά
3076 4348 3189 4418 δῴη
3225 4365 3314 4418 μοι
3345 4347 3513 4418 γελᾷν

1932 4445 2027 4499 καὶ
2054 4443 2269 4507 παίζειν
2292 4445 2320 4496 ὁ
2347 4441 2481 4505 Θεὸς
2510 4442 2688 4495 πάντα
2714 4441 2806 4494 τὸν
2835 4440 3046 4511 χρόνον.
3078 4441 3190 4494 Kal
3220 4440 3272 4492 τί
3305 4439 3514 4508 ταύτης

1931 4539 2031 4605 τῆς
2059 4533 2296 4597 διανοίας
2325 4531 2718 4604 παιδικώτερον
2747 4532 2941 4601 γένοιτ’
2971 4533 3068 4599 av;
3110 4535 3172 4586 οὐ
3203 4534 3313 4604 γὰρ
3332 4536 3361 4589 ό
3385 4533 3517 4596 Θεὸς

1934 4625 2117 4679 δίδωσι
2175 4625 2409 4690 παίζειν,
2460 4624 2573 4678 ἀλλ’
2602 4626 2630 4678 6
2660 4624 2931 4689 διάϐολος.
2971 4627 3235 4679 Ἄκουσον
3282 4624 3432 4694 γοῦν.
3466 4625 3516 4678 οί

1933 4718 2219 4783 παίζοντες
2267 4717 2320 4770 τί
2379 4717 2614 4770 ἔπαθον·
2667 4715 2978 4783 Ἐκάθισε,
3037 4717 3221 4788 φησὶν,
3273 4719 3307 4770 ὀ
3365 4717 3518 4780 λαός

1933 4809 2148 4878 φαγεῖν
2178 4808 2277 4864 καὶ
2299 4807 2477 4870 πιεῖν,
2512 4806 2612 4862 καί
2637 4806 2990 4874 ἀνέστησαν
3010 4807 3255 4867 παίζειν.
3274 4805 3517 4860 Τοιοῦτοι

1933 4896 2071 4972 ἦσαν
2109 4903 2157 4954 oi
2199 4901 2256 4953 ἐν
2285 4899 2558 4970 Σοδόμοις,
2605 4899 2836 4952 τοιοῦτοι
2886 4901 2936 4952 οί
2990 4899 3085 4953 ἐπὶ
3115 4898 3210 4953 τοῦ
3240 4898 3519 4952 κατακλυ-

1937 4993 2095 5064 σμοῦ.
2152 4991 2263 5046 Καὶ
2303 4992 2412 5065 γὰρ
2460 4994 2555 5047 καὶ
2609 4992 2739 5061 περὶ
2783 4991 3008 5045 ἐκείνων
3056 4992 3240 5062 φησὶν,
3269 4991 3400 5045 Ὀτι
3449 4991 3522 5044 ἐν

1936 5085 2335 5154 ὑπερηφανίᾳ,
2367 5084 2466 5138 καὶ
2496 5085 2567 5138 ἐν
2597 5083 2924 5150 εὐθηνίαις,
2957 5081 3054 5137 καί
3087 5083 3158 5136 ἐν
3193 5079 3522 5152 πλησμονῇ

1938 5175 2132 5245 ἄρτων
2166 5176 2543 5230 ἐσπατάλων.
2577 5175 2684 5228 Kal
2716 5175 2765 5227 οἱ
2791 5174 2933 5228 κατὰ
2973 5173 3065 5229 τὸν
3091 5174 3215 5229 Νῶε
3250 5175 3401 5238 ὅντες
3425 5173 3523 5244 τὴν

1942 5269 2173 5322 κιϐωτὸν
2201 5267 2296 5321 ἐπὶ
2323 5267 2597 5330 τοσούτοις
2617 5267 2664 5297 τ’
2694 5265 2927 5336 ὁρῶντες
2972 5265 3522 5336 κατασκευαζομένην

1945 5359 2468 5430 ἐτεσιν,ἀναλγήτως
2491 5357 2860 5428 εὐφραίνοντο,
2895 5358 3060 5429 μηδὲν
3083 5358 3193 5411 τῶν
3219 5356 3523 5428 μελλόντων

1947 5448 2344 5520 προορώμενοι.
2379 5448 2477 5502 Διά
2525 5445 2684 5501 τοῦτο
2738 5440 2832 5500 καὶ
2875 5448 3080 5512 πάντας
3124 5447 3320 5509 αὐτοὺς
3367 5446 3526 5498 ἐπελ-

1943 5539 2052 5594 θὼν
2093 5540 2402 5611 παρέσυρεν
2449 5541 2478 5592 6
2522 5540 2924 5612 κατακλυσμὸς,
2963 5539 3057 5592 καὶ
3096 5538 3158 5592 τὸ
3201 5537 3379 5591 κοινὸν
3425 5537 3527 5608 τῆς

1941 5632 2264 5704 οἰκουμένης
2292 5632 2548 5700 ναυάγιον
2577 5633 2700 5686 τότε
2733 5632 3048 5704 εἰργάσατο.

2016 5723 2083 5789 ζ’.
2122 5723 2215 5795 Μὴ
2240 5724 2418 5778 τοίνυν
2446 5723 2589 5777 αἴτει
2617 5723 2768 5796 παρά
2794 5722 2889 5776 τοῦ
2917 5719 3053 5775 Θεοῦ
3078 5720 3275 5786 ταῦτα,
3307 5719 3344 5774 ἃ
3375 5717 3528 5792 παρά

3155 5848 3312 5919 ἡμῶν
3333 5849 3522 5910 iidem.

291 5890 332 5988 1°.
356 5890 556 5988 5359‘1'
571 5890 978 5988 τρίδεγαίάρῗ
993 5890 1196 5988 ἐ¹ίπὶᾶη
1215 5913 1272 5988 ἐν
1297 5890 1423 5988 $59-
1435 5890 1559 5988 5331?
1565 5890 1592 5966 ἶ
1602 5890 1632 5988 Ϊ
1629 5890 1838 5988 .Έῖὲῦξέ

2119 5890 2384 5988 οὐδείς
2686 5890 2993 5988 τοῦτξνιᾷἷυ

291 5968 625 6060 ειξηεξιςεεςρι
647 5968 1076 6060 ειύέοῦίῆερβ)
1099 5968 1442 6060 νέείι.Α‹¹ηοι-
1470 6055 1483 6060 -
1519 5979 1565 6012 ⁸⁸
1592 5980 1753 6060 ἀλλὲῖ
1779 5983 1838 6036 ἀλ

1937 5984 1969 6060 η,
1991 5968 2084 6060 νε
2131 5968 2178 6060 δ]
2206 5968 2668 6060 τεέριέςξάσάῑιξξ
2699 5968 3524 6060 *ιε-εν-διη.Αῑιξ;ε.-“έθέλεξ,ῑ

293 6032 399 6116 adfl‘.
426 6041 512 6116 τοῦ
541 6032 598 6097 ἐν
624 6032 872 6116 οὐρανοῖς
902 6032 1040 6103 Εέιά.
1057 6032 1072 6050 ’
1114 6032 1119 6034 ﬁ
1141 6032 1190 6084 “—

1620 6055 1666 6088 “
1694 6048 1770 6108 ὧν
1803 6069 1911 6108 om.
1941 6048 2009 6110 Ἀ.
2037 6057 2097 6111 Β.
2131 6055 2192 6112 C.
2225 6048 2289 6110 DQ

2389 6058 2435 6089 ⁷³
2477 6056 2820 6139 στενάξωμεν
2852 6059 2911 6114 Β.
2939 6060 3002 6115 C.
3077 6061 3126 6139 “_
3161 6056 3525 6139 μετά-τρόμοῦ

297 6104 390 6176 καὶ]
412 6111 612 6183 τρέμων
646 6104 740 6172 κάι
772 6119 906 6189 μετὰ
934 6119 1134 6191 τρόμου
1169 6121 1333 6196 Edd.]
1367 6123 1530 6194 φόϐου
1564 6121 1625 6186 F.
1703 6127 1745 6159 ⁷³
1780 6124 1870 6179 ἐπὶ
1903 6127 2194 6194 τοσούτοις.
2225 6169 2236 6183 .
2265 6167 2276 6182 .
2312 6127 2510 6201 ἔτεσιν]
2537 6104 3002 6190 ἐπὶττοδσοῦτονίί
3031 6104 3218 6206 χρόνὸν
3248 6111 3382 6188 Εύιίδ.
