4066 6436
522 381 585 437 71
1226 386 1285 445 S.
1319 387 1601 447 JOANNIS
1636 390 2118 449 CHRYSOSTOII
2154 395 2473 454 ARCIIIEP.
2512 392 3056 453 CONSTANTINOP.
3709 413 3778 468 ἠ

527 493 624 547 τοῦ
654 492 906 547 διαϐόλου
940 493 1259 565 λαμϐάνεις.
1286 496 1396 550 Τοῦ
1426 497 1537 568 7&9
1557 497 1716 562 Θεοῦ,
1748 498 1934 553 δοῦναι
1960 515 2097 569 καρ-

526 575 646 630 δίαν
665 579 1137 648 συντετριμμένην
1153 579 1247 631 zeal
1270 582 1772 651 τεταπεινωμένην,
1796 584 2095 653 νήφουσαν,

528 658 918 729 σωφρονοῦσαν
960 661 1053 714 καὶ
1082 662 1552 734 κατεσταλμένην,
1599 665 1974 735 μετανοοῦσαν
2000 668 2098 720 καὶ

526 741 1030 813 κατανενυγμένην.
1066 744 1254 798 Ταῦτα
1295 746 1509 800 ἐκείνου
1566 748 1635 801 τὰ
1676 748 1826 819 δῶρα
1852 788 1868 812 ,
1910 750 2097 819 ἐπειδὴ

524 826 618 877 καὶ
649 824 839 878 τούτου
864 827 997 894 ἡμῖν
1037 828 1198 897 χρεία
1233 827 1348 900 [99]
1383 830 1646 899 μάλιστα.
1680 832 1793 885 Καὶ
1814 832 1923 902 γὰρ
1946 832 2095 901 ἀγὼν

522 907 793 975 ἐφέστηκε
817 908 1077 975 χαλεπὸς,
1097 911 1193 962 καὶ
1215 910 1352 981 πρὸς
1372 913 1473 975 τάς
1502 912 1769 983 ἀοράτους
1790 915 1923 984 ἡμῖν
1945 914 2097 968 δυνά-

524 1009 648 1061 μεις
690 995 722 1063 ή
755 992 925 1061 πάλη,
963 994 1100 1062 πρὸς
1142 995 1210 1049 τά
1246 1000 1599 1067 πνευματικά
1631 1000 1729 1069 τῆς
1770 999 2034 1070 πονηρίας
2059 1003 2094 1069 ή

523 1077 695 1146 μάχη,
716 1079 853 1150 πρὸς
876 1078 977 1141 τάς
997 1078 1192 1149 ἀρχὰς,
1218 1080 1355 1149 πρὸς
1376 1081 1476 1139 τὰς
1501 1081 1753 1147 ἐξουσίας
1775 1082 1803 1135 6
1830 1084 2093 1152 πόλεμοςο

521 1164 617 1215 καὶ
652 1162 936 1233 ἀγαπητὸν
973 1163 1373 1228 σπουδάζοντας
1401 1167 1551 1235 ἡμᾶς
1580 1167 1676 1219 καὶ
1702 1169 1972 1237 νήφοντας
2002 1168 2097 1220 καὶ

521 1245 986 1316 διεγηγερμένους
1012 1284 1028 1307 ,
1066 1246 1366 1316 δυνηθῆναι
1415 1249 1517 1320 τὴν
1557 1250 1763 1319 ἀγρίαν
1810 1250 2029 1319 ἐκείνην
2048 1248 2096 1281 ⁷³

522 1328 780 1395 φάλαγγα
803 1329 1070 1395 ἐνεγκεῖν.
1089 1329 1188 1380 “Av
1209 1329 1266 1381 δέ
1286 1330 1536 1400 γελῶμεν
1559 1334 1655 1385 καὶ
1676 1332 1983 1401 παίζωμεν,
2000 1330 2098 1384 καὶ

518 1409 811 1473 διαπαντὸς
842 1410 1201 1481 ρᾳθυμῶμεν,
1239 1412 1334 1465 καὶ
1374 1416 1483 1483 πρὸ
1528 1415 1631 1482 τῆς
1667 1414 1948 1484 συμϐολῆς
1991 1413 2096 1466 ὑπὸ

517 1493 618 1562 τῆς
663 1493 874 1555 οἰκείας
927 1493 1393 1564 καταπεσούμεθα
1440 1496 1733 1567 ῥᾳθυμίας.
1789 1495 1869 1552 Οὐ
1916 1496 2095 1550 τοίνυν

517 1575 792 1646 ἡμέτερον
836 1576 897 1629 16
930 1577 1097 1647 γελᾷν
1151 1577 1420 1648 διηνεκῶς
1477 1580 1572 1631 καὶ⁸
1604 1579 1944 1647 θρύπτεσθαι
2000 1579 2097 1632 καὶ

517 1660 752 1728 τρυφᾷν,
784 1658 926 1711 ἀλλά
956 1660 1064 1712 τῶν
1111 1660 1206 1713 ἐπὶ
1256 1661 1487 1730 σκηνῆς,
1538 1662 1647 1714 τῶν
1686 1664 2096 1734 πορνευομένων

517 1745 815 1813 γυναικῶν,
847 1746 957 1799 τῶν
988 1748 1066 1809 είς
1093 1746 1254 1799 τοῦτο
1287 1746 1643 1818 ἐξυρημένων
1659 1748 1706 1778 ⁷⁸
1730 1748 1963 1819 ἀνδρῶν,
1987 1747 2098 1799 τῶν

518 1830 865 1899 παρασίτων,
896 1829 1007 1881 τῶν
1038 1828 1289 1882 κολάκων
1311 1846 1325 1862 ο
1363 1832 1426 1883 ού
1468 1831 1577 1883 τῶν
1608 1830 1702 1884 ἐπὶ
1746 1831 1837 1885 τὸν
1867 1832 2098 1902 οὐρανὸν

518 1910 898 1982 κεκλημένων,
921 1911 981 1964 ού
1010 1910 1121 1963 τῶν
1159 1913 1239 1975 εἰς
1263 1912 1364 1982 τὴν
1385 1912 1499 1965 ἄνω
1521 1913 1676 1967 πόλιν
1707 1915 2098 1986 ἐγγεγραμμέ-

521 2014 652 2056 νων,
680 1996 740 2048 οὐ
786 1996 896 2048 τῶν
924 1994 1066 2049 ὅπλα
1107 1996 1488 2066 βασταζόντων
1538 1998 1891 2068 πνευματικὰ
1911 2040 1926 2065 ,
1957 1998 2097 2052 ἀλλά

516 2078 628 2131 τῶν
660 2079 739 2149 τῷ
800 2078 1035 2149 διαϐόλῳ
1076 2078 1444 2149 τελουμένων.
1486 2080 1726 2144 Ἐκεῖνος
1767 2081 1878 2152 γάρ
1923 2082 2093 2145 ἐστιν,

516 2162 747 2222 ἐκεῖνος.
776 2163 805 2215 6
849 2162 946 2215 καὶ
981 2160 1179 2231 τέχνην
1205 2162 1265 2215 16
1288 2162 1525 2232 πρᾶγμα
1554 2164 1820 2232 ποιήσας,
1853 2163 1940 2217 ἵνα
1968 2164 2097 2227 τοὺς

517 2242 860 2314 στρατιώτας
885 2245 1092 2317 ἐκλύση
1110 2244 1155 2276 ⁷³
1175 2243 1271 2297 τοῦ
1301 2243 1565 2316 Χριστοῦ,
1596 2246 1694 2299 καὶ
1727 2244 2096 2317 μαλακώτερα

514 2326 696 2380 αὐτῶν
723 2328 927 2398 ποιήσῃ
962 2331 1062 2398 τῆς
1105 2326 1423 2399 προθυμίας
1464 2327 1535 2382 τὰ
1563 2328 1753 2399 νεῦρα,
1796 2330 1897 2383 Διά
1935 2330 2096 2384 τοῦτο

514 2410 611 2463 καὶ
644 2410 850 2481 θέατρα
894 2410 1251 2481 ᾠκοδόμησεν
1293 2412 1353 2463 ἐν
1395 2413 1515 2474 ταῖς
1567 2413 1783 2477 πόλεσι,
1828 2414 1922 2467 καὶ
1966 2415 2094 2478 τοὺς

512 2492 913 2561 γελωτοποιοὺς
941 2493 1187 2558 ἐκείνους
1216 2494 1486 2565 ἀσκήσας,
1507 2496 1595 2550 διὰ
1614 2496 1715 2566 τῆς
1742 2499 1970 2552 ἐκείνων
1997 2498 2094 2551 λύ-

517 2593 628 2648 μης
668 2577 811 2631 κατά
850 2580 952 2646 τῆς
986 2577 1200 2639 πόλεως
1242 2578 1464 2649 ἀπάσης
1495 2580 1587 2633 τὸν
1614 2579 1858 2634 τοιοῦτον
1895 2582 2093 2653 ἐνσκή-

511 2660 698 2712 πτει⁷⁶
712 2659 920 2729 λοιμόνο
942 2658 979 2712 ἃ
1001 2658 1224 2727 φεύγειν
1238 2661 1267 2712 6
1279 2661 1489 2724 Παῦλος
1505 2662 1783 2729 ἐκέλευσε,
1796 2662 1896 2735 τὴν
1917 2682 2096 2736 μωρο-

511 2740 701 2810 λογίαν
732 2743 828 2795 καὶ
841 2743 943 2810 τὴν
966 2742 1331 2814 εὐτραπελίαν
1348 2743 1415 2809 ⁷⁷,
1434 2745 1606 2798 ταῦτα
1626 2746 1841 2803 διώκειν
1865 2748 2095 2802 ἀναπεί-

515 2825 648 2880 θων.
676 2827 789 2879 Kal
813 2825 875 2879 16
903 2824 969 2896 δὴ
998 2825 1385 2897 χαλεπώτερον
1415 2826 1622 2881 τούτων
1652 2830 1686 2899 ή
1730 2829 1826 2883 τοῦ
1856 2830 2096 2899 γέλωτός

513 2910 661 2962 ἐστιν
688 2908 966 2972 ὑπόθεσις.
991 2910 1162 2962 Ὅταν
1192 2911 1288 2979 μὲν
1312 2911 1421 2982 7&9
1448 2911 1769 2983 βλάσφημόν
1789 2931 1844 2968 τι
1867 2916 2095 2970 εῖπωσιν

512 2988 546 3057 ἢ
578 2987 805 3059 αἰσχρὸν
826 2988 876 3040 οί
916 2990 1074 3058 μῖμοι
1100 2987 1209 3041 τῶν
1232 2988 1458 3057 γελοίων
1488 2991 1737 3052 ἐκείνων,
1757 2992 1880 3045 τότε
1909 2994 2095 3048 πολλοὶ

510 3076 622 3129 τῶν
651 3074 1027 3146 ἀνοητοτέρων
1076 3075 1277 3143 γελῶσι
1326 3076 1420 3129 καὶ
1453 3076 1771 3146 τέρπονται,
1826 3078 1968 3150 ὑπὲρ
2018 3072 2095 3134 ὧν

512 3160 713 3223 αὐτοὺς
741 3158 983 3223 λιθάζειν
1008 3159 1199 3231 ἐχρῆν,
1240 3159 1379 3230 ὑπὲρ
1403 3158 1608 3212 τούτων
1631 3159 1974 3230 κροτοῦντες,
2000 3164 2095 3216 καὶ

512 3245 612 3315 τὴν
646 3245 876 3315 κάμινον
904 3242 1001 3296 τοῦ
1036 3243 1209 3314 πυρὸς
1238 3243 1327 3295 διὰ
1357 3244 1457 3313 τῆς
1491 3243 1687 3312 ἡδονῆς
1719 3243 1925 3314 ταύτης
1952 3246 2095 3299 κατὰ

510 3330 611 3398 τῆς
639 3326 853 3381 ἐαυτῶν
906 3326 1161 3390 ἕλκοντες
1190 3325 1455 3396 κεφαλῆς.
1490 3328 1556 3379 Οἱ
1593 3326 1701 3397 7&9
1743 3328 2094 3394 ἐπαινοῦντες

391 3436 394 3439 τ
510 3411 638 3472 τοὺς
663 3409 841 3463 ταῦτα
866 3410 912 3440 ⁷⁸
932 3409 1212 3479 λέγοντας,
1238 3401 1384 3463 οῦτοι
1407 3408 1647 3480 μάλιστά
1676 3413 1813 3464 εἰσιν
1841 3412 1890 3463 οί
1916 3409 2094 3480 λέγειν

509 3493 901 3556 ἀναπείθοντες
921 3510 937 3524 ·
961 3493 1043 3546 διὸ
1069 3493 1167 3547 καὶ
1197 3493 1298 3563 τῆς
1325 3491 1609 3554 κολάσεως
1626 3493 1725 3563 τῆς
1758 3495 1853 3547 ἐπὶ
1878 3495 2094 3561 τούτοις

508 3579 776 3648 κειμένης
805 3577 1147 3648 δικαιότερον
1184 3577 1251 3632 ἂν
1280 3572 1391 3633 εἷεν
1411 3578 1457 3609 τ’
1488 3577 1806 3632 ὑπεύθυνοι.
1845 3577 1997 3652 [100]
2029 3583 2093 3636 Εἰ

508 3663 622 3731 γὰρ
652 3660 843 3731 μηδεὶς
861 3655 930 3731 ἦν
958 3660 987 3711 6
1011 3660 1081 3713 τὰ
1098 3659 1327 3714 τοιαῦτα
1348 3659 1644 3732 θεώμενος,
1661 3660 1770 3713 οὐδ’
1798 3662 1866 3717 ἂν
1894 3664 1923 3717 ό
1945 3666 2094 3732 ἀγω-

509 3745 793 3813 νιζόμενος
824 3740 893 3815 ἦν
913 3761 927 3775 ·
959 3743 1090 3797 ὅταν
1121 3742 1180 3796 δὲ
1233 3743 1419 3797 ίδωσιν
1454 3744 1600 3815 ὑμᾶς
1626 3745 1721 3797 καὶ
1748 3745 2091 3819 ἐργαστήρια

506 3827 606 3882 καὶ
636 3828 836 3898 τέχνας
876 3828 971 3881 καὶ
1001 3827 1100 3898 τὴν
1128 3828 1193 3879 ἐκ
1228 3826 1438 3879 τούτων
1469 3825 1755 3897 πρόσοδον,
1784 3829 1877 3879 καὶ
1910 3828 2092 3884 πάντα

508 3911 697 3975 ἁπλῶς
740 3910 879 3982 ὑπὲρ
917 3911 1019 3980 τῆς
1067 3913 1185 3963 ἐκεῖ
1223 3908 1510 3981 διατριϐῆς
1562 3908 1822 3978 ἀφέντας,
1863 3910 2092 3981 μείζονα

503 3994 753 4065 δέχονται
800 3997 902 4066 τὴν
936 3993 1283 4065 προθυμίαν,
1338 3993 1434 4047 καὶ
1488 3991 1711 4046 πλείονα
1752 3995 1882 4065 περὶ
1914 3994 2090 4050 ταῦτα

506 4079 789 4132 ποιοῦνται
823 4078 1087 4149 σπουδήν.
1122 4078 1234 4131 Kal
1261 4074 1435 4131 ταῦτα
1464 4076 1566 4129 οὐκ
1620 4075 1867 4140 ἐκείνους
1912 4078 2089 4133 ἀπαλ-

507 4161 719 4217 λάττων
737 4162 1101 4231 ἐγκλημάτων
1127 4160 1292 4229 λέγω,
1314 4158 1429 4214 ἀλλ’
1461 4159 1548 4212 ῐνα
1567 4160 1727 4229 ὑμεῖς
1751 4160 1985 4233 μάθητε,
2005 4158 2094 4216 δτί

505 4244 605 4316 τὴν
639 4245 817 4315 ἀρχὴν
845 4246 942 4298 καὶ
972 4244 1077 4316 τὴν
1104 4242 1261 4314 ῥίζαν
1289 4244 1391 4313 τῆς
1435 4243 1694 4314 τοιαύτης
1737 4248 2087 4317 παρανομίας

507 4330 664 4400 ὑμεῖς
698 4326 1089 4423 μάλιπάιέστε
1125 4329 1180 4380 οἱ
1235 4327 1684 4423 παρέχοντες,“οί
1725 4328 1826 4423 την
1858 4331 2089 4423 ,ἡμέραν

505 4413 729 4467 ἃπασαν
759 4413 843 4475 είς
871 4410 1050 4466 ταῦτα
1075 4410 1571 4474 καταναλίσκοντες
1595 4412 1663 4477 ⁸ο,
1700 4412 1796 4465 καὶ
1814 4413 1883 4466 τά
1912 4417 2089 4485 σεμνὰ

504 4495 599 4548 τοῦ
611 4496 795 4566 γάμου
809 4494 1119 4566 πράγματα
1130 4492 1592 4563 ἐκπομπεύοντες,
1607 4494 1704 4547 καὶ
1713 4494 1775 4547 τὸ
1788 4497 2088 4568 μυστήριον

502 4579 563 4632 16
583 4578 729 4649 μέγα
755 4577 1378 4648 παραδειγματίζοντες.
1397 4574 1532 4628 Οὑδέ
1547 4576 1655 4648 γὰρ
1685 4575 1859 4641 οὓτως
1879 4580 2087 4647 ἐκεῖνος

501 4663 532 4716 6
569 4662 746 4716 ταῦτα
776 4660 1209 4732 ὐποκρινόμενός
1240 4659 1387 4711 ἐστιν
1414 4659 1443 4711 ό
1476 4656 1840 4730 πλημμελῶν,
1872 4661 1949 4725 ὡς
1979 4664 2086 4733 πρὸ

502 4745 715 4799 ἐκείνου
751 4745 842 4809 σὺ,
884 4746 915 4798 ό
943 4742 1120 4799 ταῦτα
1151 4741 1394 4796 κελεύων
1443 4744 1650 4794 ποιεῖν’
1691 4741 1896 4810 μᾶλλον
1936 4744 1994 4797 δὲ
2021 4744 2083 4799 ού

502 4830 742 4883 κελεύων
776 4830 963 4899 μόνον,
987 4826 1126 4881 ἀλλά
1161 4827 1258 4880 καὶ
1288 4822 1628 4890 σπουδάζων,
1669 4825 1765 4877 καὶ
1799 4825 2085 4897 εὐφραινό-

504 4929 686 4983 μενος,
718 4915 810 4965 καὶ
858 4911 1057 4981 γελῶν,
1095 4911 1191 4964 καὶ
1242 4907 1485 4962 ἐπαινῶν
1538 4906 1606 4962 τά
1656 4908 1939 4979 γινόμενα,
1989 4912 2085 4965 καὶ

502 4994 668 5047 παντὶ
693 4995 879 5065 τρόπῳ
903 4995 1222 5065 συγκροτῶν
1251 4992 1322 5046 τὰ
1351 4988 1580 5044 τοιαῦτα
1610 4990 1949 5061 ἐργαστήρια
1974 4991 2084 5046 τῶν

501 5073 791 5145 δαιμόνων.
816 5078 998 5140 Ποίοις
1024 5074 1117 5130 οὖν
1148 5075 1470 5146 ὀφθαλμοῖς,
1494 5073 1616 5126 εἰπέ
1642 5091 1751 5143 μοι,
1777 5071 1963 5126 λοιπὸν
1981 5076 2083 5145 τὴν

498 5161 735 5225 γυναῖκα
760 5159 853 5212 ἐπὶ
875 5160 972 5229 τῆς
993 5160 1171 5222 οἰκίας
1192 5160 1334 5228 ὕψει,
1364 5157 1489 5211 ἰδὼν
1514 5156 1686 5228 αὐτὴν
1712 5157 2083 5229 ὑϐριζομένην

498 5241 648 5308 ἐκεῖ;
686 5241 812 5304 Πῶς
837 5243 894 5296 δέ
941 5243 1044 5295 οὐκ
1089 5240 1351 5313 ἐρυθριᾷς
1388 5241 1947 5312 ἁναμιμνησκόμενος
1979 5242 2083 5312 τῆς

499 5328 778 5391 συνοίκου,
810 5328 975 5399 ἡνίκα
1001 5326 1071 5381 ἂν
1104 5325 1204 5397 τὴν
1232 5326 1396 5394 φύσιν
1432 5326 1604 5397 αὐτὴν
1642 5325 2079 5397 παραδειγματι-

497 5409 734 5482 ζομένην
769 5412 883 5484 ἴδῃς
907 5429 923 5478 ;

2264 509 2336 571 ηε,
2364 502 2456 575 Μὴ
2484 506 2593 575 γάρ
2624 524 2714 575 μοι
2732 506 2893 561 τοῦτο
2921 508 3105 581 εἴπῃς,
3126 510 3209 565 δτι
3237 512 3533 587 ὑπόκρισίς
3558 520 3677 577 ἐστι
3707 530 3776 582 τὰ

2195 588 2456 673 γινόμενα
2476 606 2489 619 ο
2582 591 2690 660 γάρ
2720 592 3013 662 ὑπόκρισις
3039 592 3176 664 αὕτη
3210 598 3445 663 πολλοὺς
3474 605 3778 673 εἰργάσατο

2199 672 2442 742 μοιχοὺς,
2467 672 2564 727 καὶ
2590 674 2791 738 πολλὰς
2813 676 3110 746 ἀνέτρεψεν
3138 680 3340 742 οἰκίας.
3370 684 3484 738 Καὶ
3506 672 3598 740 διὰ
3618 690 3781 746 τοῦτο

2200 754 2433 823 μάλιστα
2463 755 2671 820 στένω,
2717 758 2802 810 ὅτι
2859 758 2983 812 ούδέ
3039 758 3189 812 δοκεῖ
3232 765 3469 835 πονηρὸν
3522 764 3667 823 εἶναι
3720 776 3781 828 16

2195 837 2499 906 γινόμενον,
2549 838 2686 891 ἀλλὰ
2714 840 2813 894 καὶ
2858 840 3042 910 κρότοι
3074 843 3169 895 καὶ
3212 846 3428 919 κραυγή
3463 850 3560 903 καὶ
3604 854 3779 921 γέλως

2195 921 2386 1007 πολὺς,
2435 921 2683 1007 μοιχείας
2714 922 3077 1007 τολμωμένης
3120 930 3415 1001 τοσαύτης.
3456 934 3522 985 Τί
3554 934 3777 1007 λέγειςς

2205 1002 2526 1073 ’Υπόκρισις
2564 1004 2632 1056 τὰ
2671 1006 2931 1073 γινόμενα
2951 1007 3027 1071 ⁸¹;
3062 1008 3142 1059 Δι’
3173 1010 3304 1065 αὐτὸ
3351 1014 3451 1082 μὲν
3483 1012 3578 1069 οὖν
3619 1002 3782 1074 τοῦτο

2198 1090 2410 1157 μυρίων
2440 1087 2506 1140 ἂν
2535 1083 2644 1170 εἷεν
2678 1090 2881 1141 ἐκεῖνοι
2906 1089 3153 1144 θανάτων
3184 1093 3346 1160 ἄξιοι,
3375 1096 3457 1152 ὅτι
3491 1099 3527 1153 ἃ
3554 1102 3781 1170 φεύγειν

2194 1172 2244 1221 οἰ
2265 1170 2420 1238 νόμοι
2444 1168 2760 1223 κελεύουσιν
2787 1172 3047 1236 ἅπαντες,
3068 1174 3241 1229 ταῦτα
3274 1168 3573 1248 μιμεῖσθαι
3590 1168 3783 1239 ἐσπου-

2194 1252 2426 1338 δάκασιν
2449 1252 2769 1338 ἐκεῖνοπῐιξί
2798 1254 2905 1338 γάρ
2937 1257 3071 1338 αύτὸ
3109 1260 3305 1326 κακὸν,
3338 1263 3433 1316 καὶ
3471 1266 3506 1334 ἡ
3542 1267 3783 1338 μίμησις

2195 1333 2388 1387 τούτου
2418 1334 2610 1390 κακόν.
2644 1336 2759 1389 Καὶ
2808 1336 2965 1390 οῦπω
2996 1337 3159 1407 λέγω,
3199 1342 3402 1408 πόσους
3444 1333 3781 1415 ἐργάζονται

2199 1417 2423 1502 μοιχοὺς
2452 1418 2501 1468 οί
2545 1416 2616 1502 τά
2654 1417 2881 1471 τοιαῦτα
2912 1419 3014 1482 τῆς
3065 1425 3315 1493 μοιχείας
3351 1428 3781 1502 ὑποκρινόμενοι

2195 1500 2449 1570 δράματα
2470 1540 2487 1564 ,
2540 1500 2660 1564 πῶς
2722 1502 2951 1571 ἰταμοὺς
3004 1504 3101 1559 καὶ
3156 1509 3549 1579 ἀναισχύντους
3605 1500 3781 1569 κατα-

2198 1581 2522 1645 σκευάζουτι
2551 1584 2679 1646 τοὺς
2705 1582 2859 1655 [101]
2887 1585 2996 1638 τῶν
3025 1588 3287 1642 τοιούτων
3320 1592 3592 1664 θεωρούς·
3623 1599 3780 1652 οὐδὲν

2195 1664 2267 1731 γά
2273 1682 2305 1735 ρ
2317 1665 2720 1735 πορνικώτερον
2733 1668 2825 1719 καὶ
2838 1667 2882 1697 θ’
2898 1667 3134 1736 ἰταμώτε
3144 1687 3234 1738 ρον
3254 1672 3536 1745 ὀφθαλμοῦ
3552 1680 3780 1734 τοιαῦτα

2201 1748 2419 1817 βλέπειν
2443 1748 2795 1817 ἀνεχομένου.
2825 1750 2897 1801 Σὺ
2925 1750 2981 1804 δὲ
3012 1753 3069 1804 ἐν
3098 1752 3271 1825 ἀγορᾷ
3301 1757 3400 1824 μὲν
3421 1760 3520 1813 οὐκ
3547 1761 3614 1814 ἂν
3634 1763 3781 1818 ἐλοιο

2198 1832 3019 1918 γοναῖκαᾲγυμνουμένηνίδεῖν,
3058 1836 3259 1905 μᾶλλον
3290 1839 3346 1891 δέ
3372 1841 3491 1894 ούδέ
3517 1844 3575 1895 ἐν
3602 1847 3776 1918 οἰκίᾳ,

2198 1914 2335 1968 ἀλλά
2359 1913 2455 1967 καὶ
2478 1912 2637 1982 ὓϐριν
2666 1915 2727 1966 16
2753 1917 2987 1987 πρᾶγμα
3008 1919 3223 1982 καλεῖς’
3253 1922 3346 1975 ἐπὶ
3375 1924 3433 1977 δὲ
3455 1926 3517 1979 16
3547 1912 3778 2000 θέατρον

2196 2000 2529 2063 ἀναϐαίνεις,
2547 2000 2636 2053 ῖνα
2666 2000 2728 2052 16
2756 2001 2938 2055 κοινὸν
2962 2002 3072 2055 τῶν
3095 2004 3306 2074 ἀνδρῶν
3333 2009 3429 2061 καὶ
3455 2010 3563 2063 τῶν
3586 2029 3778 2080 γυναι-

2196 2084 2312 2167 κῶν
2341 2083 2657 2167 ,ἐνυϐρίσῃς
2693 2084 2871 2167 γένος,
2925 2086 3021 2138 καὶ
3072 2087 3204 2150 τοὺς
3257 2089 3457 2143 σαυτοῦ
3511 2094 3777 2167 αἰσχύνῃς

2195 2164 2542 2235 δφθαλμούς;
2574 2165 2666 2236 Μὴ
2682 2166 2793 2237 γὰρ
2818 2166 2881 2237 δὴ
2914 2166 3074 2221 τοῦτο
3095 2169 3276 2239 είπῃς,
3304 2171 3389 2223 ὅτι
3415 2173 3591 2245 πόρνη
3624 2164 3777 2231 ἐστίν

2194 2250 2628 2321 ὴγυμνουμένη,
2662 2250 2777 2303 ἀλλ’
2803 2250 2885 2303 ὅτι
2914 2251 2947 2321 ή
2983 2251 3120 2321 αὐτὴ
3152 2253 3314 2321 φύσις
3349 2256 3443 2307 καὶ
3472 2257 3699 2327 σῶμα⁶⁸
3717 2261 3777 2314 τὺ

2195 2332 2329 2387 αὐτὸ
2351 2333 2445 2387 καὶ
2467 2333 2566 2413 τῆς
2589 2333 2795 2404 πόρνης
2826 2333 2920 2413 καὶ
2942 2335 3043 2404 τῆς
3065 2335 3377 2406 ἐλευθέρας.
3402 2340 3463 2392 Εἰ
3485 2341 3595 2413 γὰρ
3620 2343 3776 2397 οὐδὲν

2193 2413 2395 2468 ἄτοπον
2426 2411 2606 2473 τοῦτο,
2636 2412 2784 2475 τίνος
2813 2412 2999 2466 ἐνεκεν
3032 2414 3123 2466 ἐπ’
3145 2417 3353 2485 ἀγορᾶς
3376 2417 3444 2472 ἂν
3479 2411 3596 2489 ίδῃς
3617 2422 3777 2477 τοῦτο

2195 2492 2500 2562 γινόμενον,
2534 2492 2631 2546 καὶ
2668 2492 2830 2555 αὐτὸς
2851 2493 3159 2565 ἀποπηδᾷς,
3186 2497 3283 2549 καὶ
3307 2497 3405 2567 τὴν
3430 2499 3775 2569 ἀσχημονοῦ-

2196 2588 2296 2627 σαν
2340 2570 2623 2637 ἐλαύνεις;
2660 2570 2693 2642 ἢ
2730 2571 2864 2624 ὅταν
2912 2572 3013 2641 μὲν
3058 2573 3384 2645 διῃρημένοι
3438 2570 3618 2646 ὦμεν,
3648 2580 3774 2633 τότε

2194 2660 2395 2714 ἄτοπον
2427 2660 2488 2713 16
2515 2658 2758 2711 τοιοῦτον
2777 2676 2789 2688 ·
2824 2659 2955 2711 ὅταν
2978 2658 3036 2711 δέ
3088 2662 3417 2731 συνηγμένοι
3446 2664 3542 2715 καὶ
3570 2664 3775 2730 πάντες

2193 2742 2329 2813 ὁμοῦ
2363 2742 2682 2811 καθήμενοι,
2700 2741 2884 2794 ούκέτι
2904 2742 3107 2811 ὁμοίως
3136 2744 3393 2815 αἰσχρόν;
3422 2745 3584 2798 Ἀλλὰ
3601 2742 3775 2815 γέλως

2193 2827 2369 2901 ταῦτα
2388 2826 2484 2879 καὶ
2502 2826 2723 2892 δνειδος,
2750 2826 2847 2878 καὶ
2868 2825 3107 2897 ἐσχάτης
3123 2829 3510 2900 παραπληξξας
3527 2834 3592 2901 μή
3602 2850 3771 2901 ματα.

2197 2913 2291 2969 καὶ
2321 2911 2530 2982 βέλτιον
2559 2909 2716 2981 πηλῷ
2758 2912 2852 2964 καὶ
2887 2910 3135 2984 βορϐόρῳ
3175 2912 3273 2985 τὴν
3301 2914 3427 2983 δψιν
3453 2917 3773 2987 ἀναχρῶσαι

2197 2999 2401 3062 πᾶσαν,
2428 2994 2463 3064 ἢ
2494 2991 2750 3062 τοιαύτην
2779 2993 3057 3064 θεωρῆσαι
3088 2997 3458 3066 παρανομίαν.
3486 2997 3628 3052 Οὔτε
3661 3000 3772 3071 γάρ

2195 3079 2370 3140 οὕτως
2404 3076 2670 3147 ὀφθαλμῷ
2697 3076 2870 3147 βλάϐη
2902 3076 3181 3147 βόρϐορος.
3212 3078 3288 3142 ὡς
3308 3079 3603 3143 ἀκόλαστος
3624 3081 3768 3151 δψις,

2195 3165 2291 3219 καὶ
2321 3160 2755 3231 γεγυμνωμένης
2780 3161 3041 3227 γυναικὸς
3071 3160 3297 3231 θεωρία.
3338 3164 3608 3218 Ἄκουσον
3636 3166 3769 3235 γοῦν

2194 3248 2250 3301 τί
2274 3249 2374 3315 τὴν
2389 3244 2673 3316 γύμνωσιν
2694 3244 2952 3313 ἐποίησεν
2970 3243 3029 3308 ἐξ
3051 3244 3247 3314 ἀρχῆς,
3267 3246 3361 3299 καὶ
3381 3246 3648 3318 φοϐήθητι
3667 3250 3775 3321 τῆς,

2193 3329 2457 3399 τοιαύτης
2482 3326 2873 3398 ἀσχημοσύνης
2899 3325 2999 3394 τὴν
3030 3326 3306 3382 ὑπόθεσιν.
3332 3329 3397 3381 Τί
3423 3326 3517 3383 οὖν
3544 3332 3768 3404 ἐποίησε

2192 3414 2293 3487 τὴν
2322 3412 2633 3483 γύμνωσινς
2662 3410 2730 3463 Ἥ
2758 3411 3035 3481 παρακοὴ,
3054 3412 3150 3464 καὶ
3175 3414 3208 3481 ἡ
3235 3411 3331 3465 τοῦ
3354 3412 3600 3468 διαϐόλου
3632 3433 3771 3488 συμο

2195 3498 2383 3565 ϐουλή.
2413 3492 2602 3556 Οὕτως
2651 3491 2862 3547 ἀνωθεν
2907 3491 3001 3547 καὶ¹
3032 3492 3092 3556 ἐξ
3127 3493 3324 3565 ἀρχῆς,
3368 3496 3578 3551 ἐκείνου
3612 3498 3768 3554 τοῦτο

2193 3582 2385 3651 γέγονε
2417 3577 2479 3631 τδ
2511 3576 2875 3647 ἐπιτήδευμα.
2910 3575 3052 3629 Ἀλλ’
3086 3578 3284 3630 ἐκεῖνοι
3325 3580 3425 3649 μὲν
3453 3579 3556 3634 κᾶν
3596 3584 3766 3652 ᾐσχύ-

2192 3682 2347 3720 νοντο
2380 3660 2579 3732 γυμνοὶ
2615 3659 2799 3722 δντεςο
2836 3659 2995 3729 ὑμεῖς
3029 3659 3087 3714 δὲ
3120 3662 3216 3713 καὶ
3261 3661 3762 3731 ἐγκαλλωπίζεσθε,

2192 3745 2337 3801 κατὰ
2364 3745 2426 3798 16
2465 3740 2826 3797 ἀποστολικδν
2858 3742 3056 3805 ἐκεῖνο,
3091 3742 3194 3797 Ἔν
3228 3741 3302 3811 τῇ
3338 3747 3606 3816 αἰσχύνη
3652 3748 3766 3817 τὴν

2191 3831 2381 3895 δόξαν
2411 3829 2678 3898 ἔχοντες.
2705 3824 2836 3889 Πῶς
2883 3820 2978 3880 οὖν
3003 3825 3193 3890 δψεταί
3230 3844 3288 3880 σε
3325 3827 3511 3882 λοιπὸν
3560 3832 3591 3901 ἡ
3622 3834 3763 3906 γυνη

2192 3914 2302 3969 ἀπὸ
2328 3913 2430 3983 τῆς
2468 3909 2728 3981 τοιαύτης
2768 3908 3133 3962 ἐπανελθόντα
3164 3912 3511 3980 παρανομίας
3532 3912 3612 3982 ⁸⁸;
3646 3918 3765 3981 πῶς

2192 3996 2437 4063 δέξεταις
2463 3996 2580 4057 πῶς
2617 3995 2900 4064 προσερεῖ,
2928 3992 3104 4055 οὕτως
3132 3994 3345 4064 ἀτίμως
3367 3996 3430 4049 16
3458 4000 3639 4053 κοινὸν
3664 4003 3765 4070 τῆς

2189 4079 2510 4151 γυναικείας
2542 4075 3124 4148 παραδειγματίσαντα
3157 4076 3395 4146 φύσεως,
3428 4079 3523 4132 καὶ
3560 4082 3767 4152 αἰχμά.

2188 4167 2360 4221 λωτον
2379 4162 2487 4216 ὑπὸ
2514 4161 2615 4231 τῆς
2639 4159 2897 4229 τοιαύτης
2917 4158 3095 4229 ὅψεως
3129 4160 3222 4212 καὶ
3252 4159 3438 4213 δοῦλον
3460 4167 3768 4235 γεγενημέ.

2189 4266 2280 4304 νον
2308 4247 2409 4317 τῆς
2438 4244 2834 4316 πορνευθείσης
2866 4242 3157 4309 γυναικός;
3184 4243 3247 4295 El
3270 4243 3325 4295 δὲ
3357 4244 3506 4317 [102]
3544 4247 3763 4316 ἀλγεῖτε

2186 4330 2364 4385 ταῦτα
2383 4326 2694 4389 ἀκούοντες,
2727 4327 2886 4396 χάριν
2916 4325 3047 4394 ὑμῖν
3090 4324 3199 4395 ἔχω
3234 4325 3435 4396 πολλήν
3454 4342 3471 4359 ο
3524 4329 3622 4395 Τίς
3652 4331 3764 4402 γάρ

2187 4415 2361 4470 ἐστιν
2405 4415 2440 4467 ὀ
2485 4410 2826 4479 εὐφραίνων
2864 4426 2959 4479 με,
2986 4410 3040 4462 εἰ
3072 4409 3161 4478 μὴ
3205 4410 3238 4462 ό
3272 4411 3656 4480 λυπούμενος
3690 4414 3763 4479 ἐξ

2186 4497 2332 4565 ἐμοῦ
2355 4513 2375 4561 ;
2406 4494 2499 4564 Μὴ
2521 4493 2585 4563 δὴ
2608 4490 2897 4561 παύσησθέ
2936 4507 3070 4543 ποτε
3107 4490 3387 4553 στένοντες
3418 4493 3512 4546 ἐπὶ
3548 4494 3763 4560 τούτοις

2188 4583 2283 4636 καὶ
2303 4581 2626 4649 δακνόμενοι
2643 4593 2657 4606 ο
2677 4575 2771 4629 καὶ
2792 4574 2902 4645 γὰρ
2923 4574 3212 4645 προοίμιον
3235 4574 3362 4642 ὑμῖν
3380 4577 3532 4629 ἔσται
3551 4579 3649 4647 τῆς
3666 4581 3762 4633 ἐπὶ

2186 4667 2254 4721 τὰ
2289 4665 2521 4736 κρείττω
2554 4662 2602 4694 ⁸³
2633 4658 2938 4731 μεταϐολῆς
2968 4660 3001 4730 ή
3040 4660 3105 4711 ἐκ
3136 4658 3247 4710 τῶν
3275 4659 3535 4713 τοιούτων
3573 4662 3756 4733 ὀδύνη.

2186 4749 2284 4802 Διὰ
2318 4747 2476 4803 τοῦτο
2501 4744 2657 4809 κάγὼ
2679 4741 3036 4812 σφοδρότερον
3073 4738 3163 4791 16v
3205 4740 3363 4807 λόγον
3386 4744 3757 4815 ἐποιησάμην,

2186 4834 2275 4887 ἵνα
2307 4830 2613 4902 βαθυτέραν
2635 4828 2760 4889 δοὺς
2789 4826 2889 4896 τὴν
2916 4823 3113 4895 τομὴν,
3147 4824 3445 4890 ἀπαλλάξω
3465 4826 3564 4895 τῆς
3590 4845 3761 4897 σηπε-

2184 4916 2335 4979 δόνος
2358 4912 2469 4967 τῶν
2504 4909 2887 4982 μεθυσκόντων
2913 4908 3060 4977 ὑμᾶς
3076 4922 3089 4936 ·
3114 4907 3203 4960 ἵνα
3233 4906 3370 4977 πρὸς
3393 4909 3638 4981 καθαρὰν
3663 4912 3763 4964 ἐπ.

2184 4998 2445 5066 αναγάγω
2461 4994 2640 5064 ψυχῆς
2655 4992 2847 5061 ὑγείαν
2866 5006 2881 5022 ⁸
2909 4985 2979 5062 ἦς
2996 4990 3208 5057 γένοιτο
3231 4991 3441 5054 πάντας
3458 4994 3606 5060 ἡμᾶς
3627 4995 3763 5046 ἀπο-

2186 5080 2445 5140 λαύοντας
2464 5077 2551 5130 διὰ
2573 5075 2815 5140 πάντων,
2832 5076 2928 5128 καὶ
2953 5073 3064 5127 τῶν
3085 5074 3353 5143 κειμένων
3376 5076 3625 5129 ἐπάθλων
3644 5080 3761 5139 τοῖς

2184 5161 2575 5233 κατορθώμασι
2595 5159 2807 5222 τούτοις
2827 5160 3130 5228 ἐπιτυχεῖν,
3145 5157 3329 5229 χάριτι
3347 5159 3441 5211 καὶ
3460 5159 3764 5231 φιλανθρω-

2185 5249 2287 5319 πία
2314 5244 2409 5299 τοῦ
2438 5244 2648 5313 Κυρίου
2679 5242 2841 5313 ἡμῶν
2882 5240 3057 5311 Ἰησοῦ
3086 5240 3349 5311 Χριστοῦ,
3385 5234 3430 5310 ᾧ
3451 5244 3484 5312 ή
3517 5242 3640 5308 δόξα
3663 5243 3761 5299 καὶ

2182 5332 2243 5385 τὸ
2278 5330 2477 5403 κράτος
2505 5328 2586 5391 εἰς
2622 5328 2750 5392 τοὺς
2780 5327 2980 5391 αἰῶνας
3004 5326 3113 5380 τῶν
3144 5327 3378 5381 αἰώνων.
3423 5327 3615 5398 Ἀμήν.

570 5606 614 5644 ⁷³
634 5610 1051 5688 ἐκείνωνλῐζάιί.Δ
1089 5685 1099 5688 _
1153 5612 1204 5688 ’ξ
1227 5614 1600 5688 ἐξυρημένων]
1631 5616 1722 5671 Sic
1762 5614 1825 5688 E_.
1849 5607 2092 5688 F.__VII!3I

2192 5607 2556 5688 Esypnpévpv.
2746 5604 2932 5688 εξόηοςἶ
2986 5673 3025 5688 ﬁ
3046 5599 3354 5688 ".éxlécg]
3398 5601 3488 5687 Sjc
3517 5601 3581 5654 A.
3613 5599 3672 5688 9'.
3708 5608 3766 5688 εξ

494 5696 641 5757 cqry.
676 5683 741 5738 Ι).
774 5684 1009 5757 ngqu
1034 5685 1159 5754 (sic)
1184 5686 1243 5757 ιι.
1267 5670 1511 5757 ’άριὲὶίιει
1545 5670 1888 5757 Αἠίιζχυλιςο
1919 5670 2092 5757 £1565.-

2202 5670 2207 5671 ί
2242 5670 2626 5757 ’ξ’ἐδσθεήτῑτξι]
2658 5678 2860 5757 ἐγείρει
3079 5676 3185 5727 Αηο
3293 5670 3367 5757 1’.
3380 5670 3760 5757 εὑτρσεῖτελέαγί

494 5753 620 5808 add.
666 5755 810 5823 φτμὶ
842 5741 1009 5808 Εάά.”
1039 5741 1100 5787 ’⁷⁸
1127 5741 1322 5828 ταῦτα]
1356 5757 1425 5810 τὰ
1462 5741 1687 5809 τοιαῦτα
1726 5741 1864 5808 Ειιιῖ.
1964 5751 2009 5781 τ’
2039 5744 2090 5801 εἴ

497 5838 631 5875 nava
661 5788 797 5875 Ed‘d.
899 5825 944 5857 ⁸¹
966 5825 1078 5875 καὶ]
1101 5827 1220 5875 οὐδὲ
1253 5827 1311 5875 Ε.
1347 5824 1386 5875 F
1503 5826 1550 5859 ⁸³
1582 5822 1762 5875 σῶμα]
1790 5827 1850 5875 16
1872 5818 2032 5875 σῶμα
2071 5818 2092 5872 Ι

2212 5746 2337 5801 add.
2372 5741 2529 5800 αὐτοὶ
2558 5741 2624 5799 Δῖ
2659 5741 2721 5800 Β.
2779 5741 2845 5777 ’⁸⁰
2873 5744 3257 5805 ἀναλίσκοντες
3293 5741 3428 5795 Edd.
3527 5741 3569 5772 “
3603 5741 3764 5807 γενόὲ

2192 5817 2234 5873 Ξ.
2332 5817 2379 5849 ⁸³
2404 5813 2774 5875 παρανομίας]
2829 5813 2921 5870 Sic
2952 5814 3014 5869 Β.
3053 5812 3115 5868 F.
3151 5812 3305 5868 Arm.
3338 5810 3520 5869 caeleri
3563 5826 3763 5875 παροι-

497 5838 631 5898 μενα
661 5810 820 5898 Εςίᾶη
899 5825 944 5857 ⁸⁸
966 5825 1078 5895 καη
1101 5827 1220 5879 οὐδὲ
1253 5810 1321 5881 EQ!
1347 5824 1402 5888 F.
1503 5826 1550 5859 ⁸³
1582 5822 1762 5898 σῶμα]
1790 5827 1850 5876 16
1872 5818 2032 5888 σῶμα
2071 5818 2092 5872 Ι

2192 5817 2234 5873 Ξ.
2332 5817 2379 5849 ⁸³
2404 5813 2776 5889 παρανομίας]
2829 5813 2921 5870 Sic
2952 5814 3014 5869 Β.
3053 5812 3115 5868 F.
3151 5812 3305 5868 Arm.
3338 5810 3520 5869 caeleri
3563 5826 3763 5881 παροι-

491 5890 609 5956 νίας
700 5893 748 5927 ³⁵
778 5896 836 5949 τὸ
866 5890 1108 5967 κρεῖττον
1132 5898 1267 5952 Edd.

3046 5604 3114 5703 "A
3127 5601 3256 5657 ἐκλύ
3264 5599 3354 5703 οἵγ’]
