4066 6430
274 452 335 506 ﬂ
817 487 825 496 .
1468 437 1531 493 IN
1569 436 1618 491 Μ
1629 429 1870 489 ᾹΤἸΊΙᾹΞ

1963 429 1976 485 l
2013 427 2242 486 ﬂOMlL.
2283 429 2370 490 Vl.
3463 419 3532 476 ’Β

268 560 556 619 contritum
604 567 660 615 et
713 557 1081 620 humiliatum,
1131 554 1368 610 animum
1415 552 1666 624 vigilem,
1725 561 1860 606 tem-

271 660 548 722 perantem
571 689 588 716 ,
622 650 982 705 continentem
999 686 1016 715 ,
1048 647 1394 716 pteuitentcm
1415 686 1428 708 ,
1455 651 1855 712 cumpunctnm.

269 742 392 797 lla-c
436 741 586 796 illius
619 741 758 795 dona
804 748 957 805 sunt,
999 739 1120 808 quia
1175 737 1284 792 illis
1327 735 1662 806 potissimum
1719 733 1862 788 indi-

267 845 476 902 gemus.
533 831 816 885 Certamen
863 828 1005 884 enim
1044 826 1286 882 imminet
1333 840 1528 896 grave,
1573 832 1630 880 et
1671 823 1863 878 adver-

267 938 358 977 sus
405 921 706 977 invisibiles
751 927 1040 995 potestates
1068 918 1210 972 lucta
1245 916 1400 972 nobis
1443 925 1559 980 cst,
1603 913 1862 968 adversus

269 1010 568 1080 spiritualia
611 1009 864 1079 nequitia:
890 1022 1100 1077 pugna,
1147 1005 1402 1060 adversus
1439 1004 1766 1074 principatus
1806 1011 1863 1057 et

270 1109 564 1172 potestates
591 1100 790 1156 bellum
829 1099 848 1168 (
866 1097 1057 1167 Ephes.
1089 1096 1141 1152 6.
1173 1095 1278 1166 12)
1308 1113 1322 1150 :
1352 1104 1512 1164 atque
1551 1093 1752 1148 utinam
1783 1091 1864 1147 di-

270 1193 497 1262 ligenter
540 1199 791 1260 agentes,
834 1189 1022 1258 vigiles
1048 1195 1104 1241 et
1140 1186 1424 1252 concitati,
1465 1185 1731 1254 possimus
1761 1183 1863 1238 hoc

269 1281 439 1337 ferum
471 1296 660 1351 agmen
687 1279 972 1335 sustinere.
993 1276 1054 1333 Si
1078 1291 1206 1332 vero
1230 1275 1499 1330 rideamus
1517 1283 1571 1328 et
1595 1273 1859 1340 lndamus,

270 1387 330 1427 ac
348 1385 570 1441 semper
591 1369 846 1424 socordes
875 1367 1041 1422 simus
1060 1406 1077 1433 ,
1106 1366 1264 1420 etiam
1294 1374 1420 1419 ante
1452 1362 1758 1418 conﬂictum
1796 1377 1862 1418 ex

272 1461 489 1532 propria
517 1459 743 1530 segnitie
769 1456 1134 1513 concidemus.
1165 1451 1282 1511 Non
1308 1464 1552 1510 nostrum
1577 1453 1754 1525 itaque
1781 1461 1865 1508 est

273 1559 531 1621 perpetuo
550 1549 748 1616 ridere,
771 1547 1009 1604 deliciarl
1034 1557 1088 1601 et
1107 1545 1414 1612 convivari;
1443 1544 1537 1599 sed
1565 1559 1748 1598 eorum
1771 1543 1863 1613 qui

270 1644 323 1699 in
353 1657 514 1698 scena
552 1641 771 1707 ludunt,
817 1639 1194 1699 meretricum,
1232 1638 1468 1691 virorum
1510 1639 1600 1706 qul
1644 1634 1710 1689 ad
1743 1634 1865 1688 talia

269 1740 396 1788 sunt
440 1728 663 1800 depilati
681 1771 696 1797 ,
725 1729 1080 1799 parasitorum
1100 1767 1116 1791 ,
1147 1725 1481 1781 adulatorum
1507 1742 1522 1778 :
1551 1740 1656 1779 non
1685 1733 1865 1778 autem

270 1835 459 1875 eorum
498 1819 586 1890 qui
613 1817 679 1872 ad
707 1817 900 1873 caelum
926 1817 1097 1872 vocati
1125 1825 1284 1883 sunt,
1321 1830 1432 1870 non
1459 1829 1644 1870 eorum
1679 1814 1768 1884 qui
1810 1814 1864 1869 in

271 1925 505 1980 superna
534 1909 749 1964 civitate
775 1915 900 1963 sunt
927 1907 1214 1976 descripti,
1242 1920 1347 1960 non
1377 1919 1562 1960 eorum
1587 1905 1674 1975 qui
1701 1904 1866 1959 armis

272 2001 643 2073 spiritualibus
684 2008 809 2056 sunt
845 1999 1121 2064 instructi,
1164 1999 1258 2054 sed
1297 2013 1481 2054 eorum
1522 1998 1611 2068 qui
1653 1995 1866 2052 diabolo

272 2103 398 2148 sunt
423 2092 636 2148 initiati.
664 2090 760 2147 ille
787 2105 1016 2162 namque
1045 2099 1155 2154 est,
1198 2089 1289 2144 ille
1319 2088 1409 2158 qui
1439 2088 1539 2143 hac
1565 2096 1677 2142 arte
1695 2127 1710 2153 ,
1763 2085 1866 2141 hoc

271 2199 438 2254 opere
470 2193 694 2238 conatur
719 2181 918 2238 Christi
962 2181 1157 2236 milites
1192 2177 1506 2244 debilitare,
1548 2180 1866 2249 illorumque

270 2275 435 2330 animi
467 2275 741 2330 molliores
770 2285 965 2329 nervos
997 2273 1227 2327 efficere.
1260 2271 1383 2326 ideo
1409 2270 1617 2326 theatra
1647 2270 1699 2325 in
1724 2270 1868 2324 urbi—

273 2366 376 2421 bus
411 2366 634 2428 struxit.
665 2374 720 2420 et
755 2365 950 2419 mimos
989 2363 1110 2418 illos
1135 2377 1426 2427 exercens,
1463 2363 1676 2418 illorum
1702 2377 1865 2433 Opera

272 2465 460 2510 contra
499 2465 662 2510 totam
700 2455 967 2510 civitatem
1001 2453 1142 2508 hanc
1179 2463 1383 2524 pestem
1424 2453 1621 2508 excitat
1660 2473 1674 2508 :
1707 2469 1866 2523 quam

273 2547 459 2617 fugere
513 2545 707 2601 Paulus
756 2545 913 2614 jussit
954 2543 1184 2614 (Ephes.
1221 2543 1276 2598 5.
1315 2543 1422 2612 4),
1477 2543 1865 2612 stultiloquium

272 2652 469 2706 nempe
502 2645 558 2692 et
581 2635 991 2696 scurrilitatem;
1035 2649 1154 2704 qua:
1195 2641 1370 2688 autem
1413 2633 1601 2686 horum
1627 2633 1866 2687 omnium

269 2727 584 2797 gravissima
612 2726 753 2781 risus
781 2725 921 2780 illius
956 2724 1169 2779 occasio
1203 2731 1305 2779 est.
1335 2722 1559 2786 Quando
1591 2723 1866 2793 quidpiam

272 2835 371 2879 aut
395 2824 761 2893 blasphemum
777 2833 868 2878 aut
885 2830 1041 2893 turpe
1061 2830 1201 2876 mter
1217 2818 1435 2876 ridicula
1453 2821 1600 2875 mimi
1620 2817 1869 2882 dixerint,

277 2923 407 2969 tunc
433 2928 500 2968 ex
539 2912 996 2983 insipientioribus
1023 2913 1238 2982 quidam
1278 2911 1458 2968 rident
1492 2919 1549 2967 et
1586 2913 1872 2976 laetantur;

275 3020 403 3060 cum
435 3005 697 3076 lapidibus
723 3005 866 3076 ipsos
894 3006 1154 3075 impetere
1171 3012 1456 3082 oporteret
1474 3046 1490 3071 ,
1516 3004 1773 3076 plaudunt
1796 3002 1874 3058 illi

277 3113 446 3168 super
486 3099 604 3165 his,
645 3107 703 3154 et
743 3113 841 3168 per
881 3097 1020 3153 hanc
1056 3098 1383 3166 voluptatem
1423 3097 1691 3152 caminum
1735 3095 1874 3167 ignis

277 3197 469 3244 contra
497 3199 658 3260 caput
684 3205 838 3245 suum
877 3189 1171 3244 attrahunt.
1199 3187 1330 3244 Nam
1363 3188 1452 3258 qui
1485 3188 1607 3242 talia
1637 3186 1876 3241 dicentes

281 3278 529 3345 laudant,
561 3279 598 3334 ii
623 3288 749 3334 sunt
769 3279 859 3348 qui
889 3278 1123 3333 maxime
1149 3277 1200 3332 id
1225 3278 1407 3333 dicere
1433 3276 1662 3332 suadent
1690 3294 1704 3330 :
1728 3276 1874 3330 ideo-

276 3386 388 3441 que
413 3372 677 3442 supplicio
701 3371 824 3427 huic
858 3371 1081 3427 facinori
1110 3370 1295 3426 debito
1326 3371 1624 3440 iustissime
1654 3368 1874 3424 obnoxii

277 3471 460 3518 erunt.
493 3464 706 3519 Etenim
731 3464 777 3519 si
805 3465 986 3520 nullus
1009 3473 1150 3520 esset
1189 3472 1479 3533 spectator,
1523 3463 1701 3518 nullus
1743 3478 1874 3532 pro-

280 3551 426 3608 diret
466 3553 656 3609 histrio
694 3569 710 3611 :
750 3568 872 3609 cum
909 3567 1087 3609 autem
1122 3569 1222 3609 vos
1251 3553 1432 3609 vident
1457 3561 1511 3609 et
1552 3552 1795 3608 officinas
1824 3560 1880 3608 et

280 3655 464 3713 artes,
514 3656 572 3702 et
615 3655 876 3716 quaestum
921 3646 1047 3701 hinc
1089 3647 1522 3716 provenientem,
1567 3656 1727 3716 atque
1771 3660 1879 3700 uno

279 3735 451 3791 verbo
479 3737 659 3792 omnia
687 3737 990 3807 relinquere
1007 3775 1023 3800 ,
1053 3745 1112 3790 ut
1133 3735 1201 3790 ad
1227 3735 1344 3790 haec
1364 3735 1668 3806 spectacula
1694 3749 1880 3790 accur-

280 3826 414 3880 ratis
433 3867 450 3893 ,
482 3827 671 3896 maiori
701 3826 976 3882 alacritate
1017 3835 1178 3896 atque
1217 3825 1393 3882 studio
1423 3825 1506 3880 his
1531 3840 1748 3895 operam
1775 3824 1876 3879 ad-

281 3916 487 3972 hibent.
520 3916 633 3973 Hoc
661 3927 837 3973 autem
864 3919 986 3974 dico
1009 3957 1024 3982 ,
1064 3933 1169 3972 non
1197 3927 1258 3972 ut
1295 3918 1418 3973 illos
1443 3932 1474 3972 a
1499 3917 1727 3973 crimine
1752 3917 1875 3970 vin-

279 4009 493 4075 dicem;
522 4011 617 4065 sed
636 4019 693 4066 ut
708 4010 926 4066 discatis
947 4024 1042 4065 vos
1066 4025 1184 4065 esse
1203 4011 1291 4080 qui
1311 4009 1610 4080 huiusmodi
1629 4009 1878 4080 nequitia!

280 4100 605 4171 principium
626 4110 681 4157 et
700 4101 932 4157 radicem
954 4101 1400 4168 subministratis,
1429 4102 1520 4171 qui
1543 4108 1706 4155 totam
1733 4100 1876 4155 diem

285 4193 376 4248 his
403 4192 458 4247 in
486 4192 648 4248 rebus
674 4193 963 4260 insumitis,
992 4192 1275 4248 honestum
1303 4191 1534 4262 coniugii
1556 4201 1749 4246 statum
1773 4200 1879 4245 tra-

281 4283 580 4348 ducentes,
651 4291 708 4338 et
760 4283 1072 4354 mysterium
1133 4297 1387 4353 magnum
1440 4283 1870 4338 dehonestantcs.

281 4372 472 4441 Neque
499 4374 640 4427 enim
670 4373 860 4428 histrio
887 4374 978 4429 ille
1008 4375 1077 4428 ita
1103 4373 1393 4442 delinquit,
1422 4383 1480 4428 ut
1519 4383 1604 4439 tu,
1646 4375 1736 4444 qui
1767 4375 1878 4429 haec

280 4464 398 4519 fieri
434 4464 629 4533 iubes;
669 4465 778 4518 imo
807 4479 906 4520 nec
938 4465 1100 4534 iubes
1127 4465 1326 4533 modo,
1367 4463 1464 4521 sed
1506 4464 1668 4519 etiam
1696 4477 1878 4521 curam

280 4553 538 4620 adhibes,
568 4555 800 4622 lzetaris,
829 4555 973 4610 rides
991 4596 1007 4620 ,
1050 4555 1344 4625 laudasque
1373 4555 1680 4624 huiusmodi
1720 4570 1877 4624 spec-

282 4647 496 4713 tacula,
541 4648 796 4718 omnique
823 4648 985 4704 modo
1010 4647 1148 4705 hanc
1185 4648 1334 4704 fovcs
1360 4648 1664 4703 daemonum
1704 4646 1878 4702 offici-

283 4753 436 4792 nam.
465 4737 794 4807 Quibusnam
814 4779 829 4805 ,
859 4754 1043 4810 quaeso
1062 4781 1078 4806 ,
1115 4738 1284 4794 oculis
1310 4753 1532 4794 uxorem
1561 4747 1705 4794 tuam
1733 4736 1879 4792 domi

270 4838 472 4900 postea
496 4829 735 4898 videbis,
762 4845 920 4900 quam
944 4829 1016 4885 ibi
1042 4829 1218 4885 vidisti
1247 4829 1569 4886 contumelia
1596 4827 1880 4884 affectam?

283 4919 557 4990 quomodo
578 4935 686 4977 non
713 4920 987 4977 erubescis
1013 4920 1139 4978 dum
1164 4921 1406 4992 coniugis
1425 4929 1531 4976 tua:
1555 4920 1882 4988 recordaris,

277 5026 404 5067 cum
434 5011 503 5068 ibi
533 5027 727 5067 sexum
755 5013 873 5082 eius
896 5012 1235 5068 dehonestari
1265 5012 1503 5068 videris?

353 5101 408 5157 8.
448 5101 526 5157 Ne
550 5104 680 5158 mihi
707 5103 930 5166 dixeris.
956 5118 1069 5159 rem
1097 5104 1402 5159 simulatam
1427 5112 1484 5159 et
1509 5103 1874 5160 histrionicam

277 5191 396 5250 hac
422 5208 543 5251 esse
574 5211 588 5249 :
623 5196 743 5251 haec
769 5196 914 5251 enim
944 5195 1254 5252 histrionica
1285 5195 1482 5252 multos
1519 5194 1694 5252 effecit
1723 5195 1875 5251 adul-

1968 550 2148 606 teros,
2190 537 2490 607 multasque
2529 535 2756 592 familias
2792 536 3004 593 evertit.
3044 535 3274 602 Ideoque
3315 533 3548 587 maxime

1964 647 2141 702 gemo,
2169 632 2311 702 quod
2341 631 2471 685 illud
2497 646 2566 685 ne
2587 631 2782 685 malum
2809 629 3024 700 quidem
3054 629 3206 683 vobis
3229 642 3349 682 esse
3371 626 3552 680 videa-

1964 733 2072 791 tur,
2102 722 2196 779 sed
2237 723 2492 792 plausus,
2532 721 2756 789 clamor,
2796 723 2936 776 risus
2976 721 3173 775 multus
3209 718 3547 781 adhibeatur,

1962 815 2091 867 dum
2121 813 2369 868 adulterii
2395 812 2697 882 huiusmodi
2721 813 3080 882 spectaculum
3109 810 3302 865 offerre
3326 809 3544 863 audent.

1961 907 2100 972 Quid
2130 908 2268 963 dicis
2291 924 2355 964 ea
2388 923 2510 964 esse
2551 908 2913 962 histrionicam
2951 905 3384 961 simulationem?
3422 903 3550 957 Ideo

1962 999 2037 1054 illi
2067 1001 2334 1056 sexcentis
2359 999 2634 1070 suppliciis
2663 998 2806 1068 digni
2848 1007 3008 1061 sunt,
3047 996 3298 1066 quoniam
3336 1010 3398 1048 ca
3428 1009 3549 1062 qua:

1963 1088 2110 1158 leges
2146 1104 2336 1144 omnes
2371 1091 2540 1144 vitare
2574 1089 2798 1157 iubent,
2843 1089 3030 1143 eadem
3070 1088 3169 1157 ipsi
3200 1087 3391 1140 imitari
3431 1095 3547 1138 stu-

1962 1179 2112 1234 dent.
2141 1178 2276 1233 Nam
2295 1181 2339 1234 si
2367 1179 2564 1234 malum
2584 1189 2667 1233 est
2685 1178 2835 1243 illud,
2861 1180 2978 1246 eius
3003 1185 3087 1232 est
3110 1191 3320 1246 quoque
3347 1190 3566 1244 ωριτε-ι

1961 1271 2190 1324 sentatio
2219 1271 2381 1324 mala.
2413 1269 2656 1324 Nondum
2685 1269 2827 1335 dico,
2859 1279 2990 1338 quot
3017 1269 3289 1323 adulteros
3315 1267 3551 1322 efficiant

1963 1359 2269 1415 histrionica
2296 1359 2598 1429 huiusmodi
2626 1359 2874 1414 adulterii
2902 1359 3202 1428 spectacula
3223 1399 3238 1423 ,
3263 1372 3424 1426 quam
3453 1371 3548 1426 pe-

1961 1450 2194 1506 tulantes
2237 1452 2680 1520 impudentesque
2721 1451 2956 1506 efficiant
3000 1459 3360 1520 spectatores;
3418 1448 3548 1501 nihil

1960 1543 2102 1597 enim
2147 1541 2429 1608 lascivius,
2476 1541 2608 1596 nihil
2649 1542 2973 1611 petulantius
3007 1540 3195 1607 oculo,
3233 1539 3323 1609 qui
3367 1539 3550 1608 huius-

1961 1631 2110 1688 modi
2152 1633 2454 1703 spcctacula
2485 1632 2627 1688 ferre
2657 1633 2844 1702 possit.
2890 1633 2968 1686 Tu
3011 1646 3143 1686 vero
3183 1632 3232 1685 in
3273 1630 3389 1685 foro
3430 1630 3550 1699 qni-

1961 1723 2083 1779 dem
2102 1723 2298 1778 nudam
2311 1724 2587 1778 mulierem
2606 1723 2848 1792 aspicere
2868 1723 3037 1786 nolis;
3057 1722 3165 1775 imo
3183 1737 3352 1787 neque
3364 1721 3508 1775 domi
3531 1741 3545 1775 :

1960 1829 2074 1870 rem
2095 1814 2238 1870 enim
2258 1813 2560 1883 huiusmodi
2585 1799 2961 1868 contumeliam
2985 1826 3142 1867 vocas
3167 1829 3181 1864 :
3209 1812 3260 1865 in
3283 1811 3547 1866 theatrum

1963 1917 2138 1962 tamen
2167 1907 2448 1971 ascendis,
2485 1914 2544 1962 ut
2579 1921 2864 1963 commune
2887 1921 3055 1975 genus
3093 1907 3328 1959 virorum
3363 1902 3551 1957 mulie-

1962 2013 2186 2068 rumque
2208 1998 2530 2053 contumelia
2555 1998 2782 2063 afficias,
2807 1997 3097 2066 oculosque
3119 2005 3236 2050 tuos
3262 1993 3550 2062 deturpes?

1961 2090 2040 2146 Ne
2067 2091 2197 2145 mihi
2226 2091 2428 2146 dixeris
2457 2090 2735 2145 mulierem
2767 2089 2909 2144 illam
2947 2088 3144 2142 nudam
3164 2129 3180 2154 ,
3215 2103 3336 2142 esse
3373 2101 3551 2141 mere-

1963 2183 2181 2250 tricem;
2212 2185 2393 2254 utique
2424 2183 2563 2238 idem
2594 2183 2711 2252 ipse
2737 2195 2917 2245 sexus,
2948 2181 3087 2236 idem
3113 2194 3310 2249 corpus
3334 2190 3416 2234 est.
3439 2195 3550 2233 me-

1962 2275 2170 2330 retricis
2207 2283 2264 2330 et
2292 2275 2492 2329 liberae.
2515 2272 2571 2330 Si
2601 2274 2745 2330 enim
2766 2273 3005 2328 obscoeni
3035 2271 3165 2325 nihil
3189 2286 3251 2326 ea
3281 2271 3335 2324 in
3359 2286 3420 2324 re
3446 2279 3548 2333 est,

1962 2381 2060 2422 cur
2084 2381 2206 2420 cum
2238 2366 2289 2419 in
2320 2365 2438 2420 foro
2458 2365 2647 2420 eadem
2673 2365 2788 2433 ipsa
2807 2363 3007 2418 videris
3026 2405 3040 2427 ,
3063 2363 3241 2416 statim
3272 2361 3466 2425 rcsilis,
3496 2369 3552 2414 et

1963 2455 2376 2511 inverecundam
2412 2454 2678 2524 depellis?
2711 2469 2780 2508 an
2809 2469 2929 2508 cum
2960 2453 3210 2522 disiuncti
3239 2466 3455 2517 sumus,
3495 2450 3548 2504 id

1960 2549 2273 2604 obscaenum
2302 2555 2418 2613 est;
2445 2562 2566 2604 cum
2595 2555 2774 2601 autem
2800 2546 3105 2616 congregati
3133 2560 3234 2598 una
3261 2542 3510 2598 sedemus
3528 2581 3546 2608 ,

1961 2651 2067 2693 non
2097 2637 2316 2708 perinde
2341 2646 2496 2708 turpe
2524 2637 2648 2692 est?
2678 2636 2876 2692 Verum
2909 2637 3011 2690 hoc
3048 2633 3330 2690 ridiculum
3367 2647 3431 2685 ac
3457 2629 3551 2685 de-

1959 2731 2125 2787 decus
2147 2739 2230 2786 est
2248 2771 2264 2795 ,
2291 2738 2347 2786 et
2373 2729 2488 2784 haec
2515 2729 2677 2784 verba
2704 2737 2998 2784 extremam
3027 2741 3138 2797 prae
3166 2742 3226 2780 se
3256 2725 3432 2780 ferunt
3455 2724 3550 2777 dc-

1960 2822 2214 2879 mentiam
2257 2839 2274 2877 :
2314 2821 2612 2892 meliusque
2653 2829 2798 2876 esset
2835 2834 2994 2875 coeno
3021 2829 3181 2890 atque
3217 2818 3332 2872 luto
3363 2817 3550 2872 oculos

1959 2920 2230 2986 oblinere,
2259 2933 2416 2989 quam
2447 2919 2519 2973 ita
2548 2917 2743 2974 foedam
2771 2926 2825 2971 et
2855 2916 3090 2984 iniquam
3120 2928 3234 2968 rem
3276 2921 3541 2982 spectare.

1959 3011 2143 3083 Neque
2169 3011 2312 3067 enim
2340 3017 2544 3064 tantum
2571 3007 2751 3062 damni
2779 3006 2935 3062 oculo
2961 3004 3122 3058 infert
3144 3003 3346 3069 lutum,
3372 3015 3546 3072 quan-

1962 3113 2072 3157 tum
2099 3103 2326 3157 lascivus
2353 3109 2603 3178 aspectus
2627 3107 2682 3154 et
2706 3098 2864 3153 nuda:
2895 3095 3134 3151 mulieris
3159 3093 3544 3165 spectaculum.

1959 3193 2098 3248 Audi
2130 3194 2290 3264 igitur
2318 3193 2445 3263 quid
2475 3191 2766 3262 nuditatem
2796 3189 2866 3246 ab
2894 3188 3046 3243 initio
3071 3185 3274 3250 fecerit,
3304 3196 3356 3240 et
3388 3192 3548 3240 tantm

1961 3285 2302 3356 turpitudinis
2328 3284 2587 3339 rationem
2609 3290 2809 3337 metue.
2837 3279 2974 3348 Quid
3004 3279 3133 3348 ergo
3156 3277 3448 3332 nuditatem
3471 3274 3548 3328 ef-

1963 3376 2121 3434 fecit?
2151 3377 2512 3433 luobedientia
2546 3383 2601 3431 et
2630 3374 2825 3429 diaboli
2867 3371 3094 3426 insidiae.
3139 3370 3229 3425 Sic
3265 3368 3376 3436 iam
3419 3367 3545 3422 olim

1961 3481 2016 3524 et
2041 3471 2110 3526 ab
2136 3469 2285 3524 initio
2312 3469 2414 3523 hoc
2441 3467 2557 3538 eius
2581 3466 2677 3521 fuit
2702 3463 2957 3520 studium.
2990 3455 3182 3517 Verum
3213 3460 3330 3514 illos
3355 3459 3547 3514 saltem

1962 3559 2196 3632 pudebat
2219 3559 2362 3630 quod
2386 3557 2511 3614 nudi
2541 3564 2722 3613 essent
2747 3572 2764 3614 :
2795 3569 2892 3610 vos
2920 3562 3096 3608 autem
3121 3550 3171 3606 id
3193 3549 3372 3606 decori
3399 3548 3550 3602 vobis

1961 3666 2083 3709 esse
2099 3651 2313 3722 putatis,
2333 3649 2623 3707 secundum
2635 3648 2761 3703 illud
2774 3643 3252 3716 apostoli,Glon‘am
3269 3641 3320 3695 in
3339 3639 3549 3709 turpitu-

1962 3744 2082 3798 dinc
2107 3742 2342 3797 habentes
2369 3739 2642 3812 (Philipp.
2674 3740 2729 3794 5.
2760 3735 2885 3810 i9).
2914 3735 3118 3804 Quibus
3143 3746 3272 3804 ergo
3298 3741 3351 3787 te
3383 3729 3552 3784 oculis

1963 3850 2100 3890 uxor
2137 3833 2389 3904 aspiciet,
2425 3849 2454 3885 a
2487 3841 2592 3886 tam
2633 3831 2814 3900 iniquo
2852 3827 3158 3899 spectaculo
3205 3822 3552 3881 redeuntem?

1964 3925 2234 3996 quomodo
2259 3935 2311 3979 te
2329 3923 2590 3993 recipiet?
2615 3923 2806 3991 quibus
2828 3929 2878 3973 te
2896 3919 3074 3974 verbis
3102 3917 3422 3987 alloquetur,
3461 3929 3551 3984 qtll

1964 4015 2280 4071 muliebrem
2308 4029 2495 4068 sexum
2519 4020 2686 4067 totum
2715 4013 2785 4065 ita
2810 4008 3267 4070 dehonestaveris,
3293 4017 3347 4061 et
3367 4021 3434 4060 ex
3462 4006 3552 4059 tali

1964 4107 2269 4180 spectaculo
2294 4105 2540 4176 captivus
2567 4113 2621 4158 et
2659 4117 2844 4157 servus
2869 4101 3168 4155 meretricis
3191 4097 3412 4152 ell‘ectus
3437 4095 3513 4150 sis
3529 4096 3554 4147 ?

1963 4202 2023 4259 Si
2053 4201 2170 4257 hzec
2191 4199 2470 4255 audientes
2496 4195 2688 4251 doletis
2707 4234 2722 4260 ,
2753 4193 2978 4264 gratiam
3004 4191 3156 4248 vobis
3185 4190 3358 4244 habeo
3385 4187 3556 4241 maxi-

1965 4311 2128 4351 mam.
2178 4293 2306 4361 Quis
2351 4291 2484 4346 enim
2529 4298 2600 4343 est
2650 4288 2736 4358 qui
2768 4285 3107 4353 mcltetiﬁcet,
3149 4282 3248 4336 nisi
3285 4281 3330 4335 is
3380 4280 3468 4350 qui
3494 4281 3557 4333 ob

1966 4389 2104 4442 dicta
2132 4403 2242 4441 mea
2268 4381 2602 4452 tristatur(2.
2633 4381 2758 4434 Cor.
2788 4378 2844 4432 2.
2873 4376 2986 4448 2)?
3025 4375 3104 4430 Ne
3141 4374 3364 4430 cessetis
3397 4372 3560 4442 igitur

1966 4481 2035 4535 de
2064 4478 2147 4535 his
2174 4478 2448 4548 ingemere
2466 4481 2521 4529 et
2541 4471 2771 4529 morderi
2806 4487 2821 4525 :
2848 4484 2970 4524 nam
2997 4467 3151 4522 dolor
3175 4465 3243 4520 de
3270 4464 3434 4519 rebus
3459 4462 3560 4516 hu-

1962 4571 2198 4644 iusmodi
2215 4568 2534 4640 principium
2551 4564 2702 4620 vobis
2717 4563 2821 4618 erit
2835 4558 3205 4618 conversionis
3223 4557 3289 4610 ad
3313 4554 3558 4610 meliora.

1976 4664 2205 4734 Ideoque
2232 4655 2620 4716 vehementiori
2649 4668 2898 4710 sermone
2921 4666 3040 4706 sum
3066 4663 3211 4713 usus,
3235 4657 3294 4702 ut
3313 4660 3408 4715 per
3434 4659 3558 4713 pro-

1968 4756 2266 4813 fundiorem
2302 4752 2616 4808 incisionem
2649 4763 2679 4802 a
2715 4743 2994 4816 putredine
3024 4741 3111 4794 illa
3148 4737 3560 4794 temulentorum

1968 4849 2244 4904 hominum
2269 4858 2365 4900 vos
2394 4843 2700 4904 liberarem,
2725 4845 2780 4892 et
2799 4835 2865 4890 ad
2883 4847 3067 4905 puram
3085 4828 3249 4884 animi
3270 4826 3556 4881 sanitatem

1969 4941 2282 4998 reducerem
2320 4953 2335 4992 :
2375 4947 2477 5005 qua
2509 4931 2709 4986 utinam
2741 4941 2839 4982 nos
2864 4937 3054 4980 omnes
3085 4936 3180 4992 per
3207 4919 3385 4973 omnia
3415 4917 3559 4972 frua-

1969 5049 2110 5098 mur,
2137 5041 2190 5087 et
2219 5027 2437 5101 praemia
2465 5023 2621 5080 bonis
2647 5021 2854 5076 actibus
2879 5016 3110 5086 reposita
3140 5023 3555 5080 consequamur,

1970 5125 2138 5195 gratia
2165 5099 2235 5178 eti
2247 5115 2614 5175 misericordia
2643 5110 2850 5168 Domini
2877 5107 3043 5163 nostri
3071 5105 3197 5161 Jesu
3223 5100 3446 5166 Christi,
3467 5099 3558 5154 cui

1974 5216 2145 5288 gloria
2173 5222 2228 5272 et
2255 5211 2538 5284 imperium
2571 5213 2626 5264 in
2654 5204 2849 5263 stecula
2878 5200 3218 5259 saeculorum.
3251 5199 3443 5252 Amen.
