4066 6426
529 401 601 458 73
1254 412 1310 468 S.
1350 409 1627 467 JOANNIS
1665 407 2137 465 CHRYSOSTOMI
2175 408 2497 465 ARClllEP.
2528 409 3065 468 CONSTANTINOP.
3622 446 3625 447 ν
3728 408 3801 483 ⁷-9

536 597 937 612 —————_——

1893 964 2235 1027 HOMILIA
2284 966 2414 1031 νη.

516 1330 640 1388 Car.
670 1331 736 1387 ll.
762 1347 815 1384 v.
850 1333 901 1386 4.
936 1330 1003 1385 Et
1041 1348 1352 1403 congregans
1380 1346 1550 1387 omnes
1577 1327 1826 1399 principes
1860 1327 2100 1382 sacerdo-

589 1435 695 1479 tum
724 1434 771 1480 et
807 1426 997 1479 scribas
1024 1428 1232 1496 populi,
1264 1425 1610 1480 sciscuabatur
1637 1422 1700 1475 ab
1727 1422 1798 1475 eis
1836 1422 1921 1474 ubi
1947 1420 2101 1475 Chri-

587 1525 696 1569 stus
724 1527 1032 1569 nasceretur.
1063 1517 1119 1571 5.
1141 1516 1206 1569 At
1240 1515 1318 1569 illi
1342 1516 1578 1568 dixerunt
1603 1514 1649 1566 ei
1675 1528 1694 1565 :
1730 1512 1783 1565 in
1808 1511 2100 1567 Bcthtehem

583 1604 801 1661 Iudicat.
1406 1610 1417 1621 ’

585 1700 639 1751 l.
688 1697 930 1752 Vidistin‘
979 1696 1157 1751 omnia
1204 1695 1270 1749 ad
1321 1693 1631 1750 Iudaeorum
1677 1693 2097 1748 coniutationem

514 1788 812 1843 accidisse?
838 1788 1104 1855 Quamdiu
1125 1787 1265 1841 enim
1307 1802 1412 1841 non
1444 1786 1691 1841 videbant
1717 1801 1860 1852 eum,
1892 1802 1991 1841 nec
2018 1787 2101 1841 in-

518 1882 660 1936 vidia
690 1882 1134 1950 corripiebantur,
1163 1881 1466 1935 testimonia
1492 1894 1619 1934 vere
1645 1887 1699 1934 et
1727 1888 1785 1933 ut
1808 1887 1961 1933 erant
1986 1893 2107 1947 pro-

520 1970 766 2025 ferebant
796 1986 810 2022 :
842 1971 929 2024 ubi
973 1977 1150 2024 autem
1196 1969 1444 2024 viderunt
1487 1970 1709 2039 gloriam
1741 1985 1804 2024 ex
1838 1969 2106 2023 miraculis

520 2070 726 2130 partam
748 2102 762 2125 ,
796 2061 990 2115 invidia
1021 2061 1233 2115 demum
1264 2061 1527 2129 correpti,
1561 2062 1834 2115 veritatem
1863 2061 2109 2129 prodide-

519 2160 663 2205 runt.
688 2150 793 2205 Sed
825 2151 1025 2205 veritas
1048 2152 1098 2204 in
1121 2152 1368 2207 omnibus
1389 2150 1675 2215 eminebat,
1707 2160 1760 2205 et
1784 2151 1852 2204 ab
1879 2152 2107 2206 inimicis

521 2243 689 2312 magis
726 2244 997 2312 magisque
1024 2242 1474 2312 promulgabatur.
1521 2242 1617 2295 llic
1648 2241 1772 2294 mihi
1802 2243 1923 2297 vide
1947 2258 2104 2312 quam

520 2336 676 2400 mira,
707 2350 863 2403 quam
893 2335 1153 2403 stupenda
1178 2335 1575 2404 provideantur.
1597 2334 1802 2389 Mutuas
1830 2335 1928 2389 sibi
1954 2350 2106 2389 com-

519 2425 737 2479 modant
766 2426 981 2480 notitias
1025 2425 1234 2480 barbari
1281 2434 1335 2481 et
1374 2425 1578 2485 Judaei,
1624 2426 1693 2480 ita
1729 2435 1785 2480 ut
1817 2427 2013 2497 singuli
2039 2426 2109 2481 ab

518 2518 640 2571 aliis
677 2518 948 2587 quidpiam
991 2520 1112 2571 novi
1143 2519 1401 2581 ediscant.
1432 2518 1600 2574 Judaei
1632 2534 1860 2587 namque
1884 2535 1912 2572 a
1940 2520 2108 2587 magis

515 2609 886 2676 edidicerunt,
919 2610 1059 2679 quod
1088 2611 1240 2665 stella
1289 2611 1459 2678 ipsum
1495 2612 1545 2663 in
1578 2610 1857 2664 Persarum
1888 2611 2108 2680 regione

519 2698 919 2766 prmdicaverit:
944 2700 1083 2767 magi
1112 2714 1141 2751 a
1163 2698 1363 2753 Judteis
1387 2708 1725 2768 acceperunt,
1756 2716 1878 2754 eum
1908 2701 2104 2769 ipsum,

519 2804 682 2857 quem
713 2789 865 2843 stella
894 2789 1296 2858 prurdicaverat,
1319 2788 1428 2858 jam
1456 2804 1486 2842 a
1517 2789 1696 2843 multis
1725 2798 1868 2844 retro
1899 2800 2107 2859 tempo-

520 2878 670 2933 ribus
700 2894 793 2948 per
822 2878 1109 2949 prophetas
1153 2879 1563 2947 prurnuutiatum
1608 2878 1773 2933 fuisse
1799 2896 1812 2933 :
1835 2887 1993 2948 atque
2021 2880 2106 2933 in-

518 2972 893 3042 terrogationis
911 2972 1122 3026 occasio
1144 2970 1387 3026 clarioris
1409 2980 1463 3025 et
1482 2972 1828 3026 accuratioris
1852 2970 2109 3027 doctrina:

518 3060 905 3116 demonstratio
957 3063 1196 3131 utrisque
1247 3062 1343 3116 iuit
1374 3079 1388 3114 :
1418 3071 1567 3116 certe
1614 3062 1855 3117 veritatis
1909 3061 2109 3117 inimici

522 3152 719 3219 scripta
752 3152 989 3207 veritatis
1016 3153 1315 3207 testimonia
1341 3153 1422 3207 vel
1451 3143 1611 3206 inviti
1626 3153 1801 3223 legere
1825 3162 2105 3224 coguntur,

515 3251 570 3295 et
599 3242 933 3310 praphetiam
975 3243 1309 3312 interpretari
1335 3284 1349 3307 ,
1379 3243 1589 3297 etiamsi
1620 3259 1724 3297 non
1754 3252 1916 3297 totam
1953 3259 2109 3298 :cum

515 3332 661 3386 enim
695 3332 1001 3387 Bethlehem
1034 3334 1322 3399 dixissent,
1348 3343 1400 3387 et
1442 3333 1564 3388 inde
1621 3334 1948 3388 exoriturum
1988 3349 2109 3390 esse

512 3436 638 3476 cum
664 3422 755 3493 qui
802 3434 1008 3492 regeret
1057 3423 1341 3489 lsraelem,
1376 3438 1479 3477 non
1524 3422 1841 3478 addiderunt
1878 3424 1931 3477 id
1967 3425 2109 3494 quod

515 3511 861 3580 sequebatur,
885 3522 942 3567 ut
960 3515 1070 3582 regi
1092 3514 1457 3568 adularentur.
1480 3512 1614 3580 Quid
1636 3525 1811 3567 autem
1833 3522 1916 3568 est
1940 3513 2110 3568 illud?

521 3600 587 3653 Et
614 3618 840 3672 egressus
865 3604 973 3672 ejus
998 3603 1059 3656 ab
1076 3604 1217 3657 initio
1247 3620 1309 3657 ea;
1332 3604 1507 3657 diebus
1527 3605 1698 3658 sazculi
1726 3604 1913 3672 (Mich.
1943 3605 1996 3659 5.
2025 3603 2107 3672 2).

517 3698 588 3752 Ει
616 3715 716 3766 qua
745 3701 811 3754 de
838 3716 996 3756 causa
1019 3743 1033 3765 ,
1066 3703 1272 3772 inquies
1293 3743 1307 3766 ,
1340 3705 1384 3757 si
1411 3702 1535 3757 inde
1559 3704 1790 3758 oriturus
1817 3713 1951 3767 erat,
1980 3712 2104 3773 post

512 3800 725 3861 partum
752 3793 803 3847 in
831 3793 1057 3849 Nazaret
1086 3796 1297 3860 mansit,
1327 3806 1381 3850 et
1408 3795 1738 3865 pr0phetiam
1765 3795 2102 3850 obscuravit?

512 3880 625 3937 lmo
654 3897 759 3936 non
787 3884 1109 3949 obscuravit,
1142 3885 1235 3940 sed
1267 3886 1546 3941 clariorem
1578 3886 1773 3941 ell‘ecit.
1804 3886 1937 3940 Nam
1961 3886 2101 3956 quod

510 3980 684 4027 mater
710 3972 845 4041 ejus,
873 3990 990 4044 qum
1023 3974 1133 4030 illic
1163 3975 1452 4042 habitabat,
1487 3975 1586 4030 hoc
1610 3976 1661 4030 in
1682 3976 1799 4029 loco
1816 3977 2103 4045 pepererit.

511 4062 564 4117 id
594 4072 741 4118 certe
765 4065 999 4120 ostendit
1018 4081 1129 4120 rem
1159 4083 1253 4136 per
1275 4066 1665 4135 providentiam
1696 4067 1883 4122 factam
1916 4066 2096 4121 fuisse.

509 4153 847 4224 Quapropter
889 4171 997 4209 non
1041 4157 1221 4211 statim
1254 4166 1413 4227 atque
1448 4168 1603 4211 natus
1629 4165 1746 4222 est,
1779 4157 1904 4211 hinc
1942 4158 2097 4222 exiit,

511 4245 607 4298 sed
636 4244 708 4298 ibi
739 4246 930 4300 mansit
959 4262 1053 4315 per
1076 4247 1190 4301 dies
1214 4248 1559 4317 quadraginta
1579 4288 1594 4312 ,
1639 4248 1813 4301 locum
1841 4247 1971 4301 dans
2001 4248 2101 4302 illis

512 4336 605 4405 qui
635 4337 831 4391 vellent
859 4339 1123 4393 curiosius
1152 4338 1441 4407 inquirere,
1476 4348 1527 4392 ut
1562 4349 1808 4394 accurate
1835 4341 2103 4395 examina-

511 4436 633 4482 rent
658 4429 857 4483 omnia.
887 4428 1046 4483 Multa
1077 4430 1270 4500 quippe
1295 4439 1449 4486 erant
1477 4446 1595 4500 quae
1622 4432 1688 4485 ad
1719 4431 1853 4486 hanc
1885 4434 2098 4502 perqui-

508 4523 760 4578 sitionem
790 4532 1087 4585 moverent.
1115 4524 1159 4580 si
1186 4524 1398 4593 quidem
1428 4524 1705 4580 attendere
1734 4525 1950 4580 vellent.
1980 4525 2100 4581 Ete-

510 4615 619 4669 nim
650 4614 989 4670 venientibus
1018 4616 1203 4685 magis,
1224 4615 1489 4669 concitata
1516 4624 1600 4669 est
1629 4615 1874 4670 universa
1896 4616 2099 4684 civitas,

509 4718 563 4762 ct
592 4722 716 4763 cum
743 4708 959 4763 civitate
986 4723 1080 4762 rex
1108 4708 1221 4775 ipse
1246 4724 1259 4760 :
1282 4706 1540 4777 propheta
1572 4706 1622 4761 in
1664 4707 1901 4763 medium
1931 4708 2100 4764 addu-

470 4822 471 4827 π
508 4808 627 4855 ctus
668 4810 785 4866 est,
833 4800 1006 4855 furtim
1046 4799 1301 4870 judiciale
1352 4814 1602 4869 magnum
1655 4800 1937 4856 collectum
1984 4810 2097 4865 est;

509 4891 721 4959 aliaque
750 4892 914 4946 multa
961 4891 1157 4947 ibidem
1187 4899 1337 4961 gesta
1365 4900 1525 4957 sunt,
1571 4906 1689 4961 qua:
1718 4894 1894 4946 omnia
1926 4903 2097 4947 narrat

510 4990 758 5035 accurate
787 4982 991 5048 Lucas;
1022 4983 1167 5038 verbi
1187 4984 1353 5053 gratia
1380 4998 1499 5050 qum
1520 4983 1584 5036 ad
1604 4984 1810 5038 Annam
1833 4993 2097 5053 spectant,

510 5087 632 5141 qua:
660 5070 725 5125 ad
766 5071 1068 5127 Simeonem
1090 5114 1106 5139 ,
1154 5074 1219 5129 ad
1262 5074 1571 5129 Zachariam
1597 5114 1612 5139 ,
1657 5075 1724 5129 ad
1755 5075 2007 5144 angelos,
2038 5076 2101 5131 ad

512 5170 792 5230 pastores,
834 5176 952 5229 quae
985 5163 1165 5215 omnia
1214 5173 1458 5231 poterant
1498 5165 1562 5218 iis
1604 5163 1695 5232 qui
1739 5164 1975 5218 animum
2004 5165 2101 5218 ad-

513 5250 701 5305 hibere
728 5250 926 5304 vellent
953 5252 1473 5320 occasionem-dare,
1515 5264 1571 5307 ut
1598 5253 1737 5322 quod
1766 5254 1962 5309 factum
1992 5266 2101 5309 erat

508 5341 996 5410 deprehenderent.
1043 5339 1175 5394 Nam
1218 5344 1261 5397 si
1306 5347 1441 5413 magi
1487 5360 1550 5398 ex
1584 5343 1801 5398 Perside
1831 5346 2105 5401 venientes

512 5433 685 5487 locum
733 5449 839 5489 non
885 5434 1295 5503 ignoraverunt,
1328 5436 1496 5490 multo
1535 5437 1705 5507 magis
1751 5438 1824 5503 ii,
1874 5438 1960 5507 qui
1991 5439 2106 5493 istic

514 5524 882 5585 versabantur,
909 5526 1022 5579 haec
1045 5531 1288 5593 poterant
1315 5526 1571 5582 ediscere.
1593 5527 1725 5583 Sese
1746 5528 1904 5598 igitur
1923 5538 2106 5583 osten-

513 5613 589 5665 dit
628 5615 695 5669 ab
723 5614 873 5669 initio
902 5630 1000 5684 per
1038 5615 1205 5668 multa
1246 5615 1497 5669 miracula
1528 5621 1685 5686 :quia
1715 5628 1893 5675 autem
1928 5618 2107 5675 videre

518 5705 837 5773 noluerunt,
870 5722 967 5778 per
994 5708 1326 5777 aliquantum
1356 5712 1607 5779 temporis
1635 5726 1755 5769 sese
1799 5712 2104 5784 occultans,

2211 1309 2401 1364 iterum
2429 1326 2487 1366 sc
2514 1312 2619 1367 alio
2644 1313 2803 1386 longe
2821 1315 3051 1375 clariore
3066 1320 3301 1377 ostendit
3323 1324 3501 1381 modo.
3522 1325 3641 1383 Non
3662 1328 3806 1387 enim

2208 1402 2349 1471 magi
2378 1402 2631 1473 deinceps
2650 1446 2665 1470 ,
2693 1420 2801 1461 non
2829 1408 2979 1463 stella
2999 1450 3015 1475 ,
3044 1411 3140 1467 sed
3168 1411 3326 1469 Pater
3349 1431 3583 1485 superne
3609 1420 3803 1489 pM‘di-

2208 1494 2349 1547 cavit
2392 1493 2446 1546 in
2490 1492 2737 1550 Iordanis
2782 1494 3029 1566 ﬂuentis,
3078 1510 3135 1557 et
3180 1502 3409 1571 Spiritus
3453 1511 3801 1577 supervenit,

2202 1605 2390 1647 vocem
2421 1593 2567 1649 illam
2610 1595 2662 1649 in
2705 1597 2955 1669 baptizati
2995 1613 3157 1673 caput
3186 1604 3420 1661 aﬂ'erens
3442 1623 3455 1659 :
3480 1616 3536 1662 et
3561 1605 3801 1663 Joannes

2205 1697 2327 1740 cum
2357 1684 2601 1741 libertate
2626 1690 2771 1743 omni
2810 1705 2906 1759 per
2931 1700 3094 1749 totam
3119 1692 3357 1750 Iudaeam
3389 1696 3677 1761 clamabat,
3713 1697 3806 1752 ba-

2203 1772 2519 1839 bitabilem,
2571 1777 2918 1836 inhabitatam
2966 1791 3166 1839 terram
3207 1785 3513 1854 huiusmodi
3556 1788 3806 1843 doctrina

2202 1864 2419 1933 replens
2450 1881 2464 1919 :
2495 1866 2871 1925 miraculorum
2919 1888 3133 1943 quoque
3176 1876 3569 1942 testimonium,
3617 1886 3802 1944 terra,

2204 1968 2353 2009 mare
2383 1956 2736 2028 universaque
2760 1970 3004 2017 creatura
3029 1964 3363 2032 splendidam
3393 1966 3491 2021 hac
3518 1967 3587 2022 de
3616 1983 3680 2023 re
3707 1983 3802 2022 vo-

2198 2058 2315 2099 cem
2343 2047 2638 2103 emittebat.
2669 2050 2788 2119 lpso
2806 2053 2965 2107 etiam
2987 2066 3169 2124 partus
3185 2064 3427 2127 tempore
3451 2068 3528 2113 tot
3548 2060 3801 2115 accidere

2199 2134 2347 2204 signa
2365 2177 2381 2201 ,
2408 2153 2526 2206 quae
2556 2151 2773 2208 possent
2804 2142 3037 2201 indicare
3066 2147 3239 2217 ipsum
3268 2149 3569 2205 advenisse.
3604 2150 3687 2206 Ne
3715 2151 3798 2206 di-

2198 2236 2382 2280 cerent
2408 2229 2550 2283 enim
2577 2229 2746 2286 Judmi
2777 2233 3090 2291 :Neseimus
3117 2239 3204 2293 ubi
3232 2240 3313 2293 vel
3345 2254 3450 2308 quo
3488 2240 3610 2296 loco
3639 2252 3803 2297 natus

2200 2317 2304 2383 sit,
2334 2318 2418 2371 illa
2446 2337 2565 2390 quae
2591 2338 2773 2393 magos
2799 2334 3041 2395 spectant
3079 2331 3290 2398 provisa
3332 2332 3512 2397 l'uere,
3557 2333 3799 2403 itemque

2199 2410 2301 2463 alia
2331 2425 2450 2479 quae
2476 2412 2728 2481 diximus,
2759 2417 2829 2470 ita
2858 2426 2915 2471 ut
2944 2419 3144 2473 nullam
3173 2423 3568 2478 excusationem
3599 2423 3797 2480 afferre

2206 2502 2443 2570 possint,
2475 2504 2623 2573 quod
2662 2505 2718 2561 id
2755 2508 2903 2577 quod
2936 2519 3154 2580 gestum
3195 2520 3316 2564 erat
3360 2527 3473 2565 non
3513 2514 3803 2582 perquisi-

2207 2593 2417 2651 verint.

2279 2689 2333 2743 2.
2370 2690 2649 2760 Perpende
2683 2703 2859 2750 autem
2899 2698 3192 2768 pr0phetlae
3232 2701 3648 2757 accurationem.
3686 2702 3806 2758 Non

2206 2781 2346 2831 Nlllll
2377 2780 2535 2848 dixit,
2564 2784 2618 2837 ln
2643 2784 2952 2844 Bethlehem
2976 2790 3232 2855 manebit,
3256 2792 3369 2857 sed,
3394 2792 3587 2847 Exibit.
3619 2795 3807 2866 Itaque

2204 2868 2255 2922 id
2287 2878 2488 2927 tantum
2521 2876 2796 2945 prophetia
2824 2882 3196 2949 exprimebat,
3225 2883 3369 2953 quod
3397 2884 3465 2939 ibi
3494 2886 3805 2942 nasciturus

2205 2973 2367 3019 esset.
2396 2966 2620 3033 Quidam
2648 2980 2829 3027 autem
2855 2988 3040 3029 eorum
3072 2975 3408 3045 impudenter
3432 2977 3649 3042 dicunt,
3686 2979 3805 3033 hanc

2205 3052 2274 3109 de
2300 3056 2629 3115 Zorobabele
2670 3065 3019 3131 praenuntiata
3068 3066 3232 3124 fuisse
3261 3085 3276 3122 :
3302 3068 3396 3123 sed
3422 3069 3699 3139 quomodo
3726 3072 3808 3125 sic

2206 3158 2431 3215 possunt
2456 3150 2787 3222 intelligere?
2811 3155 2925 3209 Non
2955 3157 3097 3211 enim
3134 3158 3384 3227 Egressus
3412 3161 3521 3230 ejus
3554 3159 3618 3212 ab
3655 3161 3809 3214 initio

2200 3254 2264 3292 ea:
2291 3239 2463 3295 diebus
2488 3245 2661 3298 saeculi
2702 3244 2888 3316 (Mich.
2918 3248 2971 3303 5.
3000 3248 3077 3317 2).
3125 3249 3404 3317 Quomodo
3431 3258 3611 3304 autem
3657 3251 3794 3306 illud

2202 3332 2344 3400 quod
2387 3334 2537 3390 initio
2565 3336 2777 3405 dicitur,
2810 3337 2894 3393 Ea:
2936 3351 2983 3393 te
3021 3340 3202 3407 exibit,
3247 3342 3301 3396 in
3329 3342 3476 3396 illum
3503 3344 3803 3397 convenire

2202 3423 2405 3490 possit?
2433 3424 2547 3480 Non
2576 3429 2717 3482 enim
2751 3430 2803 3483 in
2847 3430 3065 3496 Iudaea,
3108 3432 3204 3487 sed
3252 3434 3305 3488 in
3334 3433 3609 3505 Babylone
3640 3443 3805 3489 natus

2201 3524 2287 3569 est
2312 3533 2327 3570 :
2357 3517 2498 3573 unde
2537 3521 2695 3574 etiam
2728 3521 3024 3579 Zorobabel
3054 3525 3351 3595 appellatus
3386 3526 3517 3590 fuit,
3549 3527 3675 3596 quia
3723 3527 3797 3580 ibi

2198 3614 2372 3661 ortum
2398 3607 2569 3663 duxit.
2602 3611 2872 3682 Quotquot
2910 3613 3166 3685 Syrorum
3212 3616 3444 3687 linguam
3482 3616 3696 3681 sciunt,
3739 3617 3794 3672 id

2197 3697 2339 3766 quod
2387 3698 2614 3756 dicimus
2659 3719 2764 3757 non
2818 3704 3081 3774 ignorant.
3130 3707 3333 3763 Practer
3374 3722 3437 3762 ea
3488 3722 3618 3762 vero
3670 3723 3797 3776 qua:

2195 3789 2464 3857 diximus,
2490 3803 2699 3864 tempus
2727 3806 2894 3851 totum
2922 3799 3255 3869 subsequens
3287 3800 3388 3855 hoc
3418 3800 3791 3853 testimonium

2193 3884 2513 3941 conﬁrmare
2560 3884 2724 3939 valet.
2771 3884 2907 3950 Quid
2957 3883 3099 3938 enim
3139 3881 3304 3937 dicit?
3348 3880 3401 3934 6.
3449 3877 3790 3948 Nequaquam

2194 3977 2405 4031 minima
2433 3993 2484 4030 es
2511 3978 2564 4029 in
2596 3975 2904 4045 principibus
2934 3974 3076 4027 Juda
3096 4015 3109 4039 ,
3137 3981 3190 4027 et
3218 3968 3545 4026 celebritatis
3568 3982 3790 4021 causam

2194 4068 2375 4137 adjicit
2421 4067 2502 4121 his
2534 4065 2749 4131 verbis,
2786 4065 2921 4132 Quia
2963 4082 3027 4119 ea:
3070 4073 3117 4118 te
3157 4063 3329 4118 eaabit.
3373 4060 3564 4116 Nullus
3604 4067 3792 4115 autem

2195 4161 2332 4215 alius
2359 4159 2500 4214 hunc
2540 4159 2717 4214 locum
2745 4157 2949 4212 clarum
2995 4157 3449 4226 conspicuumque
3480 4152 3641 4215 fecit,
3684 4150 3792 4206 nisi

2195 4251 2311 4320 ipse
2339 4250 2504 4303 solus.
2540 4248 2667 4303 Post
2688 4258 2897 4319 partum
2928 4246 3125 4316 quippe
3153 4245 3301 4299 illum
3322 4259 3387 4297 ex
3414 4242 3613 4296 ﬁnibus
3641 4241 3792 4298 orbis

2195 4342 2419 4397 veniunt
2447 4341 2715 4395 visitatum
2749 4354 2990 4410 praesepe
3017 4350 3072 4393 et
3098 4338 3287 4409 tugurii
3314 4338 3488 4392 locum
3521 4353 3535 4387 :
3565 4333 3614 4388 id
3644 4334 3792 4403 quod

2192 4434 2303 4505 jam
2333 4433 2459 4487 olim
2506 4432 2764 4501 propheta
2799 4432 3174 4501 praenuntiavit
3198 4430 3390 4501 dicens
3414 4447 3428 4484 :
3454 4426 3795 4498 Nequaquam

2197 4526 2408 4580 minima
2448 4540 2501 4578 es
2540 4524 2593 4577 in
2624 4523 2938 4593 principibus
2963 4521 3104 4575 Juda
3135 4520 3326 4589 (Miclt.
3354 4520 3410 4575 5.
3446 4517 3540 4588 2);
3586 4517 3638 4571 id
3665 4527 3750 4572 est
3774 4558 3793 4584 ,

2199 4618 2340 4673 inter
2366 4616 2597 4672 tribuum
2627 4615 2916 4687 principes.
2947 4614 3150 4680 Quibus
3178 4612 3358 4667 verbis
3383 4611 3545 4666 etiam
3572 4609 3795 4663 .leroso-

2199 4709 2401 4781 lymam
2431 4706 2823 4776 complectitur.
2850 4703 2955 4761 Sed
2985 4719 3050 4759 ne
3080 4704 3157 4757 sic
3181 4701 3396 4773 quidem
3425 4700 3664 4754 animum
3691 4698 3793 4752 ad-

2202 4802 2489 4858 hibuerunt
2511 4843 2526 4864 ,
2555 4800 2765 4856 etiamsi
2796 4798 2995 4852 utilitas
3037 4796 3101 4851 ad
3144 4797 3288 4865 ipsos
3315 4793 3632 4848 dimanaret.
3666 4790 3795 4843 Ideo

2197 4896 2342 4950 enim
2370 4908 2630 4963 nusquam
2654 4890 2930 4961 pr0pheta3
2949 4890 3017 4944 de
3036 4888 3291 4958 dignitate
3312 4887 3428 4954 ejus
3449 4884 3503 4938 in
3526 4882 3792 4953 principio

2198 4994 2403 5041 tantum
2451 4988 2737 5055 loquuntur
2760 5024 2776 5050 ,
2825 4989 3079 5053 quantum
3109 4980 3177 5034 de
3204 4977 3466 5035 benclicio
3492 4974 3632 5047 quod
3662 4975 3793 5044 ipsis

2199 5079 2467 5150 praestitit.
2509 5075 2719 5131 Etenim
2762 5088 2891 5141 cum
2925 5071 3158 5142 Virginis
3195 5078 3378 5140 partus
3408 5068 3629 5122 instaret
3671 5065 3793 5126 ait,

2211 5169 2422 5224 Vocabis
2446 5183 2627 5222 nomen
2653 5167 2764 5236 ejus
2790 5163 3004 5227 Iesum;
3035 5172 3090 5217 et
3115 5161 3297 5230 adjicit
3321 5178 3334 5214 :
3358 5158 3480 5229 Ipse
3522 5158 3654 5211 enim
3687 5156 3793 5209 sat-

2201 5279 2317 5316 vum
2345 5262 2495 5333 faciet
2521 5258 2769 5329 populant
2793 5272 2941 5310 suum
2969 5271 3001 5306 α
3030 5254 3245 5324 peccatis
3273 5268 3467 5307 eorum.
3498 5249 3633 5318 Magi
3665 5262 3794 5303 vero

2205 5368 2309 5407 non
2340 5349 2609 5413 dicebant,
2652 5345 2753 5400 Ubi
2801 5353 2883 5399 est
2925 5343 3090 5397 Filius
3126 5342 3242 5407 Dei,
3274 5341 3390 5406 sed,
3426 5339 3521 5404 Qui
3549 5346 3697 5390 natus
3720 5346 3795 5390 est

2203 5461 2295 5497 rea:
2317 5442 2641 5495 Iudaeorum.
2670 5436 2767 5492 llic
2793 5449 3004 5507 quoque
3048 5449 3154 5487 non
3198 5432 3361 5496 dixit,
3397 5431 3476 5485 Ex
3528 5438 3580 5483 te
3622 5427 3794 5483 exibit

2203 5534 2371 5589 Filius
2402 5532 2529 5602 Dei;
2560 5530 2678 5594 sed,
2706 5527 2845 5592 Dux,
2869 5526 2955 5594 qui
2974 5533 3114 5595 regat
3136 5522 3383 5594 populum
3405 5536 3569 5574 meum
3602 5517 3792 5571 Israel.

2206 5623 2501 5695 Oportebat
2523 5621 2722 5691 quippe
2743 5618 2894 5673 initio
2917 5616 3201 5671 humiliore
3229 5612 3480 5683 loquendi
3506 5609 3667 5665 modo
3694 5610 3791 5669 uti,

2208 5733 2277 5773 ne
2303 5714 2417 5768 lucc
2446 5713 2573 5791 ipsis
2602 5708 2924 5769 otl'endiculo
2948 5714 3163 5775 essent,
3205 5714 3260 5762 et
3285 5718 3347 5761 ea
3377 5704 3557 5760 dicere
3581 5716 3699 5773 qua:
3728 5700 3799 5754 ad
