4066 6428
313 327 380 384 73
1456 339 1526 394 IN
1564 341 1981 403 MAT'I‘IUEUM
2024 344 2258 406 HOMIL.
2297 348 2409 405 vn.
3484 347 3552 409 τι

322 509 3539 547 mm

1790 663 2037 717 UMIAIA
2070 669 2144 722 Z'.

296 777 402 835 Καὶ
440 781 808 862 συγαγτξγῶν
836 781 1065 862 πάντας
1083 782 1225 862 τούς
1246 783 1537 862 ἀρχιερεῖς
1563 785 1673 862 καί
1688 801 1872 862 γραμ;

361 852 571 924 μαζεῖς
592 852 705 924 τοῦ
739 852 932 924 λαοῦ,
953 852 1496 924 ἐπυνθάνείοξπαο
1523 852 1873 920 αὑτῶήποῦ

367 918 398 972 ὁ
455 918 1048 990 ΧριστὸςᾹτεννᾶται.
1082 925 1148 975 Ol
1192 922 1261 976 δὲ
1307 918 1484 979 εἷπον
1510 924 1673 990 αὐτῷ
1697 918 1736 956 ·⁷
1771 923 1876 977 Ἐν

365 987 642 1057 Βηθλεὲμ
679 987 790 1056 τῆς
830 990 1131 1056 Ἰουδαίας.

367 1149 436 1196 α’.
472 1138 627 1204 Εἶδες
663 1141 878 1195 ἅπαντα
902 1142 982 1204 εἰς
1014 1141 1232 1212 ἔλεγχον
1259 1145 1514 1214 γινόμενα
1555 1145 1874 1215 Ἰουδαϊκόν;

301 1230 446 1296 Ἕως
483 1233 582 1302 μὲν
610 1232 719 1302 γὰρ
750 1232 911 1286 αὐτὸν
951 1233 1052 1286 οὐκ
1102 1233 1402 1303 ἐθεώρουν,
1456 1237 1576 1289 οὐδὲ
1627 1237 1733 1290 ὐπὸ
1779 1239 1880 1309 τῆς

302 1325 604 1394 βασκανίας
657 1322 944 1393 ἡλίσκοντο
975 1362 990 1387 ,
1055 1326 1192 1394 μετά
1250 1325 1507 1394 ἀληθείας
1555 1327 1654 1391 τὰς
1738 1346 1878 1399 μαρ-

298 1413 491 1484 τυρίας
550 1412 896 1482 διηγόρευον·
951 1412 1136 1482 ἐπειδὴ
1179 1413 1238 1466 66
1287 1410 1428 1468 εἶδον
1474 1415 1572 1487 τὴν
1619 1416 1729 1471 ἀπὸ
1773 1417 1880 1470 τῶν

301 1503 596 1573 θαυμάτων
657 1500 1015 1572 ἐγγινομένην
1043 1501 1089 1532 ⁸⁸
1118 1501 1275 1565 δόξαν
1301 1542 1316 1568 ,
1377 1502 1480 1556 ὑπὸ
1531 1502 1626 1556 τοῦ
1687 1503 1880 1571 φθόνου

300 1593 731 1664 κατασχεθέντες
793 1592 977 1645 λοιπὸν
1058 1591 1380 1661 προῦδωκαν
1437 1593 1531 1664 τὴν
1603 1594 1879 1664 ἀλήθειαν.

314 1683 456 1738 Ἀλλ’
515 1685 550 1754 ή
623 1682 854 1753 ἀλήθεια
924 1683 1012 1736 διά
1078 1683 1294 1736 πάντων
1367 1683 1562 1754 ᾔρετο,
1630 1684 1724 1736 καὶ
1779 1683 1883 1737 ὑπὸ

300 1774 410 1828 τῶν
462 1773 670 1844 ἐχθρῶν
706 1774 966 1844 μειζόνως
1012 1776 1405 1844 συνεκροτεῖτο.
1443 1773 1586 1844 Ὅρα
1623 1773 1752 1842 γοῦν
1790 1775 1884 1827 καὶ

303 1861 542 1916 ἐνταῦθα
583 1861 700 1924 πῶς
737 1861 1028 1932 θαυμαστά
1073 1863 1165 1915 καὶ
1199 1861 1476 1932 παράδοξα
1524 1865 1883 1934 οἰκονομεῖται

302 1950 629 2020 πράγματα.
665 1947 830 2019 Ὁμοῦ
873 1966 932 2001 τε
973 1949 1083 2020 γάρ
1117 1949 1210 2004 καὶ
1244 1951 1569 2020 μανθάνουσι
1620 1969 1673 2004 τι
1723 1952 1884 2006 πλέον

303 2043 436 2112 παρ’
477 2039 742 2110 ἀλλήλων,
763 2039 857 2091 καὶ
895 2039 1238 2094 διδάσκουσιν
1267 2040 1546 2112 ἀλλήλους,
1567 2041 1621 2095 οἵ
1655 2060 1716 2096 τε
1750 2043 1885 2114 βάρ-

305 2133 470 2202 ϐαροι
513 2130 607 2184 καὶ
654 2131 702 2183 οί
754 2130 1016 2184 Ἰουδαῖοι.
1055 2133 1116 2184 Οἰ
1167 2133 1267 2202 μὲν
1307 2135 1415 2204 γὰρ
1458 2134 1698 2188 Ἰουδαῖοι
1735 2135 1887 2206 παρὰ

307 2221 464 2295 [105]
493 2220 600 2274 τῶν
639 2222 827 2292 μάγων
867 2223 1088 2292 ἤκουον,
1115 2222 1196 2275 ὅτι
1247 2224 1341 2276 καὶ
1373 2223 1550 2296 ἀστὴρ
1595 2225 1757 2278 αὐτὸν
1798 2227 1889 2278 ἐπὶ

304 2315 409 2384 τῆς
435 2315 658 2384 Περσῶν
693 2311 926 2384 ἐκήρυξε
957 2312 1138 2384 χώρας
1162 2331 1176 2345 ·
1209 2315 1259 2367 οἱ
1292 2313 1348 2366 66
1393 2316 1556 2385 μάγοι
1600 2315 1753 2388 παρά
1776 2315 1887 2369 τῶν

321 2405 594 2459 Ἰουδαίων
620 2404 945 2475 ἐμάνθανον,
983 2405 1064 2457 δτι
1090 2403 1302 2468 τοῦτον,
1335 2405 1394 2458 ὃν
1420 2408 1448 2458 6
1473 2407 1648 2478 ἀστήρ
1686 2408 1889 2478 ἐκήρυ-

309 2496 370 2561 ξε
393 2496 461 2560 ⁸⁷,
495 2497 588 2549 καὶ
633 2495 912 2565 προφῆται
945 2493 1051 2564 πρὸ
1088 2493 1296 2547 πολλῶν
1330 2493 1536 2546 ἀνωθεν
1575 2495 1890 2565 διηγόρευον

308 2589 521 2658 χρόνων
541 2602 554 2615 ·
585 2589 678 2640 καὶ
710 2589 808 2656 τῆς
843 2585 1166 2656 ἐρωτήσεως
1186 2587 1220 2654 ή
1253 2583 1510 2646 ὑπόθεσις
1545 2583 1889 2648 διδασκαλίας

310 2679 654 2750 σαφεστέρας
688 2695 750 2730 τε
784 2678 879 2731 καὶ
912 2676 1310 2747 ἀκριϐεστέρας
1356 2677 1636 2747 ἑκατέροις
1660 2676 1708 2708 ⁸⁸
1751 2676 1889 2730 ἀπό-

306 2770 482 2836 δειξις
513 2768 738 2837 γέγονε·
772 2767 865 2820 καὶ
894 2767 944 2819 οἱ
988 2767 1087 2836 τῆς
1124 2764 1384 2835 ἀληθείας
1415 2765 1601 2836 ἐχθροὶ
1638 2766 1709 2819 τὰ
1748 2765 1889 2836 ὑπὲρ

309 2859 412 2929 τῆς
429 2857 682 2929 ἀληθείας
705 2857 799 2910 καὶ
820 2857 1041 2920 ἄκοντες
1069 2853 1470 2923 ἀναγκάζονται
1498 2854 1892 2925 ἀναγινώσκειν

309 2951 638 3021 γράμματα,
671 2949 765 3002 καὶ
801 2949 900 3017 τὴν
946 2945 1283 3018 προφητείαν
1326 2946 1680 3016 ἐρμηνεύειν,
1714 2947 1762 2999 εἰ
1797 2946 1892 2999 καὶ

308 3053 387 3121 μὴ
429 3055 629 3109 πᾶσαν.
677 3055 932 3119 Εἰπόντες
965 3055 1073 3126 γάρ
1114 3055 1212 3127 τὴν
1258 3055 1527 3127 Βηθλεέμ,
1564 3057 1656 3110 καὶ
1696 3053 1776 3111 ὅτι
1823 3056 1883 3122 ἐξ

303 3143 480 3212 αὐτῆς
511 3144 848 3210 ἐξελεύσεται
877 3148 906 3199 6
944 3146 1249 3216 ποιμαίνων
1291 3148 1381 3200 τὸν
1419 3149 1634 3219 Ἰσραὴλ
1653 3189 1666 3212 ,
1695 3148 1882 3203 λοιπὸν

304 3233 493 3286 οὐκέτι
522 3236 868 3307 προσέθηκαν
894 3238 954 3291 τὸ
995 3238 1140 3308 ἐξῆς,
1174 3238 1558 3302 κολακεύοντες
1593 3241 1684 3293 τὸν
1730 3240 1882 3310 βασι-

305 3323 428 3376 λέα.
461 3325 524 3376 Τί
546 3326 601 3378 δὲ
635 3326 792 3379 τοῦτο
813 3324 914 3398 ἦν;
947 3329 1068 3381 ’Ότι
1101 3331 1170 3382 Αἱ
1203 3329 1399 3392 ἔξοδοι
1425 3330 1608 3384 αὐτοῦ
1645 3332 1744 3384 ἀπ’
1776 3331 1882 3398 ἀρ-

306 3414 429 3484 κῆς
475 3417 542 3481 ἐξ
590 3418 822 3487 ἡμερῶν
849 3418 1084 3486 αίῶνος.
1131 3421 1240 3474 Kal
1272 3421 1415 3484 τίνος
1459 3422 1662 3484 ἐνεκεν,
1696 3423 1879 3492 φησὶν,

307 3512 360 3562 εἰ
390 3510 596 3563 ἐκεῖθεν
626 3510 816 3580 ἔμελλε
847 3511 1244 3582 παραγίνεσθαι
1271 3511 1339 3574 ⁸⁸,
1373 3513 1430 3564 ἐν
1461 3511 1715 3583 Ναζαρὲτ
1748 3513 1884 3583 μετά

306 3599 403 3652 τὸν
447 3601 604 3654 τόκον
641 3601 816 3671 διῆγε,
866 3602 961 3655 καὶ
1009 3601 1328 3666 συνεσκίαζε
1373 3604 1472 3673 τὴν
1512 3603 1880 3675 προφητείαν;

307 3691 424 3744 Καὶ
451 3690 555 3761 μὴν
577 3693 638 3744 οὐ
663 3692 1035 3757 συνεσκίασεν,
1063 3693 1198 3746 ἀλλά
1217 3694 1312 3746 καὶ
1339 3693 1540 3764 μᾶλλον
1564 3693 1881 3763 ἐξεκάλυψε.

307 3782 386 3834 Τὸ
411 3782 542 3853 γὰρ,
561 3783 676 3835 ἐκεῖ
694 3782 794 3852 τῆς
819 3784 1024 3853 μητρὸς
1047 3783 1300 3853 οἰκούσης
1325 3784 1632 3848 διαπαντὸς,
1654 3784 1886 3838 ἐνταῦθα

306 3871 631 3943 γεννηθῆναι
667 3873 934 3926 δείκνυσιν
976 3873 1036 3938 ἐξ
1064 3873 1374 3944 οἰκονομίας
1397 3875 1460 3927 τὸ
1489 3877 1721 3946 πρᾶγμα
1743 3872 1889 3943 γινό-

309 3978 493 4032 μενον.
513 3963 613 4016 Διά
637 3981 719 4016 τοι
741 3964 898 4018 τοῦτο
917 3967 1035 4019 οὐδὲ
1055 3965 1256 4030 εὐθέως
1273 3966 1484 4036 τεχθεὶς
1499 3966 1720 4036 ἐξῆλθεν
1742 3967 1884 4020 ἐκεῖ·

308 4051 484 4116 θεν⁹⁰,
503 4055 616 4107 ἀλλ’
635 4056 888 4124 ἐποίησεν
903 4057 1112 4127 ἡμέρας
1135 4057 1557 4127 τεσσαράκοντα,
1576 4059 1682 4119 τοῖς
1702 4057 1886 4126 βουλο-

310 4143 492 4213 μένοις
507 4147 958 4216 περιεργάζεσθαι
976 4147 1148 4210 διδοὺς
1166 4146 1304 4218 μετά
1319 4147 1600 4216 ἀκριϐείας
1615 4147 1884 4212 ἐξετάζειν

307 4236 546 4289 ἅπαντα.
582 4237 692 4290 Kal
739 4238 846 4308 γάρ
880 4238 1050 4291 πολλά
1094 4235 1161 4309 ἦν
1205 4238 1272 4292 τά
1302 4237 1552 4292 κινοῦντα
1599 4238 1734 4308 πρὸς
1779 4237 1880 4308 τὴν

304 4326 566 4396 τοιαύτην
612 4328 861 4398 ζήτησιν,
902 4331 956 4383 εῖ
991 4347 1054 4400 γε
1103 4329 1390 4401 προσέχειν
1440 4328 1739 4383 ἐϐούλοντο.
1775 4329 1884 4382 Καὶ

306 4415 417 4487 γάρ
452 4417 714 4472 ἐλθόντων
737 4419 848 4472 τῶν
871 4419 1079 4490 μάγων,
1109 4418 1458 4492 ἀνεπτερώθη
1483 4421 1629 4473 πᾶσα
1654 4421 1687 4489 ή
1711 4419 1882 4488 πόλις,

307 4508 404 4559 καὶ
447 4508 584 4575 μετά
614 4508 717 4578 τῆς
764 4509 970 4575 πόλεως
1002 4511 1031 4564 6
1077 4510 1324 4580 βασιλεὺς
1347 4551 1360 4576 ,
1395 4510 1490 4563 καὶ
1529 4510 1558 4562 6
1601 4511 1880 4582 προφήτης

308 4596 391 4658 εἰς
425 4595 589 4664 μέσον
624 4598 923 4667 παρήγετο,
966 4597 1060 4650 καὶ
1091 4597 1437 4669 δικαστήριον
1473 4598 1727 4668 μέγιστον
1763 4616 1892 4651 συν-

306 4688 603 4756 εκροτεῖτο,
630 4689 723 4740 καὶ
752 4688 916 4758 ἐτερα
939 4688 996 4742 66
1024 4688 1245 4743 πλείονα
1270 4689 1488 4757 γέγονεν
1514 4689 1722 4754 αὐτόθι,
1743 4691 1887 4758 άπερ

303 4779 338 4830 6
366 4779 582 4840 Λουκᾶς
615 4779 754 4849 μετά
781 4779 1065 4848 ἀκριϐείας
1102 4781 1366 4851 διηγεῖται
1398 4779 1642 4834 ἅπαντα·
1674 4775 1784 4834 οἷον
1816 4780 1886 4833 τά

304 4870 452 4924 κατά
476 4870 574 4940 τὴν
597 4872 815 4934 Ἄνναν,
839 4870 934 4923 κα)⁸
959 4871 1052 4924 τὸν
1083 4870 1326 4942 Συμεὼν,
1357 4873 1454 4924 καὶ
1477 4872 1568 4926 τὸν
1590 4873 1882 4942 Ζαχαρίαν,

304 4960 405 5014 καὶ
441 4961 567 5021 τοὺς
592 4959 880 5029 ἀγγέλους,
909 4962 1002 5014 καὶ
1029 4961 1155 5024 τοὺς
1182 4961 1464 5030 ποιμένας,
1499 4962 1642 5033 άπερ
1668 4961 1886 5015 ᾶπαντα

305 5053 422 5114 τοῖς
477 5050 834 5121 προσέχουσιν
883 5051 1043 5104 ἰκανά
1080 5047 1147 5122 ἦν
1193 5055 1495 5124 παρασχεῖν
1534 5053 1786 5122 ἀφορμάς
1826 5053 1886 5106 1:6

307 5137 465 5210 [104]
514 5140 878 5210 γεγενημένον
927 5141 1122 5214 εὐρεῖν.
1189 5144 1251 5196 Εἰ
1297 5143 1406 5215 γάρ
1460 5144 1568 5196 ἀπὸ
1627 5142 1886 5215 Περσίδος

308 5229 558 5293 ἐλθόντες
595 5231 646 5284 οἰ
693 5229 858 5300 μάγοι
898 5232 998 5284 οὐκ
1036 5233 1310 5304 ἠγνόησαν
1355 5235 1444 5288 τὸν
1474 5235 1672 5302 τόπον,
1707 5234 1887 5305 πολλῷ

308 5327 513 5396 μᾶλλον
539 5331 586 5381 οί
620 5330 739 5382 ἐκεῖ
764 5330 1129 5402 διατρίϐοντες
1157 5335 1330 5391 ταῦτα
1369 5338 1562 5409 μαθεῖν
1599 5339 1879 5409 ἠδύναντο.

310 5417 523 5482 Ἐδειξε
553 5420 652 5489 μέν
683 5417 778 5474 οὖν
805 5422 865 5488 ἐξ
894 5423 1068 5495 ἀρχῆς
1096 5427 1288 5481 ἐαυτὸν
1317 5429 1407 5483 διὰ
1431 5431 1642 5485 πολλῶν
1669 5431 1883 5502 θαυμά-

1983 791 2117 857 ταξύ
2165 791 2352 863 χρόνον
2410 792 2636 856 ἐαυτὸν,
2678 794 2840 848 πάλιν
2885 795 2946 861 ἐξ
2994 797 3187 867 ἐτέρας
3233 798 3554 869 ἀπεκάλυψε

1983 881 2366 953 λαμπροτέρας
2391 883 2584 954 ἀρχῆς.
2611 885 2746 939 Οὐδέ
2776 885 2887 957 γάρ
2916 889 2966 939 οἰ
3004 888 3168 957 μάγοι
3198 888 3404 953 λοιπδν,
3434 892 3554 944 οὐδὲ

1883 1029 1898 1037 _
1984 972 2014 1024 6
2033 971 2229 1044 ἀστήρ,
2251 973 2367 1025 ἀλλ’
2397 974 2426 1025 6
2460 975 2650 1046 Πατὴρ
2686 976 2894 1029 ἄνωθεν
2924 979 3219 1048 ἐκήρυττεν
3241 979 3284 1009 ⁹¹
3317 980 3410 1031 ἐπὶ
3445 980 3557 1032 τῶν

1997 1062 2334 1134 ἰορδανείων
2368 1063 2598 1135 ῥείθρων
2619 1081 2634 1095 ·
2664 1065 2760 1118 καὶ
2784 1066 2844 1118 τὸ
2865 1067 3091 1138 Πνεῦμα
3123 1069 3180 1120 66
3203 1070 3248 1100 ⁸⁸
3273 1070 3553 1137 ἐπεφοίτα,

1982 1152 2084 1222 τὴν
2113 1153 2294 1224 φωνὴν
2321 1155 2534 1222 ἐκείνην
2559 1154 2714 1207 ’έλκον
2743 1157 2833 1208 ἐπὶ
2852 1157 2948 1226 τὴν
2971 1158 3210 1227 κεφαλὴν
3243 1159 3334 1212 τοῦ
3359 1160 3557 1229 βαπτι-

1985 1241 2211 1312 ζομένου
2237 1261 2250 1275 ·
2283 1245 2376 1297 καὶ
2409 1245 2659 1315 Ἰωάννης
2686 1247 2822 1316 μετὰ
2853 1250 3162 1318 παρρησίας
3181 1252 3397 1321 ἀπάσης
3423 1270 3558 1305 παν-

1985 1334 2150 1404 ταχοῦ
2191 1336 2290 1404 τῆς
2324 1336 2582 1398 Ἰουδαίας
2611 1336 2759 1398 ἐϐόα,
2795 1337 2893 1407 τήν
2925 1339 3269 1408 οἰκουμένην,
3305 1341 3402 1411 τὴν
3444 1342 3558 1394 ἀοί-

1985 1441 2149 1495 κητον
2186 1427 2284 1496 τῆς
2315 1426 2567 1495 τοιαύτης
2600 1426 2942 1490 διδασκαλίας
2971 1429 3214 1498 πληρῶν·
3257 1431 3352 1483 καὶ
3385 1433 3416 1495 ή
3450 1431 3559 1483 τῶν

1963 1541 1972 1544 ~-
1987 1514 2278 1585 θαυμάτων
2306 1516 2362 1567 δέ
2397 1515 2690 1585 μαρτυρία,
2727 1517 2821 1569 καὶ
2851 1518 2945 1586 γῆ,
2975 1518 3070 1570 καὶ
3109 1518 3366 1582 θάλαττα,
3400 1522 3492 1573 καὶ
3522 1521 3559 1590 ἡ

1987 1605 2164 1670 κτίσις
2200 1606 2387 1659 ἅπασα
2428 1606 2687 1677 λαμπράν
2733 1608 2873 1676 ὑπὲρ
2925 1609 3118 1666 αὐτοῦ,
3143 1612 3294 1679 ήφίει
3349 1613 3556 1682 φωνήν.

1987 1696 2148 1767 Παρὰ
2193 1698 2251 1750 66
2292 1698 2382 1750 τὸν
2419 1698 2608 1767 καιρὸν
2655 1697 2760 1750 τῶν
2803 1697 3005 1752 ὠδίνων
3043 1701 3281 1754 τοσαῦτα
3314 1702 3554 1768 ἐγίνετο,

1987 1785 2088 1838 ὅσα
2111 1786 2258 1847 εἰκὸς
2288 1787 2472 1857 ἠρέμα
2506 1786 2675 1851 δεῖξαι
2703 1786 2792 1838 τὸν
2836 1789 3268 1856 παραγεγονότα.
3298 1791 3413 1843 Ἵνα
3449 1791 3560 1861 γὰρ

1991 1875 2066 1945 μὴ
2089 1875 2316 1944 λέγωσιν
2337 1879 2386 1929 οί
2421 1878 2660 1930 Ἰουδαῖοι
2676 1879 2746 1942 ⁸⁸,
2765 1879 2848 1931 ὅτι
2874 1881 2974 1933 οὐκ
3000 1881 3159 1950 ῐσμεν
3181 1883 3309 1934 πότε
3341 1880 3559 1951 ἐτέχθη,

1988 1965 2106 2018 οὐδὲ
2131 1967 2188 2018 ἐν
2222 1968 2359 2038 ποίῳ
2382 1968 2588 2038 χωρίῳ,
2621 1969 2692 2022 τά
2723 1987 2781 2022 τε
2815 1970 2955 2024 κατά
2987 1973 3112 2034 τοὺς
3145 1973 3353 2041 μάγους
3385 1975 3563 2028 πάντα

1987 2059 2336 2130 ᾡκονομήθη,
2376 2062 2472 2114 καὶ
2499 2059 2568 2114 τὰ
2596 2061 2730 2115 ἀλλα
2759 2062 2902 2132 άπερ
2935 2065 3237 2135 εἰρήκαμεν
3255 2082 3268 2095 ·
3302 2065 3441 2118 ῶστε
3466 2065 3560 2118 οὐ-

1988 2151 2178 2221 δεμίαν
2222 2151 2402 2206 αἰτίαν
2454 2151 2521 2206 ἂν
2566 2151 2738 2222 ἐχοιεν
2769 2154 2975 2219 εἰπεῖν,
3024 2156 3098 2226 μὴ
3139 2155 3470 2227 ζητήσαντες
3499 2157 3565 2210 τὸ

1989 2258 2184 2312 γεγενη
2194 2243 2371 2312 μένον.

2064 2337 2128 2407 β’.
2147 2337 2348 2390 Σκόπει
2368 2337 2425 2389 66
2447 2337 2538 2390 καὶ
2559 2338 2657 2406 τῆς
2675 2337 3008 2408 προφητείας
3035 2338 3135 2407 τὴν
3157 2338 3460 2409 ἀκρίϐειαν.
3483 2339 3563 2391 Οὐ

1990 2425 2100 2496 γάρ
2130 2419 2303 2489 εἶπεν,
2339 2424 2421 2477 δτι
2450 2425 2509 2476 ἐν
2544 2424 2791 2495 Βηθλεέμ
2822 2428 2992 2494 μενεῖ,
3027 2425 3165 2489 ἀλλ’,
3195 2426 3560 2492 ἐξελεύσεται.

1994 2516 2156 2568 ’Ὥστε
2192 2514 2466 2568 καὶτοῦτο
2504 2515 2840 2586 προφητείας
2861 2510 2952 2585 ἦν,
2987 2516 3049 2567 τὸ
3084 2515 3409 2586 γεννηθῆναι
3446 2517 3566 2568 ἐκεῖ

1995 2606 2174 2676 μόνον.
2202 2605 2358 2667 Τινὲς
2381 2605 2436 2658 δέ
2464 2605 2643 2658 αὐτῶν
2667 2605 3148 2675 ἀναισχυντοῦντές
3173 2606 3223 2637 ⁹δ
3251 2623 3403 2674 φασι,
3434 2606 3563 2677 περὶ

1991 2697 2086 2751 τοῦ
2121 2696 2425 2769 Ζοροϐάϐελ
2451 2695 2624 2749 ταῦτα
2667 2696 2950 2766 εἰρῆσθαι·
2995 2697 3090 2750 καὶ
3123 2697 3238 2759 πῶς
3277 2698 3344 2750 ἂν
3389 2696 3566 2766 ἔχοιεν

1993 2789 2186 2858 λόγον;
2213 2788 2286 2842 Οὐ
2310 2787 2418 2858 γάρ
2457 2788 2544 2858 δὴ,
2581 2790 2638 2840 αἱ
2674 2786 2871 2851 ἔξοδοι
2911 2788 3100 2842 αὑτοῦ
3134 2789 3234 2841 ἀπ’
3265 2787 3457 2855 ἀρχῆς
3496 2787 3566 2850 ἐξ

1992 2879 2228 2948 ἡμερῶν
2257 2878 2492 2944 αίῶνος.
2521 2878 2646 2942 Πῶς
2673 2880 2728 2931 δὲ
2752 2879 2813 2932 τὸ
2850 2880 2908 2931 ἐν
2936 2880 3076 2950 ἀρχῇ
3103 2879 3311 2948 λεχθὲν,
3342 2879 3423 2931 ὃτι
3463 2880 3566 2931 Ἐκ

1993 2969 2110 3024 σοῦ
2138 2969 2538 3035 ἐξελεύσεται,
2574 2969 2862 3040 ἀρμόσειεν
2896 2969 2962 3022 ἂν
3006 2969 3227 3039 ἐκείνῳ;
3257 2970 3330 3021 Οὐ
3360 2969 3469 3039 γὰρ
3506 2969 3566 3019 ἐν

1992 3063 2061 3131 τῇ
2098 3059 2345 3131 Ἰουδαίᾳ,
2388 3043 2505 3113 ’ἀλλ’
2534 3061 2594 3112 ἐν
2625 3063 2692 3130 τῇ
2740 3059 3020 3112 Βαϐυλῶνι
3057 3060 3284 3129 ἐτέχθη·
3316 3059 3437 3112 ὅθεν
3475 3059 3569 3110 καὶ

1995 3154 2298 3224 Ζοροϐάϐελ
2319 3153 2470 3225 [105]
2509 3153 2738 3225 ἐκλήθη.
2767 3153 2856 3205 διὰ
2879 3153 2940 3205 τὸ
2968 3153 3084 3204 ἐκεῖ
3122 3153 3416 3221 σπαρῆναι.
3457 3149 3570 3202 Kal

1995 3245 2108 3297 ὅσοι
2143 3243 2240 3315 τὴν
2270 3243 2459 3315 Σύρων
2493 3245 2641 3296 ίσασι
2682 3243 2950 3309 γλῶτταν,
2987 3242 3133 3294 ἴσασι
3166 3241 3227 3294 τὸ
3255 3240 3568 3309 λεγόμενον.

1995 3332 2152 3387 Μετά
2191 3332 2249 3386 δὲ
2289 3331 2399 3386 τῶν
2436 3332 2761 3402 εἰρημένων,
2793 3333 2886 3384 καὶ
2917 3334 2945 3384 ό
2977 3331 3112 3401 μετὰ
3159 3331 3331 3382 ταῦτα
3379 3330 3572 3398 χρόνος

1996 3429 2141 3490 ἅπας
2169 3425 2354 3487 ἱκανὸς
2389 3425 2656 3494 συστῆσαι
2680 3424 2778 3493 τὴν
2812 3421 3131 3492 μαρτυρίαν.
3155 3420 3222 3473 Τί
3241 3419 3350 3489 γάρ
3373 3436 3567 3488 φησιν;

1997 3514 2280 3585 Οὐδαμῶς
2309 3515 2600 3583 ἐλαχίστη
2639 3509 2696 3566 εἴ
2735 3513 2804 3565 ἐν
2843 3511 2968 3577 τοῖς
3015 3511 3307 3580 ἡγεμόσιν
3341 3509 3568 3563 Ἰούδα·

1995 3606 2091 3658 καὶ
2123 3605 2224 3675 τὴν
2264 3604 2441 3657 αἰτίαν
2473 3603 2802 3673 προστίθησι
2834 3601 2935 3671 τῆς
2969 3598 3346 3670 περιφανείας,
3376 3597 3568 3665 λέγων,

1994 3697 2101 3760 δτι,
2133 3695 2203 3748 ἐκ
2233 3695 2349 3749 σοῦ
2373 3693 2778 3758 ἐξελεύσεται.
2799 3691 2990 3754 Οὐδεὶς
3016 3691 3073 3744 66
3100 3691 3285 3761 ἕτερος
3315 3691 3572 3761 λαμπρὸν

1996 3788 2090 3842 καὶ
2111 3785 2405 3858 περιφανὲς
2433 3787 2609 3838 ἐκεῖνο
2629 3784 2689 3836 τὸ
2717 3782 2916 3854 χωρίον
2955 3782 3230 3853 ἐποίησεν,
3257 3781 3372 3836 ἀλλ’
3408 3782 3444 3851 ἢ
3484 3783 3573 3852 μό-

1995 3895 2085 3942 νος
2138 3877 2320 3939 αὐτός.
2362 3874 2518 3930 Μετὰ
2546 3871 2677 3943 γοῦν
2714 3873 2806 3926 τὸν
2853 3872 3011 3925 τόκον
3043 3873 3271 3934 ἐκεῖνον,
3307 3869 3414 3922 ἀπὸ
3461 3871 3572 3922 τῶν

1999 3967 2251 4038 περάτων
2301 3965 2402 4036 τῆς
2452 3964 2777 4034 οἰκουμένης
2844 3962 3094 4034 ἔρχονται
3151 3961 3406 4031 ὀψόμενοι
3473 3961 3573 4030 τὴν

1998 4059 2201 4127 φάτνην
2234 4056 2326 4110 καί
2357 4055 2458 4124 τῆς
2485 4053 2726 4124 καλύϐης
2755 4053 2845 4106 τὸν
2883 4053 3048 4104 τόπον
3069 4067 3082 4081 ⁸
3119 4053 3259 4120 ὅπερ
3293 4049 3498 4104 ἀνωθεν
3543 4050 3574 4099 6

1999 4149 2284 4218 προφήτης
2335 4145 2788 4216 προανεφιῖηησε,
2829 4143 3037 4211 λέγων·
3092 4139 3372 4210 Οὐδαμῶς
3431 4141 3571 4193 ἐλα-

1998 4241 2177 4308 χίστη
2213 4234 2271 4292 εἷ
2312 4237 2382 4290 ἐν
2409 4236 2526 4299 τοῖς
2573 4235 2866 4305 ἡγεμόσιν
2918 4232 3140 4287 Ἰούδα·
3187 4231 3482 4293 τουτέστιν,
3513 4232 3573 4284 ἐν

1995 4333 2107 4393 τοῖς
2132 4329 2447 4400 φυλάρχοις.
2485 4325 2655 4379 Τοῦτο
2678 4325 2735 4378 δὲ
2769 4324 2940 4378 εἰπὼν
2963 4324 3058 4377 καὶ
3089 4323 3188 4394 τὴν
3217 4321 3572 4392 Ἰερουσαλὴμ

2000 4420 2342 4492 περιέλαϐεν.
2397 4417 2535 4471 Ἀλλ’
2567 4417 2687 4471 οὐδέ
2731 4415 2874 4468 οὓτω
2913 4417 3222 4486 προσεῖχον,
3254 4412 3431 4466 καίτοι
3471 4411 3571 4480 τῆς

1997 4512 2262 4581 ὠφελείας
2283 4512 2362 4573 εἰς
2383 4510 2581 4571 αὐτοὺς
2607 4506 3006 4575 διαϐαινούσης.
3039 4505 3150 4559 Kal
3173 4503 3282 4573 γὰρ
3301 4502 3389 4555 διὰ
3414 4499 3575 4552 τοῦτο

1999 4602 2235 4672 οὐδαμοῦ
2274 4602 2403 4673 περὶ
2445 4602 2546 4670 τῆς
2593 4599 2746 4664 ἀξίας
2786 4595 2949 4652 αὐτοῦ
2982 4593 3396 4663 διαλέγονταιοί
3433 4607 3569 4661 προ⁴

1999 4699 2168 4766 φῆται
2207 4696 2265 4748 ἐν
2294 4695 2440 4764 ἀρχῇ
2467 4690 2744 4753 τοσοῦτον,
2785 4690 2910 4743 ὅσον
2950 4687 3078 4758 περὶ
3112 4685 3214 4754 τῆς
3253 4681 3572 4751 εὐεργεσίας

1998 4787 2099 4856 τῆς
2125 4783 2256 4856 παρ’
2285 4781 2450 4837 αὐτοῦ
2473 4780 2771 4850 γενομένης
2801 4781 2880 4842 εἰς
2907 4776 3120 4839 αὐτούς.
3139 4775 3250 4828 Kal
3278 4773 3386 4842 γάρ
3407 4771 3569 4841 ἡνίκα

1999 4876 2208 4930 ἐτικτεν
2236 4876 2270 4946 ὴ
2293 4873 2585 4945 παρθένος·
2613 4869 2930 4934 Καλέσεις,
2954 4867 3109 4937 φησί,
3134 4866 3200 4919 τὸ
3241 4864 3427 4932 ὄνομα
3459 4865 3568 4916 ab-

1999 4967 2105 5021 τοῦ
2138 4965 2398 5034 Ἰησοῦν·
2422 4963 2518 5016 καὶ
2554 4961 2752 5029 ἐπάγει
2785 4957 2958 5026 λέγων
2977 4973 2990 4986 ·
3019 4953 3212 5019 Αὐτὸς
3238 4952 3350 5022 γὰρ
3388 4951 3572 5005 σώσει

1986 5058 2105 5112 ’τὸν
2125 5058 2281 5112 λαὸν
2313 5055 2500 5110 αὑτοῦ
2531 5052 2650 5108 ἀπὸ
2677 5051 2794 5104 τῶν
2813 5045 3111 5118 ἁμαρτιῶν
3135 5045 3353 5100 αὐτῶν.
3389 5045 3498 5097 Kal
3521 5045 3570 5096 οε

2003 5150 2168 5220 μάγοι
2185 5149 2243 5200 δὲ
2269 5148 2370 5201 οὐκ
2396 5146 2603 5214 ἐλεγον,
2627 5143 2730 5198 ποῦ
2753 5145 2900 5196 ἐστιν
2928 5143 2962 5194 6
2987 5141 3114 5204 Υἱὸς
3146 5138 3242 5192 τοῦ
3275 5137 3432 5200 Θεοῦ,
3457 5134 3573 5190 ἀλλ’

2013 5239 2076 5293 '0
2102 5240 2332 5308 τεχθεὶς
2359 5237 2658 5303 βασιλεὺς
2694 5233 2812 5288 τῶν
2841 5231 3162 5287 Ἰουδαίων.
3203 5229 3314 5283 Καὶ
3343 5225 3574 5280 ἐνταῦθα

2002 5332 2164 5385 πάλιν
2193 5332 2290 5384 οὐκ
2322 5325 2494 5392 εἶπεν,
2527 5329 2608 5381 ὅτι
2646 5328 2709 5379 ἐκ
2741 5323 2835 5377 σοῦ
2879 5321 3220 5389 ἐξελεύσεται
3261 5321 3289 5372 6
3317 5318 3445 5380 Υίὸς
3477 5314 3573 5366 τοῦ

2002 5424 2168 5479 Θεοῦ·
2216 5423 2330 5477 ἀλλ’
2363 5421 2731 5490 Ἡγούμενος,
2768 5416 2940 5480 ὅστις
2978 5409 3257 5482 ποιμανεῖ
3289 5409 3393 5462 τόν
3421 5405 3576 5461 ,λαόν

305 5524 445 5563 των.
481 5511 668 5582 ἐπειδὴ
695 5512 752 5566 δὲ
790 5513 892 5568 οὐχ
918 5514 1191 5588 ἠθέλησαν
1224 5519 1374 5587 ιδεῖν,
1413 5521 1628 5593 κρύψας
1660 5522 1750 5578 τὸν
1777 5495 1881 5594 με-
1998 5534 2118 5588 μου
2147 5516 2255 5570 τὸν
2285 5510 2543 5581 Ἰσραήλ.
2577 5508 2728 5563 Ἔδει
2756 5507 2866 5577 γάρ
2905 5504 3002 5559 καὶ⁹
3031 5495 3575 5572 συγκαταϐατικώτεο

303 5787 334 5865 ’γ
386 5793 434 5826 ⁸⁸
468 5794 855 5865 ἐπιγινομένην
893 5795 962 5865 Ι)ἐ
989 5793 1048 5850 F.
1083 5795 1211 5850 Sav.
1288 5795 1332 5828 "’
1367 5795 1500 5849 ἀνεκ

1553 5937 1564 5946 ι

545 5793 1341 5919 ἓίὲζίῖμὲἔέἔνθίτξέυῗθῖένείὶ
1367 5792 1884 5919 δὶῖιῗῖίίῖέ.εῑξπίίἓέν·

1990 5791 2261 5864 ἑκατέροις
2283 5804 2391 5847 om.
2417 5787 2477 5844 F.
2514 5789 2618 5844 An.
2695 5787 2742 5820 "
2766 5781 3171 5858 παραγενέσθαι
3192 5777 3256 5834 F.
3332 5778 3382 5810 ⁹⁶
3411 5773 3560 5862 ἐξῆλ·

1990 5866 2097 5919 ιθεν
2127 5878 2209 5919 Dr.
2253 5861 2313 5918 D.
2419 5863 2460 5893 ⁹¹
2505 5859 2872 5919 ἀνεκήρυττεν
2912 5856 2971 5907 ἰ).
3017 5853 3074 5905 Ε.
3177 5853 3225 5882 ⁹²
3263 5849 3319 5904 δέ
3351 5863 3458 5903 οιη.
3497 5845 3560 5904 ιε,

314 5864 411 5950 θεν
435 5860 1127 5950 ἐκεῖθέν]ἦλθενηῐτεηουί.
1155 5865 1341 5950 ίανειιι
1379 5860 1884 5950 Ληλμῐῆρζέξῇλθεν

1990 5866 2097 5950 ιθξν
2253 5861 2313 5918 Il.

2419 5863 2460 5893 ⁹¹
2505 5844 2872 5930 ἀνεκήρυττεν
2912 5844 2971 5907 ἰ).
3017 5853 3074 5905 Ε.
3177 5853 3225 5882 ⁹²
3263 5849 3319 5904 δέ
3351 5863 3458 5903 οιη.
3497 5844 3562 5904 ιδ,

320 5934 369 5965 ’³
401 5935 450 5986 οἱ
485 5933 860 5990 Ἰουδαῖοιοηι.
885 5933 946 5989 F.
973 5935 1068 6003 Ep.
1100 5936 1203 5990 An.
1241 5937 1392 5990 Arn).
1470 5939 1515 5968 ³·
1543 5933 1884 5996 ammon—.06

1990 5935 2080 5993 :F.
2114 5936 2211 6003 Ep.
