4066 6434
303 400 374 457 75
1462 378 1530 436 IN
1567 372 1865 436 narrum

1966 373 1977 428 l
2007 370 2236 428 HOMlL.
2280 372 2388 428 VII.
3491 373 3564 432 76

288 501 514 552 salutem
546 495 789 568 ipsorum
816 493 1131 564 spectabant
1150 534 1165 559 ,
1206 499 1264 546 ut
1289 491 1368 546 sic
1397 491 1604 548 facilius
1632 490 1868 545 attrahe-

288 596 496 642 reutur.
528 586 808 655 Quotquot
836 584 1014 653 itaque
1044 581 1212 653 prima
1239 580 1585 652 proferuntur
1603 621 1616 643 ,
1647 594 1872 649 quorum

285 686 498 745 tempus
526 685 704 730 ortum
731 676 848 744 ejus
867 683 1092 744 spectat,
1120 672 1250 727 nihil
1272 687 1518 742 magnum
1539 671 1622 726 vel
1648 669 1874 724 sublime

277 768 344 822 de
372 768 468 823 illo
495 767 708 832 dicunt,
739 783 838 823 nec
864 768 1085 838 perinde
1127 776 1286 838 atque
1311 783 1374 822 ea
1401 783 1518 836 quae
1543 765 1612 821 ad
1635 766 1785 836 signa
1813 773 1871 820 et

280 861 538 914 miracula
565 859 708 915 edita
736 869 982 929 spectant
1007 877 1022 913 :
1045 859 1134 914 illa
1163 860 1358 929 quippe
1386 859 1583 914 clarius
1607 858 1675 912 de
1704 859 1871 927 ipsius

280 950 542 1019 dignitate
567 950 875 1019 loquuntur.
895 949 1048 1017 Quod
1073 950 1252 1020 itaque
1279 958 1400 1019 post
1425 949 1586 1003 multa
1613 947 1868 1002 miracula

285 1042 515 1110 hymnos
547 1041 599 1093 in
626 1039 775 1094 illum
802 1041 951 1108 pueri
981 1047 1255 1102 canerent,
1290 1037 1410 1093 audi
1438 1037 1706 1108 quomodo
1728 1037 1872 1092 dicat

279 1131 537 1200 propheta
560 1144 573 1182 :
599 1129 679 1182 Ea:
697 1147 784 1183 ore
805 1130 1082 1198 infantium
1099 1139 1146 1182 et
1167 1129 1456 1183 lactentium
1477 1129 1730 1198 perfecisti
1755 1129 1869 1182 lau-

285 1223 397 1274 dem
423 1220 598 1291 (Psnl.
631 1221 684 1276 8.
716 1223 804 1289 5);
838 1237 902 1275 ac
943 1237 1195 1276 rursum:
1223 1222 1474 1288 Quoniam
1514 1222 1690 1275 videbo
1720 1222 1870 1275 ctelos

278 1320 388 1363 tuos
412 1327 568 1378 opera
590 1310 862 1380 digitorum
881 1319 1082 1362 tuorum
1104 1309 1264 1382 (Ibid.
1287 1326 1334 1362 υ.
1361 1310 1438 1379 4),
1465 1309 1515 1363 id
1532 1310 1672 1379 quod
1699 1312 1869 1377 ipsum

283 1399 517 1453 universi
549 1399 857 1453 Creatorem
883 1398 1139 1454 declarat.
1170 1399 1297 1452 Illud
1323 1415 1452 1453 vero
1480 1401 1868 1464 testimonium,

277 1489 418 1560 quod
450 1498 719 1559 peractam
741 1490 1160 1559 assumptionem
1179 1489 1415 1558 respicit,
1434 1489 1549 1558 ejus
1566 1506 1688 1542 cum
1714 1490 1872 1545 Patre

289 1580 654 1650 mqualitatem
683 1579 916 1634 ostendit
945 1579 1026 1633 his
1050 1579 1226 1634 verbis
1253 1597 1266 1634 :
1292 1580 1430 1633 Dixit
1473 1579 1719 1634 Dominus
1765 1578 1871 1633 Do-

280 1671 419 1722 mino
450 1686 560 1722 meo
585 1709 600 1733 ,
635 1669 769 1722 Sede
796 1685 828 1722 a
869 1669 1057 1724 dextris
1089 1670 1212 1722 meis
1242 1668 1411 1739 (Psal.
1449 1669 1568 1722 l09.
1605 1668 1679 1728 l).
1709 1667 1872 1724 Isaias

280 1777 408 1815 vero
431 1761 525 1824 ait,
550 1760 648 1826 Qui
671 1760 928 1830 consurgit
950 1759 1200 1829 imperare
1219 1758 1471 1827 gentibus,
1493 1759 1546 1811 in
1567 1759 1676 1828 ipso
1701 1768 1872 1829 gentes

275 1853 554 1919 sperabunt
576 1849 727 1922 (Iani.
762 1851 849 1906 ll.
888 1850 998 1920 10).
1029 1852 1138 1906 Cur
1161 1859 1340 1904 autem
1373 1851 1450 1904 ait
1477 1850 1786 1905 Betltlehcm
1815 1850 1870 1904 in

280 1944 612 2013 principibus
636 1942 771 1998 Juda
801 1957 904 1997 non
931 1956 1052 1998 esse
1082 1943 1357 1997 minimam
1379 1942 1403 1996 ?
1426 1941 1610 2011 Neque
1639 1942 1782 1996 enim
1816 1941 1870 1995 in

276 2035 560 2090 Palmstiua
607 2042 836 2098 tantum,
882 2034 976 2088 sed
1025 2033 1186 2088 etiam
1228 2034 1280 2087 in
1321 2042 1433 2088 toto
1476 2033 1606 2086 orbe
1649 2032 1871 2088 illustris

275 2127 430 2181 vicus
457 2125 677 2180 effectus
703 2136 805 2180 est.
832 2125 938 2180 Sed
957 2124 1025 2180 ad
1046 2124 1260 2180 Judaeos
1280 2139 1423 2179 nunc
1441 2139 1619 2179 sermo
1641 2133 1866 2193 spectat,

274 2215 508 2285 ideoque
535 2214 830 2284 subjunxit,
852 2213 1009 2284 Reget
1030 2213 1274 2284 papulum
1301 2229 1467 2266 meum
1496 2211 1700 2266 Israel:
1724 2212 1870 2281 atqui

277 2305 470 2361 orbem
501 2306 658 2360 etiam
689 2306 845 2360 rexit.
877 2307 946 2363 At
966 2345 978 2366 .
1010 2313 1067 2358 ut
1092 2304 1238 2369 dixi,
1267 2318 1374 2358 non
1406 2303 1520 2358 vult
1545 2303 1868 2358 ollendiculo

275 2410 435 2463 esse,
481 2395 706 2465 ideoque
734 2395 800 2450 de
838 2395 1084 2466 gentibus
1118 2395 1277 2449 verba
1323 2409 1430 2448 non
1461 2393 1606 2447 facit.
1634 2393 1700 2447 Et
1729 2408 1865 2462 quo-

276 2487 441 2541 modo
461 2527 474 2550 ,
519 2486 760 2556 inquies,
804 2503 908 2541 nou
941 2485 1080 2540 rexit
1109 2486 1360 2556 populum
1392 2484 1709 2539 Judaicum?
1757 2485 1868 2538 lmo

274 2579 408 2633 illud
437 2594 649 2648 quoque
677 2578 872 2632 factum
905 2587 1026 2641 est;
1073 2592 1193 2630 cum
1233 2577 1376 2631 enim
1416 2575 1664 2630 lsraelem
1694 2575 1862 2642 dicit,

274 2668 497 2723 Judieos
522 2668 610 2737 qui
642 2671 693 2722 in
726 2670 894 2737 ipsum
931 2667 1276 2722 crediderunt
1313 2664 1632 2720 subindicat.
1667 2665 1735 2722 Et
1763 2665 1865 2721 hoc

277 2761 638 2829 interpretans
681 2759 874 2812 Paulus
917 2759 1032 2812 ait:
1069 2756 1190 2810 Non
1233 2758 1368 2810 enim
1414 2773 1622 2823 omnes,
1672 2758 1756 2825 qui
1801 2771 1864 2810 ea:

275 2849 447 2904 Israel
469 2894 482 2912 ,
523 2860 639 2904 sunt
671 2848 950 2913 Israelita;
979 2847 1067 2902 sed
1095 2848 1392 2918 quicumque
1418 2863 1507 2916 per
1530 2846 1683 2915 ﬁdem
1707 2856 1753 2900 et
1779 2864 1864 2899 re-

276 2941 660 3010 promissione»:
682 2939 788 2992 nati
807 2948 921 2992 sunt
936 2937 1112 3006 (Rom.
1135 2938 1188 2992 9.
1215 2937 1292 3006 6).
1311 2936 1461 3004 Quod
1483 2936 1525 2989 si
1551 2950 1654 2989 non
1677 2952 1866 2991 omnes

277 3031 436 3096 rexit,
468 3029 516 3082 id
545 3039 852 3083 vocatorum
879 3028 1082 3082 crimen
1106 3036 1160 3080 et
1179 3026 1330 3092 culpa
1361 3036 1463 3077 est.
1491 3025 1622 3078 Cum
1651 3024 1861 3080 debuis-

269 3127 394 3171 sent
415 3117 559 3172 enim
589 3118 707 3172 illos
725 3121 949 3175 adorare
968 3134 1088 3175 cum
1116 3119 1302 3190 magis,
1327 3128 1381 3174 et
1400 3120 1510 3174 Deo
1529 3121 1748 3192 gloriam
1771 3138 1860 3176 re-

270 3208 432 3269 ferre,
460 3207 601 3276 quod
633 3217 840 3278 tempus
865 3209 1166 3265 advenisset
1197 3210 1250 3264 in
1272 3225 1377 3279 quo
1403 3211 1581 3265 omnia
1609 3213 1859 3281 ipsorum

268 3307 494 3366 peccata
521 3298 855 3354 solverentur
894 3297 1048 3372 (nihil
1069 3301 1210 3354 enim
1236 3299 1304 3354 de
1323 3300 1572 3355 tribunali
1598 3311 1652 3357 et
1678 3302 1746 3356 de
1772 3318 1849 3356 rc-

271 3385 516 3453 petendis
540 3387 715 3456 paruis
740 3387 1054 3454 audierant,
1105 3387 1200 3443 scd
1246 3388 1314 3443 de
1351 3391 1463 3443 tnitt
1491 3404 1545 3444 et
1584 3401 1859 3445 mansueto

268 3472 532 3544 pastore),
558 3475 634 3529 illi
663 3485 845 3530 contra
874 3478 1154 3532 turbantur
1182 3487 1236 3532 et
1264 3478 1499 3543 turbant,
1529 3489 1584 3533 et
1611 3480 1856 3535 innume-

269 3579 361 3617 ras
406 3574 589 3630 postea
636 3574 846 3619 struunt
891 3567 1128 3621 insidias.
1177 3569 1232 3623 7.
1275 3567 1420 3622 Tunc
1460 3568 1691 3624 Herodes
1729 3571 1861 3625 clam

268 3655 462 3707 uocatis
501 3654 694 3724 magis,
741 3656 1008 3726 diligenter
1048 3659 1225 3711 didicit
1261 3659 1324 3712 ab
1366 3659 1437 3712 eis
1482 3670 1676 3732 tempus
1703 3662 1863 3716 stella:

269 3763 382 3813 qua:
408 3749 646 3817 apparuit
685 3749 756 3802 eis
778 3765 797 3803 :
821 3765 1041 3819 puerum
1091 3751 1398 3806 interﬁcere
1439 3754 1696 3822 cupiens:
1721 3754 1860 3822 quod

271 3851 379 3890 non
407 3837 602 3892 furoris
623 3847 847 3904 tantum,
871 3840 964 3894 sed
983 3842 1142 3895 etiam
1161 3852 1414 3897 extrema:
1434 3843 1719 3898 dementiae
1741 3842 1859 3898 fuit.

270 3927 486 3981 Etenim
532 3943 595 3982 ea
640 3946 760 4000 qua:
795 3930 936 3985 dicta
979 3942 1032 3986 et
1061 3941 1208 4000 gesta
1240 3931 1450 3987 fuerant
1486 3949 1515 3985 a
1547 3935 1637 3988 tali
1667 3945 1859 3992 conatu

271 4017 423 4071 illum
456 4018 729 4074 deterrere
760 4031 1024 4088 poterant.
1053 4021 1235 4092 Neque
1268 4024 1408 4078 enim
1451 4023 1680 4078 humana
1709 4035 1862 4078 erant

267 4123 332 4162 ea
360 4124 480 4178 quae
507 4110 834 4165 acciderant.
873 4111 1007 4166 Nam
1037 4112 1179 4184 quod
1210 4128 1395 4184 magos
1431 4115 1585 4169 stella
1628 4129 1862 4185 superne

268 4209 535 4263 vocasset,
559 4201 807 4271 quodque
828 4202 1040 4257 barbari
1061 4211 1256 4257 tantam
1274 4204 1609 4274 susciperent
1625 4205 1862 4274 peregri-

271 4289 578 4356 nationem,
622 4298 681 4343 ut
721 4291 771 4343 iu
817 4291 1097 4346 cunabulis
1141 4301 1196 4345 et
1240 4293 1290 4345 in
1337 4294 1562 4362 pnesepi
1595 4293 1860 4364 jaccntem

271 4379 582 4444 adorarent,
613 4379 754 4448 quod
775 4379 1056 4458 uprophctze
1080 4381 1189 4451 jam
1218 4382 1344 4437 olim
1378 4382 1492 4438 haec
1519 4384 1697 4439 omnia
1725 4399 1861 4454 pra:-

267 4468 546 4533 dicerent,
585 4469 795 4538 aliaque
837 4469 1015 4524 omnia
1056 4472 1258 4541 majora
1309 4482 1497 4541 erant,
1542 4489 1703 4544 quam
1745 4490 1862 4545 qua)

272 4559 542 4612 hominem
570 4569 872 4629 spectarent
895 4578 910 4616 :
933 4572 1165 4618 attamen
1191 4563 1323 4619 nihil
1349 4580 1535 4620 eorum
1563 4566 1739 4637 ipsum
1763 4582 1860 4623 co-

271 4649 467 4703 hibuit.

340 4880 396 4934 ὅ.
437 4874 747 4945 llujusmodi
776 4887 1007 4943 namque
1034 4882 1117 4929 est
1140 4872 1464 4942 malignitas,
1499 4871 1551 4925 in
1583 4885 1704 4926 sese
1747 4870 1862 4941 ipsa

270 4971 532 5040 impingit,
564 4978 617 5022 et
644 4982 731 5023 res
746 4981 864 5035 qua:
884 4966 1062 5034 perlici
1087 4977 1355 5034 nequeunt
1372 4979 1586 5033 semper
1612 4963 1862 5035 aggredi;

271 5075 382 5120 tur.
406 5061 682 5131 Perpende
696 5059 994 5114 stultitiam.
1017 5056 1071 5112 Si
1101 5056 1392 5128 prophetiae
1407 5056 1679 5123 credebat,
1702 5056 1864 5109 illam.
1887 5114 1893 5121 ,

272 5171 379 5226 que
406 5156 679 5220 itumotam
700 5153 1020 5220 ﬁrmamque
1045 5150 1285 5220 putabat,
1315 5149 1486 5220 palam
1512 5160 1594 5203 est
1622 5165 1742 5203 eum
1777 5149 1865 5202 im-

273 5246 547 5318 possibilia
572 5254 823 5298 conatutn
853 5256 1016 5306 esse;
1060 5241 1203 5311 quod
1228 5242 1273 5296 si
1317 5257 1421 5295 non
1451 5240 1724 5306 credebat,
1767 5255 1866 5296 nec

276 5336 497 5407 putabat
534 5351 598 5390 ea
623 5349 745 5403 qua:
780 5332 1115 5396 dicebantur,
1164 5341 1418 5386 eventura
1461 5345 1602 5396 esse,
1630 5338 1869 5385 metuere

278 5429 359 5482 vel
393 5427 581 5481 timere
611 5440 719 5478 non
746 5422 1006 5492 oportuit,
1036 5436 1135 5476 nec
1158 5437 1220 5476 ea
1249 5421 1319 5476 de
1352 5435 1513 5474 causa
1544 5435 1711 5491 puero
1737 5419 1868 5473 iusi-

278 5518 411 5573 diari
446 5533 462 5571 :
491 5533 557 5572 ex
588 5525 812 5584 utraque
839 5514 998 5583 igitur
1028 5519 1176 5581 parte
1203 5510 1506 5580 superﬂuus
1541 5518 1659 5565 erat
1691 5509 1867 5564 dolus.

274 5616 406 5673 illud
437 5633 650 5688 quoque
692 5627 947 5672 extrema:
966 5618 1248 5674 dementia
1267 5629 1400 5685 erat,
1425 5620 1566 5691 quod
1598 5625 1862 5690 putaverit

273 5725 457 5767 metros
484 5712 658 5776 ipsum
680 5708 1008 5766 antclaturos
1033 5724 1152 5767 esse
1187 5726 1375 5783 puero,
1401 5728 1496 5784 pro
1523 5728 1628 5784 quo
1658 5720 1859 5769 tantam

1990 496 2336 561 susceperant
2363 487 2864 558 peregrinationem.
2912 488 3044 544 Nam
3089 491 3134 545 si
3166 491 3250 546 vel
3291 501 3578 563 antequam

1990 583 2138 637 illum
2169 582 2448 649 vidissent,
2477 583 2547 635 ita
2575 581 2835 636 ardebant
2862 581 3132 636 desiderio
3161 602 3174 636 :
3203 593 3480 654 postquam
3499 587 3580 640 vi-

1988 675 2173 729 derant
2202 682 2257 729 et
2277 689 2372 744 per
2393 673 2725 743 prephetiam
2741 674 3035 728 conﬁrmati
3059 673 3287 742 fuerant,
3304 677 3581 746 quomodo

1986 767 2237 836 Sperabat
2255 781 2314 822 se
2337 765 2565 821 suadere
2585 765 2689 820 illis
2707 780 2892 834 posse,
2922 775 2979 819 nt
3006 781 3222 836 puerum
3249 767 3348 821 sibi
3377 769 3574 838 prode-

1987 861 2145 914 rent?
2165 860 2414 913 Attameu
2445 858 2585 928 quod
2617 866 2696 912 tot
2737 867 2988 928 tantaque
3017 868 3198 912 essent
3249 874 3368 928 qua:
3395 859 3574 929 ipsum

1983 965 2014 1005 ε
2060 950 2334 1020 proposito
2353 948 2700 1015 abducerent,
2730 948 2781 1003 id
2807 959 3028 1004 conatus
3048 957 3149 1014 est,
3179 957 3232 1004 et
3257 950 3390 1004 clam
3412 965 3573 1004 voca-

1985 1041 2051 1094 lis
2073 1040 2261 1110 magis,
2292 1039 2664 1094 sciscitabatur
2683 1039 2750 1093 ab
2777 1040 2854 1093 eis
2882 1057 2896 1093 :
2928 1038 3146 1109 putabat
3181 1041 3323 1095 enim
3357 1039 3576 1094 Iudaeos-

1981 1132 2048 1186 de
2074 1131 2222 1200 pueri
2267 1130 2438 1185 salute
2467 1129 2723 1184 sollicitos
2748 1144 2904 1184 esse:
2939 1145 3114 1199 neque
3154 1130 3407 1186 credebat
3449 1131 3573 1184 illos

1980 1221 2032 1275 in
2052 1229 2254 1274 tantum
2275 1220 2492 1274 insaniae
2511 1219 2811 1281 devenisse,
2840 1227 2897 1273 ut
2926 1219 3046 1274 ideo
3063 1219 3264 1274 vellent
3290 1229 3570 1290 patronum

1979 1321 2033 1365 et
2059 1309 2396 1366 Servatorem
2416 1350 2431 1374 ,
2460 1309 2552 1378 qui
2578 1308 2644 1362 ad
2679 1309 2977 1364 libertatem
3003 1309 3147 1378 genti
3176 1308 3571 1377 procurandam

1979 1411 2216 1467 venerat,
2240 1401 2469 1454 inimicis
2493 1399 2738 1469 prodere.
2767 1398 2891 1454 Ideo
2911 1399 3046 1454 clm
3076 1408 3250 1464 vocat,
3279 1409 3332 1454 et
3357 1409 3566 1469 temmis

1978 1493 2229 1563 inquirit,
2259 1508 2365 1547 non
2388 1493 2557 1562 pueri,
2587 1493 2678 1546 sed
2704 1492 2893 1557 stellae,
2918 1501 3164 1546 venatum
3192 1493 3340 1546 illum
3372 1509 3565 1562 magna

1975 1601 2095 1641 cum
2136 1585 2404 1655 diligentia
2451 1593 2687 1653 captans.
2721 1583 2854 1638 Nam
2897 1583 3107 1638 videtur
3131 1583 3260 1638 mihi
3291 1585 3443 1637 stella
3469 1585 3562 1638 diu

1975 1686 2098 1731 ante
2124 1675 2455 1745 apparuisse.
2491 1675 2624 1743 Quia
2667 1675 2811 1729 enim
2860 1675 3084 1728 multum
3118 1675 3374 1744 temporis
3400 1677 3451 1728 in
3475 1677 3565 1729 iti-

1976 1784 2103 1824 nere
2123 1768 2441 1838 insumpturi
2471 1777 2624 1822 erant
2648 1768 2807 1838 magi,
2862 1777 2918 1823 ut
2950 1776 3074 1822 nato
3109 1769 3285 1822 statim
3312 1769 3565 1824 adessent

1973 1858 2286 1928 (oportebat
2306 1859 2504 1928 quippe
2533 1859 2587 1914 in
2606 1859 2884 1914 cunabulis
2909 1860 3080 1928 ipsum
3107 1859 3348 1924 adorare,
3377 1867 3434 1913 ut
3461 1861 3561 1914 mi-

1972 1949 2189 2004 rabilior
2229 1965 2317 2006 res
2342 1947 2695 2024 appareret);
2744 1951 2897 2006 stella
2946 1951 3167 2005 multum
3221 1960 3376 2005 antea
3437 1965 3563 2006 sese

1969 2041 2223 2094 ostendit.
2249 2040 2379 2095 Natu
2409 2041 2454 2095 si
2503 2056 2571 2096 eo
2619 2040 2736 2110 ipso
2767 2052 3006 2112 tempore
3043 2057 3151 2111 quo
3176 2052 3330 2098 natus
3373 2052 3456 2098 est
3502 2041 3558 2097 in

1971 2131 2248 2186 Palaestina
2274 2173 2290 2196 ,
2321 2133 2473 2187 stella
2525 2133 2856 2203 apparuisset
2900 2133 3004 2189 illis
3050 2134 3103 2188 in
3151 2136 3377 2202 oriente,
3434 2145 3556 2206 post

1969 2226 2190 2281 multum
2220 2226 2546 2294 insumptum
2571 2227 2622 2280 in
2654 2227 2846 2283 itinere
2887 2237 3115 2297 tempus,
3156 2243 3264 2283 non
3297 2227 3555 2283 vidissent

1965 2333 2088 2373 eum
2125 2319 2176 2372 in
2202 2320 2499 2375 cunabulis.
2531 2319 2681 2386 Quod
2712 2330 2890 2374 autem
2920 2335 2951 2374 a
2981 2320 3178 2374 bimatu
3207 2329 3261 2375 et
3293 2320 3426 2374 infra
3456 2337 3554 2374 oc-

1963 2409 2171 2476 ciderit,
2202 2426 2269 2466 ne
2296 2411 2578 2477 miremur;
2609 2411 2756 2465 furor
2778 2412 2990 2465 enimet
3011 2412 3168 2465 timor
3195 2411 3262 2464 ad
3294 2412 3551 2482 majorem

1963 2501 2300 2555 securitatem
2321 2502 2438 2570 plus
2460 2503 2714 2572 temporis
2739 2501 2953 2570 adjecit,
2987 2511 3042 2554 ut
3071 2501 3246 2556 nullus
3273 2502 3551 2571 effugeret.

1961 2597 2175 2652 Vacalis
2203 2597 2502 2668 igiturillis,
2528 2599 2603 2652 ait
2630 2614 2646 2652 :
2670 2598 2723 2652 8.
2751 2597 2941 2652 Eunles
2961 2598 3262 2664 interrogate
3283 2595 3549 2664 diligenter

1960 2687 2024 2740 de
2041 2703 2218 2758 puero,
2263 2698 2310 2741 et
2351 2705 2466 2741 cum
2489 2688 2775 2742 inveneritis
2810 2688 3094 2742 renuntiate
3119 2686 3263 2749 mihi,
3287 2693 3343 2737 ut
3371 2694 3417 2737 et
3453 2701 3546 2753 ego

1959 2779 2158 2831 veniens
2181 2778 2388 2832 adorem
2425 2795 2560 2832 eum.
2609 2777 2851 2833 Vidistiu’
2891 2775 3287 2844 insipientiam?
3317 2776 3371 2829 Si
3399 2776 3545 2828 enim

1959 2887 2023 2927 cx
2052 2871 2288 2926 veritatis
2317 2872 2506 2926 all‘cctu
2539 2871 2793 2940 loqueris,
2815 2885 2913 2924 cur
2940 2869 3075 2924 clam
3107 2866 3434 2936 interrogas?
3459 2867 3544 2920 sin

1959 2961 2180 3016 insidias
2211 2975 2383 3030 paras,
2415 2976 2510 3016 cur
2535 2977 2639 3016 non
2661 2962 2882 3030 cogitas,
2905 2975 3087 3028 magos
3107 2974 3227 3012 cum
3251 2967 3302 3011 te
3333 2957 3547 3010 videant

1958 3053 2094 3106 clam
2125 3053 2480 3123 interrogare,
2520 3052 2698 3106 dolum
2729 3053 3092 3121 suspicaturus
3115 3051 3270 3105 esse?
3313 3048 3442 3113 Sed,
3488 3056 3546 3100 ut

1958 3143 2088 3207 dixi,
2115 3145 2292 3201 anima
2314 3143 2480 3199 semel
2509 3144 2835 3213 malignitate
2863 3152 3128 3211 correpta,
3156 3140 3390 3195 omnium
3418 3139 3544 3193 iusi-

1961 3235 2290 3304 pieutissiuia
2315 3235 2514 3290 evadit.
2545 3235 2660 3289 Non
2689 3235 2845 3300 dixit,
2897 3234 3098 3288 Euntes
3130 3234 3452 3301 interrogate
3476 3231 3546 3284 de

1959 3341 2100 3394 rege,
2144 3325 2262 3391 sed,
2301 3325 2376 3378 De
2417 3341 2570 3394 puero
2601 3340 2620 3378 :
2650 3339 2754 3378 non
2782 3323 2923 3379 enim
2960 3323 3168 3392 imperii
3195 3337 3388 3375 nomen
3417 3336 3543 3389 pro-

1959 3417 2100 3473 ferre
2128 3417 2398 3471 sustinuit.
2427 3416 2563 3486 Magi
2594 3430 2742 3480 vero,
2771 3414 2859 3484 qui
2891 3429 2999 3483 pne
3030 3413 3195 3470 multa
3239 3414 3434 3483 pietate
3464 3413 3544 3464 ni-

1959 3510 2032 3566 hil
2061 3509 2250 3564 horum
2279 3516 2538 3563 noverant
2583 3509 2797 3578 (neque
2822 3509 2963 3561 enim
2995 3505 3250 3574 putabant
3287 3503 3435 3557 illum
3488 3503 3545 3560 in

1959 3610 2162 3656 tantum
2189 3601 2439 3670 nequitia:
2468 3598 2793 3669 prorupisse,
2823 3606 2881 3652 ut
2910 3607 3020 3652 tam
3069 3595 3294 3650 mirabili
3326 3608 3544 3648 (eccun-

1959 3695 2078 3748 mite
2107 3693 2342 3746 insidiari
2375 3692 2682 3760 tentaret),
2714 3689 2845 3745 nihil
2877 3688 3180 3759 hujusmodi
3211 3687 3548 3756 suspicantes

1957 3787 2175 3850 abeunt,
2199 3785 2294 3841 sed
2319 3801 2384 3838 ex
2413 3783 2606 3840 all‘ectu
2647 3798 2744 3839 suo
2772 3782 2904 3837 alios
2945 3781 3232 3836 aestimant.
3263 3779 3315 3833 9.
3341 3777 3408 3830 Et
3432 3794 3545 3832 ecce

1954 3878 2102 3932 stella
2119 3919 2134 3941 ,
2170 3892 2322 3946 quam
2349 3875 2580 3930 viderant
2616 3875 2670 3928 in
2695 3874 2906 3938 oriente,
2933 3870 3252 3926 antecedebat
3281 3886 3384 3924 eos.
3420 3870 3545 3923 Ideo

1955 3968 2098 4024 enim
2127 3967 2387 4024 occultata
2408 3966 2601 4031 fuerat,
2633 3974 2688 4019 ut
2713 3964 2911 4018 amisso
2939 3963 3096 4026 duce,
3125 3960 3339 4015 Iudaeos
3371 3961 3542 4014 inter-

1955 4073 2146 4128 rogare
2193 4066 2547 4128 cogerentur,
2577 4065 2630 4110 et
2657 4056 2735 4109 sic
2764 4069 2848 4108 res
2876 4054 3124 4114 omnibus
3155 4053 3324 4120 palam
3369 4053 3542 4106 ﬁeret.

1955 4149 2244 4219 Postquam
2270 4147 2415 4203 enim
2445 4147 2900 4216 interrogaverunt
2923 4186 2939 4211 ,
2964 4154 3015 4198 ct
3055 4143 3267 4199 Juda-os
3293 4142 3543 4196 doctores

1956 4241 2270 4305 habuerant,
2302 4255 2510 4294 rursum
2561 4239 2668 4292 illis
2695 4245 2936 4306 apparet.
2964 4236 3030 4292 Et
3050 4236 3357 4290 consideres
3383 4235 3542 4292 velim

1954 4336 2213 4406 Optimum
2242 4349 2420 4389 rerum
2441 4333 2708 4388 ordinem.
2735 4331 2864 4386 Post
2883 4330 3089 4385 stellam
3116 4330 3312 4398 excipit
3331 4345 3424 4383 eos
3449 4327 3544 4383 Ju~

1955 4429 2139 4484 daicus
2165 4427 2412 4496 populus,
2453 4440 2654 4495 rexque
2676 4426 2810 4494 ipse,
2833 4423 3254 4494 prophetamque
3290 4422 3542 4478 inducunt

1955 4519 2403 4591 pra-nuntiantem
2446 4517 2500 4572 id
2529 4515 2671 4586 quod
2697 4524 3036 4585 apparuerat.
3072 4515 3197 4568 Post
3225 4514 3540 4583 pmphetam

1956 4630 2182 4671 rursum
2229 4615 2460 4684 angelus
2509 4613 2659 4683 ipsos
2702 4612 2938 4683 excipit,
2990 4613 3287 4681 omniaque
3331 4611 3546 4668 docet:

1959 4707 2185 4765 interim
2233 4721 2370 4760 vero
2418 4704 2778 4777 Jerosolymis
2827 4705 2884 4759 in
2932 4704 3256 4758 Bethlchem
3307 4719 3338 4758 a
3388 4703 3548 4760 stella

1958 4800 2282 4855 ducuntur:
2319 4798 2480 4854 stella
2505 4795 2652 4851 enim
2689 4796 2758 4850 ab
2805 4795 2973 4851 istinc
3015 4796 3115 4850 via:
3153 4795 3267 4849 dux
3304 4793 3448 4849 fuit:
3485 4802 3552 4851 ut

1961 4893 2094 4948 hinc
2133 4905 2354 4962 quoque
2397 4889 2599 4955 discas,
2635 4903 2744 4942 non
2779 4886 2949 4943 fuisse
2996 4887 3148 4941 illam
3191 4901 3260 4940 ex
3311 4901 3550 4940 numero

1963 4993 2289 5041 catterarum
2345 4983 2677 5038 stellarum:
2714 4981 2865 5036 nulla
2922 4981 3127 5050 quippe
3189 4981 3349 5036 stella
3405 4979 3552 5038 hanc

1967 5077 2137 5135 habet
2161 5084 2438 5130 naturam.
2476 5074 2665 5143 Neque
2691 5073 2870 5127 solum
2900 5071 3036 5139 ibat,
3071 5071 3170 5128 sed
3197 5072 3364 5129 etiam
3391 5079 3552 5126 ante-

1967 5167 2200 5223 cedebat
2228 5166 2439 5221 ducens
2465 5175 2522 5220 et
2551 5162 2708 5234 quasi
2738 5170 2902 5220 manu
2939 5163 3165 5220 trahens
3195 5163 3324 5220 illos
3347 5161 3403 5220 in
3432 5175 3553 5216 me.

1968 5258 2061 5314 dio
2093 5258 2207 5313 die.

2038 5515 2092 5572 4.
2125 5514 2194 5570 Et
2212 5513 2340 5585 quid
2359 5526 2494 5584 opus
2517 5519 2632 5567 erat
2659 5509 2833 5575 stella,
2866 5507 3095 5578 inquies,
3123 5518 3242 5556 cum
3271 5500 3380 5569 jam
3404 5507 3561 5552 notus

1967 5609 2122 5663 locus
2146 5607 2331 5662 esset?
2361 5605 2429 5660 Ut
2461 5620 2592 5675 puer
2619 5603 2786 5658 videri
2817 5609 3014 5671 posset.
3046 5593 3411 5664 Nihilquippe
3445 5599 3561 5644 erat

1969 5698 2114 5771 quod
2141 5698 2312 5769 ipsum
2341 5696 2667 5752 ostenderet.
2711 5693 2840 5748 Nam
2870 5706 3042 5761 neque
3071 5687 3262 5744 domus
3283 5691 3398 5740 erat
3426 5696 3560 5736 con-
