4066 6428
567 339 636 394 ⁸1⁸1

557 453 762 522 spicua,
791 466 966 523 neque
1014 461 1185 508 mater
1229 453 1345 522 ejus
1384 454 1646 508 illustrem
1689 456 1974 523 quamdam
2017 463 2142 520 spe—

554 545 690 598 ciem
723 559 832 613 prze
859 559 917 600 se
946 543 1166 600 ferebat.
1206 545 1352 614 Opus
1372 545 1552 614 itaque
1572 552 1690 619 erat
1716 543 1868 599 stella
1897 557 2016 614 quae
2039 556 2137 597 eos

558 633 612 688 in
641 634 758 704 ipso
788 635 918 690 loco
949 635 1183 691 sisteret.
1228 636 1589 704 Quamobrem
1626 635 1959 705 Jerosolytua
1989 647 2146 703 egre-

554 722 820 778 dientibus
859 733 1114 794 apparet,
1163 741 1266 780 nec
1312 734 1419 781 stat
1445 726 1592 794 prius
1616 739 1774 795 quam
1805 725 1871 778 ad
1898 737 2142 793 pmsepe

556 816 881 884 pervenerit,
929 826 984 871 et
1026 816 1340 872 miraculum
1391 815 1650 870 miraculo
1678 813 1983 870 addiderit:
2016 828 2140 868 nam

552 913 836 974 utrumque
859 905 1108 961 mirabile
1145 917 1280 972 erat,
1325 914 1380 961 et
1407 905 1548 976 quod
1576 905 1714 975 magi
1743 905 2058 968 adorarent,
2087 912 2143 959 et

552 995 697 1063 quod
734 995 889 1051 stella
919 997 1064 1065 ipsos
1089 997 1306 1053 sisteret
1335 1015 1350 1052 :
1382 1013 1503 1065 quae
1533 1012 1664 1053 sane
1709 1005 1929 1066 possent
1953 996 2038 1052 vel
2066 995 2144 1050 la-

553 1083 742 1154 pideos
767 1087 976 1142 animos
1003 1085 1292 1142 attrahere.
1325 1087 1381 1140 St
1407 1087 1551 1141 enim
1581 1085 1842 1142 dixissent
1873 1101 2011 1156 magi
2035 1126 2051 1152 ,
2079 1100 2142 1141 se

555 1177 844 1246 prophetas
872 1177 1139 1232 audivisse
1167 1177 1282 1232 haec
1318 1176 1582 1243 dicentes,
1612 1178 1697 1232 vel
1728 1175 1842 1231 hzec
1879 1177 1980 1232 sibi
2030 1175 2142 1244 pri-

556 1268 723 1322 vatim
747 1268 816 1322 ab
836 1269 1035 1338 angelis
1061 1269 1200 1323 dicta
1224 1269 1407 1334 luisse,
1426 1269 1560 1325 ﬁdes
1581 1268 1687 1323 illis
1703 1285 1808 1323 non
1836 1269 2022 1323 luisset
2040 1268 2141 1322 ha-

555 1358 664 1412 bita
694 1376 708 1412 :
737 1360 846 1427 jam
874 1375 999 1414 vero
1028 1362 1178 1415 stella
1226 1377 1458 1430 superne
1488 1361 1719 1424 lucente,
1753 1361 1838 1415 vel
1865 1361 2145 1430 impuden-

555 1452 685 1505 tiutn
711 1466 802 1506 ora
825 1451 1258 1508 obstruebantur.
1280 1453 1482 1508 Deinde
1511 1469 1629 1507 cmn
1651 1469 1815 1522 puero
1837 1453 2142 1508 immineret

557 1541 731 1605 stella,
760 1543 909 1596 stetit
947 1560 960 1596 :
992 1543 1042 1597 id
1066 1542 1209 1613 quod
1253 1543 1472 1612 majoris
1495 1551 1611 1597 erat
1637 1542 1934 1611 potestatis,
1983 1557 2144 1610 quam

556 1638 616 1683 ut
661 1632 832 1686 stellae
858 1641 1147 1698 competat,
1179 1632 1319 1702 quod
1365 1631 1570 1687 scilicet
1617 1631 1778 1686 modo
1816 1632 2142 1698 occultetur,

554 1719 718 1774 modo
743 1731 1020 1790 appareat,
1043 1732 1237 1776 etcum
1264 1730 1504 1792 apparet,
1533 1736 1750 1776 cursum
1787 1721 1961 1777 sistat.
2013 1721 2148 1777 Hinc

556 1811 637 1864 illi
664 1811 1051 1866 incrementum
1095 1811 1218 1866 ﬁdei
1261 1821 1520 1881 ceperunt
1551 1828 1564 1864 :
1595 1813 1717 1867 ideo
1765 1811 1928 1866 laatati
1977 1820 2102 1866 sunt
2127 1851 2144 1877 ,

559 1902 685 1970 quia
709 1900 852 1970 quod
875 1904 1186 1972 quaerebant
1210 1904 1548 1978 invenerunt,
1569 1905 1689 1974 quia
1714 1905 1886 1958 nuntii
1907 1904 2148 1959 veritatis

555 1991 730 2046 ellecti
759 1997 905 2055 sunt,
927 1989 1050 2059 quia
1070 2002 1174 2042 non
1193 1988 1387 2041 frustra
1405 1994 1607 2039 tantum
1636 1995 1986 2054 susceperunt
2006 1985 2138 2041 iter:

555 2083 636 2135 sic
659 2080 866 2135 ardenti
887 2079 1084 2134 Christi
1105 2076 1372 2132 desiderio
1388 2075 1700 2145 ﬂagrabant.
1723 2073 1856 2129 Nam
1881 2076 2143 2132 accedens

557 2170 732 2237 stella,
763 2168 950 2238 super
971 2169 1143 2238 ipsum
1175 2165 1324 2236 pueri
1353 2173 1513 2236 caput
1539 2165 1709 2232 stetit,
1740 2164 2030 2220 ostendens
2062 2166 2144 2222 di-

559 2260 737 2314 vinam
761 2274 883 2315 esse
906 2258 1107 2328 prolem
1134 2273 1148 2310 :
1175 2270 1405 2324 cumque
1427 2255 1685 2320 stetisset,
1714 2253 1781 2308 ad
1811 2252 2140 2308 adorandum

559 2351 797 2416 adducit,
830 2364 935 2404 non
964 2347 1278 2418 simpliciter
1305 2346 1581 2414 barbaros,
1608 2345 1702 2401 sed
1727 2345 1818 2417 qui
1857 2346 2000 2401 inter
2027 2347 2145 2402 illos

558 2442 937 2512 sapientissimi
968 2451 1141 2496 erant.
1177 2439 1340 2494 Vides
1374 2439 1512 2494 hanc
1542 2439 1751 2494 stellam
1785 2437 1908 2508 jure
1955 2439 2148 2494 merito

558 2533 909 2604 apparuisse?
939 2533 1212 2602 Siquidem
1233 2541 1290 2586 ct
1313 2539 1432 2601 post
1455 2529 1813 2602 prophetiam,
1841 2537 1898 2584 et
1923 2540 2044 2599 post
2064 2545 2150 2584 sa-

559 2627 839 2682 cerdotum
868 2627 1274 2696 scribarumque
1297 2624 1816 2694 interpretationem,
1849 2621 2024 2678 adhuc
2058 2623 2147 2678 illa

560 2718 850 2772 utebantur
871 2717 1027 2772 duce.

627 2860 857 2917 Marcion
882 2873 929 2916 et
954 2863 1154 2919 Paulus
1180 2865 1541 2922 Samosatenus
1561 2885 1623 2923 ex
1641 2871 1788 2925 stella
1802 2872 2143 2942 con/ututi.—

551 2953 847 3008 Erubescat
876 2955 1107 3010 Marcion
1133 2999 1148 3023 ,
1177 2958 1462 3013 erubescat
1500 2960 1696 3015 Paulus
1738 2962 2138 3033 Samosatenus,

550 3046 639 3114 qui
671 3046 953 3100 noluerunt
983 3063 1045 3102 ea
1075 3048 1275 3110 videre.
1308 3065 1429 3118 qua:
1477 3053 1613 3121 magi
1638 3053 1909 3121 viderunt,
1942 3056 2138 3112 Eccle-

551 3136 646 3190 size
673 3137 1039 3206 progenitores
1065 3139 1141 3211 (a)
1170 3157 1182 3192 :
1217 3155 1391 3208 neque
1419 3142 1559 3196 enim
1589 3144 1751 3212 pudet
1787 3160 1872 3200 me
1910 3147 1988 3202 sic
2017 3149 2138 3203 illos

548 3243 760 3284 vocare.
805 3229 1095 3286 Erubescat
1139 3231 1394 3299 Marcion,
1447 3234 1614 3289 Deum
1657 3236 1843 3291 videns
1894 3239 1944 3293 in
1975 3255 2138 3296 cat-nc

547 3319 847 3374 adoratum.
877 3321 1170 3376 Erubescat
1197 3324 1413 3388 Paulus,
1467 3325 1652 3380 videns
1681 3328 1827 3382 illum
1872 3346 1976 3384 non
2005 3333 2136 3386 sim-

547 3411 757 3481 pliciter
777 3423 834 3467 ut
863 3413 1136 3468 hominem
1163 3415 1396 3469 adorari.
1426 3415 1556 3470 Nam
1578 3419 1718 3488 quod
1747 3419 1799 3474 in
1821 3434 1982 3476 carne
2001 3422 2134 3477 ado-

546 3513 696 3558 ratus
724 3506 813 3570 sit,
846 3504 898 3558 id
920 3513 974 3559 et
997 3506 1459 3575 panniostendunl
1487 3517 1541 3564 et
1566 3525 1806 3578 praesepe
1833 3527 1847 3562 :
1875 3512 2014 3581 quod
2041 3528 2137 3568 au-

548 3603 656 3649 tem
679 3611 782 3650 non
808 3597 958 3664 quasi
977 3595 1245 3650 hominem
1264 3613 1454 3666 purum
1484 3599 1843 3666 adoraverint,
1861 3585 2136 3660 declarant

549 3685 676 3738 dum
712 3685 1009 3739 immatura:
1053 3687 1195 3739 mtati
1223 3688 1345 3740 talia
1390 3687 1666 3756 proferunt
1688 3689 1850 3755 dona,
1877 3708 1996 3761 quae
2027 3693 2134 3747 Dco

548 3775 730 3830 olferri
761 3791 854 3844 par
880 3785 1017 3830 erat.
1045 3775 1378 3832 Erubescant
1404 3793 1526 3833 cum
1549 3780 1653 3834 illis
1680 3791 1736 3835 et
1783 3781 1976 3848 Judtci,
2005 3783 2132 3838 dum

549 3871 804 3924 barbaros
826 3881 878 3926 et
905 3885 1088 3942 magos
1108 3870 1310 3937 vident,
1343 3873 1431 3940 qui
1459 3872 1603 3941 ipsos
1624 3873 1974 3941 praeveniunt,
2032 3887 2133 3929 nec

547 3970 667 4028 post
693 3961 813 4015 illos
837 3961 1094 4018 accedere
1124 3962 1324 4017 volunt.
1357 3962 1488 4016 Nam
1515 3977 1633 4031 qum
1662 3971 1772 4017 tum
1801 3963 1936 4017 facta
1966 3974 2087 4017 sunt
2110 4001 2128 4030 ,

544 4051 841 4107 futurorum
861 4063 1017 4108 erant
1045 4051 1212 4122 ﬁgura
1249 4071 1263 4107 :
1291 4061 1452 4123 atque
1480 4055 1533 4107 in
1559 4053 1782 4107 exordio
1807 4054 1922 4122 ipso
1945 4053 2128 4108 decla-

543 4156 718 4216 ratum
747 4158 860 4210 est,
889 4155 1076 4214 gentes
1117 4145 1372 4216 populum
1401 4145 1548 4200 illum
1585 4155 1948 4215 praeventuras
1983 4160 2124 4201 esse.

546 4235 612 4287 Et
648 4249 746 4289 cur
771 4275 786 4297 ,
821 4236 1050 4303 inquies,
1082 4251 1188 4289 non
1227 4238 1295 4290 ab
1339 4237 1525 4302 initio,
1559 4237 1654 4291 sed
1682 4247 1863 4307 postea
1889 4237 2124 4304 dicebat,

543 4327 736 4380 Euntes
756 4327 930 4381 docete
948 4344 1120 4381 omnes
1139 4339 1310 4398 gentes
1337 4328 1553 4396 (Matth.
1585 4328 1674 4383 28.
1702 4329 1831 4399 i9)?
1858 4331 1988 4396 Quia
2005 4371 2020 4395 ,
2069 4339 2128 4386 ut

539 4418 646 4487 iam
668 4418 776 4472 disi
796 4461 812 4486 ,
845 4421 984 4487 quod
1016 4429 1142 4474 tunc
1169 4419 1364 4476 factum
1391 4429 1491 4486 est,
1523 4421 1814 4476 futurorum
1856 4423 2044 4493 ﬁgura,
2071 4433 2127 4478 et

539 4511 692 4580 quasi
716 4511 992 4578 praedictio
1021 4521 1160 4565 erat.
1186 4512 1617 4567 Consentaneum
1646 4514 1845 4583 quippe
1869 4523 2018 4581 erat,
2065 4524 2126 4570 ut

537 4601 707 4658 Judaei
730 4611 954 4658 czrteros
980 4603 1381 4673 praecederent;
1412 4604 1534 4673 quia
1559 4619 1684 4680 vero
1710 4605 2006 4674 prmstitum
2021 4607 2122 4660 sibi

538 4695 857 4750 beneﬁcium
884 4704 1078 4766 sponte
1118 4705 1455 4765 rcspuerunt,
1498 4711 1587 4751 res
1619 4706 1944 4766 praepostere
1968 4713 2121 4754 versa

535 4797 618 4840 cst
651 4805 666 4842 :
694 4786 957 4856 siquidem
985 4801 1159 4857 neque
1202 4785 1290 4842 hic
1311 4802 1407 4857 par
1430 4796 1566 4854 erat,
1603 4796 1661 4842 ut
1703 4788 1840 4860 magi
1879 4798 2002 4843 ante
2029 4787 2122 4844 Ju-

537 4876 685 4931 dteos
727 4879 1002 4943 venirent;
1054 4895 1228 4950 neque
1272 4889 1328 4934 ut
1366 4880 1400 4934 ii
1443 4880 1533 4950 qtti
1570 4889 1718 4935 tanto
1745 4883 1918 4951 spatio
1944 4882 2115 4937 dista-

537 4965 699 5027 bant,
728 4982 822 5022 eos
849 4970 937 5038 qui
966 4971 1106 5025 circa
1155 4970 1343 5025 urbem
1397 4971 1566 5040 ipsam
1614 4970 1925 5026 habitabant
1961 4980 2120 5027 ante-

539 5055 834 5122 cederent,
871 5074 1044 5129 neque
1072 5072 1128 5116 ut
1155 5061 1212 5127 ii,
1244 5062 1332 5132 qui
1374 5061 1631 5116 nihildum
1676 5063 1954 5118 audierant
1981 5077 2075 5118 eos
2097 5103 2115 5129 ,

534 5148 626 5215 qui
671 5147 811 5202 inter
837 5158 913 5203 tot
940 5153 1251 5220 prophetias
1296 5153 1536 5208 innutriti
1583 5153 1824 5219 fuerant,
1857 5153 2118 5223 prarveni-

532 5245 688 5304 rent;
721 5253 905 5294 verum
932 5241 1059 5310 quia
1088 5242 1140 5296 in
1170 5257 1377 5298 summa
1419 5245 1680 5303 bonorum
1710 5259 1930 5300 suorum
1959 5245 2117 5315 igno-

597 5511 675 5589 SE),
700 5511 944 5589 Eliges}
965 5509 1189 5589 ﬁliam!!!
1205 5511 1443 5589 ,εφὲθδίεεε
1480 5520 1841 5589 progeniem.
1873 5523 1987 5586 quia
2011 5527 2119 5589 ,ίρεί

536 5573 679 5639 primi
702 5574 750 5620 in
771 5573 980 5639 regione
998 5585 1102 5629 sua,
1129 5576 1397 5639 imogctiam
1429 5573 1680 5639 in'tudaaa,
1706 5573 1944 5634 Christian
1966 5573 2116 5637 sdi'é.‘

538 5633 680 5702 ηίὲδε,
696 5633 1028 5702 ιπῖρίξέαξνυηι.
1042 5642 1139 5690 Qua
1156 5637 1345 5686 ratione
1367 5646 1589 5691 auctores
1611 5633 2116 5702 ρι’ῖυηάεωηέωί,

799 5693 895 5743 dici
915 5703 1136 5756 possunt.

1303 344 1362 400 S.
1395 341 1682 403 JOANNIS
1717 346 2201 404 CHRYSOSTOMI
2242 346 2560 404 ARCHIEP.
2607 346 3151 406 CONSTANTINOP.

3730 350 3803 408 78

2250 457 2420 511 rantia
2445 457 2825 524 versabantur,
2853 460 2943 530 qui
2986 460 3039 516 in
3066 461 3305 530 Perside,
3352 476 3448 520 eos
3489 466 3583 535 qui
3622 465 3839 522 Jeroso-

2251 548 2406 618 lymis
2431 559 2556 604 sunt
2606 559 2970 619 prtevertunt;
2998 553 3051 607 id
3088 553 3230 623 quod
3255 555 3416 611 etiam
3440 555 3570 611 dicit
3598 558 3797 614 Paulus
3822 579 3836 614 ε

2259 637 2411 694 Vobis
2457 641 2714 710 oportebat
2759 643 3064 697 annuntiare
3129 648 3350 712 primum
3418 664 3634 718 regnum
3687 650 3784 704 Dei
3817 668 3838 707 :

2249 732 2336 786 sed
2379 733 2498 802 quia
2545 749 2630 788 vos
2681 735 2915 806 indignos
2965 736 3238 805 judicauis
3255 778 3271 803 ,
3318 753 3433 792 ecce
3497 742 3842 796 convertimur

2247 825 2316 878 ad
2343 835 2514 895 gentes
2545 826 2682 894 (Act.
2701 827 2790 882 l5.
2809 826 2924 898 46).
2953 828 3175 884 Etiamsi
3202 830 3343 884 enim
3378 839 3534 887 antea
3576 833 3842 892 increduli

2246 923 2421 981 erant,
2449 930 2480 969 a
2506 916 2672 987 magis
2699 915 2886 972 saltem
2907 916 3186 973 audientes
3208 933 3491 976 accurrere
3519 924 3840 992 Oportebat;

2247 1004 2339 1059 sed
2362 1005 2648 1062 noluerunt
2676 1022 2691 1060 :
2718 1005 2964 1077 ideoque,
2997 1007 3103 1064 illis
3139 1007 3563 1079 dormientibus,
3594 1012 3648 1068 hi
3695 1028 3840 1083 prte-

2244 1101 2486 1149 currunt.

2306 1315 2359 1370 5.
2403 1315 2702 1372 Exhortatio
2723 1320 2947 1374 moralis.
2983 1319 3084 1387 Qui
3109 1321 3316 1393 indigne
3337 1327 3572 1392 mysteria
3598 1339 3826 1397 sumunt,

2240 1405 2433 1460 Herodi
2449 1409 2656 1464 similes.
2688 1409 3022 1466 Tlteatrorum
3050 1414 3362 1470 obscwnitas.
3405 1446 3474 1456 —
3520 1417 3703 1489 Magos
3729 1422 3828 1475 ita-

2236 1512 2338 1566 que
2363 1514 2669 1568 sequamur,
2695 1509 2749 1554 et
2773 1516 2800 1552 a
2828 1501 3174 1557 barbarorum
3197 1513 3373 1560 tamen
3396 1508 3636 1564 moribus
3659 1512 3824 1567 multa

2235 1590 2626 1660 intercapedine
2662 1607 2759 1646 nos
2797 1608 3164 1649 removeamus
3189 1636 3204 1662 ,
3243 1606 3298 1650 ut
3334 1598 3601 1654 Christum
3643 1603 3824 1658 videa-

2232 1695 2350 1735 mus
2381 1697 2394 1731 :
2425 1681 2850 1752 quandoquidem
2877 1693 2928 1738 et
2958 1685 3056 1754 ipsi
3083 1686 3184 1742 nisi
3215 1689 3398 1757 procul
3423 1706 3452 1743 a
3475 1706 3572 1745 sua
3598 1693 3822 1762 regione

2227 1776 2612 1844 recessissent,
2653 1793 2759 1833 non
2804 1780 2950 1834 illum
2993 1782 3159 1838 visuri
3207 1791 3381 1838 erant.
3429 1784 3762 1842 Reccdatnus
3789 1804 3820 1843 a

2225 1865 2454 1920 terrenis
2479 1869 2724 1937 negotiis.
2773 1868 2981 1924 Etenim
3010 1872 3149 1941 magi
3175 1911 3191 1937 ,
3223 1872 3352 1926 dum
3394 1873 3445 1925 in
3477 1873 3701 1931 Perside
3730 1891 3816 1932 es-

2223 1964 2360 2022 sent,
2385 1957 2589 2012 stellam
2617 1958 2865 2014 videbant
2889 1977 2902 2014 :
2925 1977 3046 2017 cum
3072 1974 3249 2018 autem
3275 1979 3305 2018 a
3335 1963 3552 2021 Perside
3576 1983 3818 2024 recesse-

2225 2057 2384 2114 rttnt,
2428 2049 2607 2104 Solem
2646 2051 2867 2120 iustitia:
2908 2069 3276 2124 conspexere;
3327 2056 3436 2112 imo
3475 2073 3572 2114 nec
3601 2060 3814 2114 stellam

2225 2136 2361 2190 ultra
2393 2139 2554 2192 visuri
2591 2149 2742 2195 erant
2763 2181 2780 2208 ,
2811 2142 2914 2196 nisi
2954 2152 3202 2212 prompto
3232 2146 3412 2200 animo
3440 2147 3562 2201 inde
3590 2148 3816 2216 profecti

2223 2237 2422 2281 essent.
2487 2227 2780 2299 Surgamus
2841 2231 3000 2301 igitur
3055 2242 3111 2290 et
3169 2249 3308 2301 nos;
3370 2236 3576 2292 etiamsi
3631 2253 3820 2295 omnes

2223 2319 2621 2386 perturbentur,
2653 2321 2720 2376 ad
2746 2321 2961 2379 domum
2993 2325 3143 2393 pueri
3171 2334 3448 2382 c‘urramus
3473 2345 3486 2382 :
3509 2331 3607 2382 etsi
3637 2344 3814 2399 reges,

2223 2408 2324 2463 etsi
2356 2410 2569 2479 populi,
2601 2413 2702 2466 etsi
2747 2415 2957 2483 tyranni
2988 2414 3124 2470 hanc
3152 2417 3290 2471 viam
3322 2416 3638 2488 intercipere
3673 2431 3817 2475 sata-

2221 2507 2350 2568 gant
2372 2539 2388 2563 ,
2420 2515 2490 2555 ne
2529 2501 2850 2557 desiderium
2890 2504 3179 2560 solvamus.
3223 2505 3314 2562 Sic
3346 2508 3487 2561 enim
3517 2514 3697 2564 omnia
3728 2512 3814 2565 in-

2220 2590 2464 2658 gruentia
2505 2591 2644 2645 mala
2682 2592 3031 2662 depellemus.
3080 2595 3352 2666 Siquidem
3392 2607 3446 2652 et
3481 2598 3533 2652 lti
3561 2615 3775 2671 quoque
3798 2643 3814 2670 ,

2221 2681 2324 2736 nisi
2365 2698 2586 2752 puerum
2615 2684 2913 2750 vidissent,
2953 2687 3244 2756 periculum
3270 2728 3286 2754 ,
3319 2689 3460 2758 quod
3489 2705 3519 2744 a
3547 2708 3672 2761 rege
3703 2710 3816 2749 me-

2221 2775 2482 2840 tuebant,
2527 2792 2632 2829 non
2677 2775 3005 2846 effugissent.
3056 2781 3353 2848 Antequam
3401 2795 3622 2850 puerum
3669 2784 3815 2839 vide-

2221 2851 2364 2931 rent,
2395 2865 2636 2932 timores,
2665 2867 2920 2936 pericula,
2948 2868 3370 2937 perturbationes
3387 2871 3620 2938 undique
3648 2873 3814 2927 insta-

2221 2957 2388 3023 bant;
2447 2968 2568 3028 pnst
2619 2959 2982 3014 adorationem
3026 2974 3194 3025 vero,
3246 2963 3608 3031 tranquillitas
3656 2974 3816 3032 alque

2221 3051 2510 3115 securitas;
2561 3066 2732 3119 neque
2774 3051 2999 3105 ulterius
3043 3051 3193 3105 stella
3219 3094 3234 3116 ,
3273 3051 3365 3106 sed
3406 3055 3631 3123 angelus
3669 3055 3812 3121 ipsos

2220 3141 2455 3210 excipit,
2496 3139 2564 3193 ab
2607 3139 2918 3194 adoratione
2960 3141 3267 3196 sacerdotes
3313 3143 3528 3198 effectus
3563 3165 3575 3200 :
3607 3147 3806 3200 etenim

2221 3247 2441 3287 munera
2469 3231 2792 3286 obtulerunt.
2843 3231 3087 3287 Dimissis
3120 3233 3295 3301 itaque
3324 3233 3545 3290 Judaico
3577 3237 3771 3304 populo
3795 3278 3808 3300 ,

2222 3323 2529 3395 perturbata
2569 3322 2781 3378 civitate
2806 3365 2821 3389 ,
2870 3325 3212 3394 sanguinaria
3257 3334 3520 3396 tyranno,
3567 3331 3810 3384 sacculuri

2221 3430 2448 3484 pompa,
2483 3415 2534 3469 in
2576 3413 2886 3469 Bethlehem
2927 3415 3035 3469 cito
3076 3430 3269 3484 perge,
3298 3415 3387 3470 ubi
3431 3417 3621 3472 donms
3663 3421 3811 3488 panis

2221 3503 2532 3574 spiritualis.
2567 3503 2678 3558 Etsi
2703 3504 2843 3558 enim
2874 3515 3054 3573 pastor
3077 3503 3258 3568 lueris,
3291 3519 3461 3573 eoque
3487 3507 3804 3574 adveneris,

2223 3611 2443 3665 puerum
2489 3596 2540 3648 in
2587 3595 2881 3650 diversorio
2923 3595 3146 3650 videbis.
3193 3595 3412 3648 Etiamsi
3455 3611 3549 3650 rex
3604 3596 3806 3664 lueris,

2224 3703 2321 3741 nec
2367 3695 2542 3741 tamen
2587 3685 2906 3750 adveneris,
2950 3685 3080 3739 nihil
3122 3686 3214 3739 tibi
3257 3700 3488 3754 purpura
3533 3687 3804 3755 proderit;

2222 3781 2427 3834 etiamsi
2457 3793 2640 3848 magus
2666 3777 2848 3843 lueris,
2879 3777 3009 3830 nihil
3039 3785 3089 3830 te
3120 3777 3220 3831 hoc
3245 3776 3531 3844 impediet,
3565 3779 3607 3831 si
3641 3779 3800 3831 modo

2225 3873 2580 3926 honoraturus
2607 3869 3028 3939 adoraturusque
3051 3869 3342 3924 accesseris
3359 3908 3373 3930 ,
3405 3883 3503 3924 nec
3529 3871 3806 3924 conculca-

2224 3973 2372 4017 turus
2399 3963 2592 4018 Filium
2632 3961 2727 4016 Dei
2758 3978 2772 4013 :
2803 3961 2850 4015 si
2889 3975 3010 4015 cum
3056 3967 3290 4014 tremore
3329 3959 3491 4015 simul
3528 3969 3584 4014 et
3619 3961 3810 4030 gaudio

2225 4055 2327 4110 hoc
2353 4055 2561 4124 egeris;
2595 4054 2708 4108 hmc
2731 4053 2874 4108 enim
2907 4055 3065 4107 ambo
3090 4062 3312 4122 possunt
3337 4068 3675 4109 concurrere.
3704 4054 3811 4108 Sed

2221 4161 2352 4202 cave
2379 4161 2448 4201 ne
2477 4144 2670 4200 Herodi
2697 4145 2888 4199 similis
2913 4145 2988 4198 sis
3015 4153 3071 4198 et
3089 4143 3256 4208 dicas,
3288 4143 3357 4199 Ut
3382 4147 3578 4200 veniens
3603 4144 3810 4198 adorent

2222 4254 2336 4292 eum
2360 4278 2375 4302 ,
2401 4235 2729 4305 veniensque
2775 4234 3020 4290 occidere
3061 4243 3255 4289 tentes.
3305 4233 3381 4288 llli
3423 4235 3564 4289 enim
3608 4234 3812 4289 similes

2225 4338 2346 4384 sunt
2367 4367 2382 4393 ,
2408 4325 2500 4396 qui
2530 4326 2744 4397 indigne
2767 4326 3146 4397 mysteriorum
3177 4326 3461 4396 participes
3491 4336 3632 4380 sunt.
3677 4326 3810 4380 Nam

2223 4422 2314 4493 qui
2339 4421 2638 4492 huiusmodi
2662 4432 2765 4489 est,
2790 4421 2924 4476 Reus
2943 4422 3056 4488 erit,
3081 4423 3270 4492 inquit,
3294 4423 3518 4490 corporis
3539 4430 3585 4475 et
3608 4419 3812 4488 sangui-

2224 4516 2304 4568 nis
2330 4513 2536 4568 Domini
2561 4513 2639 4584 (l.
2663 4513 2782 4570 Cor.
2808 4515 2895 4569 ii.
2917 4513 3029 4584 27).
3062 4513 3195 4567 Nam
3221 4513 3311 4581 qtti
3338 4509 3636 4580 hujusmodi
3666 4519 3814 4573 sunt,

2226 4605 2427 4661 habent
2474 4605 2528 4659 in
2573 4621 2632 4660 se
2676 4616 2958 4676 tyrannum
3004 4603 3328 4658 invidentem
3371 4617 3535 4672 regno
3573 4601 3813 4664 Christi,

2227 4712 2530 4752 mamonam
2557 4713 2748 4766 nempe
2776 4695 2985 4750 llerode
3012 4696 3345 4764 iniquiorem.
3376 4692 3474 4747 llic
3497 4692 3692 4761 quippe
3717 4692 3814 4745 im-

2226 4803 2418 4858 perare
2457 4787 2608 4854 vult,
2650 4788 2913 4856 mittitque
2953 4786 3188 4842 cultores
3229 4799 3355 4839 suos
3379 4825 3394 4848 ,
3435 4785 3523 4854 qui
3567 4783 3818 4837 simulate

2224 4877 2442 4948 quidem
2474 4878 2731 4942 adorent,
2762 4880 2856 4932 sed
2885 4876 3158 4932 adorando
3194 4875 3457 4945 jugulent.
3505 4873 3817 4928 Timeamus

2224 4967 2403 5040 itaque
2421 5008 2438 5035 ,
2467 4983 2535 5023 ne
2557 4968 2792 5038 speciem
2822 4967 3119 5038 supplicum
3166 4977 3219 5021 et
3244 4965 3582 5019 adoratornm
3616 4963 3816 5017 habea-

2225 5074 2345 5113 mus
2371 5099 2386 5123 ,
2433 5072 2596 5127 opere
2637 5067 2814 5111 autem
2857 5057 3122 5112 contraria
3152 5056 3518 5112 exhibeamus.
3568 5055 3757 5108 Omnia
3783 5069 3817 5109 e

2223 5151 2466 5206 manibus
2491 5150 2829 5220 projiciamus
2857 5149 3148 5226 adoraturi.
3182 5148 3237 5204 Si
3261 5163 3450 5202 aurum
3481 5147 3770 5202 habeamus
3797 5187 3814 5212 ,

2223 5241 2398 5309 ipsum
2435 5240 2723 5295 olleramus
2745 5281 2762 5307 ,
2795 5255 2894 5295 nec
2935 5237 3289 5294 defodiamus.
3332 5237 3387 5294 Si
3417 5238 3558 5292 enim
3602 5235 3814 5291 barbari

2222 5330 2297 5385 illi
2323 5331 2388 5385 ad
2418 5331 2675 5385 honorem
2702 5346 2923 5386 munera
2955 5341 3080 5386 tunc
3105 5331 3435 5392 obtulerunt,
3478 5329 3598 5398 quis
3623 5337 3678 5380 tu
3704 5327 3816 5382 eris

2222 5422 2324 5478 nisi
2368 5422 2569 5476 tribuas
2597 5421 2886 5492 indigenti?
2913 5423 2958 5478 si
2989 5423 3062 5476 illi
3093 5431 3293 5476 tantam
3323 5435 3608 5489 suscepere
3630 5420 3768 5473 viam
3795 5460 3812 5484 ,

2222 5521 2282 5567 ut
2320 5522 2501 5566 natum
2531 5512 2810 5578 viderent,
2839 5529 2996 5582 quam
3032 5513 3431 5568 excusationem
3469 5511 3687 5565 habebis
3715 5519 3769 5564 tu
3796 5551 3812 5577 ,

2223 5605 2310 5674 qui
2337 5619 2407 5659 ne
2429 5603 2497 5658 ad
2523 5605 2696 5658 vicum
2717 5603 2931 5674 quidem
2958 5620 3120 5660 unum
3145 5617 3417 5674 properas,
3442 5611 3498 5657 ut
3523 5601 3810 5665 inﬁrmum,

2223 5703 2279 5751 et
2305 5695 2360 5751 in
2380 5693 2604 5750 vinculis
2624 5693 2899 5751 detentum
2921 5694 3143 5750 visites?
3169 5693 3328 5764 Atqui
3353 5708 3451 5749 nos
3462 5701 3529 5749 .et
3549 5691 3811 5756 inﬁrmos,
