4066 6428
284 498 355 555 τε)
1514 504 1579 560 FN
1621 504 1881 561 unum

2020 501 2258 560 noun“
2298 505 2416 558 vn.
3521 536 3590 591 ευ

288 636 341 682 et
367 626 584 681 vinctos
606 665 625 693 ,
660 625 769 679 imo
797 631 853 680 et
897 623 1139 678 inimicos
1182 619 1538 682 miseramur;
1578 627 1635 671 tu
1667 630 1793 671 vero
1824 631 1891 670 ne

292 715 596 775 beneﬁcum
648 716 863 788 quidem
908 725 962 769 et
1008 713 1288 769 Dominum
1336 710 1527 765 tuum?
1574 707 1652 763 llli
1699 723 1887 763 aurum

295 810 642 876 obtulerunt;
675 819 728 865 tu
758 824 949 880 panem
980 807 1064 861 vix
1091 805 1347 862 dederis?
1391 804 1465 858 Illi
1498 795 1706 858 stellam
1735 803 1885 857 vide-

298 909 410 958 runt
434 941 450 967 ,
494 911 549 955 et
573 900 742 972 gavisi
771 908 931 965 sunt;
962 910 1014 953 tu
1045 913 1172 952 vero
1201 896 1472 951 Christum
1497 894 1683 950 videns
1707 894 1890 965 hospi-

296 998 402 1050 tem
433 1001 490 1049 et
516 992 721 1046 nudum
744 1033 759 1052 .
792 1006 896 1046 non
925 988 1196 1044 ﬂecteris?
1228 987 1360 1054 Quis
1387 986 1527 1041 enim
1563 995 1794 1040 vestrum
1828 1002 1888 1038 ex

302 1087 364 1143 iis
388 1086 481 1155 qui
510 1086 660 1140 mille
687 1084 942 1139 beneficia
970 1088 1311 1151 acceperunt,
1338 1088 1536 1133 tantam
1566 1093 1661 1148 pro
1682 1077 1892 1131 CllriSln

303 1178 535 1244 suscepit
564 1175 1047 1248 peregrinationem
1071 1216 1085 1239 ,
1119 1181 1370 1243 quantam
1396 1172 1473 1225 illi
1506 1170 1752 1236 barbari,
1786 1169 1893 1221 ἱιιιω

302 1269 371 1323 ilh
416 1268 754 1338 philosoiihis
798 1266 1189 1335 sapientiores?
1239 1265 1299 1319 Et
1351 1262 1475 1334 quid
1523 1264 1644 1318 dico
1693 1269 1892 1317 tantam

303 1362 441 1416 viam
462 1361 489 1414 ?
536 1360 711 1416 Multa;
740 1360 878 1430 apud
911 1374 1009 1414 nos
1036 1358 1288 1413 mulieres
1326 1356 1397 1411 ita
1428 1355 1618 1410 molles
1644 1363 1805 1419 sunt,
1841 1362 1895 1406 nl

301 1467 369 1508 ne
408 1452 586 1505 vicum
634 1467 797 1504 untun
848 1463 1175 1504 transmeare
1219 1449 1420 1515 velint,
1460 1455 1517 1501 ut
1545 1446 1597 1500 in
1630 1444 1891 1517 spirituali

294 1550 566 1620 'prtesepio
610 1550 780 1619 ipsum
823 1547 1076 1614 videant,
1131 1548 1229 1601 nisi
1269 1547 1423 1601 mulis
1463 1543 1745 1602 vehantur.
1788 1542 1890 1597 Alii

299 1642 497 1713 quibus
527 1641 665 1695 inest
698 1639 1002 1694 ambulandi
1030 1639 1253 1693 facultas
1278 1679 1292 1702 ,
1320 1638 1401 1691 vel
1431 1635 1764 1692 smcularium
1793 1649 1891 1690 ne-

301 1731 569 1802 gotiorum
610 1731 818 1785 turbam
846 1772 861 1795 ,
908 1728 990 1784 vel
1041 1728 1367 1783 theatrorum
1412 1726 1892 1798 frequentationem

301 1822 430 1877 huic
464 1823 625 1877 cmtui
657 1831 1007 1890 anteponunt.
1058 1820 1123 1875 Et
1155 1820 1362 1875 barbari
1393 1818 1607 1891 quidem
1640 1819 1713 1873 illi
1739 1829 1894 1873 ante-

290 1928 463 1985 quam
493 1914 635 1967 illum
667 1913 924 1980 viderent,
954 1921 1156 1967 tantum
1184 1911 1391 1967 itineris
1419 1913 1621 1968 emensi
1649 1920 1774 1966 sunt
1795 1952 1810 1977 ,
1840 1920 1894 1964 tu

296 2022 432 2062 vero
467 2021 568 2061 nec
607 2014 885 2076 postquam
924 2004 1099 2059 vidisti
1144 2004 1368 2059 imitaris
1410 2003 1560 2070 illos;
1606 2002 1700 2058 sed
1740 2011 1888 2073 post.

301 2112 464 2164 quam
495 2096 668 2151 vidisti
693 2138 709 2161 ,
740 2096 829 2149 illo
854 2095 1076 2150 dimisso
1097 2136 1112 2159 ,
1139 2094 1207 2148 ad
1242 2095 1460 2149 mimum
1489 2093 1775 2149 videndum
1803 2107 1893 2147 ac-

292 2188 527 2261 curris(
557 2189 745 2244 iisdem
774 2188 917 2244 enim
959 2187 1199 2243 insistam
1230 2187 1421 2257 quibus
1451 2202 1619 2257 nuper
1646 2186 1665 2257 )
1694 2202 1708 2239 :
1738 2185 1895 2242 Chri-

300 2290 447 2337 stum
476 2282 527 2335 in
563 2280 823 2351 praesepio
857 2280 1122 2349 jacentem
1154 2279 1410 2350 relinquis
1430 2321 1445 2347 ,
1476 2287 1534 2334 ut
1559 2279 1807 2334 mulieres
1840 2278 1889 2334 in

301 2385 467 2427 scena
505 2371 702 2427 videas.
747 2370 950 2440 Quibus
986 2371 1103 2426 huic
1128 2369 1433 2426 fulminibus
1458 2370 1614 2442 digna
1644 2386 1748 2424 non
1782 2367 1893 2424 fne-

302 2463 413 2519 rint
430 2464 456 2517 ?
828 2476 831 2479 '

369 2632 424 2687 6.
453 2631 511 2688 Si
535 2632 677 2703 quis,
703 2645 904 2702 quteso,
935 2629 1297 2701 polliceretur,
1330 2640 1381 2685 te
1412 2629 1463 2684 in
1492 2629 1689 2699 regiam
1720 2628 1883 2683 intro-

276 2721 514 2790 ducere,
549 2725 1031 2795 imperatoremque
1056 2723 1331 2780 sedentem
1360 2724 1448 2778 tibi
1476 2728 1784 2787 ostendere,
1816 2738 1881 2775 an

293 2816 600 2887 hujusmodi
622 2818 923 2888 spectaculo
944 2817 1209 2873 theatrum
1236 2818 1553 2881 anteferres,
1578 2816 1782 2871 etiamsi
1809 2815 1886 2868 ni--

294 2910 373 2965 hil
406 2912 529 2965 hinc
559 2912 689 2965 lucri
718 2910 919 2967 referre
945 2906 1167 2981 posses?
1194 2910 1291 2965 ilic
1316 2925 1443 2965 vero
1472 2908 1591 2964 fons
1617 2909 1753 2980 ignis
1778 2909 1881 2978 Spi-

298 3002 509 3057 ritualis
534 3017 599 3056 ex
627 3002 724 3056 hac
749 3016 933 3056 mensa
958 3002 1177 3057 scaturit
1204 3018 1217 3054 :
1244 3009 1296 3055 tu
1326 3016 1454 3055 vero
1484 3000 1579 3053 hac
1611 2999 1794 3054 relicta
1821 2999 1884 3051 ad

288 3093 563 3149 theatrum
593 3092 827 3148 accurris
856 3102 1103 3148 natantes
1131 3093 1387 3149 mulieres
1416 3102 1750 3162 spectaturus
1773 3133 1787 3158 ,
1826 3108 1888 3145 ac

298 3201 489 3241 sexum
539 3185 687 3240 illum
734 3185 1175 3248 dehonestatum,
1216 3185 1591 3256 Christumque
1635 3183 1889 3253 relinquis

299 3277 435 3332 fonti
464 3276 829 3332 assidentem?
858 3276 1068 3330 Etenim
1102 3291 1242 3330 nunc
1270 3291 1482 3346 quoque
1506 3275 1653 3347 juxta
1678 3274 1886 3328 fontem

298 3370 450 3425 sedet
473 3411 488 3433 ,
517 3384 620 3422 non
644 3367 1031 3424 Samaritanam
1056 3367 1332 3437 alloquens
1349 3409 1363 3432 ,
1391 3367 1485 3422 sed
1518 3374 1679 3422 totam
1705 3365 1891 3420 civita-

300 3473 408 3516 tem
445 3478 461 3514 :
491 3460 714 3515 fortasse
740 3474 867 3515 vero
897 3475 1036 3515 nunc
1065 3474 1274 3529 quoque
1297 3459 1688 3514 Samaritanam
1717 3456 1885 3512 solam

298 3552 614 3623 alloquitur.
658 3550 827 3607 Nemo
855 3551 998 3606 enim
1029 3551 1126 3620 ipsi
1156 3565 1297 3604 nunc
1325 3549 1475 3604 adest
1502 3590 1516 3615 ,
1545 3549 1648 3603 nisi
1675 3548 1889 3621 quidam

299 3658 531 3714 corpore
555 3652 776 3708 tantum,
808 3643 894 3697 alii
923 3651 1101 3697 autem
1132 3656 1197 3696 uc
1223 3655 1449 3711 corpore
1471 3640 1711 3711 quidem.
1741 3641 1891 3695 Atta-

301 3750 426 3789 men
457 3735 574 3804 ipsc
601 3750 708 3788 non
739 3733 977 3798 recedit;
1007 3732 1101 3787 sed
1144 3743 1322 3787 manet
1349 3741 1530 3801 potum
1556 3744 1585 3784 a
1617 3730 1771 3785 nobis
1799 3745 1893 3799 po-

301 3825 530 3890 stulans,
563 3840 667 3879 non
696 3840 922 3894 aquam,
952 3824 1046 3879 scd
1076 3823 1410 3879 sanctitatem
1443 3841 1456 3877 :
1489 3830 1671 3877 sancta
1700 3823 1892 3891 quippe

299 3915 504 3970 sanctis
532 3918 730 3972 tribuit.
762 3917 943 3990 Neque
969 3918 1110 3973 enim
1135 3932 1327 3988 aquam
1355 3930 1419 3971 ex
1450 3915 1551 3971 hoc
1578 3914 1725 3969 fonte
1746 3929 1893 3983 pra:-

300 4006 414 4073 bet,
434 4008 529 4063 sed
554 4009 863 4080 sanguinem
884 4011 1171 4072 viventem,
1194 4011 1283 4079 qui
1310 4007 1612 4078 symbolum
1633 4015 1716 4061 est
1741 4021 1890 4061 mor-

301 4103 392 4164 tis,
423 4101 518 4156 sed
537 4104 657 4157 vita:
679 4118 838 4157 causa
863 4112 965 4159 est.
989 4102 1068 4157 Tu
1091 4112 1266 4157 autem
1296 4100 1481 4155 relicto
1499 4098 1646 4153 fonte
1671 4098 1890 4167 sangui-

297 4193 405 4260 nis,
421 4192 616 4264 poculo
631 4194 720 4248 illo
741 4194 1036 4260 tremendo,
1054 4193 1119 4248 ad
1140 4193 1337 4248 fontem
1356 4191 1533 4261 pergis
1546 4188 1887 4255 diabolicmn,

296 4291 365 4339 ut
406 4294 677 4341 natantem
724 4288 1056 4342 meretricem
1099 4284 1428 4355 conSpicias,
1471 4290 1526 4337 ct
1559 4280 1889 4351 naufragium

298 4377 496 4432 animae
522 4379 758 4448 patiaris.
789 4382 938 4450 Aqua
967 4379 1107 4434 enim
1135 4378 1224 4432 illa
1253 4375 1471 4447 pelagus
1501 4382 1581 4428 est
1609 4373 1846 4430 libidinis
1869 4414 1885 4437 ,

300 4485 409 4522 non
450 4483 673 4538 corpora
717 4470 1100 4539 sulnnergens,
1145 4467 1240 4523 sed
1280 4466 1576 4520 animarum
1616 4462 1890 4531 naufragia

294 4561 534 4627 pariens.
574 4559 678 4615 Sed
724 4560 811 4615 illa
834 4569 987 4614 .natat
1016 4560 1154 4614 unda
1181 4600 1197 4625 ,
1232 4568 1285 4613 tu
1311 4573 1440 4612 vero
1466 4557 1651 4612 videns
1678 4556 1891 4611 demer-

299 4652 442 4721 geris
471 4653 522 4706 in
554 4652 876 4722 profundum
908 4653 1158 4708 libidinis.
1191 4651 1334 4706 Talis
1362 4650 1556 4721 quippe
1584 4657 1666 4705 est
1693 4648 1887 4703 diaboli

294 4759 496 4814 sagena
529 4762 543 4798 :
575 4760 680 4799 non
713 4760 807 4800 eos
831 4745 921 4815 qui
953 4746 1003 4798 in
1031 4757 1222 4814 aquam
1249 4743 1581 4797 descendunt
1603 4783 1617 4807 ,
1646 4741 1737 4796 sed
1771 4742 1890 4793 illos

296 4841 476 4909 potius
503 4840 591 4909 qui
622 4854 833 4895 sursum
854 4838 1051 4894 sedent
1073 4880 1086 4900 ,
1120 4854 1277 4907 quam
1309 4851 1403 4891 eos
1431 4836 1522 4906 qui
1553 4836 1604 4891 in
1633 4850 1766 4905 aqua
1801 4850 1892 4887 v0-

294 4933 538 4986 lutantur
556 4972 570 4995 ,
600 4932 947 5002 submergere
975 4931 1144 4998 solet,
1177 4930 1474 4999 saeviusque
1505 4927 1727 4983 suﬂ’ocat
1751 4941 1844 4981 eos
1868 4966 1886 4993 ,

292 5038 456 5093 quam
499 5023 834 5079 Pharaonem
861 5065 876 5090 ,
917 5024 1005 5094 qui
1046 5038 1167 5077 cum
1210 5023 1361 5091 equis
1395 5030 1450 5076 et
1492 5019 1735 5075 curribus
1766 5028 1891 5073 tunc

290 5115 575 5170 demersus
601 5124 704 5170 est.
734 5114 808 5169 Et
834 5115 878 5170 si
907 5114 1117 5184 quidem
1144 5114 1350 5168 animas
1378 5111 1559 5168 videre
1586 5124 1885 5183 possemus,

291 5206 558 5277 plurimas
584 5207 738 5262 vobis
767 5206 1104 5262 ostenderem
1139 5206 1219 5260 his
1248 5206 1401 5276 aquis
1438 5212 1844 5277 supernatantes
1870 5246 1884 5265 ,

290 5301 433 5354 sicut
478 5308 604 5355 tunc
644 5299 1019 5371 Egyptiorum
1057 5314 1303 5369 corpora.
1354 5299 1461 5355 Sed
1498 5298 1639 5369 quod
1674 5298 1887 5370 gravius

288 5400 409 5457 est,
444 5392 600 5447 talem
628 5391 917 5462 perniciem
947 5391 1272 5462 voluptatem
1296 5391 1604 5462 appellant,
1629 5400 1686 5447 et
1713 5392 1888 5461 perdi-

293 5484 457 5538 tionis
502 5485 725 5555 pclagus
768 5483 1136 5539 delectationis
1179 5484 1419 5555 euripum
1464 5494 1671 5541 vocant.
1727 5486 1885 5555 Atqui

288 5575 498 5629 facilius
522 5584 604 5630 est
629 5574 873 5645 Egmum
903 5585 957 5629 et
985 5574 1370 5646 Tyrrhenicum
1403 5592 1570 5644 mare,
1600 5591 1756 5646 quam
1792 5575 1889 5629 hu-

289 5665 521 5736 iusmodi
564 5665 928 5736 spectaculum
968 5674 1080 5720 tuto
1123 5666 1389 5736 trajicere.
1432 5667 1562 5722 Nam
1593 5668 1764 5738 primo
1793 5683 1889 5737 per

289 5765 459 5810 totam
518 5767 733 5813 noctem
792 5756 1031 5812 diabolus
1092 5757 1170 5812 rei
1229 5759 1628 5829 exspectatione
1681 5760 1888 5814 animos

288 5857 629 5922 pmoccupat
654 5865 670 5905 :
693 5847 885 5907 deinde
914 5857 1194 5921 postquam
1224 5849 1277 5908 id
1302 5850 1445 5922 quod
1478 5849 1889 5923 exspectabatur

2011 615 2260 687 ostendit,
2281 621 2460 675 statim
2480 619 2659 690 alligat
2680 627 2732 677 et
2753 620 2992 690 captivos
3010 620 3193 677 efﬁcit.
3214 621 3292 678 Ne
3317 622 3457 679 enim
3479 638 3601 694 quia

2007 728 2125 768 cum
2155 713 2438 771 meretrice
2463 729 2568 768 non
2596 712 2826 776 coivisti,
2853 720 2903 767 te
2932 721 3083 781 putes
3106 728 3134 765 a
3162 722 3382 784 peccato
3408 715 3599 773 imme-

2006 821 2125 860 nem
2152 821 2273 861 esse
2299 824 2312 861 :
2336 821 2398 861 ex
2432 804 2862 874 concupiscentia
2892 805 3087 876 quippe
3113 816 3279 861 totum
3304 806 3595 877 perfecisti.

2005 895 2134 950 Nam
2174 899 2217 951 si
2253 894 2681 965 concupiscentia
2723 892 2998 963 detineris,
3036 896 3293 966 majorem
3324 895 3593 952 flammam

1998 990 2286 1048 accendisti
2311 1007 2326 1056 ;
2358 990 2439 1046 sin
2470 997 2645 1044 autem
2678 987 2790 1043 haec
2816 986 3122 1060 aspicienda
3152 983 3283 1039 nihil
3313 981 3544 1037 moveris
3563 1020 3581 1045 ,

1997 1084 2184 1154 majori
2215 1083 2387 1153 culpa:
2425 1081 2686 1137 obnoxius
2710 1095 2771 1135 es
2796 1123 2809 1146 ,
2853 1079 2996 1151 quod
3027 1078 3233 1134 cmteris
3268 1073 3588 1131 offendicula

1996 1175 2070 1228 sis
2100 1217 2115 1242 ,
2148 1184 2204 1230 et
2245 1173 2388 1244 quod
2435 1171 2755 1245 speetaculis
2798 1171 3009 1227 illectus
3030 1211 3045 1235 ,
3078 1179 3133 1224 et
3173 1166 3360 1223 oculos
3391 1175 3510 1219 tuos
3535 1173 3587 1219 et

1996 1281 2116 1320 cum
2149 1264 2320 1320 oculis
2351 1264 2517 1335 ipsam
2547 1263 2778 1319 animam
2805 1263 3080 1329 deturpes.
3111 1258 3306 1314 Verum
3331 1271 3397 1311 ne
3421 1257 3590 1311 simus

2004 1358 2359 1428 :ncrcpatione
2403 1357 2518 1412 sola
2557 1355 2833 1419 contenti,
2897 1369 2995 1424 age
3038 1352 3150 1423 jam
3197 1347 3588 1405 emendationis

1997 1451 2215 1505 modum
2248 1451 2634 1522 perquiramus.
2679 1449 2806 1517 Quis
2837 1464 2964 1519 ergo
2996 1446 3182 1502 modus
3213 1444 3354 1500 erit?
3390 1442 3588 1498 Uxori-

2000 1543 2098 1598 hus
2125 1546 2316 1598 vestris
2341 1559 2434 1599 vos
2477 1543 2687 1599 tradere
2718 1543 2876 1607 volo,
2909 1551 2964 1596 ut
3009 1542 3137 1611 ipsae
3182 1554 3275 1594 vos
3319 1536 3586 1593 erudiant.

1997 1634 2288 1704 Oportebat
2325 1635 2539 1705 quidem
2564 1677 2576 1700 ,
2610 1634 2902 1689 secundum
2946 1633 3093 1687 Pauli
3123 1632 3291 1701 legem
3319 1672 3334 1696 ,
3367 1645 3463 1684 vos
3489 1629 3588 1683 do-

1997 1738 2175 1783 ctores
2215 1743 2335 1784 esse
2359 1744 2372 1784 :
2400 1728 2522 1799 quia
2561 1743 2690 1783 vero
2729 1742 2826 1798 per
2863 1734 3137 1795 peccatum
3181 1726 3422 1778 inversus
3458 1720 3590 1775 ordo

1998 1819 2117 1887 fuit,
2149 1830 2204 1877 et
2229 1836 2425 1891 corpus
2451 1821 2730 1891 superius,
2762 1829 2919 1889 caput
2950 1832 3077 1872 vero
3109 1815 3332 1871 inferius
3358 1815 3588 1885 positum

1998 1924 2100 1981 est,
2117 1914 2263 1970 hanc
2284 1915 2471 1970 saltem
2495 1915 2632 1969 viam
2655 1913 2972 1984 deligamus.
2990 1910 3142 1979 Quod
3165 1910 3208 1964 si
3232 1907 3590 1979 magisterium

1991 2009 2240 2065 mulieris
2270 2008 2545 2065 erubescis
2569 2050 2582 2073 ,
2612 2007 2735 2078 fuge
2759 2014 3035 2078 peceatum
3055 2047 3070 2071 ,
3096 2016 3155 2060 et
3179 2005 3286 2058 cito
3312 2002 3512 2073 poteris
3538 2001 3590 2055 in

1998 2101 2194 2156 solium
2234 2116 2265 2156 a
2308 2101 2416 2158 Deo
2456 2101 2546 2156 tibi
2585 2100 2766 2156 datum
2800 2097 3110 2154 ascendere.
3150 2095 3410 2163 Quamdiu
3447 2102 3592 2149 certe

2000 2194 2324 2263 peccaveris,
2346 2208 2450 2246 non
2473 2192 2536 2247 ad
2562 2191 2812 2246 mulieres
2840 2200 3061 2254 tantum,
3082 2187 3174 2244 sed
3198 2188 3358 2244 etiam
3376 2187 3439 2240 ad
3466 2187 3591 2241 bru-

2002 2294 2173 2341 torum
2198 2287 2505 2341 animalium
2526 2285 2780 2340 vilissima
2812 2292 2865 2338 te
2892 2282 3053 2337 mittit
3081 2282 3353 2352 Scriptura
3382 2299 3395 2334 :
3420 2294 3591 2350 neque

1999 2378 2265 2435 erubescit
2304 2378 2510 2433 ratione
2546 2375 2825 2447 praeditum
2857 2374 2923 2430 ad
2962 2371 3235 2428 formicam
3271 2373 3589 2443 discipulum

1996 2472 2234 2527 mittere.
2254 2470 2436 2540 Neque
2456 2468 2596 2523 enim
2617 2468 2667 2523 id
2689 2468 2975 2538 Scriptura:
2993 2465 3146 2535 culpa
3166 2473 3266 2529 est,
3291 2464 3384 2519 sed
3406 2479 3590 2518 eorum

1998 2564 2088 2634 qui
2138 2563 2217 2619 sic
2257 2561 2588 2617 nobilitatem
2629 2559 2914 2630 prodidere
2951 2573 3127 2613 suam.
3179 2558 3290 2613 Hoc
3319 2567 3462 2612 certe
3498 2571 3591 2612 nos

1996 2671 2214 2728 quoque
2252 2656 2506 2711 faciemus
2536 2674 2552 2708 :
2580 2669 2643 2708 ac
2675 2669 2814 2709 nunc
2839 2652 3053 2723 quidem
3086 2636 3138 2707 te
3164 2652 3371 2706 mulieri
3415 2651 3589 2705 trade-

2000 2766 2119 2806 mus
2145 2750 2224 2804 :si
2264 2757 2442 2803 autem
2476 2747 2614 2802 hanc
2661 2745 3002 2816 despexeris,
3051 2743 3117 2798 ad
3149 2743 3587 2799 irrationabilinm

2002 2854 2054 2899 te
2080 2839 2441 2909 magisterium
2470 2839 2743 2894 mittemus
2766 2881 2781 2905 ,
2813 2847 2864 2893 et
2899 2836 3244 2892 ostendemus
3275 2845 3403 2906 quot
3430 2850 3589 2899 aves,

2000 2943 2130 3005 quot
2160 2932 2351 3003 pisces,
2381 2939 2511 3001 quot.
2539 2929 2934 3001 quadrupedes,
2959 2936 3088 2998 quot
3116 2927 3323 2996 reptilia
3351 2927 3593 2982 animalia

2004 3036 2055 3081 te
2087 3024 2391 3079 honestiora
2421 3030 2474 3077 et
2501 3021 2914 3091 temperantiora
2952 3018 3249 3072 videantur.
3278 3017 3430 3085 Quod
3459 3018 3501 3070 si
3529 3015 3595 3071 de

2002 3115 2401 3186 comparatione
2431 3115 2718 3171 erubescas
2738 3156 2752 3180 ,
2781 3112 3010 3168 ascende
3041 3111 3104 3165 ad
3139 3102 3411 3181 pristinam
3445 3109 3592 3165 nobi-

1997 3223 2225 3281 litatem,
2250 3230 2313 3269 ac
2324 3212 2586 3284 geheunm
2601 3208 2824 3280 pelagus
2839 3205 3171 3273 fluviumque
3192 3201 3410 3274 igneum
3442 3200 3588 3270 fuge,

2002 3311 2153 3365 illam
2183 3308 2306 3363 dico
2335 3304 2602 3376 piscinam
2632 3300 2973 3356 theatralem.
3017 3297 3141 3352 Haec
3184 3294 3328 3351 enim
3381 3293 3588 3364 piscina

2008 3402 2234 3472 pelagus
2265 3396 2398 3451 illud
2438 3394 2535 3448 tibi
2572 3390 2848 3450 conciliat.
2882 3396 2936 3443 et
2970 3388 3117 3441 illam
3146 3385 3376 3439 llatnmte
3422 3383 3587 3450 abys-

2006 3506 2126 3547 sum
2166 3486 2471 3544 succendit.

2077 3679 2128 3732 7.
2151 3675 2282 3732 Nam
2327 3676 2400 3741 si,
2427 3676 2526 3745 Qui
2566 3675 2769 3747 respicit
2818 3674 3077 3727 mulierem
3125 3670 3194 3724 ad
3233 3667 3594 3738 concupiscen—

2004 3772 2147 3837 dum,
2183 3771 2301 3842 jam
2343 3771 2617 3824 innec/tatus
2643 3778 2714 3823 est
2750 3768 2769 3838 (
2795 3767 2978 3821 Matth.
3005 3766 3057 3821 ὅ.
3087 3765 3158 3819 28
3183 3765 3236 3836 ):
3283 3764 3370 3833 qui
3401 3761 3596 3815 nudam

2001 3862 2224 3918 omnino
2251 3860 2521 3930 respicere
2546 3876 2650 3914 non
2682 3858 2905 3923 dubitat,
2938 3854 3204 3927 quomodo
3230 3869 3336 3908 non
3363 3867 3597 3908 sexcen-

2004 3954 2105 4008 ties
2145 3951 2385 4022 captivus
2429 3949 2721 4005 efficietur?
2768 3948 2884 4002 Non
2935 3948 3003 4001 ita
3050 3945 3310 3999 diluvium
3358 3954 3599 4013 tempore

2002 4042 2131 4097 Noa:
2162 4041 2439 4096 hominum
2484 4055 2656 4110 genus
2704 4039 2951 4108 perdidit,
2988 4047 3043 4091 ut
3075 4036 3177 4090 illa:
3211 4044 3450 4089 natantes
3476 4049 3595 4088 cum

2003 4134 2169 4188 multa
2217 4131 2545 4200 turpitudine
2593 4139 2920 4200 spectatores
2950 4142 3136 4182 omnes
3177 4124 3458 4181 suffocant.
3506 4124 3596 4179 illa

2002 4227 2196 4296 quippe
2226 4223 2401 4294 pluvia
2434 4222 2642 4278 etiarnsi
2672 4230 2897 4276 mortem
2926 4233 3209 4290 corporum
3232 4215 3472 4281 inferret,
3507 4232 3595 4270 ue-

2003 4315 2221 4386 quitiam
2267 4324 2443 4370 tamen
2486 4314 2677 4367 animae
2721 4310 3035 4367 auferebat:
3066 4310 3179 4364 haec
3226 4318 3433 4374 contra,
3484 4324 3597 4361 ma-

2006 4418 2167 4465 nente
2205 4423 2431 4478 corpore
2475 4408 2705 4461 animam
2754 4405 3029 4462 interimit.
3064 4404 3170 4459 Vos
3208 4414 3353 4458 certe
3381 4418 3502 4456 eum
3534 4403 3597 4457 de

2012 4501 2183 4571 primo
2228 4514 2484 4555 consessu
2529 4499 2725 4570 agitur,
2757 4512 2853 4553 vos
2885 4507 3052 4552 totum
3083 4495 3266 4550 orbem
3297 4495 3595 4564 praecedere

2004 4591 2344 4659 contenditis,
2378 4591 2631 4661 quoniam
2661 4591 2848 4645 civitas
2876 4598 3051 4645 vestra
3081 4587 3249 4658 prima
3268 4583 3591 4640 Christianu-

2007 4701 2120 4739 rum
2149 4699 2340 4740 nomen
2379 4681 2709 4755 adhibuit(a)
2733 4683 2867 4752 (Act.
2900 4683 2983 4737 li.
3011 4680 3140 4748 26);
3173 4695 3293 4732 cum
3320 4686 3493 4732 autem
3531 4675 3595 4729 de

2005 4778 2249 4832 eaStitate
2276 4779 2468 4847 agitur,
2521 4790 2589 4831 ne
2631 4776 2698 4828 ab
2739 4772 3117 4843 agrestioribus
3155 4769 3365 4838 quidem
3412 4766 3590 4821 civita-

2008 4870 2146 4926 tibus
2174 4870 2415 4939 superari
2445 4868 2776 4924 erubescitis.
2809 4866 2966 4920 Certe
2997 4862 3202 4931 inquies
3235 4880 3247 4912 :
3280 4859 3404 4930 quid
3441 4859 3596 4929 igitur

2007 4978 2100 5017 nos
2126 4962 2282 5033 jubcs
2307 4958 2521 5015 facere?
2547 4976 2613 5013 an
2643 4966 2853 5014 montes
2882 4954 3194 5016 ascendere,
3230 4960 3284 5006 et
3309 4950 3598 5005 monachos

2005 5055 2160 5110 esse?
2186 5052 2388 5108 Idcirco
2415 5053 2646 5123 ingemo,
2676 5048 2815 5120 quod
2845 5047 2946 5101 illis
2976 5053 3174 5099 tantum
3205 5043 3518 5098 modestiam
3544 5055 3600 5101 et

2004 5147 2300 5201 castitatem
2338 5152 2647 5215 competere
2684 5140 2901 5212 putetis,
2931 5138 3056 5192 licet
3082 5136 3327 5192 Christus
3352 5150 3593 5190 comnm-

2003 5253 2100 5294 nes
2125 5239 2270 5308 leges
2299 5236 2555 5309 posuerit.
2586 5235 2717 5289 Nam
2744 5249 2864 5287 cum
2897 5230 3045 5296 dicit,
3081 5230 3140 5284 Si
3169 5228 3283 5300 quis
3324 5228 3596 5298 respexerit

2003 5334 2263 5388 mulierem
2306 5331 2374 5384 ad
2416 5324 2867 5398 concupiscendum
2892 5339 3002 5376 eam
3033 5321 3052 5392 (
3081 5320 3263 5375 Matth.
3293 5320 3346 5375 5.
3378 5318 3448 5373 28
3469 5319 3508 5389 ),
3537 5316 3591 5371 id

2003 5441 2112 5481 non
2151 5422 2413 5478 monacho
2441 5420 2589 5483 dicit,
2638 5418 2734 5475 sed
2773 5415 3057 5487 conjngato
3088 5433 3101 5465 :
3147 5428 3270 5467 nam
3309 5426 3464 5465 mons
3508 5409 3591 5463 ille

2006 5527 2131 5573 tunc
2187 5512 2490 5586 hujusmodi
2541 5510 2670 5566 viris
2719 5509 2955 5579 repletus
3005 5515 3141 5561 erat.
3191 5501 3375 5571 Cogita
3417 5501 3593 5571 itaque

1995 5797 2430 5922 sthlqglﬁpttliatilitite
2449 5802 2652 5865 primum
2689 5807 2734 5854 la
2767 5803 3008 5857 Christum
3030 5805 3300 5858 credentes
3322 5808 3582 5867 Christiani
