4066 6428
544 486 617 541 νει
1280 479 1331 534 ε.
1366 480 1654 542 JOANNIS
1691 487 2179 551 CIIRYSOSTOMI
2219 499 2540 558 AllCHlEP.
2588 504 3137 570 CONSTANTINOP.
3739 529 3807 586 εξ

532 603 837 658 ιιιιειειιιηιηι
875 606 1031 673 illud,
1059 610 1244 666 ethoc
1271 602 1611 673 diabolicuml
1647 620 1923 674 theatrum
1964 636 2125 674 aver-

524 730 539 740 ς
562 718 705 769 sare,
735 722 799 761 ac
824 709 934 764 noli
979 716 1135 782 quasi
1172 732 1474 777 onerosum
1515 725 1741 795 culpare
1789 741 2121 782 sermonem.

561 808 748 879 Neque
796 814 944 870 enim
994 820 1268 888 prohibeo
1320 826 1577 896 nuptias,
1629 845 1734 885 nec
1786 831 2125 901 voluptatem

529 928 785 982 prorsus
814 919 1123 993 interdico;
1175 929 1268 995 sed
1295 948 1420 987 eum
1456 935 1711 991 castitate
1744 937 1799 992 id
1843 937 1965 994 fieri
1998 954 2125 1009 per-

557 1034 706 1095 opto,
742 1044 853 1086 non
883 1047 1008 1088 cum
1038 1036 1266 1105 probro,
1287 1040 1445 1112 culpa
1474 1050 1532 1098 et
1555 1048 1829 1102 sexcentis
1858 1048 2123 1104 rentibus.

559 1130 676 1188 Non
708 1138 970 1208 praecipio
995 1154 1211 1200 montes
1239 1158 1295 1203 et
1328 1149 1661 1207 solitudines
1692 1154 1883 1220 adire,
1905 1157 2000 1211 sed
2032 1156 2129 1212 be-

559 1238 785 1309 nignum
815 1260 958 1313 esse,
989 1251 1299 1309 modestum
1328 1266 1386 1311 et
1408 1269 1623 1315 castum
1648 1275 1801 1329 eum,
1826 1263 1920 1333 qui
1944 1264 2127 1319 media

559 1359 611 1398 In
664 1348 801 1403 urbe
838 1351 1072 1411 habitat.
1113 1357 1319 1416 Omnes
1365 1362 1570 1435 quippe
1608 1365 1761 1438 leges
1805 1383 2127 1426 communes

559 1461 685 1507 sunt
709 1457 870 1513 nobis
898 1475 1025 1516 cum
1063 1467 1371 1534 monachis,
1419 1486 1532 1525 uno
1572 1483 1803 1544 excepto
1828 1477 2123 1548 conjugio;

558 1570 669 1611 uno
703 1560 870 1617 etiam
917 1563 1024 1622 hac
1054 1567 1110 1622 in
1146 1586 1204 1625 re
1250 1574 1576 1646 conjugatos
1610 1576 1720 1633 illis
1749 1578 1960 1637 similes
2005 1596 2127 1638 esse

558 1662 707 1727 Iubet
733 1665 937 1726 Paulus
977 1690 990 1725 :
1037 1673 1285 1731 Prmterit
1320 1681 1462 1735 enim
1483 1680 1660 1753 ﬁgura
1711 1687 1872 1755 hujus
1919 1690 2124 1756 mundi,

558 1775 612 1819 ut
668 1779 718 1823 et
775 1774 866 1841 qui
917 1777 1112 1834 habent
1169 1799 1361 1839 uxores
1412 1794 1671 1859 tanquam
1731 1807 1835 1845 non
1879 1794 2127 1851 habentes

559 1875 665 1928 sint
697 1878 713 1947 (
748 1879 772 1933 1
810 1879 931 1938 Cor.
983 1885 1034 1939 7.
1068 1888 1183 1960 29).
1216 1889 1408 1962 Itaque
1440 1934 1455 1959 ,
1490 1896 1587 1961 ait,
1642 1912 1753 1953 non
1803 1900 1977 1970 jubeo
2032 1916 2131 1957 vos

560 1982 828 2038 montium
862 1991 1148 2048 cacumina
1180 2008 1456 2068 occupare
1492 2020 1505 2057 :
1537 2001 1592 2056 id
1638 2004 1841 2060 vellem
1879 2006 2126 2076 quidem,

564 2084 697 2151 quia
730 2090 898 2147 urbes
949 2094 1359 2159 Sodomitarum
1391 2105 1625 2165 crimina
1668 2109 1993 2181 imitantur;
2046 2122 2133 2168 at-

557 2508 778 2567 domum
811 2515 1070 2577 inducas.
1127 2525 1248 2582 Non
1315 2531 1480 2587 audis
1532 2534 1765 2592 Paulum
1799 2536 2076 2595 dicentem
2109 2578 2127 2606 ,

561 2614 646 2669 Vir
681 2622 766 2675 sui
805 2631 1043 2697 corporis
1089 2639 1403 2701 potestatem
1450 2655 1554 2694 non
1605 2641 1780 2711 habet,
1811 2645 1913 2699 sed'
1936 2645 2130 2701 mulier

557 2723 576 2793 (
607 2725 660 2780 l.
691 2725 814 2785 Cor.
852 2733 907 2787 7.
934 2734 1013 2805 4),
1052 2752 1118 2792 ac
1150 2754 1473 2801 communes
1517 2748 1741 2819 utrique
1783 2751 1934 2823 leges
1962 2754 2128 2810 indu-

552 2842 770 2888 centem
794 2836 820 2889 ?
868 2836 951 2894 Tu
998 2857 1154 2911 vero,
1197 2846 1243 2901 si
1280 2850 1569 2907 ecclesiam
1606 2870 1747 2911 uxor
1788 2856 2126 2929 frequentet,

516 2938 733 3003 amaris
771 2955 1064 3004 accusator
1090 2966 1184 3018 es;
1232 2961 1289 3009 tu
1325 2955 1369 3011 si
1407 2957 1461 3013 in
1498 2958 1731 3018 theatris
1762 2962 1881 3020 dies
1917 2966 2125 3038 exigas,

558 3058 665 3100 non
699 3053 752 3102 te
791 3050 1130 3123 culpandum
1163 3062 1359 3130 putas?
1390 3062 1499 3121 Sed
1542 3067 1610 3123 de
1648 3071 1840 3128 uxoris
1873 3074 2127 3132 castitate

557 3150 844 3220 sollicitus,
887 3157 989 3215 hac
1020 3161 1075 3217 in
1114 3179 1173 3218 re
1211 3168 1548 3238 superﬂuam
1593 3173 2126 3251 immoderatamque

527 3271 742 3313 venam
775 3261 1028 3334 adhibes,
1052 3268 1593 3347 itautnequidem
1633 3284 1982 3341 necessarios
2010 3287 2127 3357 cxi-

2234 629 2323 675 tus
2350 622 2401 677 ei
2434 626 2725 695 permittas
2759 646 2773 683 :
2811 632 2909 686 tibi
2940 649 3076 687 vero
3110 636 3296 689 omnia
3324 636 3493 694 licere
3524 650 3707 710 putas.
3735 645 3804 702 At

2234 728 2334 782 tibi
2389 730 2494 785 hoc
2544 749 2653 788 non
2699 737 2972 805 permittit
3018 739 3242 805 Paulus,
3287 744 3381 812 qui
3428 745 3683 802 eamdem
3718 750 3805 806 dat

2234 835 2390 888 uxori
2440 846 2769 905 potestatem
2827 841 2916 896 his
2969 844 3153 898 verbis
3201 861 3214 897 :
3252 844 3413 900 UxOri
3453 849 3535 902 vir
3578 850 3806 907 debitum

2233 938 2481 995 honorem
2522 944 2709 998 reddat
2744 945 2817 1017 (1.
2854 946 2976 1002 Cor.
3009 948 3062 1001 7.
3091 948 3168 1019 5).
3221 950 3429 1020 Ecquis
3473 953 3565 1007 ille
3606 954 3806 1022 honor,

2233 1045 2366 1099 dum
2391 1046 2540 1101 illam
2573 1049 2628 1104 in
2663 1066 2723 1105 re
2753 1054 3031 1124 praecipua
3059 1054 3415 1123 dehonestas,
3440 1058 3573 1112 dum
3604 1075 3808 1131 corpus

2233 1152 2354 1222 ejus
2385 1154 2779 1213 meretricibus
2805 1158 3017 1215 tradis?
3048 1160 3197 1232 (nam
3230 1178 3432 1233 corpus
3456 1172 3613 1219 tuum
3635 1167 3808 1237 ipsius

2232 1256 2395 1330 est;)
2430 1259 2561 1314 dum
2599 1263 2797 1320 turbas
2831 1265 3042 1321 etlites
3085 1267 3311 1322 domum
3362 1270 3621 1326 inducis?
3674 1271 3804 1327 dum

2235 1365 2363 1420 talia
2393 1367 2511 1437 agis
2539 1367 2595 1421 in
2627 1368 2771 1434 foro,
2796 1386 2920 1440 quae
2946 1387 3072 1426 cum
3118 1372 3269 1428 domi
3311 1390 3526 1440 narras,
3573 1376 3642 1430 ad
3675 1392 3806 1431 eru-

2233 1470 2573 1527 bescendum
2628 1475 2778 1546 cogis
2808 1491 3033 1531 uxorem
3086 1477 3405 1533 audientem
3438 1518 3453 1545 ,
3495 1487 3555 1535 et
3595 1480 3807 1550 pudore

2234 1578 2511 1635 suﬂ‘undis
2555 1579 2722 1635 filiam
2752 1591 3082 1653 praesentem
3114 1624 3130 1650 ,
3186 1593 3351 1655 atque
3402 1595 3530 1640 ante
3569 1586 3694 1641 illas
3732 1598 3807 1642 te-

2234 1685 2452 1756 ipsum?
2487 1688 2722 1744 Necesse
2741 1688 2889 1744 enim
2910 1699 2998 1744 est
3026 1699 3125 1746 aut
3155 1699 3358 1757 tacere,
3389 1702 3487 1747 aut
3510 1692 3618 1748 hoc
3646 1693 3809 1748 modo
3882 1662 3891 1669 ’

2234 1792 2614 1859 dehonestari,
2648 1810 2751 1865 pro
2766 1795 2971 1867 quibus
3000 1796 3169 1853 rebus
3201 1798 3291 1853 vel
3319 1798 3654 1854 domesticos
3680 1815 3806 1854 ver-

2236 1901 2466 1957 beribus
2488 1903 2668 1973 excipi
2706 1919 2807 1974 par
2851 1913 2959 1961 est.
2999 1904 3175 1972 Quam
3215 1905 3415 1977 igitur,
3466 1921 3679 1977 quaeso,
3712 1923 3806 1962 ex-

2236 2005 2582 2063 cusationem
2608 2007 2861 2075 habebis,
2909 2008 3041 2064 dum
3073 2024 3136 2065 ea
3174 2018 3328 2065 tanto
3375 2010 3562 2065 studio
3591 2012 3806 2081 conspi-

2234 2111 2333 2179 cis,
2366 2127 2489 2183 quar.
2514 2128 2585 2167 ne
2607 2128 2837 2170 narrare
2868 2114 3093 2185 quidem
3124 2115 3207 2171 fas
3240 2116 3371 2171 est?
3417 2115 3550 2184 Quae
3591 2131 3664 2171 ne
3697 2132 3807 2171 mc-

2232 2232 2449 2276 morare
2486 2218 2709 2289 quidem
2739 2219 2892 2285 licet,
2914 2236 2979 2277 ea
3012 2222 3271 2277 omnibus
3296 2222 3632 2293 anteponis?
3661 2222 3807 2277 Inte-

2232 2324 2337 2377 rim
2370 2324 2542 2394 igitur
2571 2365 2588 2390 ,
2628 2340 2699 2381 ne
2739 2325 2841 2382 sim
2874 2327 3187 2394 onerosior,
3229 2327 3322 2382 hic
3349 2328 3512 2383 linem
3546 2328 3807 2399 loquendi

2228 2429 2449 2485 faciam.
2482 2429 2538 2486 Si
2568 2439 2755 2485 autem
2782 2431 2979 2486 iisdem
3012 2429 3349 2501 persistatis,
3385 2432 3637 2487 acutiore
3664 2431 3808 2487 ferro

2228 2536 2563 2609 profundius
2596 2539 2799 2594 vulnus
2819 2536 3059 2609 inﬂigam
3091 2554 3105 2590 :
3135 2551 3317 2608 neque
3352 2530 3606 2602 cessabo,
3632 2537 3808 2594 donec

2227 2642 2497 2713 dissipato
2548 2642 2645 2700 illo
2674 2642 2950 2699 diabolico
3000 2642 3218 2698 theatro
3243 2683 3258 2709 ,
3318 2658 3518 2713 purum
3548 2642 3808 2699 Ecclesiae

2228 2759 2431 2806 emtum
2463 2749 2726 2806 eﬂ‘ecero.
2774 2749 2853 2804 lta
2900 2749 3051 2805 enim
3092 2764 3123 2804 a
3159 2749 3417 2821 praesenti
3464 2747 3807 2819 turpitudine

2226 2858 2615 2924 liberabimur,
2647 2864 2705 2913 et
2733 2856 2977 2913 futuram
3015 2870 3424 2926 consequemur
3462 2855 3657 2919 vitam,
3684 2869 3806 2925 gra-

2230 2966 2304 3021 tia
2365 2973 2424 3020 et
2483 2964 2870 3021 misericordia
2950 2962 3169 3020 Domini
3210 2961 3385 3017 nostri
3448 2960 3579 3015 Jcsu
3644 2959 3809 3015 Chl-io

2227 3070 2320 3134 sti,
2360 3071 2451 3127 cui
2477 3071 2652 3144 gloria
2693 3079 2749 3128 ct
2788 3070 3082 3141 imperium
3135 3070 3190 3124 in
3222 3066 3425 3125 saecula
3456 3066 3807 3122 saeculorum.

2229 3178 2427 3232 Amen.

1901 4811 2242 4875 HOMILIA
2301 4812 2464 4871 Vlll.

557 5070 681 5126 Car.
713 5071 778 5126 ll.
816 5088 869 5126 v.
900 5075 987 5128 ll.
1037 5074 1109 5129 Et
1149 5076 1413 5129 intrantes
1443 5074 1681 5143 domum,
1719 5074 1961 5130 viderunt
1997 5091 2129 5146 pue-

631 5195 746 5232 rum
776 5195 893 5233 cum
915 5178 1089 5234 Maria
1124 5190 1296 5236 matre
1318 5185 1462 5253 ejus;
1488 5191 1537 5237 et
1564 5182 1891 5254 procidentes
1929 5183 2129 5237 adora-

631 5295 822 5339 uerunt
872 5302 992 5339 eum
1026 5304 1038 5340 :
1096 5294 1142 5340 et
1185 5290 1384 5359 apertis
1426 5291 1688 5344 thesauris
1729 5288 2032 5344 obtulerunt
2082 5292 2131 5345 ei

630 5408 876 5457 munera,
920 5409 1136 5456 aurum,
1176 5395 1294 5448 thus
1328 5404 1378 5449 et
1404 5399 1681 5468 myrrham
1713 5398 1821 5470 (α).

618 5515 670 5568 1.
710 5514 881 5585 Magis
911 5515 1039 5585 quid
1085 5515 1275 5581 suasit,
1311 5524 1367 5569 ut
1402 5515 1667 5574 Christum
1711 5519 2024 5583 adorarent,
2073 5519 2126 5571 in

522 5664 526 5667 Δ
626 5691 695 5752 (ιι)
718 5689 1015 5755 Longior-em
1048 5690 1131 5740 hic
1155 5688 1355 5755 titulum
1384 5691 1533 5743 habet
1564 5692 1736 5743 Morel.
1771 5707 1916 5755 quam
1954 5693 2130 5755 Savll.,

557 5749 797 5860 ἓξῶθοιο
828 5749 1048 5812 ἶιυίἀθιιι
1086 5766 1098 5801 :
1137 5765 1249 5803 nam
1290 5752 1398 5804 haec
1432 5766 1532 5803 non
1572 5749 1870 5818 repetuntur
1908 5755 2034 5805 infra
2079 5749 2130 5804 in

2239 5078 2394 5125 tanta
2438 5070 2619 5140 inopia
2675 5075 2886 5123 natum.
2941 5067 3053 5139 Ipsi
3106 5068 3367 5123 Christum
3400 5074 3459 5121 ut
3510 5064 3677 5121 Deum
3723 5067 3826 5123 ha-

2237 5174 2913 5242 bitatura—Quomodo
2963 5190 3096 5245 ergo
3130 5174 3232 5228 ait
3286 5174 3505 5239 Lucas,
3560 5173 3708 5243 quod
3760 5171 3823 5227 in

2235 5283 2507 5356 praesepio
2556 5282 2775 5353 positus
2827 5291 2975 5338 esset
3037 5282 3185 5351 (Luc.
3237 5282 3293 5336 ξ’..
3340 5280 3465 5351 7.)?
3507 5279 3649 5346 Quia
3710 5290 3828 5334 sta—

2237 5391 2334 5447 tim
2376 5399 2540 5460 atque
2576 5397 2873 5459 pepererat
2900 5402 3027 5444 eum
3081 5388 3154 5442 ibi
3181 5386 3490 5442 reclinavit.
3525 5384 3829 5441 Confluen-

2238 5497 2390 5553 tibus
2446 5495 2595 5552 enim
2648 5493 2715 5549 ad
2784 5509 3010 5550 censum
3076 5492 3318 5558 Iudaeis,
3399 5491 3553 5546 nulla
3604 5498 3829 5559 poterat

2239 5599 2476 5671 reperiri
2536 5598 2737 5655 domus
2765 5616 2778 5653 :
2825 5598 2972 5670 quod
2994 5598 3159 5654 etiam
3188 5596 3368 5651 Lucas
3397 5593 3673 5665 significat
3695 5609 3825 5649 cum

2242 5705 2342 5769 ait,
2386 5703 2527 5769 Quia
2566 5720 2671 5758 non
2724 5712 2841 5758 erat
2889 5703 3062 5770 locus,
3105 5700 3381 5755 reclinavit
3423 5697 3599 5752 illum.
3643 5697 3801 5766 (Ibid.

2236 5808 2441 5875 Postea
2488 5824 2623 5864 vero
2679 5808 2909 5864 sustulit
2950 5816 3008 5863 et
3062 5820 3229 5876 supra
3276 5818 3455 5874 genua
3510 5800 3828 5862 collocavit.
