4052 6446
356 345 425 403 85
1494 326 1560 379 LV
1599 321 2018 378 MA'I‘TilrEL‘M
2057 322 2289 377 llOliiL.
2338 321 2464 376 γιιι.
3572 297 3640 350 Si

352 464 477 521 Nam
492 460 674 531 statim
687 464 845 528 alque
864 454 915 507 in
932 448 1239 506 Bethlehem
1256 441 1518 516 pervenit,
1537 440 1697 494 filium
1714 436 1944 531 peperit,

356 567 413 612 ut
438 555 561 609 hinc
583 560 750 605 totam
781 545 985 600 ediscas
1004 536 1379 599 oeconomiam,
1409 542 1463 588 ct
1483 547 1589 587 non
1612 544 1737 585 casn
1760 539 1810 582 et
1830 529 1947 580 sine

357 647 577 705 consilio
601 652 776 715 gesta,
804 638 896 694 sed
928 652 1024 707 per
1054 629 1439 704 providentiam
1478 624 1764 715 quamdam
1807 621 1945 675 diri-

358 754 478 795 nam
509 751 572 790 ac
598 713 893 788 secundum
925 722 1215 796 prophetia:
1239 721 1431 776 seriem
1461 715 1675 786 impleta
1700 713 1815 766 lia'c
1830 728 1948 763 om-

358 830 444 887 nia
474 827 656 881 fuisse.
689 821 890 877 Verum
933 814 1059 891 quid
1106 813 1226 868 illos
1257 810 1323 865 ad
1355 822 1575 881 puerum
1621 800 1950 859 adorandmn

361 917 600 976 induxit?
627 914 811 986 Neque
832 909 976 965 enim
999 906 1162 976 Virgo
1201 904 1407 986 insigne
1436 897 1706 971 quidpiam
1757 908 1866 964 pra:
1893 906 1954 948 se

361 1012 586 1076 ferebat,
616 984 787 1077 neque
818 1003 1008 1058 domus
1034 984 1478 1069 magnifica'erat,
1512 1005 1684 1060 neque
1717 989 1833 1065 istic
1858 986 1958 1077 alis

363 1102 489 1177 quid
520 1098 666 1155 aliud
697 1076 832 1160 erat,
870 1090 1013 1164 quod
1044 1096 1225 1159 posset
1264 1085 1385 1139 illos
1426 1082 1511 1137 vel
1553 1076 1957 1177 percellerevel

366 1170 605 1250 allicere.
638 1189 715 1243 Illi
749 1201 876 1240 vero
904 1198 1008 1239 non
1036 1179 1195 1241 modo
1221 1176 1467 1237 adorant,
1497 1172 1592 1227 sed
1623 1170 1824 1241 apertis
1844 1170 1961 1223 tlte-

368 1286 544 1344 sauris
582 1282 691 1337 suis
724 1293 947 1334 munera
988 1274 1239 1337 offerunt,
1290 1284 1510 1323 munera
1560 1267 1800 1335 inquam,
1856 1278 1961 1315 non

370 1378 522 1451 quasi
552 1372 776 1435 homini,
808 1369 902 1424 sed
933 1367 1081 1438 quasi
1115 1364 1243 1418 Deo.
1285 1360 1431 1417 Thus
1471 1359 1612 1413 enim
1656 1366 1711 1411 et
1741 1357 1923 1425 myrrlt

374 1446 470 1524 Dei
501 1463 731 1521 maxime
752 1458 1053 1533 symbolum
1081 1462 1217 1529 erat.
1245 1451 1384 1521 Quid
1412 1451 1570 1520 igitur
1590 1447 1692 1503 hoc
1720 1446 1822 1500 illis
1839 1460 1965 1499 sua-

375 1559 480 1616 sit?
509 1556 743 1626 ldipsum
770 1550 912 1622 quod
936 1545 1188 1604 excitavit
1212 1544 1353 1609 illos,
1380 1549 1437 1595 ut
1461 1540 1647 1595 relicta
1675 1536 1835 1591 domo
1854 1544 1969 1588 tan-

378 1660 493 1707 tum
539 1649 644 1704 iter
690 1643 1057 1713 susciperent:
1092 1635 1343 1690 nimirum
1386 1631 1539 1685 stella
1588 1638 1642 1682 et
1684 1626 1971 1683 illustratio

378 1744 576 1800 mentis
602 1759 631 1797 a
663 1743 774 1797 Deo
804 1739 934 1812 ipsis
964 1739 1164 1804 indita;
1191 1752 1311 1810 qum
1340 1735 1593 1807 paulatim
1621 1733 1741 1788 illos
1760 1732 1826 1789 ad
1850 1748 1969 1804 per-

381 1838 653 1898 fectiorem
684 1834 924 1889 notitiam
953 1830 1197 1888 deduxit.
1244 1829 1355 1883 Nisi
1384 1828 1528 1885 enim
1564 1841 1651 1882 res
1681 1826 1752 1880 ita
1782 1842 1840 1882 se
1871 1827 1970 1881 ha-

380 1931 555 1997 beret,
589 1942 711 1983 cum
738 1926 917 1981 omnia
946 1940 1067 1994 qua:
1093 1923 1215 1978 istic
1248 1921 1564 1987 videbantur
1612 1919 1735 1973 vilia
1765 1927 1969 1986 essent,

380 2037 490 2075 non
514 2022 563 2074 ei
609 2028 812 2074 tantum
858 2017 1226 2073 exhibuissent
1278 2015 1558 2069 honorem.
1614 2012 1738 2067 ideo
1791 2021 1970 2067 autem

380 2115 511 2169 nihil
532 2128 716 2169 eorum
738 2128 859 2184 qua:
888 2111 987 2169 sub
1014 2124 1229 2173 sensum
1249 2109 1440 2163 cadunt
1469 2107 1536 2161 ibi
1567 2122 1814 2173 magnum
1833 2113 1968 2172 erat,

378 2205 476 2261 sed
507 2219 767 2275 praesepe,
802 2201 1089 2271 tugurium,
1120 2209 1290 2255 mater
1333 2200 1510 2269 ineps,
1537 2207 1591 2251 ut
1620 2198 1812 2251 nudam
1853 2211 1970 2251 ma-

377 2313 569 2368 gorum
599 2295 986 2368 philosophiam
1005 2294 1317 2365 perSpicias,
1348 2301 1508 2364 atque
1533 2291 1731 2357 discas,
1751 2306 1844 2344 eos
1863 2306 1968 2343 non

379 2400 440 2445 ut
468 2389 738 2445 hominem
768 2402 979 2458 purum,
1009 2386 1102 2441 sed
1130 2395 1185 2441 ut
1204 2385 1377 2439 Deum
1397 2394 1450 2439 et
1477 2384 1773 2441 beneficum
1798 2383 1968 2451 ipsum

378 2482 598 2544 adiisse.
623 2482 962 2551 Quapropter
987 2480 1133 2535 nullo
1158 2495 1344 2550 eorum
1372 2495 1492 2549 quae
1522 2480 1854 2534 extrinsecus
1888 2477 1966 2531 vi-

377 2574 644 2630 debantur
668 2575 859 2631 offensi
907 2585 1050 2642 sunt,
1078 2576 1171 2633 sed
1200 2576 1491 2631 adorarunt
1515 2581 1570 2630 et
1595 2573 1730 2629 dona
1758 2571 1978 2627 obtule!

377 2676 523 2732 runt,
553 2682 671 2737 qua:
698 2667 835 2721 dona
866 2669 1090 2724 multum
1128 2683 1159 2724 a
1201 2667 1422 2723 Judaica
1467 2666 1710 2724 crassitie
1752 2666 1969 2722 dill‘ere-

380 2755 532 2825 bant.
560 2755 744 2828 Neque
773 2758 915 2815 enim
961 2773 1090 2815 oves
1140 2768 1194 2814 et
1240 2758 1435 2835 vitulos
1480 2758 1844 2821 immolarunt,
1874 2757 1968 2813 sed

378 2863 502 2918 quas
526 2847 902 2903 ecclesiasticae
927 2848 1277 2920 philosophia
1298 2849 1470 2917 vicina
1499 2858 1683 2921 erant:
1708 2849 1969 2916 siquidem

378 2939 681 3006 scientiam,
705 2940 1063 2999 obedientiam
1091 2952 1146 3005 et
1166 2941 1507 3007 dilectionem
1528 2941 1628 3011 ipsi
1649 2938 1968 2995 offerebant.

381 3027 473 3085 12.
499 3030 567 3086 Et
596 3048 838 3102 responso
864 3045 1070 3105 accepto
1098 3036 1151 3089 in
1179 3036 1389 3099 somnis,
1423 3052 1485 3089 ne
1515 3034 1734 3088 redirent
1760 3033 1828 3087 ad
1857 3032 1968 3089 lle-

378 3123 579 3188 rodem,
614 3139 705 3193 per
730 3124 884 3178 aliam
906 3126 1039 3179 riam
1070 3126 1254 3181 reversi
1291 3137 1408 3181 sunt
1442 3126 1495 3180 in
1520 3127 1772 3196 regionem
1801 3141 1968 3179 suam.

380 3215 481 3269 llic
502 3215 632 3270 mihi
659 3216 779 3271 vide
808 3217 967 3271 fidem
993 3218 1247 3292 ipsorum,
1273 3218 1542 3289 quomodo
1563 3234 1668 3273 non
1694 3216 1971 3273 offendan-

379 3316 489 3372 tur,
516 3307 610 3361 sed
638 3307 745 3362 sint
772 3309 937 3378 quieti
965 3317 1020 3364 et
1048 3309 1499 3378 obtemperantes,
1530 3325 1705 3380 neque
1748 3308 1972 3375 turben-

380 3408 486 3462 tur,
521 3413 693 3469 neque
724 3398 847 3454 talia
892 3409 1079 3456 mutuo
1124 3400 1443 3470 loquantur:
1470 3399 1611 3456 Sane
1655 3403 1698 3454 si
1748 3414 1971 3469 magnus

378 3490 471 3546 hic
497 3506 632 3563 puer
656 3500 756 3556 est,
787 3500 843 3547 et
865 3492 909 3546 si
948 3508 1107 3562 quam
1141 3491 1302 3548 habet
1340 3492 1651 3565 potentiam,
1683 3491 1809 3567 quid
1837 3504 1971 3561 opus

376 3584 500 3663 fuga
526 3593 581 3661 et
609 3584 817 3641 occulto
844 3584 1118 3640 discessu?
1145 3601 1243 3641 cur
1290 3599 1419 3641 vero
1462 3598 1560 3639 nos
1593 3584 1681 3653 qui
1714 3584 1886 3654 palam
1914 3591 1971 3639 et

376 3658 503 3753 cum
524 3673 715 3755 ﬁducia
737 3676 1060 3731 accessimus
1086 3676 1151 3731 ad
1178 3676 1433 3751 populum
1462 3683 1688 3741 tantum,
1712 3685 1763 3731 et
1787 3689 1981 3745 coram,

377 3763 590 3831 furente
615 3781 740 3836 rege
769 3766 1038 3832 stetimus,
1072 3766 1225 3838 quasi
1263 3765 1515 3839 fugitivos
1555 3784 1620 3821 ex
1648 3766 1860 3823 civitate
1886 3764 1970 3819 di-

381 3855 545 3921 mittit
568 3855 823 3927 angelus?
848 3857 918 3911 At
947 3855 1079 3913 nihil
1111 3855 1217 3911 tale
1245 3856 1329 3925 vel
1359 3856 1608 3912 dixerunt
1637 3856 1723 3910 vel
1761 3842 1965 3925 cegitaQ

378 3955 523 4002 runt.
555 3946 684 4002 Illud
712 3948 858 4004 enim
897 3949 1134 4015 maxime
1163 3948 1230 4003 ad
1256 3947 1413 4007 fidem
1458 3948 1711 4019 pertinet,
1744 3955 1802 4001 ut
1827 3947 1966 4003 nulla

375 4041 744 4105 mandatorum
777 4043 912 4095 ratio
941 4042 1267 4113 exquiratur,
1296 4045 1388 4096 sed
1410 4044 1574 4114 jussis
1606 4053 1807 4105 tantum
1837 4043 1959 4103 obe-

374 4134 573 4199 diatut‘.
601 4132 687 4195 1⁸5.
725 4134 827 4201 Qui
856 4151 967 4187 cum
996 4118 1256 4200 abiissent,
1280 4151 1390 4187 ecce
1417 4137 1625 4205 angelus
1642 4135 1846 4205 Domini
1865 4154 1964 4207 ap-

373 4225 545 4294 paruit
583 4224 636 4278 in
676 4226 865 4280 somnis
893 4224 1108 4296 Joseph,
1135 4226 1305 4279 dicens
1325 4242 1343 4279 :
1375 4225 1540 4297 Surge
1565 4238 1608 4283 et
1640 4229 1816 4299 accipe
1843 4244 1964 4299 pue-

373 4304 490 4370 rum
515 4324 562 4370 et
590 4323 801 4370 matrem
828 4317 955 4387 ejus,
980 4327 1026 4372 et
1053 4320 1170 4390 fuge
1196 4318 1248 4370 in
1277 4315 1586 4387 digyptum.
1618 4317 1716 4374 llic
1741 4317 1887 4377 subit
1909 4319 1963 4375 in

372 4418 612 4475 mentem
638 4410 881 4482 quaedam
908 4410 1170 4466 dubitatio
1199 4411 1342 4466 circa
1366 4425 1571 4481 magos,
1595 4419 1649 4466 et
1668 4411 1808 4468 circa
1827 4426 1964 4489 pue-

371 4518 516 4558 rum.
548 4500 661 4558 Etsi
691 4503 834 4571 enim
864 4503 941 4558 illi
971 4503 1164 4558 turbati
1194 4520 1300 4567 non
1329 4502 1456 4568 sint,
1481 4504 1573 4559 sed
1602 4503 1827 4559 fideliter
1849 4520 1966 4560 om-

372 4592 461 4648 nia
489 4593 846 4671 susceperint,
880 4594 1036 4649 nobis
1079 4604 1255 4648 tamen
1294 4593 1639 4664 quaerendum
1680 4594 1958 4661 incumbit,

371 4698 472 4741 cur
498 4699 606 4765 non
635 4693 687 4747 et
715 4684 791 4739 illi
823 4692 878 4741 et
913 4700 1047 4755 puer
1085 4695 1382 4759 praesentes
1420 4695 1729 4759 servantur;
1762 4684 1858 4741 sed
1886 4685 1964 4743 illi

372 4777 430 4831 in
462 4776 762 4855 Persidem,
795 4776 883 4845 hic
912 4778 966 4832 in
999 4776 1295 4849 ngyptum
1342 4794 1463 4833 cum
1511 4788 1683 4834 matre
1728 4777 1957 4850 fugatur.

372 4869 480 4941 Sed
511 4869 677 4947 quid?
703 4884 771 4924 an
801 4870 1091 4947 oportebat
1118 4870 1263 4925 illum
1293 4870 1526 4925 incidere
1557 4871 1607 4926 in
1636 4886 1825 4927 manus
1852 4871 1961 4927 He-

374 4938 546 5039 rodis;
572 4938 631 5020 et.
653 4938 869 5039 capttim
902 4978 1008 5018 non
1037 4963 1301 5019 interfici?
1329 4964 1398 5019 At
1423 4979 1526 5018 non
1568 4973 1806 5035 putatum
1834 4964 1962 5021 fuis-

372 5065 461 5111 set
488 5055 659 5131 ipsum
691 5056 962 5127 accepisse
1005 5071 1243 5126 carnem,
1278 5072 1449 5126 neque
1491 5057 1807 5113 oeconomia-
1844 5072 1962 5112 ma-

370 5147 597 5221 gnitudo.
623 5148 825 5223 credita
865 5147 1071 5204 fuisset.
1118 5148 1251 5211 Nam
1296 5148 1341 5202 si
1379 5148 1463 5203 his
1504 5150 1573 5205 ita
1600 5150 1784 5219 gestis,
1812 5158 1960 5221 post-

372 5255 534 5309 quam
561 5239 728 5311 multa
756 5238 991 5309 humano
1016 5240 1178 5299 modo
1216 5240 1523 5311 dispensata
1567 5252 1712 5308 sunt,
1744 5240 1959 5312 quidam

373 5330 556 5386 dicere
580 5331 695 5386 ausi
724 5339 849 5385 sunt
875 5331 1049 5386 carnis
1087 5333 1508 5401 assumptionem
1553 5346 1675 5387 esse
1703 5330 1958 5399 fabulam,

373 5438 483 5494 quo
511 5424 802 5495 impietatis
831 5440 937 5478 non
966 5424 1354 5499 prorupissent,
1377 5424 1421 5477 si
1452 5424 1626 5495 omnia
1652 5423 1832 5493 divino
1848 5439 1961 5491 rno-

373 5517 445 5571 do
471 5525 526 5572 et
551 5517 842 5577 secundum
868 5532 1017 5572 suam
1046 5504 1335 5597 potentiam
1374 5516 1624 5573 fecisset?
1660 5516 1839 5588 Magos
1862 5532 1959 5571 au-

376 5623 484 5668 tem
514 5612 769 5677 celeriter
798 5612 1015 5676 emittit,
1044 5611 1201 5666 simul
1228 5611 1481 5668 doctores
1511 5612 1728 5667 mittens
1759 5611 1810 5665 in
1836 5610 1960 5665 Per-

373 5721 556 5762 sarum
586 5706 883 5777 regionem,
912 5712 965 5760 et
997 5705 1207 5775 tyranni
1249 5705 1479 5761 furorem
1527 5712 1870 5776 praeverteris,
1906 5712 1959 5758 ut

2066 441 2350 501 edisceret,
2380 448 2440 487 se
2464 445 2552 486 res
2577 443 2694 500 qua:
2718 424 2830 478 ﬁeri
2862 436 2966 474 .ton
2992 426 3206 490 possent
3234 412 3468 485 aggredi,
3494 414 3651 464 iraa:-

2066 548 2170 603 que
2197 530 2313 600 ejus
2340 525 2574 590 sedaret,
2606 530 2659 576 et
2679 536 2707 574 a
2732 533 2867 570 vano
2889 512 3073 568 labore
3100 508 3417 603 retraheret.
3445 504 3522 558 Ad
3540 504 3655 603 eius

2068 595 2210 677 enim
2226 595 2536 690 potentiam
2582 611 2832 682 pertinet.
2878 621 2983 661 non
3017 602 3177 658 modo
3207 598 3451 654 inimicos
3484 595 3655 665 palam

2071 713 2373 786 prodigam,
2398 708 2492 763 sed
2523 707 2685 761 etiam
2730 705 2874 772 ipsos
2915 698 3067 753 facile
3095 694 3366 763 decipere.
3401 691 3492 746 Sic
3516 690 3658 743 enim

2070 803 2351 878 Egyptios
2383 802 2436 855 in
2469 797 2776 855 indecorum
2802 792 3024 863 gratiam
3049 788 3277 856 decepit.
3310 794 3357 839 et
3389 798 3509 839 cum
3541 794 3660 850 pos—

2072 910 2153 956 set
2171 896 2381 952 illornm
2401 892 2612 948 divitias
2638 888 2690 943 in
2715 900 2901 940 manus
2924 883 3265 938 llebrarorutn
3295 878 3466 949 palam
3489 883 3661 929 trans-

2071 982 2229 1045 ferre,
2274 978 2411 1034 clam
2439 977 2489 1031 id
2518 988 2572 1031 et
2599 991 2718 1032 cum
2750 979 2942 1031 astutia
2975 976 3088 1032 fieri
3115 976 3265 1047 jubet
3297 992 3312 1029 :
3348 977 3397 1030 id
3429 976 3569 1046 quod
3593 978 3658 1032 il-

2070 1073 2178 1128 lum
2210 1088 2313 1127 non
2334 1073 2508 1127 minus
2532 1070 2921 1127 formidabilem
2952 1071 3191 1125 hostibus
3208 1070 3479 1133 reddebat,
3500 1086 3657 1140 quam

2069 1164 2169 1217 alia
2201 1164 2374 1233 signa.

2100 1306 2103 1309 γ
2138 1255 2192 1310 2.
2238 1255 2525 1309 Potentiam
2550 1254 2640 1308 Dei
2662 1256 2718 1308 in
2740 1253 3047 1323 decipiendis
3074 1253 3296 1308 hostibus
3325 1253 3516 1306 elucere
3540 1254 3661 1306 olim

2069 1349 2289 1419 confessi
2308 1358 2424 1402 sunt
2442 1347 2763 1401 Ascaloniae.
2792 1345 3046 1400 Herodem
3072 1346 3251 1399 maluit
3275 1344 3413 1399 Deus
3434 1343 3663 1416 decipere

2067 1456 2218 1510 quam
2247 1440 2653 1510 perterrefacere.
2688 1437 2914 1492 Christus
2939 1452 3030 1490 cur
3054 1436 3107 1489 in
3137 1434 3212 1489 1E
3216 1446 3427 1507 gypmm
3455 1440 3656 1492 missus.

2069 1560 2136 1570 —
2156 1529 2475 1585 Ascalonita).
2505 1543 2733 1598 namque
2755 1528 3041 1598 caeterique
3068 1543 3253 1583 omnes
3277 1536 3553 1597 postquam
3575 1545 3660 1581 ar—

2068 1636 2187 1675 cam
2233 1629 2506 1691 ceperant,
2543 1619 2779 1690 percussi
2807 1618 3000 1674 deinde
3046 1619 3397 1674 hortabantur
3434 1634 3562 1674 suos
3591 1635 3658 1675 ne

2070 1721 2387 1787 pugnarent,
2419 1729 2593 1783 neque
2639 1712 2921 1768 adversum
2952 1721 3177 1777 starent,
3207 1727 3270 1767 ac
3298 1728 3417 1768 cum
3448 1713 3660 1767 caeteris

2070 1806 2348 1861 miraculis
2376 1804 2481 1860 hoc
2505 1804 2665 1861 etiam
2690 1806 2742 1860 in
2773 1805 3004 1860 medium
3036 1803 3370 1875 proferebant
3389 1804 3656 1861 dicentes:

2072 1901 2246 1964 Quare
2263 1899 2548 1971 aggravatis
2568 1898 2724 1953 corda
2746 1907 2929 1963 vestra,
2947 1898 3075 1952 sicut
3091 1898 3379 1969 aggravavit
3398 1896 3471 1950 1E
3474 1907 3660 1969 guptus

2069 2002 2115 2047 et
2148 1990 2394 2046 Pharao?
2420 2007 2587 2045 nonne
2614 2000 2877 2062 postquam
2899 1990 3058 2044 illusit
3085 1991 3176 2056 eis,
3207 1999 3323 2044 tunc
3354 1990 3544 2042 dimisit
3572 2006 3660 2058 po-

2071 2086 2245 2155 pulum
2274 2100 2441 2150 suum,
2474 2092 2518 2138 et
2542 2083 2773 2138 abierunt
2800 2084 2873 2154 (i.
2902 2083 3031 2153 Reg.
3054 2085 3107 2135 6.
3133 2080 3224 2155 6)?
3247 2082 3370 2137 limo
3389 2081 3656 2146 dicebant,

2070 2183 2318 2244 putantes
2346 2174 2447 2229 hoc
2479 2185 2807 2245 postremum
2837 2175 3045 2243 signum
3074 2190 3178 2228 non
3206 2174 3384 2228 minus
3412 2189 3534 2229 esse
3557 2190 3661 2229 cte-

2070 2266 2197 2320 teris
2225 2265 2399 2336 palam
2426 2266 2614 2334 gestis,
2640 2265 2704 2319 ad
2733 2266 2851 2335 ejus
2871 2265 3341 2320 demonstrandam
3368 2268 3656 2335 potentiam

2071 2370 2227 2427 :tque
2253 2357 2691 2428 magnitudinem.
2723 2358 2775 2411 Id
2805 2356 2947 2427 quod
2988 2357 3146 2411 etiam
3196 2358 3283 2412 ltic
3330 2356 3521 2412 factum
3554 2369 3655 2425 cst,

2070 2457 2381 2520 poteratque
2429 2457 2714 2521 tyrannum
2773 2449 3215 2519 perterrel’acere.
3274 2450 3658 2507 Animadverte

2068 2556 2297 2613 namque
2328 2550 2524 2613 quanta
2559 2557 2797 2612 passum,
2827 2550 2878 2595 et
2908 2550 3108 2610 quanto
3138 2540 3486 2609 prael'ocatum
3519 2557 3655 2596 niua—

2070 2649 2188 2689 rore
2211 2632 2477 2689 Herodem
2511 2634 2673 2688 fuisse
2704 2633 2993 2688 verisimile
3015 2634 3103 2693 sit.
3140 2633 3215 2687 sic
3240 2648 3270 2686 a
3299 2634 3467 2702 magis
3497 2633 3657 2690 dece-

2068 2738 2216 2798 ptum
2244 2734 2296 2782 et
2327 2727 2561 2781 illusum.
2592 2725 2728 2794 Quid
2757 2726 2923 2792 enim,
2957 2726 3000 2780 si
3044 2741 3148 2781 non
3179 2727 3371 2782 melior
3412 2729 3484 2782 sit
3525 2729 3655 2784 efl‘e-

2070 2819 2222 2874 ctns?
2252 2816 2300 2871 id
2333 2827 2479 2872 certe
2508 2833 2613 2871 non
2644 2817 2709 2871 ad
2737 2832 2861 2872 eum
2888 2816 2976 2886 qui
3008 2816 3123 2872 haec
3150 2817 3481 2888 dispensavit
3516 2822 3657 2874 refe-

2071 2910 2295 2965 rendum
2326 2918 2431 2974 est,
2465 2908 2557 2963 sed
2591 2908 2655 2962 ad
2686 2909 2953 2978 ingentem
2988 2910 3223 2963 furerent
3264 2910 3406 2965 illius
3430 2912 3519 2981 qui
3551 2929 3656 2966 non

2070 3001 2231 3054 cessit
2258 3000 2342 3067 iis,
2365 3016 2484 3070 qua:
2512 3000 2685 3070 ipsum
2712 3000 2975 3054 consolari
2998 3011 3052 3055 et
3077 3018 3105 3054 a
3135 3002 3368 3072 nequitia
3392 3003 3659 3059 abducere

2070 3092 2369 3156 debebant;
2402 3092 2495 3147 sed
2525 3092 2746 3147 ulterius
2793 3093 3074 3162 processit,
3123 3104 3180 3148 ut
3229 3104 3390 3150 tanta:
3439 3096 3659 3153 insania:

2070 3184 2339 3254 graviores
2370 3185 2535 3238 lueret
2570 3198 2775 3254 punias.
2808 3184 2872 3238 Et
2896 3200 3012 3252 cur,
3032 3183 3262 3255 inquies,
3292 3187 3343 3240 itt
3367 3186 3657 3259 Egypttnn

2071 3289 2201 3345 puer
2233 3275 2493 3328 mittitur?
2519 3275 2745 3329 Causam
2777 3275 2826 3329 in
2857 3276 3043 3344 primis
3088 3278 3304 3346 protulit
3334 3281 3656 3350 evangelista

2073 3368 2286 3423 dicens:
2316 3369 2399 3424 t5.
2418 3366 2487 3421 Ut
2513 3369 2806 3438 impleretur
2831 3369 2962 3421 illud
2981 3386 2999 3423 :
3029 3368 3112 3423 Em
3136 3368 3370 3441 {Egypto
3395 3375 3567 3426 vocavi
3591 3376 3660 3440 ﬁ-

2074 3459 2194 3513 lium
2217 3475 2382 3514 meum
2412 3459 2582 3531 (Osee.
2616 3462 2703 3515 Η.
2735 3462 2823 3528 i):
2854 3461 3119 3532 simulque
3148 3462 3302 3517 bona:
3327 3465 3441 3532 spei
3476 3481 3655 3535 prme-

2078 3561 2180 3613 mia
2204 3561 2299 3615 toti
2320 3559 2435 3615 orbi
2465 3564 2980 3632 prmnuntiabantor.
3005 3566 3137 3634 Quia
3174 3568 3318 3623 enim
3344 3570 3579 3643 Babylon
3613 3586 3662 3631 et

2077 3650 2342 3723 Egyptus
2372 3653 2491 3723 plus
2535 3670 2694 3726 quam
2744 3657 2980 3727 reliquus
3009 3660 3156 3715 orbis
3187 3661 3479 3732 impietatis
3506 3667 3664 3724 arde-

2078 3743 2203 3798 bant
2227 3743 2462 3813 llamma,
2488 3746 2556 3800 ab
2587 3749 2807 3803 exordio
2837 3748 3118 3807 declarans
3138 3768 3197 3807 se
3218 3756 3403 3810 ambas
3435 3756 3554 3814 illas
3584 3776 3662 3816 re-

2074 3835 2261 3906 giones
2285 3836 2714 3906 emendaturum,
2746 3851 2797 3895 et
2824 3841 2890 3896 ad
2932 3843 3149 3899 meliora
3180 3844 3551 3914 deducturum,
3603 3853 3661 3906 si.

2074 3928 2292 3997 mulque
2318 3943 2413 3998 per
2438 3928 2553 4005 haec
2581 3931 2820 3987 indicans
2846 3934 3004 3988 etiam
3034 3937 3126 3990 toti
3148 3946 3406 3993 terrarum
3434 3941 3549 3998 orbi
3578 3943 3661 3996 Lo-

2075 4032 2142 4071 na
2172 4020 2528 4088 exspectanda
2559 4036 2695 4087 esse,
2726 4032 2779 4077 et
2801 4040 2982 4091 magos
3006 4024 3169 4091 misit,
3192 4037 3246 4082 et
3269 4029 3380 4098 ipse
3404 4046 3528 4086 cum
3556 4049 3662 4087 mn-

2075 4116 2154 4162 tre
2184 4124 2277 4162 sua
2311 4110 2583 4179 profectus
2613 4120 2714 4167 est.
2761 4114 2840 4168 Ad
2873 4114 2989 4170 hzcc
3017 4131 3146 4171 vero
3175 4118 3316 4173 aliud
3347 4122 3505 4176 etiam
3540 4123 3666 4181 inde

2071 4196 2346 4266 docemur,
2371 4201 2515 4272 quod
2539 4218 2643 4256 non
2672 4219 2858 4273 parum
2886 4222 2983 4262 nos
3013 4208 3079 4263 ad
3107 4208 3497 4281 philOSopliiam
3530 4215 3664 4273 inci-

2074 4296 2169 4343 tet.
2196 4289 2483 4358 Quodnam
2507 4293 2837 4361 iilud?Quod
2861 4296 2928 4351 ab
2948 4297 3062 4367 ipso
3092 4298 3241 4354 initio
3271 4303 3590 4361 tentationes
3616 4317 3666 4362 rt

2074 4382 2307 4451 pericula
2339 4384 2449 4439 sint
2473 4387 2853 4461 exspectanda.
2878 4388 3005 4445 Vide
3024 4406 3253 4463 namque
3274 4393 3325 4449 id
3354 4394 3453 4466 ipsi
3482 4397 3551 4451 ab
3581 4399 3665 4453 in-

2071 4474 2347 4529 cunabulis
2373 4477 2651 4532 accidisse.
2680 4477 2815 4533 Nam
2833 4479 2921 4534 illo
2940 4490 3065 4535 nato
3091 4480 3216 4537 furit
3238 4494 3520 4556 tyrannus;
3544 4488 3669 4543 hinc

2071 4565 2190 4636 fuga
2217 4576 2270 4622 ct
2293 4568 2688 4640 transmigratio
2718 4571 2768 4625 in
2792 4572 2966 4627 exsilii
2993 4573 3190 4639 locum,
3213 4585 3267 4630 et
3289 4578 3473 4634 insons
3496 4590 3673 4635 mater.

2071 4656 2123 4710 in
2156 4656 2503 4713 barbarorum
2546 4661 2819 4731 regionem
2851 4678 2911 4719 se
2955 4664 3179 4734 proripit
3205 4684 3219 4720 :
3249 4676 3307 4720 ut
3338 4677 3391 4722 tu
3421 4669 3540 4724 inec
3564 4685 3662 4722 an—

2070 4749 2224 4805 diens
2250 4751 2430 4820 aliquo
2457 4752 2718 4821 spirituali
2745 4755 3041 4810 ministerio
3080 4757 3344 4828 dignatus,
3389 4761 3434 4815 si
3464 4762 3664 4819 videris

2071 4851 2120 4894 te
2143 4840 2259 4896 dira
2285 4843 2575 4912 patientem
2606 4885 2621 4909 ,
2650 4854 2705 4898 et
2746 4845 2884 4899 inter
2906 4857 3156 4901 sexcenta
3184 4860 3488 4904 versantem
3521 4853 3664 4922 peri-

2068 4931 2208 4996 enla,
2232 4948 2298 4987 ne
2324 4933 2575 5000 turberis,
2604 4949 2736 4989 neve
2760 4935 2940 4990 dicas:
2963 4935 3224 5004 Quidnam
3247 4938 3347 4993 hoc
3368 4942 3485 4996 est?
3505 4957 3662 5011 Opor-

2071 5022 2214 5077 tebat
2243 5023 2421 5093 utique
2447 5039 2535 5079 me
2559 5026 2825 5088 coronari,
2857 5026 3081 5089 laudari,
3106 5028 3309 5084 clarum
3329 5041 3383 5085 et
3400 5031 3681 5090 illustrem.

2069 5126 2208 5177 esse,
2232 5114 2322 5182 qui
2344 5114 2653 5169 mandatum
2683 5116 2888 5171 Domini
2920 5117 3202 5186 impleam:
3228 5119 3321 5175 sed
3349 5121 3452 5178 hoc
3480 5140 3661 5181 exem-

2071 5202 2158 5271 plo
2187 5201 2348 5257 fultus
2378 5204 2585 5259 fortiter
2614 5205 2774 5270 feras,
2801 5209 3180 5277 gnarus,,hanc
3199 5214 3522 5282 cumprimis
3540 5232 3661 5272 esse

2056 5283 2423 5363 'spiritualium
2454 5295 2691 5351 virorum
2715 5307 2938 5365 sortem,
2969 5306 3030 5354 ut
3058 5300 3256 5372 ubique
3278 5306 3660 5361 tentationiluns

2078 5392 2423 5463 impetantur.
2453 5395 2834 5452 Animadverte
2850 5396 3013 5468 igitur
3027 5397 3081 5453 id
3097 5410 3205 5453 non
3215 5397 3393 5454 solum
3419 5414 3584 5469 puero
3600 5412 3657 5458 ct

2077 5487 2235 5542 matri
2253 5488 2498 5544 accidere
2520 5489 2535 5520 ¹
2562 5507 2575 5555 ;
2609 5491 2702 5544 sed
2720 5490 2884 5545 etiam
2908 5491 3159 5548 barbaris
3177 5492 3299 5547 illis.
3340 5489 3469 5544 Nam
3494 5501 3545 5547 et
3573 5493 3651 5548 tilt

2124 5706 2138 5736 ι
2170 5702 2286 5762 Alii,
2315 5700 2364 5752 id
2396 5715 2491 5752 non
2514 5704 2669 5753 solum
2691 5700 2835 5753 δησινὲ
2853 5701 2995 5765 pueri
3018 5702 3255 5754 accidere.
