4052 6436
461 321 527 378 83

450 452 586 506 clam
619 451 898 507 discedunt
919 451 1069 521 quasi
1096 449 1330 519 fugitivi;
1364 459 1418 502 et
1440 449 1574 510 luec,
1602 464 1721 518 qua:
1759 463 2044 518 numquam

454 562 484 600 θ
512 545 670 599 domo
691 559 902 613 egressa
929 543 1117 606 fuerat,
1139 553 1241 594 tam
1266 541 1478 608 longum
1501 548 1552 592 et
1573 552 1928 593 tertnnnusum
1950 540 2047 593 iter

454 637 728 704 suscipere
749 634 982 704 jubetur,
1017 633 1083 687 ob
1116 632 1410 686 mirabilem
1438 629 1579 684 hunc
1600 630 1796 684 editqu
1825 645 2046 700 puerum

453 735 507 780 et
533 724 859 794 spiritualem
889 733 1120 792 partum.
1151 719 1282 776 Rem
1310 721 1500 774 iterum
1530 720 1843 789 stttpentlatn
1872 723 2050 794 consi-

454 813 605 870 dera.
653 814 934 868 Palmstiua
966 811 1265 875 insidiatur,
1298 811 1562 882 Egyplus
1606 823 1737 865 vero
1765 811 1968 880 exeipit
1997 822 2050 866 et

455 924 633 969 servat
663 912 868 969 insidiis
897 916 1214 986 impetitum.
1246 917 1428 988 Neque
1449 921 1588 974 enim
1613 932 1816 978 tantum
1849 925 1902 979 in
1928 925 2051 982 filiis

454 1005 794 1076 patriarclim,
825 1007 919 1062 sed
951 1008 1110 1063 etiam
1144 1010 1194 1063 in
1227 1011 1451 1064 Domino
1483 1013 1589 1083 typi
1620 1024 1671 1068 et
1699 1013 1877 1085 figura:
1915 1033 2046 1073 con-

455 1100 710 1170 tigerunt.
740 1101 843 1155 Per
871 1116 931 1155 ea
953 1102 1094 1155 enim
1136 1118 1252 1170 qua:
1279 1103 1346 1157 ab
1390 1104 1501 1173 ipso
1526 1115 1673 1174 gesta
1701 1116 1846 1173 sunt,
1881 1110 2046 1164 multa

456 1192 952 1261 prmnuutiabantur
979 1210 1186 1253 eorum,
1219 1211 1336 1263 quae
1368 1206 1548 1264 postea
1579 1206 1832 1253 eventura
1860 1210 2046 1255 erant:

452 1285 594 1354 quod
613 1294 666 1339 et
687 1287 741 1339 in
771 1287 917 1338 asina
947 1295 1000 1340 et
1025 1287 1074 1339 in
1107 1286 1248 1354 pullo
1280 1286 1474 1342 factum
1504 1298 1604 1343 est.
1635 1291 1867 1360 Angelus
1889 1292 2048 1361 igitur

454 1377 542 1447 qui
572 1378 836 1446 apparuit,
872 1393 975 1430 non
1007 1378 1246 1442 Mariam,
1279 1379 1373 1434 sed
1396 1379 1686 1452 Josephum
1716 1382 2041 1454 alloquitur:

451 1479 500 1518 et
535 1467 659 1534 quid
690 1467 853 1521 dicit?
902 1467 1128 1539 Surgens
1159 1472 1330 1539 accipe
1359 1488 1573 1541 puerum
1610 1484 1660 1528 et
1699 1485 1910 1532 matrem
1935 1477 2046 1544 eius

452 1558 673 1627 (Matth.
705 1562 752 1614 l.
787 1560 904 1629 20)..
950 1562 1046 1616 llic
1073 1578 1176 1617 non
1209 1565 1343 1618 ultra
1370 1565 1516 1626 dicit.
1550 1564 1827 1640 Conjugem
1867 1584 2043 1638 tuam;

451 1651 566 1714 sed,
595 1644 813 1705 Matrem
845 1654 971 1722 ejus.
1000 1653 1131 1718 Quia
1163 1657 1303 1708 enim
1340 1666 1522 1724 partus
1544 1659 1784 1729 contigit,
1811 1663 2044 1732 SltSplCiO

449 1743 625 1798 soluta
654 1750 758 1806 est,
792 1753 845 1796 et
877 1744 989 1796 viro
1017 1744 1150 1799 tides
1177 1742 1313 1799 facta
1342 1757 1445 1812 est,
1479 1749 1647 1805 libere
1665 1749 1776 1820 jam
1811 1752 2043 1824 loquitur

451 1835 696 1904 angelus,
731 1850 905 1905 neque
932 1836 1094 1890 tilium
1128 1853 1299 1908 neque
1337 1841 1616 1911 conjugcm
1666 1842 1782 1913 ejus
1825 1844 2040 1912 dicens;

450 1927 567 1993 sed,
601 1926 825 1982 Puerum
854 1937 900 1981 et
931 1937 1139 1983 matrem
1160 1931 1300 2001 ejus;
1326 1943 1372 1984 et
1392 1934 1513 2006 fuge
1532 1935 1584 1989 in
1610 1934 1897 2009 ngyptum
1914 1956 1934 2004 ;
1963 1941 2044 1994 t'u-

451 2033 637 2087 gazque
681 2033 895 2075 causam
947 2019 1094 2074 addit
1128 2039 1141 2074 :
1172 2021 1427 2077 Futurum
1467 2034 1539 2080 est
1579 2027 1732 2094 enim,
1765 2029 1950 2099 inquit,
1987 2040 2041 2084 ut

457 2109 688 2165 Herodes
710 2122 904 2181 quaerat
928 2115 1150 2178 animam
1177 2116 1342 2186 pueri.

511 2295 563 2350 ὃ.
583 2293 616 2348 J
623 2295 798 2365 oscp/u’
812 2295 1116 2352 tau—llis
1127 2297 1321 2352 auditis
1335 2297 1532 2369 Joseph
1552 2314 1658 2354 non
1674 2299 1906 2357 oﬂ‘ensus
1928 2310 2031 2371 est,

441 2406 613 2460 neque
649 2390 783 2445 dixit
814 2410 825 2444 :
869 2391 1119 2463 Ainigma
1165 2404 1248 2448 est
1284 2392 1407 2448 hoc.
1451 2392 1530 2447 Tu
1562 2409 1729 2464 nuper
1769 2394 1984 2451 dicebas
2017 2413 2030 2452 :

439 2482 649 2535 Salvum
667 2483 816 2555 faciet
832 2482 1075 2553 papulum
1091 2499 1241 2538 suum
1255 2481 1471 2554 (Matth.
1489 2484 1510 2537 l
1525 2523 1539 2538 .
1557 2483 1649 2557 2i)
1671 2503 1682 2539 :
1703 2501 1841 2540 nunc
1855 2495 2034 2542 autem

435 2587 536 2627 nec
575 2573 808 2641 seipsum
845 2581 1018 2640 potest
1047 2589 1262 2628 servare
1283 2614 1296 2639 ,
1334 2573 1428 2627 sed
1452 2571 1572 2643 fuga
1600 2575 1753 2630 nobis
1785 2583 1868 2631 est
1900 2591 2034 2646 opus

436 2673 488 2717 et
511 2664 938 2734 peregrinatione
957 2679 1021 2719 ac
1038 2663 1322 2736 longinqua
1356 2666 1819 2737 transmigratione
1843 2669 1867 2722 ?
1895 2668 2035 2724 Con-

437 2755 593 2808 traria
616 2765 740 2808 sunt
771 2755 882 2808 hare
909 2757 1246 2823 promissioni
1277 2765 1400 2811 ItllB.
1429 2757 1537 2812 Sed
1564 2757 1696 2814 nihil
1725 2759 2028 2829 hujusmodi

435 2845 611 2910 dixit;
646 2844 814 2899 ﬁdelis
845 2847 988 2900 enim
1036 2849 1114 2900 vir
1151 2855 1307 2912 erat;
1341 2863 1513 2918 neque
1542 2851 1866 2905 reversionis
1897 2860 2030 2906 tem-

437 2951 534 3006 pus
560 2936 794 3006 inquirit,
818 2937 1025 2991 etiamsi
1043 2939 1261 3008 angelus
1282 2937 1557 2995 indeﬁnite
1582 2939 1834 3010 loquutus
1855 2953 2026 3011 esset;

435 3044 558 3083 nam
600 3029 674 3082 ait
706 3046 718 3081 :
755 3027 876 3082 Esto
904 3029 968 3082 ibi
996 3071 1010 3092 ,
1057 3031 1336 3100 usquedum
1364 3032 1528 3084 dicam
1559 3033 1668 3086 tibi.
1714 3033 1909 3088 Verum
1941 3035 2029 3092 ille

437 3136 544 3174 non
582 3120 706 3174 ideo
734 3119 950 3190 segnior
993 3119 1162 3174 factus
1192 3131 1307 3187 est,
1340 3122 1434 3176 sed
1475 3131 1626 3192 paret
1664 3131 1719 3179 et
1753 3124 2029 3198 obtempe-

437 3221 535 3277 rat,
573 3213 1000 3282 natationesque
1027 3228 1215 3268 omnes
1241 3229 1361 3268 cum
1391 3214 1584 3284 gaudio
1609 3216 1820 3272 tolerat.
1849 3218 2030 3275 Enim—

434 3321 559 3367 vero
590 3305 847 3374 benignus
881 3306 1019 3360 Deus
1049 3305 1132 3359 his
1159 3306 1428 3362 laboribus
1468 3306 1648 3365 dulcia
1681 3311 1892 3366 miscuit
1928 3331 1942 3368 :
1974 3315 2027 3370 id

426 3411 568 3474 quod
598 3409 755 3462 etiam
785 3409 838 3462 in
877 3411 1075 3466 sanctis
1107 3413 1355 3468 omnibus
1397 3418 1647 3470 observat
1679 3434 1694 3471 :
1723 3433 1897 3489 neque
1921 3436 2015 3492 pe-

425 3497 611 3566 ricula,
645 3515 820 3570 neque
847 3502 1078 3570 quietem
1106 3505 1416 3560 continuam
1447 3517 1666 3577 praestat
1692 3549 1708 3575 ,
1737 3510 1832 3566 sed
1860 3523 1914 3566 et
1937 3513 2018 3570 his

424 3600 478 3646 et
513 3591 618 3647 illis
660 3595 964 3664 permixtim
1002 3600 1192 3667 positis
1239 3601 1403 3654 vitam
1447 3600 1717 3671 iustorum
1758 3605 2013 3660 ordinat:

425 3680 478 3734 id
504 3683 645 3753 quod
676 3684 835 3738 etiam
877 3685 963 3741 hic
985 3687 1110 3742 fecit
1142 3707 1156 3743 :
1190 3689 1348 3761 idque
1390 3693 1688 3761 perpendas
1717 3695 1898 3748 velim.
1932 3695 2020 3750 Vi-

422 3773 516 3829 det
551 3775 640 3831 ille
663 3775 932 3847 Virginem
962 3789 1170 3836 uterum
1199 3793 1498 3852 gestantem
1529 3803 1541 3839 :
1573 3801 1634 3840 ea
1663 3787 1729 3841 de
1754 3804 1812 3844 re
1841 3789 2016 3844 turba-

424 3874 529 3932 tur,
556 3875 610 3921 ct
633 3867 917 3925 admodum
940 3873 1131 3928 anxius
1156 3883 1236 3927 est
1262 3891 1275 3927 :
1299 3874 1592 3929 adulteram
1617 3877 1760 3932 enim
1790 3878 2016 3948 puellam

421 3975 541 4016 esse
585 3961 995 4031 suspicabatur;
1044 3965 1139 4020 sed
1181 3967 1360 4021 statim
1403 3967 1608 4023 adstitit
1634 3970 1854 4040 angelus
1880 4011 1894 4036 ,
1925 3971 2013 4042 qui

420 4052 778 4121 suspicionem
804 4054 1036 4110 solveret
1065 4071 1128 4112 ac
1160 4067 1356 4112 metum
1389 4058 1712 4116 eliminaret.
1767 4061 1902 4116 Cum
1932 4065 2012 4117 vi-

419 4144 496 4196 dit
517 4153 695 4199 natum
729 4160 971 4214 puerum,
999 4147 1193 4218 gaudio
1224 4164 1417 4220 magno
1443 4152 1689 4220 perfusus
1721 4163 1805 4208 est
1843 4172 1857 4208 :
1887 4171 2013 4208 rur-

420 4250 643 4304 sumque
679 4237 928 4305 gaudium
973 4237 1278 4306 hujusmodi
1321 4242 1612 4310 periculum
1642 4262 1746 4299 non
1779 4261 2006 4314 parvum

420 4329 656 4398 excipit,
695 4329 911 4386 civitate
960 4332 1265 4400 perturbata
1293 4373 1309 4399 ,
1352 4348 1416 4389 ac
1459 4350 1584 4406 rege
1613 4336 1846 4404 furente,
1883 4354 2013 4409 pue-

422 4436 646 4490 rumque
677 4423 1036 4490 perquirente.
1089 4423 1158 4478 At
1200 4426 1656 4496 perturbationem
1691 4428 1837 4483 illam
1868 4429 2014 4482 aliud

420 4512 671 4581 gaudium
700 4513 918 4583 excipit,
949 4515 1101 4570 stella
1129 4531 1337 4587 nempe,
1363 4525 1418 4574 et
1447 4533 1724 4588 magorum
1747 4519 2003 4575 adoratio.

423 4611 635 4667 Rursus
681 4627 810 4667 vero
853 4623 977 4683 post
1015 4613 1156 4668 hanc
1181 4613 1444 4677 laetitiam,
1489 4613 1652 4667 timor
1691 4626 1755 4666 ac
1781 4608 2001 4680 pericu-

422 4703 566 4759 lum:
604 4703 993 4771 Quaeritenim,
1022 4705 1234 4775 inquit,
1266 4703 1505 4761 Herodes
1545 4703 1782 4758 animam
1816 4700 2006 4772 pueri;

424 4793 729 4864 iterumque
807 4794 1120 4866 fugiendum
1203 4805 1288 4850 est
1364 4805 1418 4848 et
1504 4790 2002 4863 transmigrandum

424 4888 666 4944 humano
732 4906 918 4957 more;
988 4889 1230 4945 nondum
1307 4889 1452 4944 enim
1521 4885 1783 4940 miracula
1845 4883 2009 4965 edere

426 4983 729 5052 oportebat.
822 4981 955 5036 Nam
1003 4983 1045 5037 si
1098 4999 1128 5036 a
1171 4981 1347 5053 prima
1399 4986 1555 5033 astate
1593 4975 1857 5031 miracula
1884 4974 2000 5029 edi-

425 5073 616 5141 disset,
648 5074 809 5128 homo
839 5091 944 5128 non
969 5075 1207 5130 creditus
1241 5072 1454 5129 fuisset.
1504 5068 1714 5125 Idcirco
1740 5083 1847 5125 non
1868 5067 2001 5123 sim—

428 5166 639 5235 pliciter
667 5167 928 5236 templum
951 5166 1239 5233 t‘ormatur,
1262 5165 1354 5220 sed
1375 5163 1513 5219 uteri
1528 5172 1710 5216 tumor
1727 5159 2001 5230 conspici-

429 5267 534 5323 tur,
556 5265 611 5311 et
638 5272 828 5311 novem
865 5259 1133 5312 mensium
1156 5257 1417 5326 spatium,
1451 5262 1503 5311 et
1525 5263 1736 5325 partus,
1769 5261 1822 5306 et
1844 5253 2002 5304 lactls

429 5348 841 5414 nutrimentum,
873 5348 1028 5417 quies
1056 5363 1151 5417 per
1179 5348 1407 5402 multum
1445 5345 1728 5416 temporis;
1759 5353 1891 5398 aetas
1919 5342 2001 5396 vi-

430 5434 547 5490 rilis
579 5443 946 5506 exspectatur,
980 5444 1039 5488 ιιι
1069 5452 1167 5505 per
1195 5437 1375 5490 omnia
1405 5436 1654 5490 eridibile
1680 5435 2001 5488 redderetur

431 5527 748 5578 meonomiae
779 5525 1115 5596 mysterium.
1144 5524 1260 5590 Qua
1290 5540 1419 5595 ergo
1447 5527 1514 5580 de
1550 5539 1736 5589 causa,
1761 5522 2000 5592 inquies,

435 5614 546 5669 haec
577 5616 646 5670 ab
695 5617 851 5670 initio
902 5616 1043 5670 facta
1081 5623 1208 5670 sunt
1238 5615 1433 5684 signa?
1479 5615 1705 5685 Propter
1734 5619 1960 5666 matrem
1985 5652 2002 5679 ,

431 5715 648 5774 propter
676 5703 991 5772 Josepltum,
1014 5712 1236 5769 propter
1267 5704 1572 5761 Simeonem
1592 5704 1818 5775 jamjam
1843 5703 2011 5758 mori-

1666 332 1730 388 IN
1770 333 2177 391 illATTllAiUll
2221 332 2448 391 ilOMiL.
2492 334 2624 394 ΠΠ.

3680 357 3748 416 86

2165 470 2361 532 turum,
2415 479 2632 538 propter
2687 477 2954 538 pastores,
3005 475 3225 544 propter
3275 487 3480 546 magos,
3527 487 3746 548 propter

2159 553 2390 610 Judaeos.
2423 555 2480 613 Si
2520 559 2662 613 enim
2691 559 2753 614 iis
2779 577 2897 631 qua:
2923 563 3244 632 gerebantur
3271 577 3521 624 accurate
3550 571 3749 626 voluiso

2159 655 2279 701 sent
2302 647 2598 714 attendere,
2633 665 2739 707 non
2771 669 2989 722 parvum
3022 656 3146 712 hinc
3173 655 3238 712 ad
3268 657 3506 714 futurum
3536 670 3748 731 tempus

2161 737 2392 795 fructum
2435 743 2761 798 retulissent.
2796 746 2946 812 Quod
2991 748 3037 803 si
3067 748 3341 820 propheta:
3368 751 3435 808 de
3465 754 3636 825 magis
3667 755 3748 809 ni-

2159 831 2228 884 hil
2265 827 2576 902 praedicant,
2619 851 2687 891 ne
2728 837 2847 892 ideo
2878 839 3143 908 turberis;
3179 858 3352 913 neque
3389 845 3533 899 enim
3563 842 3752 902 omnia

2157 924 2551 994 praedixerunt,
2601 943 2774 1000 neque
2812 930 2968 986 etiam
3024 934 3202 988 omnia
3253 944 3553 992 tacuerunt.
3595 938 3752 996 Sicut

2153 1013 2296 1067 enim
2338 1014 2481 1070 nulla
2511 1032 2570 1071 re
2596 1029 2722 1074 ante
2745 1021 2921 1076 audita
2941 1063 2956 1089 ,
3005 1039 3093 1078 res
3122 1023 3426 1094 hujusmodi
3455 1039 3634 1100 gestas
3663 1032 3744 1086 ti-

2151 1102 2299 1171 dere,
2331 1123 2580 1178 magnum
2626 1121 2936 1182 stuporem,
2984 1131 3337 1188 magnamque
3387 1124 3747 1198 perturbatio-

2153 1212 2273 1252 nem
2319 1202 2664 1270 peperisset:
2710 1205 2788 1260 sic
2817 1207 2859 1259 si
2893 1207 3072 1262 omnia
3114 1209 3426 1266 didicissent
3469 1213 3744 1272 auditores

2150 1287 2431 1346 dorniituri
2475 1303 2659 1358 erant,
2705 1311 2804 1352 nec
2852 1298 3138 1369 quidquam
3177 1305 3515 1374 evangelistis
3548 1303 3746 1364 fuisset

2151 1379 2416 1437 relictum.
2448 1385 2600 1452 Quod
2640 1386 2686 1442 si
2731 1387 2798 1442 de
2839 1389 3114 1459 prophetia
3158 1394 3433 1464 ambigant
3459 1395 3628 1451 Judaei
3657 1397 3743 1453 di-

2149 1481 2356 1540 centes,
2389 1474 2555 1542 illud,
2590 1475 2675 1532 Ea:
2714 1478 2948 1551 ngypto
2991 1483 3161 1536 vocavi
3204 1484 3368 1551 ﬁlium
3411 1503 3575 1540 meum
3599 1529 3614 1552 ,
3670 1488 3743 1544 de

2147 1563 2384 1634 seipsis‘
2429 1565 2633 1622 dictum
2682 1584 2802 1625 esse
2849 1589 2861 1623 :
2915 1573 3352 1642 respondebimus
3403 1577 3545 1641 illis,
3597 1577 3742 1634 hunc

2145 1653 2306 1708 etiam
2338 1671 2458 1712 esse
2487 1657 2784 1729 prophetiae
2816 1677 3042 1729 morem,
3073 1675 3134 1718 ut
3163 1666 3326 1720 multa
3357 1683 3502 1738 sn-pe
3528 1669 3596 1724 de
3615 1670 3740 1726 aliis

2144 1743 2410 1811 dicantur,
2441 1760 2496 1805 et
2536 1751 2587 1805 in
2635 1753 2756 1808 aliis
2783 1752 3127 1823 impleantur,
3175 1758 3334 1828 quale
3361 1759 3490 1814 illud
3524 1761 3594 1816 de
3627 1761 3736 1833 Sy-

2145 1850 2302 1892 mean
2349 1846 2405 1895 et
2431 1837 2558 1894 Levi
2601 1841 2799 1897 dictutn
2833 1862 2846 1897 :
2875 1841 3114 1900 Dividam
3147 1863 3234 1902 eos
3274 1849 3328 1902 in
3369 1847 3552 1916 Iacob,
3575 1861 3625 1906 et
3649 1852 3734 1907 di-

2143 1945 2379 2003 spergam
2406 1948 2493 1987 eos
2539 1934 2592 1988 in
2637 1933 2803 1990 Israel
2829 1935 2998 2007 (.Gen.
3025 1937 3116 1993 49.
3141 1937 3218 2012 7)
3249 1958 3262 1994 :
3290 1939 3343 1995 id
3368 1942 3510 1997 enim
3543 1959 3650 1999 non
3679 1944 3734 2001 in

2142 2016 2293 2092 ipsis,
2327 2024 2422 2080 sed
2461 2025 2514 2080 in
2545 2027 2776 2097 posteris
2807 2042 2992 2084 eorum
3026 2029 3300 2101 impletum
3345 2044 3429 2089 est
3462 2052 3476 2089 :
3508 2044 3562 2090 et
3603 2035 3734 2092 illud

2140 2115 2282 2186 quod
2308 2115 2376 2172 de
2400 2117 2652 2176 Chanaan
2681 2136 2709 2173 a
2741 2120 2852 2176 Noe
2879 2124 3273 2192 pronuntiatum
3305 2135 3388 2181 est
3406 2167 3420 2192 ,
3467 2125 3734 2185 Gabaoni-

2143 2207 2209 2263 tis
2238 2223 2302 2264 ex
2348 2211 2515 2282 stirpe
2549 2211 2820 2268 Chanaani
2850 2216 3093 2286 contigit.
3140 2217 3292 2284 Quod
3327 2218 3498 2287 ipsum
3528 2218 3734 2278 Iacobo

2141 2298 2300 2354 etiam
2348 2303 2608 2358 accidisse
2653 2305 3069 2374 deprehenditur
3103 2326 3115 2362 :
3144 2307 3543 2367 benedictiones
3584 2313 3730 2368 enim

2140 2389 2262 2457 illm,
2293 2389 2415 2448 Esto
2445 2394 2680 2451 dominus
2700 2398 2874 2467 fratris
2908 2400 3017 2465 tui,
3053 2409 3100 2455 et
3137 2401 3348 2455 adorent
3371 2411 3420 2457 te
3439 2405 3531 2472 ﬁlii
3571 2407 3733 2476 patris

2138 2483 2211 2536 tui
2254 2481 2426 2556 (Gen.
2463 2487 2556 2540 27.
2605 2487 2747 2559 29),
2796 2503 2900 2542 non
2935 2490 2987 2544 in
3019 2490 3134 2560 ipso
3171 2491 3331 2547 tinem
3377 2508 3732 2567 acceperunt,

2137 2573 2454 2645 (quomodo
2500 2579 2647 2634 enim
2684 2579 2752 2632 ad
2805 2579 2979 2649 ipsum
3033 2583 3322 2651 pertineat,
3373 2587 3465 2656 qui
3507 2587 3726 2645 fratrem

2137 2665 2359 2721 timebat
2381 2668 2768 2738 tremebatque,
2802 2687 2866 2727 ac
2884 2676 3188 2730 sexcenties
3217 2677 3386 2746 ipsum
3415 2679 3726 2754 adoravit?)

2134 2756 2228 2812 sed
2266 2758 2336 2813 de
2377 2759 2527 2828 prole
2562 2759 2678 2831 ejus
2704 2761 2905 2818 dictum
2949 2775 3051 2820 est.
3094 2766 3253 2834 Quod
3283 2770 3443 2824 etiam
3475 2771 3578 2828 hoc
3604 2773 3732 2830 loco

2135 2846 2240 2904 diei
2269 2849 2454 2919 possit.
2485 2849 2616 2918 Quis
2639 2853 2782 2906 enim
2814 2855 2999 2910 verius
3029 2857 3118 2911 Dei
3147 2857 3289 2914 filius
3313 2860 3522 2918 dicatur
3549 2882 3565 2917 :
3590 2880 3658 2921 an
3678 2868 3726 2921 is

2134 2953 2224 3022 qui
2271 2951 2490 3007 vitulum
2538 2954 2798 3020 adoravit,
2828 2965 2883 3011 et
2929 2957 3277 3030 Beelphegori
3329 2963 3564 3018 initiatus
3610 2973 3719 3034 est,

2133 3042 2331 3112 quique
2377 3042 2515 3099 ﬁlios
2558 3061 2684 3102 suos
2733 3047 3016 3106 darmoniis
3065 3051 3401 3120 immolavit;
3430 3069 3495 3108 an
3539 3055 3586 3112 is
3624 3055 3720 3126 qui

2135 3143 2324 3188 natura
2373 3134 2512 3189 ﬁlius
2561 3148 2712 3204 erat,
2759 3150 2811 3194 et
2854 3140 3152 3210 genitorem
3180 3142 3460 3200 honoravit
3489 3145 3719 3218 iliaque

2134 3223 2236 3278 nisi
2275 3224 2364 3280 hic
2392 3227 2724 3296 advenisset,
2761 3231 3040 3302 prophetia
3071 3233 3288 3305 dignum
3334 3252 3443 3293 non
3473 3237 3716 3295 habitura

2131 3313 2293 3372 tinem
2314 3328 2450 3374 erat.

2130 3673 2315 3741 uisset,
2347 3692 2454 3732 non
2503 3680 2832 3752 implendum
2879 3687 3008 3745 illud
3036 3691 3219 3748 fuisse.
3270 3696 3381 3751 lloc
3419 3714 3546 3756 vero
3588 3699 3716 3756 Vir-

2125 3766 2306 3836 ginem
2347 3770 2518 3840 ipsam
2563 3791 2669 3830 non
2713 3779 3053 3838 mediocriter
3080 3785 3280 3842 claram
3307 3788 3472 3846 efﬁcit
3497 3801 3552 3848 et
3591 3792 3716 3849 illu-

2126 3866 2310 3914 strem.
2357 3861 2488 3917 Nam
2520 3868 2662 3935 quod
2695 3879 2836 3926 totus
2882 3874 3108 3942 pepulus
3151 3881 3379 3935 encomii
3411 3881 3527 3938 loco
3549 3883 3716 3940 habe-

2124 3948 2233 4018 hat,
2289 3954 2388 4010 hoc
2435 3957 2606 4026 ipsum
2661 3961 2858 4019 habere
2889 3968 3060 4036 potuit
3099 3978 3152 4025 et
3183 3971 3317 4042 ipsa.
3367 3975 3519 4042 Quod
3566 3977 3713 4033 enim

2123 4044 2286 4100 altum
2332 4051 2611 4119 sapiebant
2655 4064 2708 4110 et
2759 4072 2881 4113 sese
2929 4059 3204 4129 jactabant
3258 4066 3327 4122 ob
3368 4068 3595 4123 reditum
3641 4087 3708 4126 ex

2123 4134 2378 4208 Egypto,
2416 4141 2436 4210 (
2469 4141 2520 4196 id
2572 4145 2713 4214 quod
2762 4149 3106 4206 subindicans
3151 4155 3405 4224 pmpheta
3453 4158 3708 4227 dicebat,

2121 4227 2308 4286 Nonne
2345 4235 2653 4306 alienigenas
2695 4241 2890 4295 adduxi
2928 4243 2992 4296 de
3026 4241 3372 4315 Cappadocia,
3397 4260 3446 4304 et
3475 4252 3712 4323 Assyrios

2117 4337 2183 4375 ea:
2205 4325 2349 4391 fovea
2373 4325 2436 4398 3)
2485 4330 2502 4398 (
2534 4332 2687 4385 Amos
2719 4331 2773 4386 9.
2803 4333 2860 4403 7)
2915 4334 3042 4389 illud
3092 4337 3260 4407 ipsum
3301 4344 3705 4414 prterogativam

2117 4412 2352 4485 Virginis
2381 4418 2520 4473 facit.
2550 4419 2662 4475 lmo
2689 4439 2818 4496 vero
2848 4436 2902 4480 et
2932 4428 3155 4496 populus
3181 4440 3235 4485 et
3275 4412 3573 4500 patriarcha
3603 4436 3703 4491 de-

2116 4507 2434 4578 scendentes
2459 4520 2513 4566 et
2537 4514 2888 4572 ascendentes
2945 4519 3085 4585 inde,
3133 4521 3284 4577 istius
3322 4539 3579 4582 ascensus
3605 4543 3705 4584 seu

2114 4597 2316 4654 reditus
2355 4610 2534 4672 typum
2568 4605 2880 4673 implebant.
2922 4609 3055 4666 Nam
3097 4613 3170 4668 illi
3197 4614 3612 4685 descenderunt,
3644 4630 3705 4676 ut

2114 4701 2340 4746 mortem
2391 4709 2458 4748 ex
2492 4694 2631 4752 fame
2677 4697 3043 4758 imminentem
3089 4704 3418 4776 eﬂugerent;
3449 4709 3534 4766 hic
3571 4726 3703 4769 vero

2111 4789 2168 4835 ut
2196 4782 2385 4838 vitaret
2420 4796 2648 4842 mortem
2674 4789 2882 4848 insidiis
2909 4804 3168 4863 paratam.
3199 4798 3269 4852 At
3293 4798 3367 4854 illi
3390 4813 3458 4855 eo
3485 4803 3700 4858 venien-

2179 5452 2195 5482 ί
2230 5451 2415 5534 Morel,
2435 5454 2497 5506 de
2517 5459 2700 5523 seipsis,
2723 5466 2776 5513 ut
2801 5463 2850 5538 in
2870 5470 3023 5518 textu.
3054 5470 3214 5545 Savil.,
3236 5474 3299 5526 de
3315 5473 3418 5527 illo.
3437 5485 3705 5550 utrumque

2179 5523 2259 5550 l'h‘I.
2298 5522 2408 5550 nam
2441 5525 2706 5550 canunt-Iam
2739 5539 2950 5550 ...ηις-Α...
2986 5530 3157 5550 l-_.-___
3180 5549 3189 5550 κ
3295 5544 3312 5550 -
3365 5539 3376 5550 ι
3427 5541 3438 5550 .

2112 5509 2262 5602 3.0.9,?-
2289 5509 3702 5602 ἕξτιὶ..εεειξέέέἓίξίἔνὶέξςέῑίί’ῖιὶεῑῖόιῖεὶὲιι“”πῖι’‹ἳέί“ῖι“ίέἕῖ›“¹ειῖιῗ

2109 5570 2952 5667 Ἇῐξὶίέιι.,¹ἕεξωλξίέζείξέιὶηιέέξέιῇζῆἒιὲἦὲ
2981 5570 3247 5667 Ὲέ
3266 5570 3444 5667 εξῖἕῆἐ
3459 5570 3700 5667 alii?

2109 5636 2231 5723 gu‘t't'd
2237 5636 2662 5723 “postgriorem
2686 5636 2804 5723 verti
2825 5636 3256 5717 aiééiiéiﬁfi'd'nBB
3266 5636 3699 5723 “dy

2107 5696 2225 5745 Cum
2249 5696 2411 5760 priore
2433 5714 2662 5758 consonat
2687 5696 2915 5764 manus.
