4066 6462
360 367 429 430 εἴ
1014 391 1076 447 s.
1113 390 1400 445 JUANNIS
1435 389 1932 447 unmsosmm
1969 391 2289 444 ARCHIEI’.
2326 391 2869 451 CONSTANTINOP.
3545 384 3618 443 86

360 487 455 539 καὶ
515 483 812 557 περιφανῆ,
864 482 1187 556 πρόσταγμα
1244 482 1550 556 πληροῦντα
1598 484 1931 537 δεσποτικὴ·

355 577 473 631 ἀλλ’
523 576 665 648 ἔχων
715 574 875 630 τοῦτο
934 575 992 630 τὸ
1039 576 1359 649 ὑπόδειγμα,
1397 577 1567 650 φέρῃς
1597 576 1775 631 πάντα
1810 593 1934 645 γεν-

356 668 544 730 ναίως,
576 667 734 730 εἰδὼς
772 668 854 721 ὅτι
895 666 1125 738 μάλιστα
1160 667 1299 740 αὕτη
1339 669 1447 723 τῶν
1476 668 1858 738 πνευματικῶν
1901 670 1933 739 ἡ

355 756 651 812 ἀκολουθία
678 757 815 824 ἐστὶ,
853 756 912 810 τὸ
939 757 1213 829 πανταχοῦ
1255 759 1593 829 πειρασμοὺς
1631 756 1932 827 συγκεκλη-

359 845 642 917 ρωμένους
683 844 847 915 ἔχειν.
878 845 1021 916 Ὅρα
1052 845 1184 914 γοῦν
1214 847 1314 900 οὐκ
1343 847 1435 900 ἐπὶ
1471 847 1568 917 τῆς
1603 846 1807 916 μητρὸς
1840 846 1935 901 καὶ

355 935 452 991 τοῦ
496 934 546 967 ⁷⁸
583 936 797 989 παιδίου
838 936 997 991 τοῦτο
1021 938 1301 1008 γινόμενον
1337 937 1516 1008 μόνον,
1545 936 1682 992 ἀλλά
1716 938 1810 991 καὶ
1843 938 1935 992 ἐπὶ

354 1032 467 1088 τῶν
499 1033 792 1107 βαρϐάρων
827 1036 1068 1091 ἐκείνων.
1098 1038 1209 1091 Καὶ
1237 1036 1344 1109 γὰρ
1378 1038 1573 1091 ἐκεῖνοι
1603 1036 1779 1109 λάθρα
1798 1037 1934 1091 ἀνα-

354 1125 631 1197 χωροῦσιν
667 1128 726 1180 ἐν
750 1126 898 1195 τάξει
933 1128 1205 1198 φυγάδων·
1247 1129 1341 1183 καὶ
1378 1127 1517 1200 αὕτη
1560 1129 1741 1193 πάλιν,
1782 1127 1932 1182 οὐδέ-

357 1232 491 1269 ποτε
535 1216 637 1288 τὴν
678 1216 854 1271 οἰκίαν
895 1218 1200 1290 ύπερϐἄσα,
1241 1219 1458 1292 μακρὰν
1489 1218 1634 1274 οὕτω
1662 1219 1935 1273 ταλαιπω-

358 1305 481 1376 ρίας
525 1309 646 1362 όδὸν
687 1308 980 1381 ὑπομένειν
1025 1309 1327 1375 κελεύεται,
1366 1310 1455 1365 διά
1488 1310 1580 1364 τὸν
1624 1308 1935 1382 θαυμαστὸν

355 1398 545 1453 τοῦτον
577 1401 736 1455 τόκον
766 1402 861 1455 καί
889 1401 986 1466 τὰς
1027 1403 1401 1473 πνευματικὰς
1445 1402 1658 1467 ὠδῖνας.
1688 1402 1799 1457 Καὶ
1839 1401 1937 1458 θέα

360 1492 423 1544 τὸ
465 1493 770 1564 παράδοξον
814 1495 996 1550 πάλιν.
1045 1495 1375 1567 Παλαιστίνη
1430 1497 1528 1567 μὲν
1576 1496 1933 1562 ἐπιϐουλεύει,

361 1583 639 1652 Αἴγυπτος
685 1586 742 1640 δέ
790 1586 1109 1658 ὑποδέχεται
1163 1587 1269 1641 καὶ
1295 1588 1548 1653 διασώζει
1592 1589 1684 1642 τὸν
1723 1589 1938 1643 ἐπιϐου-

356 1684 666 1756 λευόμενον.
692 1684 768 1738 Οὐ
791 1683 901 1756 γὰρ
925 1682 991 1755 δὴ
1023 1683 1182 1754 μόνον
1209 1683 1301 1737 ἐπὶ
1326 1682 1435 1737 τῶν
1460 1682 1669 1737 παίδων
1698 1682 1794 1736 τοῦ
1824 1697 1931 1737 πα·-

354 1773 618 1846 τριάρχου
659 1771 820 1828 τύποι
850 1772 1183 1835 συνέϐαινον,
1217 1773 1356 1827 ἀλλά
1391 1773 1499 1827 κατ
1518 1773 1606 1827 ἐπ’
1640 1773 1803 1827 αὑτοῦ
1835 1771 1931 1827 τοῦ

354 1865 647 1919 Δεσπότου.
684 1863 866 1918 Πολλά
891 1863 1022 1934 γοῦν
1044 1864 1133 1918 διά
1174 1863 1282 1921 τῶν
1324 1866 1415 1919 ὑπ’
1442 1864 1608 1919 αὑτοῦ
1635 1863 1932 1936 γινομένων

352 1957 477 2011 τότε
512 1955 1020 2029 προανεκηρύττετο
1058 1955 1169 2009 τῶν
1199 1956 1426 2029 ὕστερον
1457 1956 1775 2027 συμϐαίνειν
1805 1955 1932 2027 μελ-

253 2063 258 2066 ·
352 2046 575 2102 λόντων·
605 2047 738 2117 ὅπερ
760 2041 855 2099 οὖν
879 2046 974 2099 καί
999 2045 1094 2099 ἐπὶ
1119 2045 1220 2116 τῆς
1242 2046 1365 2100 δνου
1393 2045 1488 2099 καὶ
1510 2045 1603 2099 ἐπὶ
1630 2044 1727 2100 τοῦ
1751 2044 1932 2099 πώλου

351 2137 570 2207 γέγονε.
619 2137 814 2201 ⁴Ιδανείς
856 2137 1037 2192 τοίνυν
1083 2139 1111 2192 6
1159 2136 1412 2207 ἄγγελος,
1451 2138 1573 2208 οὑχὶ
1613 2140 1679 2209 τῇ
1721 2138 1930 2211 Μαρίᾳ,

352 2228 495 2284 ἀλλά
543 2228 623 2300 τῷ
675 2226 873 2299 Ἰωσὴφ
914 2227 1238 2297 διαλέγεται·
1284 2229 1380 2281 καὶ
1408 2227 1464 2281 τί
1502 2245 1704 2299 φησιν;
1740 2229 1935 2299 Ἐγερ-

350 2320 481 2386 θεὶς
512 2320 820 2389 παράλαϐε
850 2318 915 2373 τὸ
954 2318 1194 2373 παιδίον
1218 2318 1317 2374 καί
1341 2319 1457 2389 τὴν
1476 2318 1705 2389 μητέρα
1722 2319 1928 2376 αὐτοῦ.

267 2411 273 2415 ’
364 2410 633 2464 Ἐνταῦθα
681 2409 867 2464 οὐκέτι
904 2409 1074 2478 λέγει,
1129 2413 1248 2478 Τὴν
1300 2409 1559 2480 γυναῖκά
1599 2427 1736 2476 σου,
1771 2409 1929 2477 ἀλλά,

357 2500 480 2570 Τὴν
525 2499 753 2570 μητέρα
801 2498 1011 2555 αὐτοῦ.
1059 2499 1276 2571 Ἐπειδὴ
1328 2500 1438 2573 γάρ
1472 2502 1500 2555 ό
1549 2501 1706 2565 τόκος
1747 2500 1930 2572 ἐξέϐη,

350 2591 450 2644 καὶ
509 2592 542 2661 ή
593 2590 798 2661 ὑποψία
842 2589 1028 2660 ἐλύθη,
1070 2590 1166 2644 καὶ
1208 2590 1238 2642 6
1283 2590 1422 2662 ἀνὴρ
1461 2590 1757 2661 ἐπιστώθη,
1793 2591 1934 2660 μετά

352 2680 666 2751 παρρησίας
709 2678 895 2732 λοιπὸν
933 2678 1235 2748 διαλέγεται
1274 2679 1303 2731 6
1335 2680 1583 2748 ἄγγελος,
1629 2679 1753 2733 οὗτε
1801 2697 1931 2734 παι-

348 2771 485 2837 δίον,
534 2771 659 2826 ούτε
714 2774 949 2842 γυναῖκα
999 2769 1163 2825 αὑτοῦ
1200 2769 1398 2825 καλῶν·
1432 2772 1586 2835 ἀλλὰ,
1619 2771 1932 2841 Παράλαϐε

349 2864 419 2918 τὸ
484 2863 721 2918 παιδίον
776 2863 875 2918 καὶ
919 2861 1034 2931 τὴν
1068 2861 1297 2932 μητέρα
1334 2862 1520 2917 αὑτοῦ
1542 2878 1557 2891 ⁸
1610 2863 1707 2917 καὶ
1749 2864 1933 2934 φεῦγε

345 2956 435 3021 είς
459 2955 779 3024 Αιγυπτον·
823 2955 915 3009 καὶ
934 2952 1033 3026 τὴν
1052 2953 1229 3006 αἰτίαν
1253 2952 1398 3022 λέγει
1420 2953 1516 3025 τῆς
1536 2954 1731 3024 φυγῆς·
1768 2953 1925 3008 Μέλ-

344 3048 443 3099 λει
474 3046 580 3115 γὰρ
606 3048 639 3100 ό
670 3044 948 3114 Ἡρώδης,
997 3044 1152 3115 φησί,
1184 3042 1376 3112 ζητεῖν
1418 3045 1534 3113 τὴν
1572 3043 1786 3115 ψυχὴν
1817 3046 1926 3101 τοῦ

345 3134 611 3190 παιδίου.

416 3230 490 3293 γ’.
509 3223 695 3278 Ταῦτα
716 3223 954 3288 ἀκούσας
973 3224 1002 3278 6
1032 3222 1227 3296 Ἰωσὴφ
1249 3223 1349 3279 οὐκ
1367 3224 1783 3298 ἐσκανδαλίσθη,
1804 3226 1926 3280 οὐδὲ

341 3312 520 3369 εἶπεν·
545 3316 781 3385 Αἰνιγμα
808 3315 869 3370 τὸ
893 3315 1125 3387 πρᾶγμά
1152 3316 1320 3370 ἐστιν·
1344 3317 1405 3371 οὑ
1425 3317 1472 3350 ⁷⁸
1495 3316 1687 3389 πρώην
1715 3316 1921 3388 ἔλεγες,

342 3403 504 3478 ίίὲὅ]
529 3406 611 3460 ὅτι
646 3405 807 3460 σώσει
830 3407 923 3461 τὸν
953 3407 1083 3460 λαὸν
1114 3406 1312 3473 αὑτοῦ;
1341 3407 1435 3462 καί
1465 3407 1561 3462 νῦν
1582 3408 1702 3462 οὐδὲ
1733 3409 1923 3464 ἐαυτὸν

344 3498 532 3563 σώζει,
572 3499 709 3554 ἀλλά
736 3502 913 3573 φυγῆς
944 3500 1076 3571 ἡμῖν
1114 3498 1292 3571 χρεία,
1323 3499 1421 3554 καὶ
1459 3499 1789 3572 ἀποδημίας,
1826 3500 1922 3554 καί

348 3582 568 3661 μακρᾶς
597 3591 978 3662 μεταστάσεως
1003 3591 1069 3624 ⁷⁸·
1096 3589 1314 3644 ἐναντία
1345 3594 1412 3663 τῇ
1440 3590 1731 3662 ὑποσχέσει
1755 3592 1826 3647 τά
1842 3609 1923 3662 γι-

344 3684 569 3753 νόμενα.
621 3681 759 3736 Ἀλλ’
790 3681 944 3736 οὐδὲν
974 3680 1179 3737 τούτων
1219 3681 1388 3751 λέγει·
1421 3683 1611 3746 πιστὸς
1646 3683 1756 3756 γὰρ
1798 3679 1867 3756 ἦν
1892 3685 1922 3738 6

343 3773 506 3844 ἀνήρ·
541 3771 662 3826 οὐδὲ
694 3772 1113 3844 περιεργάζεται
1159 3772 1258 3844 τῆς
1282 3773 1541 3828 ἐπανόδου
1578 3774 1670 3828 τὸν
1706 3774 1917 3847 χρόνον,

342 3863 441 3917 καὶ
467 3862 639 3917 ταῦτα
676 3861 769 3917 τοῦ
799 3863 1031 3933 ἀγγέλου
1064 3863 1384 3936 ἀδιορίστως
1411 3864 1571 3920 αὑτὸν
1593 3865 1916 3932 τεθεικότος·

345 3953 503 4020 Ἕως
532 3955 642 4023 γὰρ
667 3953 745 4007 ἂν
770 3953 918 4007 εἴπω
940 3968 1059 4018 σοι,
1099 3953 1225 4007 ἷσθι
1256 3952 1398 4011 ἐκεῖ.
1441 3953 1580 4007 Ἀλλ’
1617 3954 1767 4025 ὅμως
1799 3955 1920 4009 ούδέ

341 4043 483 4118 πρὸς
506 4043 662 4098 τοῦτο
695 4043 1017 4116 ἐνάρκησεν,
1051 4043 1166 4098 ἀλλ’
1200 4043 1464 4099 ὑπακούει
1510 4045 1608 4098 καὶ
1648 4045 1917 4109 πείθεται,

343 4137 559 4200 πάντας
583 4134 722 4207 μετά
748 4136 922 4209 χαρᾶς
951 4135 1076 4198 τοὺς
1099 4137 1439 4207 πειρασμοὺς
1466 4136 1768 4208 ὑπομένων.
1807 4137 1915 4191 Καὶ

339 4239 455 4312 γάρ
489 4242 519 4295 6
545 4240 920 4313 φιλάνθρωπος
949 4241 1083 4307 Θεὸς
1122 4243 1233 4305 τοῖς
1265 4239 1541 4304 ἐπιπόνοις
1575 4239 1785 4303 τούτοις
1820 4237 1917 4293 καὶ

340 4332 477 4403 ἡδέα
526 4331 800 4404 ἀνέμιξεν·
852 4333 988 4404 ὅπερ
1039 4331 1135 4387 καὶ
1185 4331 1278 4387 ἐπὶ
1330 4330 1546 4385 πάντων
1591 4329 1701 4383 τῶν
1744 4329 1915 4399 ἀγίων

342 4427 507 4490 ποιεί,
536 4423 659 4479 οὔτε
687 4426 815 4488 τοὺς
840 4423 1138 4489 κινδύνους,
1164 4421 1286 4477 οὗτε
1310 4421 1412 4487 τάς
1436 4421 1650 4485 ἀνέσεις
1676 4423 1917 4492 συνεχεῖς

338 4516 534 4580 τιθεὶς,
574 4515 708 4570 ἀλλά
732 4515 827 4569 καί⁸
850 4514 937 4568 διά
960 4514 1167 4568 τούτων
1195 4515 1289 4566 καὶ
1323 4513 1390 4567 δι’
1423 4511 1646 4567 ἐκείνων
1675 4511 1918 4580 ὑφαίνων

338 4609 435 4663 τὸν
466 4608 575 4663 τῶν
614 4609 836 4664 δικαίων
875 4608 1008 4680 βίον.
1042 4607 1108 4661 Ὃ
1149 4606 1214 4677 δὴ
1243 4606 1339 4660 καὶ
1377 4602 1609 4659 ἐνταῦθα
1629 4603 1915 4674 πεποίηκε·

341 4700 540 4757 σκόπει
571 4701 699 4774 γάρ.
742 4697 863 4756 Εἰδε
898 4701 1136 4755 κύουσαν
1168 4699 1267 4772 τὴν
1297 4697 1592 4769 Παρθένον·
1633 4698 1714 4761 εἰς
1747 4712 1918 4768 ταρα-

339 4797 444 4868 χὴν
488 4793 650 4849 αὑτὸν
686 4793 905 4848 ἐνέϐαλε
942 4791 1120 4859 τοῦτο,
1150 4793 1246 4846 καὶ
1275 4790 1368 4844 τὸν
1400 4789 1626 4861 ἔσχατον
1669 4788 1914 4860 θόρυϐον·

338 4886 437 4942 ἐπὶ
480 4886 699 4960 μοιχεία
722 4885 832 4959 γὰρ
865 4885 964 4958 τὴν
992 4885 1161 4958 κόρην
1195 4883 1533 4937 ὑπώπτευεν·
1566 4881 1682 4935 ἀλλ’
1716 4879 1918 4946 εὐθέως

339 4978 547 5052 ἐπέστη
575 4980 605 5034 6
632 4977 884 5049 ἄγγελος,
907 4977 1012 5048 τήν
1036 4993 1097 5031 τε
1126 4974 1362 5046 ὑποψίαν
1388 4974 1552 5041 λύων,
1582 4973 1678 5027 καὶ
1703 4971 1795 5026 τὸν
1823 4970 1919 5040 φό-

341 5068 437 5125 ϐον
466 5070 704 5142 ἀναιρῶν
730 5068 935 5123 τοῦτον·
965 5067 1062 5122 καὶ
1086 5065 1146 5120 τὸ
1176 5065 1387 5120 παιδίον
1423 5063 1615 5136 τεχθὲν
1632 5062 1795 5136 ὀρῶν,
1820 5078 1919 5133 χα-

342 5161 445 5235 ρὰν
475 5159 840 5233 ἐκαρπώσατο
873 5158 1156 5231 μεγίστην.
1190 5156 1363 5212 Πάλιν
1391 5155 1490 5227 τὴν
1511 5148 1686 5228 χαρὰν
1711 5152 1918 5225 ταύτην

340 5252 585 5316 κίνδυνος
615 5252 691 5315 οὑν
720 5249 910 5324 μικρὸς
947 5249 1270 5321 διαδέχεται,
1293 5247 1396 5319 τῆς
1421 5246 1629 5311 πόλεως
1659 5260 1918 5317 ταραττο-

343 5344 534 5414 μένης,
588 5340 682 5396 καὶ
733 5339 826 5394 τοῦ
870 5340 1135 5412 βασιλέως
1180 5338 1528 5411 μαινομένου,
1571 5336 1666 5392 καὶ
1705 5336 1796 5391 τὸν
1823 5352 1916 5390 τε·

341 5434 539 5505 χθέντα
561 5432 961 5505 ἐπιζητοῦντος.
1002 5430 1162 5485 Ἀλλά
1182 5432 1273 5485 τὸν
1294 5430 1521 5504 θόρυϐον
1544 5427 1734 5486 τοῦτον
1755 5426 1918 5498 ἑτέρα

342 5525 508 5581 πάλιν
547 5523 819 5589 διεδέξατο
854 5521 1016 5595 χαρά·
1068 5523 1098 5576 6
1141 5521 1339 5595 ἀστὴρ,
1374 5521 1469 5576 καὶ
1508 5522 1543 5593 η
1582 5518 1692 5573 τῶν
1726 5519 1917 5591 μάγων

341 5617 737 5692 προσκύνησις.
767 5614 940 5670 Πάλιν
981 5613 1119 5686 μὲτά
1156 5612 1256 5684 τὴν
1295 5612 1491 5684 ἡδονὴν
1521 5610 1725 5682 ταύτην
1752 5609 1919 5681 φόϐος

2057 489 2151 543 καὶ
2190 488 2448 552 κίνδυνος·
2479 489 2661 558 Ζητεῖ
2688 488 2818 559 γὰρ,
2860 505 2934 561 φη
2946 488 3044 553 fw,
3093 488 3345 558 Ἡρώδης
3369 491 3486 559 τὴν
3510 496 3628 562 ψυ-

2055 578 2176 649 χὴν
2196 577 2304 634 τοῦ
2335 576 2594 633 παιδίου·
2622 579 2716 633 καὶ
2749 578 2826 632 δεὶ
2857 580 3048 649 φυγεῖν
3078 580 3172 633 καί
3204 578 3556 650 μεθίστασθαι
3579 581 3626 614 ’⁷

2055 671 2428 744 ἀνθρωπίνως.
2461 671 2906 742 Θαυματουργεῖν
2948 671 3058 743 γὰρ
3099 671 3234 736 τέως
3268 673 3368 725 οὑκ
3402 673 3527 727 ἔδει.
3562 675 3626 727 Εἰ

2054 763 2162 833 γὰρ
2192 764 2261 821 ,ἐκ
2289 762 2509 835 πρώτης
2546 763 2762 834 ἡλικίας
2790 761 3039 834 θαύματα
3067 761 3395 830 ἐπεδείξατο,
3422 764 3531 817 οὐδ’
3559 764 3626 818 ἂν

2052 853 2312 924 ἐνομίσθη
2349 852 2632 925 ἄνθρωπος
2659 848 2817 904 εἶναι.
2859 853 2959 906 Διά
2984 869 3066 905 τοι
3100 851 3258 905 τοῦτο
3283 852 3404 905 οὑδέ
3438 853 3626 918 ἁπλῶς

2052 940 2178 1006 ναὸς
2205 941 2516 1005 πλάττεται,
2547 939 2683 994 ἀλλά
2716 940 2808 993 καὶ
2837 940 3032 1012 κύησις
3062 940 3288 1009 γίνεται,
3316 941 3410 994 καὶ
3444 943 3625 995 ἐννεα-

2055 1036 2303 1107 μηνιαῖος
2332 1034 2542 1106 χρόνος,
2570 1032 2665 1087 καί
2688 1032 2899 1097 ὠδῖνες,
2928 1034 3019 1086 καὶ
3038 1033 3208 1097 τόκος,
3233 1035 3325 1087 καί
3352 1032 3498 1106 [124]
3526 1050 3624 1103 γα-

2049 1125 2430 1196 λακτοτροφία,
2459 1125 2552 1178 καὶ
2585 1124 2675 1178 διὰ
2700 1123 2899 1187 παντὸς
2925 1123 3120 1194 ἡσυχία
3142 1122 3238 1176 τοῦ
3278 1123 3490 1195 χρόνου,
3531 1124 3624 1178 καὶ

2049 1218 2311 1290 ἀναμένει
2350 1217 2449 1287 τὴν
2497 1215 2720 1287 ἀνδράσι
2771 1215 3086 1286 πρέπουσαν
3139 1214 3374 1286 ἠλικίαν·
3421 1214 3509 1269 ἵνα
3535 1212 3624 1268 διὰ

2048 1311 2266 1366 πάντων
2297 1307 2697 1381 εὑπαράδεκτον
2723 1307 2947 1378 γένηται
2974 1306 3075 1377 τῆς
3099 1306 3407 1376 οἰκονομίας
3433 1305 3510 1359 τὸ·
3525 1324 3622 1377 μυ-

2048 1401 2287 1472 στήριον.
2318 1398 2474 1462 Τίνος
2504 1394 2597 1452 οὖν
2623 1396 2810 1451 ἕνεκεν
2848 1395 3137 1450 καὶταῦτα
3171 1396 3239 1449 τὰ
3273 1398 3473 1467 σημεῖα
3501 1395 3625 1465 ἐγέ-

2045 1508 2187 1557 νετο,
2236 1488 2420 1561 φησὶν,
2463 1489 2521 1554 ἐξ
2569 1488 2780 1559 ἀρχῆς;
2825 1486 2925 1539 Διά
2963 1486 3062 1556 τὴν
3103 1485 3334 1556 μητέρα,
3387 1485 3474 1540 διὰ
3527 1486 3624 1540 τὸν

2058 1586 2275 1656 Ἰωόὴφ,
2327 1585 2415 1638 διὰ
2459 1585 2552 1639 τὸν
2602 1587 2826 1658 Συμεὼν
2873 1591 3132 1660 μέλλοντα
3161 1595 3378 1649 ἀπιέναι
3413 1597 3617 1660 λοιπὸν,

2042 1675 2133 1729 διὰ
2163 1676 2289 1739 τοὺς
2328 1676 2612 1747 ποιμένας,
2643 1679 2730 1733 διά
2766 1680 2894 1745 τοὺς
2930 1682 3157 1753 μάγους,
3198 1686 3285 1740 διὰ
3324 1690 3450 1752 τοὺς
3489 1690 3618 1744 Ἰου-

2043 1765 2245 1848 δαίους.
2290 1767 2354 1820 Εἰ
2397 1768 2506 1842 γὰρ
2536 1770 2818 1826 ἐϐούλοντο
2851 1776 3139 1846 προσέχειν
3174 1779 3311 1847 μετά
3337 1781 3618 1853 ἀκριϐείας

2043 1860 2156 1921 τοῖς
2184 1858 2506 1930 γινομένοις,
2546 1861 2609 1914 οὐ
2653 1864 2824 1934 μικρά
2871 1865 2965 1918 καὶ
3004 1867 3249 1921 ἐντεῦθεν
3291 1869 3356 1923 ἂν
3385 1873 3520 1943 πρὸς
3550 1875 3620 1927 τά

2047 1949 2305 2020 μέλλοντα
2342 1951 2750 2023 ἐκαρπώσαντο.
2778 1955 2840 2007 Εἰ
2863 1955 2919 2008 δὲ
2951 1956 3026 2028 μὴ
3056 1956 3302 2027 λέγουσιν
3331 1961 3381 2013 οἰ
3407 1961 3620 2034 Προφῆο

2042 2058 2133 2095 ται
2178 2040 2246 2094 τὰ
2290 2043 2420 2114 περὶ
2470 2043 2580 2097 τῶν
2626 2046 2834 2116 μάγων,
2870 2045 2944 2117 μὴ
2988 2047 3312 2119 θορυϐηθῇς·
3348 2050 3472 2105 οὔτε
3509 2053 3618 2123 γάρ

2044 2128 2223 2183 πάντα
2250 2131 2529 2200 προεῖπον,
2555 2130 2679 2186 οὔτε
2707 2134 2881 2188 πάντα
2906 2133 3240 2205 ἐσιώπησαν.
3272 2137 3481 2211 Ὥσπερ
3507 2141 3617 2213 γὰρ

2041 2219 2102 2272 1:6
2137 2219 2305 2290 μηδὲν
2333 2220 2672 2287 ἀκούσαντας
2703 2223 2830 2278 ἰδεῖν
2865 2227 3277 2297 παραγινόμενα
3303 2228 3350 2261 ⁷⁸
3376 2229 3447 2283 τά
3476 2233 3618 2302 πρά-

2042 2327 2247 2380 γματα,
2285 2311 2486 2382 πολλὴν
2511 2313 2683 2366 ἐποίει
2718 2314 2817 2384 τὴν
2844 2315 3102 2385 ἔκπληξιν
3136 2317 3231 2370 καὶ
3253 2318 3345 2373 τὸν
3367 2318 3615 2391 θόρυϐον·

2040 2400 2181 2454 οὕτω
2225 2401 2321 2454 καὶ
2352 2402 2414 2455 τὸ
2452 2402 2632 2457 πάντα
2670 2403 2860 2475 μαθεῖν
2910 2405 3188 2461 καθεύδειν
3238 2410 3616 2480 παρεσκεύαζε

2040 2491 2128 2544 τὸν
2177 2494 2472 2565 ἀκροατὴν,
2517 2496 2614 2548 καὶ
2656 2498 2770 2561 τοῖς
2810 2497 3222 2566 εὐαγγελισταῖς
3263 2500 3415 2555 οὐδὲν
3464 2505 3616 2572 ἠφίει

2040 2583 2219 2640 πλέον.
2257 2585 2321 2638 Εἰ
2346 2585 2401 2639 δέ
2424 2587 2551 2657 περί
2579 2587 2680 2657 τῆς
2709 2589 3043 2658 προφητείας
3062 2589 3450 2661 ἀμφιϐάλλοιεν
3486 2596 3616 2648 Ἰου-

2038 2674 2174 2729 δαῖοι
2226 2675 2494 2745 λέγοντες,
2552 2676 2632 2741 τὸ,
2689 2678 2791 2742 Ἐξ
2845 2680 3146 2749 Αἰγύπτου
3200 2681 3465 2740 ἐκάλεσα
3506 2684 3617 2739 τόν

2038 2769 2172 2822 υἱόν
2220 2784 2360 2838 μου,
2411 2768 2496 2820 ἐπ’
2538 2767 2718 2823 αὑτῶν
2766 2766 3035 2840 εἰρῆσθαι·
3086 2771 3335 2844 εἴποιμεν
3377 2774 3441 2829 ἂν
3477 2777 3614 2845 πρὸς

2040 2859 2255 2925 αὐτοὺς,
2304 2860 2386 2912 ὅτι
2432 2859 2525 2912 καί
2568 2851 2719 2923 οὗτος
2755 2862 3089 2931 προφητείας
3128 2864 3310 2935 νόμος,
3343 2867 3403 2920 τὸ
3442 2867 3611 2921 πολλά

2038 2949 2296 3013 πολλάκις
2329 2949 2581 3019 λέγεσθαι
2607 2949 2705 3021 μὲν
2732 2952 2819 3004 ἐπ’
2849 2950 3042 3019 ἄλλων,
3074 2954 3492 3024 πληροῦσθαιδέ
3524 2960 3611 3028 ἐφ’

2038 3042 2259 3113 ἐτέρων,
2291 3037 2400 3095 οἷον
2438 3040 2498 3095 τὸ
2540 3043 2630 3095 ἐπὶ
2669 3041 2764 3095 τοῦ
2794 3043 3014 3114 Συμεὼν
3041 3046 3137 3099 καί
3168 3046 3298 3101 Λευῒ
3325 3052 3611 3122 εἰρημένον

2038 3134 2172 3187 ἐστί·
2202 3132 2483 3202 Διαμεριῶ
2512 3133 2622 3202 γὰρ
2657 3133 2898 3200 αὐτοὺς,
2935 3135 3120 3207 φησὶν,
3159 3138 3230 3191 ἐν
3262 3139 3477 3203 Ἰακὼϐ,
3510 3143 3608 3197 καὶ

2034 3222 2333 3291 διασπερῶ
2357 3222 2579 3288 αὐτοὺς
2601 3223 2670 3276 ἐν
2697 3224 2954 3293 Ἰσραήλ.
2989 3225 3247 3296 Καίτοιγε
3268 3229 3370 3284 οὑκ
3400 3233 3487 3285 ἐπ’
3512 3233 3610 3286 αὑ-

2033 3313 2140 3368 τῶν
2172 3313 2331 3367 τοῦτο
2366 3314 2606 3384 γέγονεν,
2634 3314 2747 3367 ἀλλ’
2772 3314 2993 3385 ἐπὶτῶν
3017 3317 3275 3385 ἐγγόνων·
3306 3321 3402 3374 καὶ
3431 3322 3491 3375 τὸ
3512 3324 3608 3377 ἐπὶ

2032 3402 2125 3457 τοῦ
2168 3403 2390 3457 Χαναὰν
2432 3403 2488 3456 δέ
2523 3402 2673 3473 παρά
2702 3403 2795 3456 τοῦ
2831 3403 2958 3456 Νῶε
2989 3404 3203 3474 λεχθὲν,
3235 3407 3315 3470 εἰς
3344 3409 3470 3472 τοὺς
3508 3410 3609 3465 Γα-

2031 3494 2299 3559 ϐαωνίτας
2323 3495 2450 3558 τοὺς
2487 3493 2741 3564 ἐγγόνους
2767 3494 2813 3525 ⁷⁹
2835 3492 2929 3547 τοῦ
2953 3495 3174 3549 Χαναὰν
3198 3496 3380 3568 ἐξέϐη.
3406 3498 3517 3552 Καὶ
3544 3499 3606 3552 τὸ

2030 3588 2123 3644 ἐπὶ
2148 3588 2243 3644 τοῦ
2280 3572 2470 3640 Ἰακὼϐ
2498 3584 2669 3649 οὑτως
2699 3585 2798 3639 ἴδοι
2829 3603 2914 3650 τις
2942 3587 3011 3641 ἀν
3040 3587 3271 3659 συμϐάν·
3296 3591 3352 3643 αἱ
3384 3590 3492 3663 γὰρ
3519 3592 3606 3645 εὐ-

2029 3681 2205 3752 λογίαι
2235 3682 2439 3735 ἐκεῖναι
2469 3680 2524 3733 αἱ
2544 3678 2820 3748 λέγουσαι,
2845 3681 3031 3736 Γίνου
3054 3679 3102 3733 Κ
3109 3682 3273 3750 ύριος
3300 3683 3404 3738 τοῦ
3433 3682 3607 3740 ἁδελ-

2029 3770 2148 3843 εροῦ
2177 3788 2316 3837 σου,
2350 3771 2448 3826 καί
2475 3771 3077 3841 προσκυνησάτωσαν
3109 3787 3184 3827 σε
3210 3776 3265 3828 οἱ
3286 3775 3333 3807 ⁸⁰
3358 3774 3472 3829 υἱοί
3499 3775 3606 3831 τοῦ

2028 3865 2254 3935 πατρός
2279 3880 2417 3931 σου,
2440 3866 2539 3919 οὐκ
2567 3864 2654 3919 ἐπ’
2682 3865 2845 3920 αὐτοῦ
2890 3865 3041 3930 τέλος
3071 3865 3246 3937 ἔσχον,
3287 3866 3437 3935 (πῶς
3472 3867 3603 3939 γὰρ,

2027 3956 2123 4011 τοῦ
2163 3956 2462 4020 δεδοικότος
2505 3957 2598 4010 καὶ
2644 3956 2959 4028 τρέμοντος,
2999 3959 3095 4011 καὶ
3145 3958 3404 4029 μυριάκις
3442 3960 3604 4014 αὑτὸν

2028 4045 2527 4118 προσκυνοῦντος;)
2567 4046 2680 4099 ἀλλ’
2724 4047 2817 4100 ἐπὶ
2852 4047 2963 4101 τῶν
3006 4048 3245 4116 ἐγγόνων
3273 4049 3381 4103 τῶν
3415 4052 3598 4109 αὑτοῦ.

2034 4140 2099 4196 Ὅ
2134 4139 2199 4212 δὴ
2233 4138 2329 4193 καὶ
2358 4137 2593 4193 ἐνταῦθα
2639 4136 2783 4191 εἴποι
2815 4156 2900 4202 τις
2928 4139 3013 4194 ἄν.
3047 4139 3141 4203 Τίς
3171 4138 3281 4210 γάρ
3311 4141 3604 4211 ἀληθέστε-

2032 4256 2121 4312 ρος
2137 4239 2183 4271 "
2199 4238 2325 4302 Υἰὺς
2340 4236 2475 4292 Θεοῦ
2495 4233 2744 4310 λεχθείη;
2768 4238 2796 4292 6
2815 4238 3015 4309 μόσχον
3038 4239 3381 4311 προσκυνῶν,
3410 4241 3507 4294 καὶ
3524 4240 3603 4312 τῷ

2028 4326 2350 4400 Βεελφεγὼρ
2381 4327 2533 4402 [125]
2566 4330 2907 4404 τελούμενος,
2961 4334 3054 4388 καὶ
3099 4337 3223 4400 τοὺς
3276 4339 3424 4403 υἱοὺς
3457 4340 3598 4397 θύων

2026 4418 2139 4480 τοῖς
2159 4416 2471 4488 δαιμονίοις,
2503 4422 2537 4492 ἢ
2573 4424 2602 4475 6
2632 4422 2791 4493 φύσει
2822 4425 2972 4491 Υἱὸς,
3000 4426 3093 4479 καὶ
3125 4427 3217 4482 τὸν
3242 4434 3597 4503 γεγεννηκότα

2026 4507 2236 4578 τιμῶν;
2270 4510 2433 4565 Ὥστε
2474 4515 2523 4566 εἰ
2575 4515 2651 4585 μὴ
2694 4517 3027 4587 παρεγένετο
3076 4513 3248 4586 οὗτος,
3302 4521 3401 4576 οὑκ
3450 4524 3516 4578 ἂν
3565 4527 3596 4578 f

2027 4598 2333 4668 προφητεία
2361 4599 2512 4665 τέλος
2538 4601 2696 4656 ἔλαϐε
2719 4604 2782 4658 τὸ
2808 4607 3103 4678 προσῆκον.

2092 4688 2307 4760 δ’.”ορα
2324 4691 2451 4760 γοῦν
2482 4692 2599 4758 πῶς
2627 4696 2757 4750 αὑτδ
2781 4699 2875 4751 καί
2894 4701 2922 4752 ό
2942 4699 3344 4774 Εὑαγγελιστὴς
3370 4704 3599 4759 αἰνίττε-

2023 4792 2111 4830 ται
2126 4776 2323 4847 λέγων,
2345 4780 2469 4837 Ἵνα
2488 4785 2795 4854 πληρωθῇ,
2819 4787 3030 4853 δεικνὺς
3058 4790 3138 4844 ὅτι
3160 4791 3258 4845 οὐκ
3272 4791 3339 4846 ἂν
3359 4793 3597 4865 ἐπληρώ.

2024 4866 2111 4938 θη,
2132 4870 2180 4923 εἰ
2202 4870 2277 4941 μὴ
2297 4874 2690 4945 παραγέγονεν.
2710 4879 2822 4948 Οὐχ
2838 4877 2913 4941 ὡς
2939 4878 3095 4950 ἔτυχε
3122 4881 3179 4935 δέ
3204 4882 3299 4934 καὶ
3325 4882 3423 4948 τὴν
3446 4885 3583 4957 Παρ-

2022 4959 2172 5050 θένον
2193 4961 2453 5035 λαμπρὰν
2472 4965 2630 5020 τοῦτο
2647 4970 2791 5021 ποιεῖ
2826 4969 2919 5021 καὶ
2951 4972 3242 5044 περιφανῆ.
3277 4974 3454 5048 Ὅπερ
3485 4978 3591 5050 γὰρ

2019 5046 2162 5121 εἶχεν
2187 5053 2216 5105 6
2243 5052 2411 5123 δῆμος
2441 5054 2585 5119 ἀπας
2611 5059 2669 5111 ἐν
2694 5059 2968 5129 ἐγκωμίου
2996 5061 3168 5128 τάξει,
3189 5065 3348 5120 τοῦτο
3372 5046 3467 5120 καὶ
3496 5046 3589 5123 αύλ

2019 5140 2085 5212 τὴ
2112 5140 2298 5197 λοιπὸν
2328 5143 2475 5216 ἔχειν
2495 5146 2742 5217 ἠδύνατο.
2781 5150 2999 5225 Ἐπειδὴ
3023 5154 3132 5225 γὰρ
3164 5156 3305 5225 μέγα
3333 5159 3590 5230 ἐφρόνουν

2016 5233 2112 5325 ἐπὶ
2139 5235 2216 5306 τῷ
2240 5236 2484 5293 ἀνελθεῖν
2510 5238 2570 5307 ἐξ
2596 5240 2895 5309 Αἰγύπτου,
2927 5247 3023 5298 καὶ
3049 5240 3381 5319 ἐκόμπαζον.
3409 5253 3588 5325 Ὅπερ

2015 5318 2109 5379 οὖν
2143 5325 2239 5380 καὶ
2268 5328 2297 5381 6
2321 5327 2616 5401 Προφήτης
2645 5333 3015 5406 αἰνιττόμενος
3042 5318 3245 5408 ἔλεγεν·
3269 5342 3416 5412 οὐχὶ
3446 5318 3586 5411 τούξ

2014 5415 2408 5488 ἀλλοφύλους
2434 5421 2740 5494 ἀνήγαγον
2759 5426 2830 5481 ἐκ
2854 5430 3299 5497 Καππαδοκίας,
3323 5432 3421 5485 καὶ
3446 5434 3584 5502 τοὺς

2029 5507 2377 5578 Ἀσσυρίους
2405 5512 2475 5567 ἐκ
2495 5514 2759 5584 ,ϐόθρου;
2792 5519 2945 5573 Ποιεῖ
2972 5521 3065 5575 καὶ
3088 5521 3189 5593 τῆς
3221 5521 3495 5594 Παρθένου
3524 5525 3586 5579 τὸ

2021 5600 2340 5672 προτέρημα
2380 5604 2546 5658 ’τοῦτο
2566 5604 2630 5661 θ’.
2673 5608 2890 5664 Μᾶλλον
2940 5611 2998 5664 δέ
3057 5612 3149 5665 καὶ
3193 5614 3221 5667 6
3254 5613 3381 5669 λαὸς
3422 5617 3516 5671 καί
3556 5619 3586 5672 6

387 5772 438 5858 τξ
471 5772 568 5826 καὶ
596 5771 717 5860 εοῦ]
745 5770 839 5861 Snio
868 5770 930 5826 E.
973 5771 1320 5861 Aﬂrm.‘vglvgo
1349 5774 1651 5861 xa£_dees}.
1729 5777 1888 5861 ζ’,οὑΙ
1920 5781 1925 5830 1

2036 5777 2423 5861 ᾼΆξέρλλςρη.Δ
2447 5778 2611 5861 vulgo
2633 5778 2721 5832 σύ.
2741 5777 2874 5861 μοι
2904 5776 3094 5861 ἔλεγεν
3124 5778 3202 5861 Α..
3269 5776 3318 5810 ⁷⁸
3342 5794 3587 5861 μετανατ

327 5843 573 5901 στάσεως
605 5842 730 5896 ὕειν.
762 5842 892 5896 Ben.

991 5843 1269 5921 τΪᾸκαὶ-δέῖ
1307 5848 1501 5921 φυγεῖν
1532 5848 1628 5921 καί
1667 5843 1925 5916 μεθίστασ

2036 5849 2051 5921 ]
2093 5843 2188 5921 8ίᾴ
2214 5848 2275 5901 D.
2309 5849 2367 5921 Ε.
2401 5850 2502 5901 An.
2542 5843 2702 5921 ﬁrm.
2735 5849 2819 5902 δεῖ
2865 5863 2977 5921 οιιιΣ
3016 5848 3083 5921 0.
3106 5847 3212 5921 καὶ

323 5913 720 6036 μετανίσταται
744 5913 805 5967 Ρ.
836 5915 929 5966 καὶ
959 5913 1123 5967 πάλιν
1161 5915 1190 5966 6
1218 5914 1449 5982 ἄγγελος
1483 5913 1679 5986 μηνύει
1707 5921 1899 5986 φυγεῖν
1929 5921 2024 5973 καὶ
2041 5913 2415 5990 ’μεθίστασθαι
2452 5921 2514 5972 Δ.
2541 5918 2600 5972 Β.
2633 5920 2750 5972 fere
2779 5929 2837 5973 ιιι
2866 5916 3000 5971 Edd.

342 5984 466 6036 ‘ZIM.
541 5984 585 6017 ⁷⁹
609 5981 867 6036 ὲγγόν...ἰ
893 5984 1123 6036 ἐκγόν...
1157 5992 1239 6036 ter
1270 5988 1331 6036 ι).
1355 5983 1452 6036 En.
1484 5987 1645 6036 Eulh-
1725 5988 1768 6019 ⁸⁸
1803 5990 1852 6036 οἱ
1877 6005 1985 6036 mn-
2018 5992 2078 6036 (2-
2114 5989 2174 6036 Ε.
2205 5987 2368 6036 Emh.
2445 5990 2485 6022 ⁸³
2520 5989 2883 6036 ἀλπθέςτεοον
2919 5997 2967 6036 cl
2996 6006 3000 6036 l

3257 5849 3452 5917 φεύγει
3487 5849 3587 5904 καὶ

3078 5919 3125 5949 ⁷³
3154 5921 3584 5988 παραγενόμενα

370 5984 493 6063 dcl._
541 5984 585 6063 τξ
609 5981 1239 6063 ἐγγόν...ἰέκγόν...-ιει·
1355 5983 1453 6063 EQ,
1480 5981 1645 6063 Elim.
1722 5981 1768 6019 7“
1795 5981 1852 6039 ὀἱ
1877 6005 1925 6044 οι

2036 5981 2079 6045 ῤ’.
2114 5989 2174 6043 Ε.
2205 5987 2368 6043 ΕιιῐΙι.
2445 5990 2485 6022 ⁸³
2520 5989 2883 6059 ἀληθέστερον
2919 5997 2967 6044 cl
2996 6004 3112 6043 mox
3145 5981 3363 6061 λεχθείή
3385 5981 3453 6043 ἄν
3487 5990 3584 6061 Ep.

324 6055 371 6085 ⁸¹
402 6052 583 6122 τοῦτηῖ
612 6051 753 6109 εἶναι
786 6051 945 6108 τοῦτο
977 6051 1040 6109 D.
1070 6055 1227 6108 τοῦτο
1254 6051 1556 6112 εἷναιἘιΙά.
