4052 6428
326 370 388 425 87
1056 376 1110 431 S.
1153 376 1439 434 JUANNIS
1479 378 1965 436 Clll‘tYSllSTOIt-ll
2006 382 2322 440 ARClllEP.
2360 387 2907 445 CONSTANTINOP.
3514 386 3579 440 98

318 524 378 565 se
407 507 625 563 itineris
658 503 914 562 comitem
949 505 1189 560 futurum
1219 504 1304 561 vel
1338 505 1796 563 descendentibus
1827 510 1907 563 vel

321 602 712 666 redeuntibus,
743 599 1093 654 subiudicans
1130 599 1249 655 illos
1285 615 1537 670 magnum
1577 601 1775 658 habere
1809 620 1905 659 co-

323 695 534 760 mitem,
561 709 755 749 recens
787 702 970 746 natum
1004 707 1256 762 puerum,
1282 693 1375 761 qui
1405 693 1588 748 statim
1621 703 1786 763 atque
1813 711 1908 762 ape

321 770 519 854 paruit,
562 785 746 839 omnia
794 785 1051 846 mutavit,
1077 793 1239 852 atque
1279 783 1329 836 id
1373 784 1567 848 eﬂ‘ecit,
1607 795 1664 838 ut
1704 786 1906 841 inimici

321 880 386 932 ad
425 879 567 932 hanc
600 877 960 933 meonomiam
995 876 1278 930 admodum
1316 877 1659 931 inservirent.
1694 878 1902 934 Etenim

322 971 460 1041 magi
493 979 548 1026 et
581 971 820 1037 barbari,
855 979 1077 1039 paterna
1111 971 1500 1038 superstitione
1531 971 1741 1036 relicta,
1777 973 1905 1027 ado-

322 1064 494 1118 raturi
527 1063 779 1130 veniunt;
811 1063 1084 1131 Augustus
1113 1059 1566 1116 Bethlehemitico
1598 1063 1773 1130 partui
1808 1063 1905 1116 mi-

322 1157 539 1221 nistrat,
572 1157 697 1209 dum
727 1170 951 1210 censum
986 1157 1098 1210 fieri
1125 1155 1313 1222 jubet;
1343 1153 1635 1225 Egyptus,
1665 1157 1790 1208 dmn
1824 1156 1906 1209 fu-

319 1248 556 1319 gientem
586 1257 638 1300 et
672 1246 884 1301 insidiis
917 1233 1212 1316 appetitum
1242 1246 1467 1315 excipit,
1495 1257 1677 1300 servat
1707 1248 1900 1314 ipsum,

321 1338 557 1407 hincque
590 1338 879 1407 quamdam
919 1335 1305 1393 familiaritatis
1341 1353 1463 1392 cum
1505 1339 1620 1408 ipso
1654 1340 1904 1393 occasio-

320 1447 444 1486 nem
485 1432 703 1500 accipit,
742 1439 800 1485 ut
844 1445 964 1486 cum
1008 1430 1156 1484 illum
1198 1441 1382 1499 postea
1424 1431 1633 1485 audiret
1670 1430 1736 1484 ab
1775 1444 1906 1502 apo-

321 1524 479 1579 stolis
529 1525 848 1592 przedicari,
892 1524 957 1580 de
1007 1524 1090 1579 his
1137 1523 1484 1596 gloriaretur,
1530 1525 1671 1594 quod
1725 1524 1902 1593 ipsum

323 1615 497 1685 prima
533 1615 842 1684 excepisset

388 1777 457 1830 In
505 1773 738 1846 Αῖςειριο
780 1773 1016 1828 monachi
1069 1781 1116 1826 et
1159 1783 1313 1827 caelus
1357 1771 1628 1842 virginum.
1658 1769 1910 1838 —Atqui

316 1867 488 1920 solius
539 1865 835 1920 Palaestina:
895 1873 1012 1918 erat
1079 1865 1192 1918 hate
1254 1862 1606 1932 prmrogativa
1651 1879 1666 1914 :
1724 1875 1910 1914 verum

310 1956 586 2028 'JEgyptus
615 1955 906 2012 ferventior
935 1955 1020 2008 illa
1058 1952 1174 2008 fuit.
1203 1953 1353 2008 Nunc
1379 1963 1529 2008 certe
1555 1952 1598 2007 si
1626 1966 1812 2022 pergas
1857 1952 1908 2004 in

321 2048 596 2103 desertum
647 2046 903 2116 Egypti,
954 2045 1146 2114 quovis
1192 2044 1437 2113 paradiso
1484 2043 1909 2113 praestantiorem

321 2138 663 2196 solitudinem
709 2136 979 2200 invenies,
1027 2144 1310 2189 sexcentos
1358 2133 1669 2204 angelorum
1717 2132 1912 2187 choros

322 2229 552 2287 humana
582 2230 768 2292 forma,
811 2234 1102 2297 martyrum
1135 2226 1381 2296 populos,
1412 2235 1583 2280 cretus
1623 2225 1910 2294 virginum,

322 2323 551 2379 solutam
578 2320 773 2376 diaboli
803 2318 1140 2391 tyrannidem
1175 2329 1360 2384 totam,
1391 2315 1794 2374 Christi'autem
1820 2332 1909 2372 re-

321 2432 486 2486 gnum
519 2427 824 2470 coruscans.
862 2411 1010 2466 Illam
1033 2427 1159 2466 vero
1193 2427 1312 2482 qua:
1342 2419 1640 2480 poetarum,
1672 2411 1911 2481 philoso-

323 2509 550 2577 phorum
597 2516 652 2561 et
690 2519 966 2576 magorum
1009 2512 1178 2559 mater
1217 2514 1350 2569 erat,
1376 2521 1494 2582 qum
1520 2520 1682 2559 omne
1705 2505 1913 2573 prtesti-

319 2601 528 2669 giarum
570 2611 739 2667 genus
783 2597 1077 2659 invenerat,
1119 2597 1346 2666 aliisque
1389 2596 1700 2661 tradiderat,
1745 2596 1909 2660 illam,

321 2694 568 2761 inquam,
600 2688 804 2743 videbis
843 2688 910 2743 de
956 2688 1307 2758 piscatoribus
1353 2688 1692 2758 gloriantem,
1733 2696 1791 2743 et
1825 2689 1912 2742 illa

319 2781 534 2852 quidem
563 2789 738 2834 vetera
771 2779 952 2834 omnia
993 2778 1397 2849 despicientem,
1447 2779 1787 2848 publicanum
1825 2795 1916 2833 ve-

322 2890 384 2929 ro
427 2882 481 2928 et
523 2872 872 2928 tentoriorum
911 2870 1168 2924 artilicem
1201 2871 1396 2939 ubique
1422 2869 1910 2936 circumferentem,

319 2983 383 3023 ac
433 2981 644 3022 crucem
693 2971 1211 3034 praemonstrantem.
1245 2963 1368 3016 llaec
1401 2977 1560 3032 porro
1591 2979 1695 3016 non
1727 2964 1776 3016 in
1818 2977 1908 3016 ur-

319 3059 475 3113 hibus
519 3065 744 3119 tantum,
793 3053 886 3110 sed
917 3054 1077 3108 etiam
1121 3053 1176 3107 in
1213 3052 1428 3108 deserto
1458 3053 1628 3122 magis
1671 3069 1828 3122 quam
1861 3053 1912 3108 in

321 3148 562 3204 urbibus.
611 3147 711 3200 Per
739 3153 902 3200 tetam
933 3145 1076 3200 enim
1122 3146 1399 3214 regionem
1427 3144 1585 3199 istam
1616 3145 1798 3198 videre
1828 3155 1908 3200 est

317 3240 516 3296 Christi
550 3239 867 3300 exercitum,
909 3237 1218 3307 regiumque
1258 3251 1498 3307 gregem,
1527 3252 1912 3307 supernarum-

319 3350 427 3403 que
454 3335 707 3388 virtutum
739 3335 898 3388 vitam
927 3351 944 3402 ;
986 3333 1149 3404 idque
1189 3350 1294 3388 non
1324 3333 1463 3403 apud
1493 3330 1639 3386 viros
1676 3341 1906 3398 tantum,

320 3427 415 3482 sed
459 3437 514 3482 et
541 3428 594 3481 in
645 3427 888 3482 muliebri
933 3442 1062 3481 sexu
1111 3427 1369 3496 reperias.
1408 3424 1619 3480 Etenim
1662 3423 1766 3479 illae
1803 3437 1909 3477 non

320 3521 498 3576 minus
545 3535 704 3591 quam
734 3521 832 3574 viri
875 3519 1353 3590 philosophantur,
1391 3534 1500 3574 non
1527 3528 1737 3574 scutum
1766 3517 1910 3570 acci-

322 3613 552 3682 pientes,
581 3628 752 3682 neque
774 3627 972 3681 equum
1001 3611 1445 3676 conscendentes,
1478 3619 1539 3666 ut
1561 3611 1753 3680 jubent
1780 3609 1912 3664 clari

320 3705 398 3760 illi
427 3705 735 3763 Graecorum
784 3704 1114 3774 legislatores
1150 3712 1206 3759 et
1251 3700 1594 3773 philosophi;
1645 3701 1740 3758 sed
1771 3700 1912 3755 aliud

323 3797 482 3865 longe
519 3795 734 3865 gravius
765 3795 962 3848 bellum
1007 3793 1325 3864 suscipiunt.
1362 3789 1660 3848 Commune
1687 3792 1830 3846 enim
1862 3798 1918 3846 ct

322 3887 455 3956 ipsis
495 3897 547 3942 et
576 3887 705 3940 viris
733 3887 927 3942 bellum
969 3894 1052 3941 est
1079 3895 1265 3940 contra
1295 3883 1567 3940 diabolum
1594 3893 1648 3938 et
1681 3892 1916 3954 potesta-

325 3989 405 4034 tes
436 3979 772 4033 tenebrarum
805 3996 818 4031 :
852 3977 916 4031 ad
948 3975 1251 4046 huiusmodi
1281 3990 1409 4029 vero
1446 3973 1727 4030 contlictus
1752 3987 1911 4028 num-

324 4083 487 4137 quam
513 4068 616 4120 illis
644 4082 804 4121 scxus
827 4066 1070 4121 debilitas
1093 4063 1473 4136 impedimento
1496 4073 1576 4119 est
1597 4078 1615 4130 ;
1640 4079 1744 4118 non
1773 4064 1914 4118 enim

324 4160 564 4228 corporis
592 4169 795 4223 natura,
836 4157 928 4212 sed
960 4158 1122 4212 animi
1157 4157 1429 4226 proposito
1457 4153 1762 4224 bujusmodi
1783 4169 1916 4223 pra:-

326 4253 396 4304 lia
419 4251 799 4306 decernuntur.
825 4249 1053 4320 Ideoque
1070 4263 1214 4317 smpe
1238 4246 1492 4301 mulieres
1520 4245 1710 4300 fortius
1755 4260 1919 4316 quam

326 4342 432 4397 viri
479 4351 891 4413 pugnaverunt,
940 4351 994 4396 et
1032 4339 1323 4411 insigniora
1367 4349 1562 4410 tropma
1607 4347 1915 4393 erexerunt.

325 4434 444 4489 Non
489 4437 560 4488 ita
591 4434 780 4488 caelum
820 4433 1158 4502 splendidum
1206 4442 1287 4488 est
1319 4430 1467 4487 vario
1501 4430 1596 4486 illo
1643 4431 1918 4486 stellarum

324 4529 515 4593 choro,
543 4537 598 4582 ut
621 4527 841 4599 Egypti
873 4525 1106 4580 solitudo
1125 4567 1141 4591 ,
1171 4540 1291 4596 qua:
1321 4523 1554 4596 undique
1584 4524 1738 4581 nobis
1764 4523 1918 4580 exhi-

327 4620 420 4675 bet
449 4619 786 4674 tabernacula
815 4616 1223 4673 monachorum.

399 4790 452 4844 5.
491 4789 545 4844 Si
579 4787 697 4858 quis
723 4798 956 4843 veterem
987 4788 1129 4841 illam
1159 4785 1446 4858 Egyptum
1479 4788 1644 4853 novit,
1682 4787 1773 4842 Dei
1808 4787 1909 4842 ini-

327 4880 520 4934 micam
547 4889 598 4934 et
626 4878 911 4940 furentem,
938 4877 1115 4935 felium
1142 4879 1441 4946 cultricem,
1468 4895 1588 4949 qute
1617 4893 1778 4948 cepas
1807 4879 1918 4933 lur-

328 4970 563 5026 midabat
607 4980 660 5024 et
715 4970 999 5035 tremebat,
1048 4969 1136 5024 hic
1180 4970 1381 5040 optime
1418 4969 1616 5026 Christi
1670 4971 1918 5026 virtutem

327 5067 482 5120 sciet.
517 5065 627 5119 lmo
649 5079 778 5120 vero
813 5079 917 5118 non
946 5078 1081 5133 opus
1109 5072 1191 5119 est
1229 5061 1384 5119 nobis
1407 5064 1631 5120 vetustis
1659 5065 1921 5119 narratin-

327 5158 486 5212 nibus
522 5173 534 5209 :
567 5171 688 5211 nam
746 5155 1011 5226 hodieque
1069 5156 1268 5211 insana:
1324 5155 1462 5211 illius
1503 5157 1678 5227 gentis
1720 5171 1917 5212 monu-

327 5256 508 5302 menta
529 5255 836 5316 supersunt,
866 5262 984 5316 quae
1011 5248 1239 5315 priscam
1267 5247 1432 5317 ipsius
1458 5247 1747 5303 amentiam
1775 5247 1924 5302 testi-

329 5343 577 5395 ﬁcantur.
616 5341 865 5393 Attamen
894 5338 946 5392 hi
974 5339 1066 5409 qui
1096 5340 1226 5394 olim
1257 5353 1448 5394 omnes
1488 5339 1540 5394 in
1570 5348 1768 5393 tantam
1798 5354 1920 5408 pro.

329 5440 587 5502 ruperant
614 5431 923 5497 amentiam,
955 5431 1022 5486 de
1051 5432 1203 5498 caelo,
1232 5431 1407 5503 deque
1435 5429 1739 5488 caziestibus
1759 5431 1922 5488 rebus

339 5533 816 5603 philosophantur,
868 5541 1225 5604 patet-nosque
1267 5548 1444 5589 mores
1481 5535 1743 5599 derident,
1795 5547 1923 5587 avos

337 5639 466 5680 suos
508 5625 733 5680 miseros
768 5624 1078 5695 praedicant,
1127 5635 1180 5679 et
1222 5625 1568 5694 philosophos
1611 5626 1732 5682 illos
1773 5625 1921 5700 nihili

340 5715 600 5786 pendunt.
632 5715 709 5772 Ex
757 5715 884 5785 ipsis
906 5716 1046 5771 enim
1072 5717 1233 5773 rebus
1261 5717 1594 5774 cdidiceruut
1621 5717 1821 5786 priscas
1855 5718 1919 5772 il-

2016 492 2091 546 las
2129 490 2300 547 aniles
2332 491 2540 547 fabulas
2565 493 2834 548 ebriorum
2873 507 2993 548 esse
3022 493 3253 559 inventa,
3291 511 3469 550 veram
3499 511 3595 552 au-

2016 594 2121 641 tem
2153 585 2465 656 sapientiam
2495 587 2641 641 etnlis
2684 602 2802 641 esse
2841 586 3074 657 dignam.
3109 587 3234 643 Haec
3278 597 3361 645 est
3387 605 3525 658 quae
3567 605 3598 644 a

2017 676 2368 746 piscatoribus
2394 677 2705 732 annuntiata
2735 678 2862 747 ipsis
2890 677 3007 731 fuit.
3040 677 3269 748 Ideoque
3293 693 3414 733 cum
3441 694 3600 734 accu-

2019 778 2130 821 rata
2157 768 2462 838 dogmatum
2509 769 2732 824 veritate
2777 771 2992 823 multam
3037 771 3290 825 exhibent
3333 772 3467 825 bene
3514 774 3598 825 vi-

2015 859 2170 913 vendi
2199 859 2548 930 diligentiam.
2581 861 2852 931 Siquidem
2877 861 3018 915 exuti
3046 862 3204 916 rebus
3233 863 3438 917 cunctis
3461 879 3600 931 pra:-

2013 952 2273 1019 sentibus,
2297 953 2602 1022 mundoque
2633 953 2892 1014 crucilixi,
2917 954 3052 1006 ultra
3084 954 3241 1006 ctiam
3274 955 3596 1024 procedunt,

2013 1043 2196 1097 labore
2221 1044 2462 1113 corporis
2503 1053 2711 1098 utentes
2751 1045 2815 1097 ad
2845 1045 3039 1098 victum
3073 1045 3254 1113 egenis
3283 1060 3599 1115 comparan-

2015 1135 2161 1188 dum.
2195 1135 2376 1204 Neque
2398 1136 2538 1189 enim
2562 1137 2682 1204 quia
2701 1135 2942 1205 jejunant
2967 1147 3021 1190 et
3051 1137 3287 1206 vigilant,
3317 1151 3374 1190 se
3401 1137 3598 1190 idcirco

2011 1226 2212 1284 dedunt
2249 1227 2379 1294 otio,
2430 1227 2525 1283 sed
2571 1237 2756 1283 noctes
2796 1230 3010 1299 hymnis
3052 1245 3116 1282 ac
3145 1229 3450 1299 pervigiliis,
3482 1230 3599 1284 dies

2015 1321 2261 1391 precibus
2281 1327 2335 1377 et
2359 1321 2506 1392 operi
2526 1335 2777 1374 manuum
2807 1320 3083 1388 deputant,
3113 1322 3338 1388 apostoli
3365 1321 3595 1376 studium

2011 1413 2298 1468 imitantes.
2327 1413 2384 1468 Si
2410 1413 2577 1480 enim,
2609 1410 2873 1482 inquiunt,
2906 1412 3011 1476 ille,
3040 1421 3147 1466 toto
3179 1412 3308 1466 orbc
3328 1413 3396 1466 ad
3423 1414 3594 1481 ipsum

2011 1502 2352 1572 respiciente,
2403 1513 2460 1557 ut
2511 1502 2700 1573 inopes
2739 1503 2926 1570 aleret,
2967 1501 3234 1556 ofﬁcinam
3287 1502 3490 1568 habuit,
3543 1512 3597 1558 et

2010 1605 2178 1651 artem
2228 1596 2492 1659 tractavit,
2548 1596 2819 1649 insomnes
2859 1595 3068 1648 interim
3118 1604 3299 1648 noctes
3351 1595 3590 1650 ducens:

2011 1686 2180 1739 multo
2211 1685 2379 1754 magis
2406 1699 2523 1750 nos,
2555 1687 2643 1755 qui
2672 1685 2726 1739 in
2763 1685 2976 1739 deserto
3005 1685 3322 1752 habitamus,
3355 1687 3594 1755 nihilque

2009 1791 2293 1832 commune
2318 1776 2576 1830 habemus
2596 1791 2716 1830 cum
2746 1776 2956 1830 urbium
2995 1776 3328 1842 tumultibus,
3354 1779 3590 1830 vacatio-

2010 1870 2091 1924 nis
2135 1870 2246 1923 otio
2290 1867 2356 1922 ad
2400 1868 2694 1937 spiritualia
2739 1883 2902 1939 opera
2938 1869 3013 1923 uti
3047 1883 3139 1937 par
3167 1878 3268 1922 est.
3302 1868 3591 1922 Erubesca-

2011 1975 2126 2014 mus
2167 1959 2344 2028 itaque
2383 1972 2591 2021 omnes,
2641 1969 2696 2012 et
2723 1959 2934 2024 divites,
2979 1969 3028 2012 et
3074 1973 3353 2027 pauperes,
3382 1959 3593 2028 quando

2014 2053 2088 2106 illi
2129 2051 2258 2106 nihil
2298 2066 2518 2123 prorsus
2569 2052 2850 2118 habentes,
2895 2052 2996 2106 nisi
3036 2067 3231 2119 corpus
3285 2060 3489 2106 tantum
3539 2060 3594 2107 et

2010 2157 2220 2204 manus,
2267 2150 2526 2196 conantur
2567 2149 2620 2195 et
2661 2140 2989 2196 contendunt
3021 2150 3075 2194 ut
3120 2141 3242 2194 hinc
3270 2141 3462 2196 victum
3496 2157 3590 2211 pa-

2009 2245 2126 2289 rent
2162 2235 2474 2304 egentibus:
2502 2250 2600 2290 nos
2631 2250 2777 2299 vero,
2822 2235 2946 2288 dum
2997 2234 3273 2288 innmnera
3321 2233 3464 2287 domi
3508 2250 3593 2290 re-

2007 2325 2220 2381 condita
2268 2336 2411 2391 sum,
2461 2342 2528 2380 ne
2573 2325 2838 2395 superﬂua
2870 2325 3082 2394 quidem
3127 2325 3207 2379 his
3253 2324 3586 2380 adhibemus.

2006 2417 2175 2483 Quam
2229 2416 2424 2486 igitur,
2481 2431 2697 2486 qumso,
2766 2417 3160 2470 excusationem
3216 2417 3590 2485 proferemus?

2009 2524 2166 2577 quam
2221 2523 2609 2578 consequemur
2660 2507 2912 2562 veniam?
2964 2508 3120 2576 Atqui
3175 2508 3377 2578 cogites
3431 2509 3586 2563 velim

2004 2610 2255 2667 quantum
2296 2600 2379 2653 isti
2409 2601 2530 2652 olim
2565 2600 2802 2668 pecunim
2829 2610 3094 2654 amatores
3120 2609 3293 2660 erant,
3327 2609 3583 2668 quantum

2004 2693 2139 2761 gula:
2165 2691 2347 2756 dediti,
2381 2707 2502 2744 cum
2532 2693 2739 2745 caeteris
2764 2692 2923 2745 vitiis.
2973 2691 3047 2744 lhi
3091 2692 3234 2745 enim
3277 2699 3428 2744 erant
3465 2692 3585 2745 oll:e

2007 2795 2244 2850 carnium
2293 2793 2484 2864 (Exod.
2513 2793 2600 2847 16.
2632 2792 2734 2862 5),
2773 2804 2904 2859 quas
2952 2799 3250 2843 memorant
3277 2788 3446 2844 Judzui
3477 2807 3490 2843 :
3521 2788 3590 2842 ibi

2010 2901 2195 2956 magna
2219 2885 2417 2940 ventris
2440 2883 2697 2955 tyrannis.
2733 2885 2978 2936 Attamen
3005 2882 3124 2950 quia
3149 2882 3450 2946 voluerunt,
3478 2897 3594 2934 nm-

2011 2979 2100 3032 tati
2125 2987 2267 3041 sunt,
2300 2987 2351 3030 ct
2385 2977 2502 3046 igne
2528 2974 2722 3029 Christi
2759 2983 3028 3042 suscepto,
3076 2974 3126 3026 in
3155 2973 3344 3027 cmhnn
3371 2982 3591 3042 repente

2008 3071 2323 3124 advolarunt
2375 3072 2623 3138 :quippe
2664 3068 2809 3136 prius
2855 3066 3186 3120 ardentiores
3235 3065 3354 3118 aliis
3406 3073 3590 3119 erant.

2009 3173 2168 3230 atque
2207 3160 2272 3214 ad
2301 3161 2434 3216 iram
2476 3167 2531 3213 et
2559 3159 2624 3212 ad
2652 3157 2896 3226 corporis
2926 3157 3247 3224 voluptatem
3283 3155 3589 3224 propensio-

2011 3268 2118 3320 res,
2158 3253 2501 3320 incorporeas
2535 3258 2824 3319 potestates
2867 3247 3272 3302 mansuctudine
3311 3257 3364 3302 et
3391 3246 3590 3311 reliqua

2013 3343 2360 3414 philosophite
2385 3356 2494 3397 sua:
2519 3340 2797 3396 tolerantia
2821 3341 3113 3393 imitantur.
3143 3338 3392 3408 Quisquis
3421 3337 3471 3390 in
3500 3339 3600 3391 hac

2012 3436 2228 3505 regione
2257 3433 2376 3501 fuit,
2407 3449 2526 3514 qua:
2555 3432 2673 3488 dico
2697 3431 2844 3486 novit

2085 3613 2290 3668 Antonii
2346 3612 2525 3684 Magni
2572 3612 2934 3666 monachorum
2991 3609 3150 3680 patris
3201 3607 3394 3662 laudes.
3435 3639 3505 3650 --
3543 3609 3597 3664 Si

2010 3708 2130 3778 quis
2153 3724 2278 3762 vero
2308 3705 2648 3761 tabernacula
2689 3705 2776 3759 illa
2806 3718 3093 3772 numquam
3137 3701 3287 3766 adiit,
3315 3701 3512 3771 cogitet
3540 3701 3596 3753 il.

2012 3799 2118 3852 lum
2151 3799 2239 3869 qui
2269 3797 2525 3853 hactenus
2565 3797 2618 3850 in
2665 3796 2900 3850 omnium
2934 3794 3102 3850 fertur
3139 3809 3252 3858 ore,
3296 3808 3452 3861 quem
3481 3801 3594 3861 post

2009 3891 2281 3959 apostolos
2325 3890 2588 3962 Egyptus
2634 3889 2751 3944 tulit
2780 3889 2990 3943 beatum
3035 3897 3089 3940 et
3131 3902 3378 3955 magnum
3429 3887 3594 3938 Anto-

2013 3984 2182 4047 nium,
2226 3991 2279 4035 et
2327 3997 2508 4037 secum
2564 3988 2775 4048 reputet
2832 3979 2983 4032 illum
3039 3979 3090 4030 in
3137 3977 3321 4032 eadem
3381 3977 3592 4045 regione

2012 4072 2194 4136 fuisse,
2228 4071 2279 4122 in
2306 4085 2406 4138 qua
2436 4070 2662 4123 Pharao.
2695 4069 2944 4122 Attamen
2978 4066 3108 4119 nihil
3142 4065 3264 4120 hinc
3287 4065 3591 4120 detrimenti

2010 4163 2234 4231 accepit,
2267 4160 2361 4215 sed
2391 4161 2549 4215 etiam
2573 4159 2750 4214 divina
2778 4158 2984 4212 visione
3014 4157 3263 4227 dignatus
3297 4167 3397 4219 est,
3430 4166 3482 4210 et
3514 4165 3590 4210 ta-

2012 4253 2120 4306 lem
2146 4252 2308 4305 vitam
2355 4250 2621 4312 exhibuit,
2654 4250 2863 4319 qualem
2906 4247 3103 4302 Christi
3135 4247 3279 4318 leges
3307 4249 3592 4316 postulant.

2012 4345 2078 4398 Et
2107 4343 2207 4398 hoc
2233 4342 2366 4397 sciet
2393 4341 2634 4413 quisquis
2662 4349 2913 4396 accurate
2945 4341 3137 4394 librum
3170 4339 3376 4410 legerit,
3411 4341 3462 4394 in
3492 4355 3593 4408 quo

2010 4444 2093 4490 est
2129 4435 2350 4489 historia
2380 4435 2501 4488 vitae
2543 4433 2662 4502 ejus
2685 4433 2787 4503 (α),
2836 4432 2925 4486 ubi
2972 4433 3191 4487 multam
3236 4432 3592 4502 deprchench

2009 4528 2364 4598 prophetiam.
2410 4525 2541 4581 Nam
2585 4527 2672 4582 illa
2711 4541 2832 4597 quae
2884 4526 3135 4580 Arianico
3182 4526 3369 4582 morbo
3416 4515 3608 4597 captos

2010 4618 2358 4690 spectabant,
2415 4633 2623 4672 necnon
2669 4617 3046 4673 detrimentum
3098 4616 3222 4671 inde
3265 4632 3594 4672 emersurum

2011 4713 2405 4784 prtenuntiavil,
2456 4712 2566 4766 Deo
2609 4711 2793 4780 utique
2840 4710 3131 4775 revelante,
3179 4719 3233 4763 et
3275 4710 3450 4762 omnia
3481 4724 3597 4778 quze

2011 4806 2184 4861 futura
2228 4814 2381 4860 erant
2411 4820 2518 4871 pra:
2561 4804 2730 4858 oculis
2771 4803 2869 4871 ipsi
2912 4812 3142 4871 ponente
3172 4817 3186 4854 :
3222 4801 3271 4854 id
3303 4801 3444 4870 quod
3475 4817 3591 4855 cum

2011 4897 2130 4952 aliis
2157 4897 2317 4952 etiam
2340 4895 2602 4965 adjunctis
2630 4895 2918 4948 maximum
2943 4905 3026 4947 est
3046 4893 3284 4947 veritatis
3308 4909 3592 4963 argumen-

2015 4999 2146 5055 tum,
2177 4987 2318 5058 quod
2360 4985 2606 5042 videlicet
2643 4985 2786 5040 nulla
2834 4983 3054 5038 haeresis
3099 4983 3257 5037 talem
3290 4983 3484 5038 haheat
3510 4985 3590 5038 vi-

2013 5097 2151 5136 rum.
2179 5079 2284 5137 Sed
2311 5095 2378 5134 ne
2408 5081 2546 5135 ultra
2582 5077 2697 5134 haec
2725 5093 2755 5132 a
2781 5077 2934 5133 nobis
2959 5076 3147 5132 audire
3169 5070 3424 5148 pergatis,
3461 5078 3504 5131 si
3534 5079 3598 5132 li-

2014 5174 2167 5230 brum
2197 5173 2250 5228 in
2276 5189 2381 5244 quo
2401 5171 2516 5228 haec
2543 5171 2740 5241 scripta
2761 5178 2886 5225 sunt
2911 5168 3120 5239 legatis,
3153 5181 3398 5245 accurate
3421 5172 3594 5222 omnia

2027 5278 2269 5336 ediscere
2295 5269 2568 5344 poteritis,
2604 5277 2658 5324 et
2690 5269 2918 5324 multam
2963 5269 3086 5324 inde
3117 5267 3333 5322 haurire
3359 5267 3591 5336 philoso-

2028 5370 2234 5442 phiam.
2255 5364 2369 5420 Hoc.
2391 5371 2570 5417 autem
2600 5378 2732 5432 rogo
2762 5378 2867 5416 non
2895 5373 2953 5415 ut
2981 5361 3174 5415 librum
3205 5359 3467 5414 adeamus
3488 5367 3621 5413 tan-

2071 5659 2144 5730 (ςι)
2178 5660 2260 5708 uie
2284 5658 2580 5730 haudduhie
2605 5659 2817 5730 loquitur
2837 5659 2914 5730 d_e_
2930 5660 3030 5709 vita
3053 5668 3097 5711 S.
3127 5667 3310 5716 Αιιιοιιίι
3341 5679 3428 5729 per
3453 5671 3600 5719 Aura.

2009 5721 2195 5770 nasium
2219 5721 2637 5782 archiepisc0pum
2661 5721 3060 5773 Alexandrinum.
