4052 6434
471 357 676 428 δο-ΙἹΒ

485 498 623 553 tum,
655 487 755 544 sed
807 497 863 544 et
919 504 979 542 ea
1011 503 1132 556 qua:
1186 486 1260 540 ibi
1305 485 1509 555 scripta
1550 494 1682 540 sunt
1739 484 2041 544 imitemur,

474 609 656 663 neque
696 594 900 656 locum,
944 593 1029 647 vel
1067 593 1452 647 educationem
1476 635 1490 659 ,
1519 594 1602 648 vel
1638 593 1908 662 majorum
1945 605 2047 643 no~

468 705 711 754 strorum
759 698 1061 767 nequitiam
1104 699 1491 754 obtendamus.
1542 697 1599 754 Si
1631 699 1778 753 enim
1810 697 2044 751 velimus

473 806 783 870 attendere,
820 805 958 859 nihil
1013 806 1208 860 horum
1261 807 1424 862 nobis
1459 806 1854 876 impedimento
1913 806 2040 860 erit.

469 911 604 965 Nam
655 909 934 964 Abraham
985 911 1213 981 impium
1272 920 1482 981 patrem
1525 911 1741 976 habuit,
1789 910 1885 965 sed
1929 912 2050 982 ejus

471 1015 781 1084 nequitiam
813 1031 922 1068 non
956 1016 1208 1086 excepit;
1237 1017 1502 1071 Ezechias
1525 1016 1670 1070 filius
1690 1016 1892 1070 Achazi
1927 1015 2050 1081 fuit,

471 1127 530 1174 et
577 1127 765 1173 tamen
794 1120 889 1174 Dei
921 1121 1133 1175 amicus
1159 1121 1392 1175 etl‘ectus
1431 1132 1552 1186 est;
1597 1121 1801 1190 Ioseph
1835 1137 1964 1176 vero
1994 1121 2050 1175 in

474 1223 657 1278 media
687 1223 919 1296 [Egypto
954 1224 1220 1278 castitatis
1254 1241 1458 1279 corona
1499 1227 1791 1281 redimitus
1826 1236 1942 1291 est;
1986 1243 2050 1282 ac

471 1335 583 1381 tres
611 1329 766 1398 pueri
791 1329 845 1382 in
881 1330 1058 1384 media
1082 1330 1382 1401 Babylone,
1409 1331 1576 1401 inque
1603 1332 1801 1387 mediis
1814 1332 2047 1399 :edibus,

481 1445 606 1484 cum
645 1431 949 1503 Sybaritica
1001 1451 1192 1491 mensa
1238 1446 1497 1508 apparata
1551 1447 1717 1504 esset,
1779 1455 2047 1495 summam

465 1525 770 1592 exhibuere
800 1538 1238 1610 philosophiam;
1265 1551 1325 1596 ut
1347 1550 1402 1597 et
1432 1543 1642 1613 Moyses
1666 1543 1719 1597 in
1739 1542 1970 1615 {Egypto
1992 1553 2049 1600 et

1223 345 1281 401 S.
1321 345 1608 403 JOANNIS
1647 349 2139 409 CllllYSOSTOMl
2181 355 2496 412 ABCIIIEP.
2539 346 3088 410 CONSTANTlNOP.

3514 345 3600 396 90-
3620 345 3713 401 l70

2153 482 2355 537 Paulus
2396 482 2452 536 in
2487 482 2662 537 orbe:
2689 482 2938 551 nihilque
2979 480 3066 533 his
3098 478 3356 533 omnibus
3389 479 3456 533 ad
3501 479 3720 536 virtutis

2154 603 2380 641 cursum
2418 588 2522 642 fuit
2557 588 2975 658 impedimento.
3009 586 3132 640 llzec
3155 586 3336 655 itaque
3358 584 3542 640 omnia
3569 587 3722 656 cogi-

2148 700 2346 757 tantes,
2381 693 2700 747 occasiones
2746 702 2802 746 et
2841 691 3103 745 obtentus
3141 689 3454 759 hujusmodi
3504 689 3572 744 de
3607 703 3723 743 me-

2143 799 2235 854 dio
2271 800 2544 863 tollamus,
2592 797 2929 867 sudoresque
2959 813 3058 867 pro
3087 797 3292 850 virtute
3327 794 3587 848 sectanda
3617 793 3718 847 ad-

2151 921 2361 959 eamus.
2385 905 2475 959 Sic
2497 906 2645 959 enim
2685 905 2855 958 Deum
2885 902 2952 958 ad
2983 903 3246 973 majorem
3273 915 3400 970 erga
3429 916 3530 953 nos
3552 900 3723 954 bene-

2153 1011 2450 1065 volentiam
2508 1010 2898 1075 attrahemus,
2961 1006 3486 1077 impetrabimusque
3551 1015 3614 1059 ut
3671 1007 3723 1059 in

2152 1115 2550 1171 certaminibus
2595 1115 2756 1169 nobis
2782 1114 3102 1184 Opituletur,
3134 1121 3299 1181 atque
3335 1109 3558 1164 aeternis
3580 1109 3735 1164 frue-

2154 1241 2277 1280 mur
2311 1225 2532 1286 coronis
2563 1244 2575 1278 :
2609 1240 2746 1294 quas
2803 1225 3012 1278 utinam
3067 1237 3258 1276 omnes
3299 1232 3726 1288 consequamur,

2162 1332 2338 1403 gratia
2385 1343 2442 1386 et
2489 1331 2828 1402 benignitate
2892 1329 3108 1384 Domini
3164 1325 3337 1381 nostri
3391 1325 3521 1380 Jesu
3568 1322 3729 1377 Chri-

2156 1439 2246 1502 sti,
2290 1439 2378 1492 cui
2425 1437 2598 1507 gloria
2628 1446 2683 1492 ct
2711 1436 3002 1506 imperium
3035 1435 3087 1488 in
3119 1433 3316 1488 saecula
3375 1429 3728 1485 seculorum.

2155 1545 2350 1599 Amen.

1856 2809 2199 2868 HOMILIA
2247 2810 2360 2868 1X.

469 3054 598 3111 CAP.
627 3055 681 3122 2,
719 3073 771 3110 ν.
806 3055 894 3110 16.
946 3055 1087 3110 Tunc
1139 3055 1369 3110 Herodes
1410 3053 1589 3108 videns
1636 3053 1886 3122 quoniam
1925 3048 2052 3102 illu-

538 3177 626 3216 sus
665 3171 794 3216 esset
839 3181 870 3216 a
932 3163 1122 3230 magis,
1161 3163 1333 3214 iratus
1377 3169 1453 3213 est
1500 3157 1654 3212 valde
1694 3165 1787 3209 :et
1846 3157 2054 3208 miwa

554 3267 739 3319 occidit
784 3283 961 3320 omnes
997 3282 1208 3336 pueros,
1245 3266 1335 3336 qui
1374 3273 1527 3317 erant
1562 3263 1617 3315 in
1653 3261 1970 3325 Bethlehem,
2009 3269 2056 3312 et

541 3369 598 3423 in
631 3371 868 3424 omnibus
903 3371 1099 3438 ﬁnibus
1126 3371 1258 3441 ejus,
1301 3388 1332 3423 a
1363 3370 1563 3422 bimam
1603 3375 1650 3420 et
1675 3368 1839 3435 infra,
1876 3383 2059 3419 secun-

549 3475 676 3529 dum
718 3487 922 3546 tempus
955 3475 1095 3546 quod
1122 3475 1444 3546 exquisierat
1486 3492 1517 3528 (ι
1554 3473 1744 3542 magis.

555 3694 609 3748 1.
647 3692 808 3745 Certe
843 3707 952 3745 ncn
991 3691 1282 3760 oportebat
1309 3691 1463 3745 illum
1515 3690 1696 3752 irasci,
1741 3689 1835 3743 scd
1877 3687 2060 3756 potius

489 3797 688 3849 timere
715 3802 768 3847 et
799 3794 1112 3864 comprimi,
1150 3803 1316 3863 atque
1349 3794 1655 3863 intelligere
1690 3808 1747 3846 se
1785 3808 1900 3846 rem
1944 3799 2061 3845 ten-

479 3909 617 3963 tare,
650 3915 812 3968 quam
837 3915 946 3952 non
983 3910 1168 3969 posset
1197 3899 1462 3969 perﬁcere
1487 3899 1525 3952 ¹.
1559 3898 1629 3953 At
1659 3897 1749 3952 ille
1772 3912 1879 3951 non
1905 3913 2059 3951 coer-

485 4014 662 4060 cetur.
688 4005 918 4071 Quando
953 4006 1098 4058 cnim
1129 4003 1415 4075 improbus
1444 4006 1661 4058 animus
1693 4013 1750 4058 et
1778 4002 2057 4057 insanabi-

484 4110 558 4165 lis
588 4119 692 4171 est,
729 4110 866 4164 nulli
897 4109 1044 4188 cedit
1067 4126 1095 4163 a
1121 4110 1233 4164 Deo
1265 4125 1540 4164 concessae
1580 4109 1884 4164 medicinae.
1922 4106 2056 4162 Vide

485 4215 658 4285 igitur
683 4214 836 4267 illum
865 4214 1148 4283 prioribus
1193 4214 1534 4269 insistentem
1558 4256 1571 4279 ,
1614 4224 1671 4268 et
1695 4214 1896 4268 credent
1921 4213 2054 4268 caedi

473 4321 822 4391 jungentem,
855 4327 1018 4388 atque
1045 4334 1142 4387 per
1169 4320 1467 4388 pracipitia
1495 4320 1741 4388 undique
1779 4327 2053 4374 ruentem.

476 4427 612 4482 Nam
649 4425 806 4494 quasi
837 4441 867 4478 a
896 4426 1134 4494 quodam
1173 4426 1421 4480 dzemone
1457 4427 1560 4479 hac
1612 4427 1690 4479 ira
1741 4427 2053 4497 invidiaque

477 4531 742 4600 percitus,
771 4530 921 4583 nulla
967 4529 1178 4585 ratione
1217 4530 1487 4595 frenatur,
1522 4530 1617 4584 sed
1651 4540 1840 4584 contra
1877 4533 2048 4600 ipsam

477 4637 614 4692 furit
638 4646 911 4704 naturam,
949 4636 1219 4706 iramque,
1252 4651 1413 4706 quam
1433 4645 1624 4691 contra
1643 4652 1826 4706 magos
1852 4637 1954 4691 sibi
1987 4638 2048 4690 il-

477 4743 731 4799 ludcntes
752 4751 1098 4812 conceperat,
1127 4754 1317 4796 contra
1350 4741 1596 4796 insontes
1626 4756 1826 4810 pueros
1852 4757 2052 4796 exone-

479 4857 580 4910 rat,
613 4848 791 4902 simile
840 4847 1053 4902 facinus
1083 4846 1136 4900 in
1162 4847 1449 4902 Paltestina
1487 4861 1775 4917 aggressus
1802 4846 1853 4899 ei
1904 4847 2050 4916 quod

482 4952 614 5005 olim
652 4951 705 5005 in
736 4951 970 5022 Egypto
995 4960 1370 5021 perpetratum
1406 4950 1608 5006 fuerat.
1633 4949 1767 5003 Nam
1802 4949 1897 5014 ait,
1926 4949 2050 5003 Mit-

480 5064 592 5110 lens
624 5057 809 5112 occidit
834 5075 1010 5111 omnes
1037 5077 1223 5126 pueros
1249 5061 1304 5112 in
1327 5057 1647 5122 Bethlehem,
1671 5060 1793 5112 etin
1814 5057 2051 5113 omnibus

479 5161 670 5228 ﬁnibus
728 5165 864 5231 ejus,
910 5179 942 5215 a
979 5163 1178 5217 bimatu
1210 5171 1260 5217 et
1305 5165 1471 5233 infra,
1524 5165 1809 5218 secundum
1849 5172 2052 5234 tempus

482 5265 618 5334 quod
671 5266 994 5332 exquisierat
1037 5285 1068 5318 a
1105 5269 1293 5338 magis.
1332 5267 1431 5322 llic
1464 5268 1600 5322 mihi
1648 5269 1940 5339 diligenter
1971 5279 2052 5324 at-

547 5528 562 5558 ¹
607 5527 690 5597 Sic
732 5525 894 5597 Savil.
919 5534 971 5597 et
1011 5543 1183 5597 omnes
1220 5544 1347 5592 pene
1383 5533 1508 5597 lllss._
1540 5535 1710 5582 Morel.
1749 5536 1975 5597 μείων...
2002 5548 2052 5584 se

486 5595 809 5694 :eznrtcntare
851 5591 1073 5653 stultam;
1114 5590 1186 5641 sic
1218 5590 1366 5641 etiam
1411 5594 1535 5656 legit
1577 5590 1830 5658 GeorgiusT
1865 5596 2054 5659 'l‘rape'

512 5663 537 5693 U
561 5667 574 5693 ι
601 5664 691 5694 ius.

512 5663 590 5694 Ulll
601 5664 691 5698 ius.

2159 3049 2385 3104 tendite.
2428 3049 2643 3105 Etenim
2680 3053 2838 3106 multi
2889 3053 3124 3123 plurima
3175 3056 3319 3111 circa
3363 3073 3566 3127 pueros
3592 3061 3734 3116 istos

2158 3164 2455 3226 nugantur,
2485 3158 2812 3229 injustitiam
2837 3161 2964 3215 facti
2990 3162 3372 3230 criminantes;
3397 3165 3487 3219 alii
3508 3165 3737 3235 quidem

2157 3262 2464 3318 modestius
2515 3264 2618 3317 hac
2651 3264 2718 3318 de
2770 3281 2828 3319 re
2875 3265 3044 3320 dubia
3089 3279 3434 3337 proponunt;
3471 3269 3563 3324 alii
3603 3287 3738 3327 vero

2159 3367 2424 3424 audacius
2451 3380 2509 3424 et
2560 3370 2842 3427 furiosius.
2896 3373 2967 3428 Ut
3013 3374 3181 3444 igitur
3225 3376 3325 3430 hos
3354 3377 3423 3430 ab
3468 3379 3732 3443 amentia,

2157 3473 2294 3528 alios
2325 3490 2355 3528 a
2377 3475 2725 3531 dubitatione
2764 3478 3086 3543 liberemus,
3120 3479 3395 3547 patienter
3421 3496 3521 3536 nos
3543 3483 3734 3538 audite

2157 3579 2225 3634 de
2258 3580 2349 3633 tali
2383 3589 2705 3650 argumento
2737 3580 2982 3636 breviter
3013 3582 3378 3652 disputantes.
3416 3585 3549 3638 Nam
3585 3586 3628 3641 si
3667 3603 3732 3642 ea

2157 3687 2226 3742 de
2259 3702 2317 3741 re
2349 3687 2738 3751 criminantur,
2770 3689 2916 3758 quod
2942 3706 3238 3759 puerorum
3271 3691 3450 3745 caedes
3488 3692 3736 3762 neglecta

2159 3792 2346 3854 fuerit,
2380 3792 2748 3846 criminentur
2773 3794 2937 3847 etiam
2957 3794 3028 3847 ob
3056 3794 3288 3848 militum
3308 3795 3530 3849 Petrum
3548 3805 3736 3852 custo-

2159 3896 2428 3952 dientium
2481 3912 2693 3952 necem.
2732 3898 3205 3964 Quemadmodum
3249 3899 3395 3954 enim
3427 3900 3520 3954 hic
3556 3916 3734 3970 puero

2158 4000 2422 4072 fugiente,
2456 4003 2546 4056 alii
2578 4002 2733 4072 pueri
2769 4019 2870 4072 pro
2908 4018 2974 4057 eo
3013 4003 3105 4073 qui
3144 4004 3495 4074 quaerebatur
3525 4006 3738 4059 interti-

2161 4107 2421 4162 eiuntur:
2445 4108 2518 4162 ita
2539 4115 2668 4162 tunc
2685 4125 2808 4162 cum
2824 4110 3022 4164 Petrus
3047 4125 3346 4164 excareere
3369 4120 3425 4164 ct
3448 4126 3514 4164 ex
3526 4110 3737 4165 catenis

2158 4214 2226 4269 ab
2251 4214 2442 4283 angelo
2474 4214 2736 4268 liberatus
2760 4222 2926 4278 esset,
2945 4212 3165 4282 quidam
3192 4220 3424 4283 tyranno
3445 4212 3663 4267 nomine
3680 4222 3738 4267 et

2162 4319 2412 4374 moribus
2430 4320 2651 4385 similis,
2672 4334 2802 4373 cum
2819 4335 2944 4373 eum
2961 4319 3270 4388 quiesisset,
3296 4335 3398 4373 nec
3412 4318 3736 4384 invenisset,

2163 4421 2370 4476 milites
2408 4423 2500 4492 qui
2525 4437 2652 4476 eum
2684 4422 3194 4492 custodiebantpro
3213 4423 3306 4476 illo
3326 4422 3602 4476 interfecit
3630 4421 3732 4492 (α).

2158 4531 2224 4584 Ει
2252 4529 2384 4600 quid
2411 4529 2548 4584 hoc?
2575 4530 2826 4599 inquies;
2850 4531 2968 4585 haec
2997 4546 3105 4584 non
3127 4539 3210 4585 est
3225 4531 3447 4593 solutio,
3465 4529 3557 4582 sed
3578 4528 3739 4582 addi-

2159 4643 2464 4690 tamentum
2493 4635 2558 4689 ad
2582 4636 2964 4704 quzestionem.
2996 4634 3112 4690 Hoc
3140 4635 3276 4689 bene
3301 4634 3429 4688 novi
3453 4649 3587 4703 ego:
3610 4633 3737 4688 ideo

2159 4748 2271 4804 luce
2292 4747 2468 4804 omnia
2495 4751 2548 4801 ln
2579 4745 2814 4801 medium
2840 4743 3073 4816 profero,
3102 4753 3160 4798 ut
3182 4745 3428 4799 onmihus
3453 4762 3611 4801 unam
3642 4743 3740 4799 ad-

2158 4842 2278 4895 dam
2307 4839 2646 4892 solutionem.
2673 4837 2926 4904 Quantam
2961 4835 3121 4906 igitur
3163 4846 3240 4888 est
3287 4834 3372 4887 illa
3414 4833 3646 4886 solutio?
3683 4843 3756 4886 et.

2157 4947 2313 5002 quam
2337 4930 2664 5002 probabilem
2682 4929 3002 4984 solutionem
3025 4927 3217 4983 afferre
3243 4927 3559 4996 possumus?
3582 4925 3739 4981 Chri-

2160 5055 2304 5102 stum
2331 5045 2540 5099 scilicet
2561 5059 2671 5097 non
2696 5041 2865 5094 fuisse
2887 5038 3020 5109 ipsis
3040 5037 3190 5090 necis
3210 5049 3452 5096 causam,
3473 5031 3567 5086 sed
3592 5028 3738 5087 regis

2161 5153 2567 5216 crudelitatem,
2582 5148 3041 5220 quemadmodum
3055 5159 3236 5213 neque
3254 5143 3362 5198 illis
3377 5141 3618 5201 Petrum,
3636 5135 3754 5190 sed.

2223 5409 2294 5470 (α)
2318 5405 2455 5472 Quod
2479 5405 2559 5452 hic
2583 5404 2696 5472 die.“
2719 5389 3605 5472 Chryseswmusesseseasint?
3631 5384 3735 5472 ῖίε·

2159 5446 3023 5530 ’ξιῖςῦλὸήεέβνρὲῖξὶὠῇδς,
3059 5446 3168 5505 cum
3188 5457 3367 5530 ‘(irzeco

2163 5515 2522 5586 ll9,'consonat.
2548 5525 2630 5575 chi
2665 5522 2865 5586 dicitur,
2903 5515 3147 5586 ἐκέλευσεγ
3178 5515 3737 5586 ἀπαεχθῆναξνᾹμδξῖῇξφξ

2880 5567 3364 5642 sic'iutelligend'um
3390 5567 3587 5622 videtur
3609 5567 3739 5618 illud

2161 5647 2402 5712 Vulgata,
2417 5647 2565 5711 jussit
2584 5662 2664 5700 cos
2688 5647 2817 5696 duci.
