4052 6428
318 428 414 481 li?

323 551 557 609 Herodis
576 558 892 608 amentiam.
915 549 1046 607 Nam
1069 549 1117 606 si
1148 548 1400 605 eﬂbssum
1423 561 1634 603 murum
1662 548 1906 615 vidisset,

319 648 404 703 vel
431 653 621 718 portas
646 659 884 706 eversas,
907 642 1030 714 jure
1073 641 1210 697 forte
1257 640 1520 712 potuisset
1566 638 1787 704 milites,
1817 638 1908 709 qui

319 739 623 810 apostolum
670 735 1065 804 custodiebant,
1113 733 1447 806 negligentia:
1489 746 1782 788 accusare:
1815 747 1920 803 ve:

318 846 437 886 ram
466 831 540 886 ibi
570 829 752 884 omnia
773 829 825 884 in
846 843 946 886 suo
973 836 1110 884 statu
1139 826 1425 882 manebant
1450 842 1465 879 :
1505 824 1684 895 janute
1711 823 1910 879 clausa:

320 934 497 987 erant,
524 931 729 978 catenae
753 920 1170 977 custodientium
1198 918 1446 975 manibus
1472 917 1701 987 alligata:
1724 916 1912 987 (erant

322 1017 462 1072 enim
490 1015 567 1070 illi
600 1014 760 1070 simul
788 1030 910 1071 cum
935 1013 1098 1070 Petro
1121 1013 1284 1068 vincti
1301 1013 1343 1081 ),
1383 1018 1697 1081 poteratque
1718 1022 1784 1063 ex
1828 1006 1910 1062 bis

322 1123 505 1166 secum
535 1118 804 1183 reputare,
832 1106 877 1163 si
903 1106 1118 1178 quidem
1144 1115 1291 1162 recte
1314 1103 1628 1175 judicasset,
1653 1098 1792 1172 quod
1817 1114 1911 1170 go-

321 1212 460 1256 atum
494 1200 666 1255 fuerat
708 1216 817 1254 non
860 1198 1088 1257 humana
1123 1199 1339 1260 virtute,
1371 1211 1542 1266 neque
1587 1193 1772 1249 fraude
1814 1193 1911 1248 ali-

322 1310 448 1365 qua,
484 1294 581 1349 sed
609 1293 787 1348 divina
812 1292 1039 1363 quadam
1070 1306 1134 1346 ac
1160 1290 1392 1346 mirabili
1427 1289 1660 1358 potentia
1705 1287 1902 1342 factum

320 1387 507 1452 fuisse,
546 1394 705 1455 atque
755 1385 903 1440 illum
949 1384 1196 1449 adorare,
1243 1382 1331 1452 qui
1377 1382 1492 1436 lucc
1538 1380 1775 1444 fecisset,
1806 1394 1907 1435 nec

318 1492 511 1549 pinnas
528 1477 595 1535 de
621 1475 932 1533 custodibus
951 1483 1231 1544 expetere.
1249 1473 1390 1529 Deus
1414 1472 1610 1543 quippe
1633 1470 1706 1525 ita
1730 1469 1909 1525 omnia

321 1567 468 1631 fecit,
500 1576 557 1625 ut
581 1582 687 1623 non
708 1567 869 1621 modo
896 1564 1147 1621 custodes
1173 1580 1278 1619 non
1303 1564 1586 1634 proderet;
1614 1562 1708 1618 sed
1746 1562 1908 1617 etiam

321 1672 380 1717 ut
407 1675 508 1733 per
538 1661 661 1716 illos
688 1674 871 1730 regem
900 1659 967 1713 ad
995 1657 1272 1715 veritatem
1298 1656 1613 1712 adduceret.
1643 1655 1699 1710 Si
1728 1661 1908 1709 autem

314 1754 414 1810 ille
460 1752 739 1822 improbus
792 1751 1136 1820 ingratuSqne
1182 1750 1300 1817 fuit,
1330 1749 1458 1820 quid
1502 1750 1569 1804 ad
1613 1748 1907 1818 sapientem

314 1846 624 1900 animarum
652 1842 946 1908 medicum,
964 1842 1054 1911 qui
1074 1842 1253 1895 omnia
1281 1840 1468 1912 agebat
1495 1840 1559 1895 ad
1590 1838 1906 1895 beneﬁcium

320 1936 682 2008 praestandum
713 1936 783 2001 ei,
814 1936 902 2005 qui
933 1934 1122 1990 morbo
1150 1933 1570 2004 inobsequcntiae
1600 1931 1909 1988 laborabat?

311 2030 554 2102 Idipsum
586 2028 673 2084 hic
709 2037 921 2098 Quoque
942 2026 1227 2083 dicendum
1272 2033 1374 2082 est.
1408 2024 1535 2092 Cur,
1567 2040 1601 2080 ο
1642 2024 1904 2090 Herodes,

316 2133 347 2173 a
377 2123 548 2193 magis
574 2122 762 2177 illusus
792 2121 959 2175 iratus
993 2120 1097 2174 es?
1126 2134 1231 2173 non
1263 2133 1489 2173 noveras
1518 2117 1763 2172 divinum
1787 2129 1910 2173 esse

320 2214 570 2286 partum?
599 2228 776 2269 annon
829 2221 881 2266 tu
927 2211 1195 2281 principes
1232 2209 1574 2264 sacerdotum
1604 2207 1906 2264 advocave-

317 2308 445 2364 rss?
471 2322 648 2363 annon
689 2305 894 2362 scribas
912 2302 1380 2373 congregaveras?
1418 2315 1598 2355 annon
1639 2298 1810 2354 vocati
1832 2297 1906 2353 illi

320 2398 769 2473 prophetam,‘qui
795 2398 913 2461 haec
931 2397 1059 2453 olim
1094 2396 1562 2466 prmnuntiaverat;
1584 2393 1652 2448 ad
1675 2391 1907 2448 tribunal

319 2503 469 2550 tuum
500 2491 875 2547 adduxerunt?
906 2504 1081 2545 annon
1123 2487 1303 2542 vidisti
1330 2496 1510 2541 vetera
1539 2485 1689 2540 novis
1713 2497 1908 2540 conso-

318 2582 492 2640 nare?
518 2597 696 2638 annon
723 2580 918 2636 audisti
937 2578 1146 2635 stellam
1174 2578 1256 2632 his
1273 2574 1698 2632 ministravisse?
1727 2588 1904 2628 annon

323 2674 592 2731 reveritus
619 2684 681 2729 es
706 2671 1057 2728 barbarorum
1085 2669 1448 2740 diligentiam?
1473 2682 1652 2723 annon
1682 2667 1906 2722 miratus

317 2781 376 2823 es
401 2780 591 2821 eorum
628 2762 884 2820 ﬁduciam
922 2775 987 2818 ac
1034 2760 1286 2831 loquendi
1331 2757 1673 2815 libertatem?
1727 2772 1905 2812 annon

321 2851 595 2907 borruisti
640 2850 708 2906 ad
753 2866 942 2906 veram
988 2851 1277 2921 prophetae
1316 2852 1552 2905 vocem?
1601 2868 1785 2907 annon
1841 2869 1909 2909 ex

323 2943 610 3014 prioribus
657 2951 935 3014 postrema
982 2943 1137 3013 sequi
1185 2942 1477 3014 cogitasti?
1513 2942 1626 2998 Cur
1677 2958 1789 2998 non
1842 2958 1913 2998 ex

324 3035 416 3090 his
463 3035 720 3091 omnibus
772 3044 952 3091 tecum
1000 3035 1301 3106 reputasti,
1353 3050 1464 3090 non
1511 3049 1578 3088 ex
1628 3049 1913 3104 magorum

328 3129 527 3184 fraude
560 3129 675 3183 haec
713 3127 986 3193 evenisse,
1024 3128 1119 3182 sed
1151 3127 1340 3182 divina
1378 3127 1583 3182 virtute
1616 3125 1824 3190 omnia,
1855 3134 1917 3181 ut

321 3235 429 3289 par
481 3226 621 3282 erat,
666 3218 1032 3289 providente?
1085 3218 1313 3272 Etiamsi
1370 3233 1504 3272 vero
1559 3216 1753 3271 illusus
1810 3215 1917 3270 iui-

326 3307 398 3361 sti
439 3322 470 3360 a
510 3307 712 3379 magis,
767 3308 900 3380 quid
956 3309 1091 3364 illud
1137 3309 1206 3364 ad
1260 3323 1499 3379 pueros,
1540 3307 1636 3378 qui
1670 3307 1814 3363 nihil
1862 3315 1915 3363 te

324 3398 620 3454 lmscrant?

394 3605 450 3661 Ξ.
493 3604 596 3659 Cur
635 3602 778 3659 Deus
818 3602 1103 3674 permiserit
1140 3600 1364 3673 infantes
1401 3600 1583 3654 occidi.
1628 3599 1728 3665 Qui
1771 3598 1911 3653 mala

318 3698 525 3769 fortiter
539 3695 709 3768 ferunt
732 3712 835 3750 non
860 3695 1133 3759 traduntur,
1148 3693 1240 3748 etsi
1260 3691 1379 3747 (redi
1401 3691 1685 3744 videantur.
1715 3688 1908 3756 Recte,

320 3790 568 3861 inquies;
608 3787 700 3844 sed
756 3786 1020 3843 Herodem
1047 3785 1262 3857 quidem
1291 3784 1433 3839 omni
1464 3783 1776 3838 defensioue
1820 3797 1912 3836 va-

322 3898 524 3951 cuum,
577 3890 634 3937 et
688 3880 1088 3953 sanguinarium
1142 3878 1309 3948 probe
1357 3876 1638 3932 ostendisti
1679 3891 1695 3929 :
1736 3889 1912 3946 neque

327 3986 507 4032 tamen
534 3974 709 4031 adhuc
740 3974 945 4029 solvisti
972 3972 1329 4043 objectionem
1358 3971 1500 4025 circa
1546 3967 1670 4024 facti
1701 3967 1912 4037 injusti-

326 4069 478 4122 tiam.
501 4065 631 4121 Nam
658 4066 703 4120 si
730 4064 822 4119 ille
846 4064 1047 4133 injuste
1084 4062 1212 4133 egit,
1243 4077 1342 4116 cur
1374 4060 1513 4114 Deus
1555 4059 1605 4114 id
1635 4059 1912 4129 permisit?

326 4160 469 4229 Quid
493 4174 620 4229 ergo
647 4157 713 4212 ad
738 4158 853 4211 haec
876 4156 1104 4212 dixerim
1123 4155 1149 4209 ?
1190 4153 1423 4222 Idipsum
1451 4146 1594 4221 quod
1621 4160 1835 4219 semper
1857 4157 1914 4205 et

326 4253 383 4305 in
412 4249 655 4313 ecclesia,
679 4258 733 4302 et
763 4248 815 4302 in
860 4247 998 4310 foro,
1029 4255 1085 4301 et
1115 4245 1311 4314 ubique
1349 4242 1529 4298 dicere
1567 4255 1672 4295 non
1698 4238 1910 4306 desino,

323 4342 471 4413 quod
500 4341 658 4397 velim
684 4354 778 4394 vos
808 4338 1090 4407 diligenter
1117 4336 1406 4391 observare
1429 4350 1444 4391 :
1476 4347 1599 4387 nam
1620 4332 1802 4403 regula
1830 4339 1916 4387 est

324 4435 397 4488 ad
427 4448 640 4488 omnem
667 4429 1033 4502 hujuscemodi
1064 4426 1414 4499 qumstionem
1445 4422 1916 4491 adhibendeum

323 4524 530 4596 regula,
562 4538 750 4595 quaeve
779 4522 916 4577 ratio
942 4519 1064 4576 est?
1091 4519 1193 4586 Qui
1236 4517 1433 4572 laedant
1458 4516 1679 4581 multos,
1702 4514 1795 4585 qui
1824 4514 1917 4569 lae-

322 4619 489 4673 datur
521 4615 730 4669 nullum
755 4628 895 4669 esse.
922 4611 991 4666 Et
1017 4626 1086 4665 ne
1108 4609 1209 4664 hoc
1235 4608 1460 4678 aenigma
1491 4621 1586 4661 vos
1610 4604 1914 4670 conturbet,

322 4709 440 4765 cito
468 4706 790 4763 solutionem
818 4702 1102 4758 adhibebo.
1129 4700 1262 4756 Nam
1289 4714 1381 4753 eas
1408 4713 1540 4768 quas
1557 4713 1586 4751 a
1609 4697 1797 4768 quovis
1820 4695 1919 4751 bo-

325 4799 478 4854 mine
507 4797 702 4867 injuste
730 4796 960 4865 patimur
1005 4792 1249 4862 injurias,
1274 4792 1415 4846 Deus
1463 4789 1616 4844 nobis
1645 4796 1922 4858 computat

324 4898 423 4944 aut
452 4889 505 4943 in
535 4894 880 4957 peccatorum
910 4883 1308 4947 remissionem,
1338 4888 1435 4935 aut
1463 4880 1514 4933 in
1547 4878 1806 4933 mercedis
1830 4893 1920 4933 re—

327 4980 704 5037 tributionem.
753 4980 928 5048 Atque
970 4985 1030 5030 ut
1074 4973 1128 5029 id
1173 4973 1315 5045 quod
1361 4973 1564 5027 dictum
1612 4981 1696 5026 est
1725 4970 1923 5026 clarius

329 5073 546 5139 evadat,
578 5071 646 5128 ad
673 5070 978 5140 exemplum
999 5067 1300 5122 veniamus.
1336 5066 1602 5120 Ponamus
1632 5063 1776 5120 enim
1801 5078 1924 5119 esse

329 5179 549 5220 servum
580 5163 814 5232 aliquem
840 5160 1038 5215 multas
1066 5157 1322 5230 pecunias
1347 5156 1568 5212 domino
1592 5171 1692 5210 suo
1719 5153 1923 5209 deben-

334 5268 474 5309 tem:
494 5255 582 5325 qui
610 5267 799 5309 servus
816 5251 883 5306 ab
902 5250 1099 5321 iniquis
1119 5248 1427 5311 hominibus
1453 5248 1757 5316 imputatur,
1773 5250 1845 5301 ita
1867 5255 1926 5300 ut

333 5350 600 5403 bonorum
631 5354 781 5417 parte
801 5345 974 5415 aliqua
1004 5343 1310 5397 mulctetur.
1333 5341 1389 5396 Si
1419 5355 1547 5411 ergo
1563 5339 1814 5395 dominus
1833 5337 1926 5408 qui

335 5446 608 5507 raptorem
624 5435 882 5491 cohibere
903 5433 1093 5504 potuit,
1107 5441 1288 5503 raptas
1307 5431 1521 5502 quidem
1538 5428 1789 5500 pecunias
1817 5440 1924 5483 non

336 5528 606 5591 restituat,
624 5526 719 5581 sed
742 5537 920 5596 raptas
934 5533 1113 5580 tamen
1136 5524 1277 5578 inter
1292 5538 1383 5579 eas
1399 5536 1517 5593 quae
1536 5521 1637 5578 sibi
1653 5520 1925 5577 debeban-

339 5630 430 5675 tur
449 5627 749 5687 computet:
767 5632 836 5672 an
862 5617 1023 5673 lassus
1044 5615 1141 5671 fuit
1154 5618 1375 5671 servus?
1403 5615 1766 5678 Nequaquam.
1782 5614 1922 5682 Quid

337 5727 469 5767 vero
489 5713 533 5766 si
561 5714 713 5781 plura
742 5713 841 5783 ipsi
860 5714 1109 5767 dominus
1131 5711 1375 5768 dederit?
1402 5728 1580 5770 annon
1605 5715 1725 5785 plus
1754 5718 1931 5775 lucra-

338 5811 428 5859 tus
453 5811 560 5871 est,
588 5819 751 5876 quam
783 5803 1119 5875 perdiderit?
1147 5802 1206 5860 ld
1232 5804 1478 5863 omnibus
1498 5805 1680 5879 palam
1706 5816 1810 5867 est.
1844 5806 1929 5865 ld-

1511 451 1577 508 ΙΝ
1614 448 2020 508 ΜΑΤἸἪᾹΞῙῘΜ
2061 446 2293 504 HOMIL.
2339 452 2429 512 IX.

1930 811 1973 822 ι..

3499 454 3599 512 173

2019 555 2193 626 ipsum
2234 564 2289 612 et
2316 571 2420 612 nos
2464 566 2710 627 putemus
2752 572 2871 613 eum
2916 558 3113 631 aliquid
3164 562 3411 632 patimur.
3453 563 3607 632 Quod

2017 649 2164 705 enim
2193 663 2293 719 per
2317 664 2586 705 mrumnas
2631 651 2767 715 illas,
2812 659 2903 706 aut
2942 662 3156 721 peccata
3199 655 3486 721 diluamus,
3514 666 3610 711 aut

2017 738 2065 792 si
2092 753 2203 794 non
2228 738 2518 794 admodum
2549 743 2782 810 peccatis
2807 742 3022 798 obnoxii
3054 745 3252 811 siuuts,
3276 746 3609 815 splendidio-

2017 845 2108 886 res
2133 833 2460 902 accipiamus
2502 849 2752 901 coronas,
2785 836 2907 891 audi
2956 837 3176 892 Paulum
3224 838 3493 896 dicentem
3541 841 3611 898 de

2016 921 2308 979 fornicario
2354 942 2368 979 :
2416 924 2623 982 Tradite
2675 927 2966 999 huiusmodi
2998 930 3203 985 ."ataua:
3255 932 3308 984 in
3350 931 3608 986 interitum

2018 1015 2208 1083 carnis,
2252 1026 2308 1072 ut
2346 1018 2556 1089 spiritus
2593 1019 2763 1074 salvus
2801 1020 2869 1074 sit
2910 1022 2989 1090 (l.
3021 1020 3141 1075 Cor.
3171 1024 3221 1077 5.
3254 1023 3330 1092 5).
3366 1023 3433 1077 Ει
3476 1025 3605 1093 quid

2020 1109 2165 1165 hoc?
2193 1109 2326 1166 Nam
2346 1110 2415 1166 de
2438 1111 2505 1165 iis
2524 1111 2614 1181 qui
2645 1111 2909 1167 laeduntur
2938 1112 3006 1169 ab
3028 1114 3151 1168 aliis
3170 1129 3349 1169 sermo
3371 1120 3479 1181 est,
3498 1131 3605 1170 non

2017 1200 2086 1257 de
2114 1201 2181 1257 iis
2207 1202 2299 1273 qui
2324 1217 2354 1255 a
2384 1202 2695 1258 doctoribus
2721 1203 3078 1274 corriguntur.
3114 1202 3271 1260 Certe
3297 1205 3499 1260 nullum
3526 1216 3610 1261 est

2017 1291 2162 1347 inter
2193 1292 2281 1347 illa
2310 1293 2545 1349 medium
2570 1309 2586 1347 :
2618 1308 2739 1348 nam
2770 1294 2839 1349 de
2879 1295 3025 1350 dicto
3066 1295 3370 1364 hujusmodi
3395 1314 3608 1368 quaere-

2016 1381 2193 1449 batur,
2242 1384 2302 1439 ln
2343 1385 2600 1440 aerumnis
2651 1386 2855 1440 nullum
2910 1387 3160 1456 patientis
3206 1388 3458 1443 damnum
3499 1400 3603 1444 est.

2011 1473 2122 1532 Sed
2161 1484 2217 1529 ut
2241 1491 2547 1531 sermonem
2596 1475 2911 1533 transferam
2952 1477 3019 1533 ad
3065 1477 3115 1532 id
3146 1478 3287 1548 quod
3318 1480 3484 1550 magis
3512 1496 3605 1534 ac-

2010 1569 2161 1625 cedit
2191 1568 2257 1625 ad
2286 1570 2671 1641 quaestionem;
2717 1570 3002 1627 recordare
3030 1571 3264 1638 Davidis,
3293 1571 3385 1641 qui
3425 1573 3605 1628 Semei

2016 1663 2209 1720 videns
2236 1663 2521 1719 instantem
2547 1672 2601 1719 et
2625 1663 2912 1719 calamitati
2942 1680 3055 1719 suae
3085 1665 3457 1729 insultantem,
3481 1679 3605 1720 sex-

2016 1757 2295 1827 centisque
2345 1756 2559 1827 probris
2605 1766 3012 1827 aspergentem,
3061 1772 3183 1812 cum
3236 1757 3436 1813 vellent
3480 1772 3603 1812 eum

2013 1846 2181 1903 duces
2207 1848 2478 1903 exercitus
2507 1846 2831 1915 interﬁcere,
2872 1848 3110 1904 cohibuit
3136 1847 3221 1902 his
3263 1849 3476 1903 verbis:
3505 1847 3606 1902 Di-

2015 1939 2198 1994 mittite
2217 1938 2363 1994 illum
2390 1939 2712 2006 maledicere,
2730 1949 2787 1994 ut
2811 1940 2977 1995 uideat
3001 1939 3247 1995 Dominus
3278 1941 3608 1996 humilitatem

2015 2050 2200 2099 uicem,
2233 2043 2280 2088 et
2319 2032 2561 2088 retribuat
2591 2034 2719 2088 mihi
2744 2034 2874 2088 bona
2904 2050 2996 2104 pro
3026 2033 3120 2088 hoc
3148 2035 3417 2089 maledicto
3442 2035 3494 2088 in
3514 2035 3608 2088 Irae

2016 2126 2102 2181 die
2127 2124 2206 2196 (2.
2240 2126 2370 2196 Reg.
2400 2125 2488 2181 16.
2522 2127 2610 2181 Η.
2643 2125 2758 2199 12).
2800 2126 2862 2180 Et
2890 2126 2943 2179 in
2971 2125 3200 2179 Psalmis
3223 2140 3423 2180 canens
3457 2124 3608 2179 dice-

2014 2220 2138 2274 bat:
2173 2219 2385 2289 Respice
2410 2220 2641 2274 inimicos
2667 2236 2823 2287 meos,
2855 2219 3095 2291 quoniam
3126 2217 3448 2290 multiplicati
3469 2227 3604 2279 sunt,

2016 2320 2063 2366 et
2088 2311 2206 2365 odio
2236 2311 2409 2381 iniquo
2435 2310 2649 2365 oderunt
2687 2326 2768 2365 me
2798 2326 2817 2364 :
2858 2318 2906 2365 et
2950 2310 3147 2365 dimitte
3188 2309 3358 2363 omnia
3398 2319 3606 2381 peccata

2015 2419 2124 2456 mea
2154 2400 2307 2474 (Psal
2342 2400 2430 2456 24.
2459 2402 2540 2457 l9.
2571 2399 2680 2472 18).
2705 2401 2769 2455 Et
2796 2399 3033 2456 Lazarus
3059 2400 3290 2470 quietem
3309 2415 3610 2471 consequu~

2017 2504 2101 2550 tus
2122 2503 2204 2549 est
2223 2493 2372 2565 (Luc.
2404 2493 2514 2563 16),
2545 2494 2665 2563 quia
2694 2494 2971 2548 innumera
2994 2493 3130 2547 mala
3163 2508 3259 2562 per
3288 2492 3425 2548 hanc
3442 2492 3602 2547 vitam

2018 2599 2306 2655 perpessus
2336 2593 2436 2638 est.
2469 2583 2583 2638 Non
2611 2598 2740 2654 ergo
2768 2583 3158 2655 lmduntur,‘qui
3185 2584 3305 2638 laedi
3333 2582 3598 2647 videatur,

2014 2677 2060 2731 si
2088 2678 2227 2730 mala
2259 2679 2437 2731 omnia
2468 2676 2676 2732 fortiter
2702 2678 2903 2742 ferant;
2937 2676 3045 2732 imo
3074 2677 3245 2747 majus
3283 2678 3492 2733 lucrum
3518 2691 3607 2732 re-

2017 2776 2250 2836 portant,
2278 2768 2392 2823 sive
2426 2783 2455 2821 a
2487 2768 2595 2822 Deo
2626 2768 3017 2837 percutiuntur,
3044 2769 3156 2823 sive
3185 2784 3213 2821 a
3242 2768 3456 2827 diabolo
3483 2785 3606 2825 ver-

2019 2859 2289 2913 berentur.
2325 2859 2542 2929 Ecquod
2588 2869 2864 2929 peccatum
2897 2858 3133 2915 habuere
3158 2861 3331 2929 pueri,
3374 2860 3605 2929 inquies,

2014 2947 2156 3019 quod
2204 2949 2485 3005 eluerent?
2523 2949 2590 3005 de
2636 2950 2704 3004 iis
2745 2950 2887 3005 enim
2938 2949 3029 3019 qui
3077 2960 3288 3007 :etatem
3335 2952 3609 3022 assequuti

2018 3048 2233 3108 peccata
2272 3040 2495 3108 plurima
2529 3050 2927 3111 perpetrarunt,
2948 3040 3069 3112 jure
3096 3042 3216 3112 quis
3246 3043 3359 3098 lucc
3379 3043 3600 3111 dixerit;

2015 3130 2104 3201 qui
2143 3146 2274 3184 vero
2304 3139 2410 3185 tam
2461 3131 2745 3186 immatura
2797 3142 2971 3188 morte
3020 3133 3266 3202 praerepti
3314 3141 3603 3203 sunt,qum

2019 3231 2234 3291 peccata
2275 3221 2341 3275 iis
2366 3220 2540 3276 aﬂ'ecti
2573 3222 2729 3275 malis
2759 3221 3116 3277 deleverunt?
3141 3221 3254 3278 Non
3299 3222 3491 3278 audisti
3524 3238 3609 3278 me

2016 3311 2302 3376 dicentem,
2335 3313 2543 3367 etiamsi
2572 3312 2717 3366 nulla
2749 3310 2857 3366 sint
2883 3321 3120 3381 peccata,
3151 3313 3416 3368 mercedis
3448 3314 3608 3369 retri-

2017 3403 2286 3458 butionem
2307 3402 2374 3456 ibi
2390 3418 2610 3457 manere
2622 3417 2715 3459 eos
2728 3401 2817 3473 qui
2837 3401 2924 3458 hic
2934 3403 3092 3457 malis
3108 3412 3230 3458 sunt
3248 3402 3607 3470 all'ccti?Quid

2016 3510 2147 3565 ergo
2175 3493 2478 3550 detrimenti
2513 3508 2773 3561 accepere
2803 3493 2954 3563 pueri
2992 3508 3087 3563 pro
3116 3492 3206 3547 tali
3233 3508 3395 3548 causa
3419 3494 3608 3559 occisi,

2017 3588 2119 3657 qui-
2146 3585 2324 3640 statim
2368 3585 2434 3638 ad
2478 3585 2822 3655 tranquillum
2875 3594 3088 3654 portum
3130 3585 3495 3656 appulerunt?
3542 3586 3613 3640 At

2018 3678 2202 3742 multa,
2230 3676 2461 3746 inquies,
2486 3675 2626 3731 forte
2654 3676 2795 3732 bona
2835 3675 3032 3731 edituri
3058 3685 3231 3744 erant,
3260 3677 3304 3732 si
3330 3679 3610 3733 vixissent.

2015 3768 2119 3826 Sed
2148 3770 2270 3825 ideo
2291 3784 2398 3824 non
2429 3784 2524 3839 par
2550 3769 2681 3839 ipsis
2711 3783 2919 3824 merces
2946 3770 3181 3840 reposita
3210 3777 3315 3837 est,
3342 3771 3487 3840 quod
3515 3786 3613 3841 pro

2017 3863 2109 3917 tali
2150 3876 2310 3917 causa
2359 3860 2610 3916 obierint.
2658 3858 2909 3930 Alioquin
2959 3874 3086 3915 vero
3131 3876 3239 3915 non
3283 3862 3611 3931 permisisset

2017 3969 2212 4025 pueros
2265 3963 2586 4025 praematura
2641 3962 2815 4009 morte
2863 3952 3066 4023 abripi,
3117 3952 3163 4006 si
3214 3953 3393 4023 magni
3447 3952 3613 4009 futuri

2017 4055 2193 4101 erant.
2254 4023 2388 4099 Nam
2441 4045 2485 4099 si
2531 4058 2623 4098 eos
2669 4043 2759 4113 qui
2808 4045 2861 4098 in
2910 4043 3147 4113 nequitia
3197 4043 3390 4098 victuri
3449 4054 3609 4111 sunt,

2015 4152 2138 4192 cum
2167 4144 2308 4191 tanta
2357 4134 2460 4189 fert
2499 4134 2774 4204 patientia,
2817 4134 2984 4188 multo
3035 4133 3203 4205 magis
3247 4133 3346 4191 bos
3384 4149 3492 4189 non
3537 4136 3616 4190 si-

2017 4237 2170 4283 neret
2198 4227 2272 4283 ita
2315 4224 2536 4291 auferri,
2556 4225 2601 4280 si
2646 4240 2836 4297 magna
2864 4223 3110 4298 quaedam
3139 4225 3387 4293 edituros
3418 4227 3613 4297 praevi-

2017 4317 2195 4374 deret?

2101 4514 2155 4569 5.
2183 4512 2252 4568 Ει
2278 4514 2331 4567 hi
2362 4513 2577 4581 quidem
2610 4510 2782 4566 nostri
2809 4518 2935 4566 sunt
2962 4524 3276 4574 sermones;
3319 4522 3420 4563 nec
3447 4516 3622 4562 tamen

2025 4602 2080 4658 hi
2110 4604 2210 4659 soli
2240 4611 2466 4674 possunt
2496 4602 2696 4669 afferri,
2726 4601 2821 4656 sed
2862 4609 2986 4655 sunt
3012 4600 3173 4655 etiam
3215 4598 3304 4653 alii
3352 4597 3437 4652 his
3467 4599 3625 4666 longe

2027 4695 2410 4761 abstrusiores,
2430 4709 2564 4764 quos
2592 4694 2729 4749 bene
2759 4692 2907 4747 novit
2936 4693 2982 4746 is
3008 4691 3097 4761 qui
3131 4690 3249 4744 Itast:
3270 4689 3623 4757 dispensavit.

2029 4792 2133 4862 Ipsi
2178 4793 2357 4860 itaque
2399 4789 2733 4846 accuratiore
2765 4788 3017 4842 harumce
3062 4800 3239 4840 rerum
3268 4782 3628 4852 comprehen-

2029 4885 2181 4939 sione
2209 4896 2488 4947 concessa,
2520 4882 2586 4936 iis
2613 4895 2733 4951 qum
2779 4885 3077 4947 sequuntur
3119 4875 3440 4939 haereamus,
3481 4881 3537 4927 et
3561 4887 3629 4927 ex

2032 4977 2259 5030 aliorum
2290 4973 2680 5030 calamitatibus
2723 4971 2789 5026 ad
2840 4970 3016 5025 omnia
3062 4967 3272 5023 fortiter
3302 4966 3522 5023 ferenda
3547 4967 3631 5020 in-

2030 5069 2339 5124 stituantur.
2367 5066 2483 5122 Non
2513 5082 2670 5135 parva
2700 5065 2845 5119 enim
2877 5061 3133 5133 tragtndia
3164 5070 3291 5117 tunc
3311 5059 3627 5116 Bcthlehem

2034 5160 2338 5228 occupavit,
2363 5157 2542 5227 pueris
2571 5171 2636 5211 ex
2665 5155 2793 5225 ipsis
2816 5164 3048 5209 matrum
3083 5152 3339 5209 uberibus
3365 5150 3628 5218 abreptis,

2035 5258 2092 5307 et
2118 5249 2184 5304 ad
2232 5249 2370 5304 hanc
2401 5249 2633 5318 iniquam
2663 5246 2864 5301 caedem
2905 5245 3171 5302 abductis.
3201 5243 3353 5313 Quod
3384 5242 3431 5297 si
3457 5241 3633 5297 adhuc

2035 5343 2213 5415 pusilli
2241 5358 2299 5397 es
2325 5342 2510 5407 animi,
2538 5356 2636 5396 nec
2679 5348 2879 5396 tantam
2927 5349 3079 5408 potes
3118 5333 3514 5406 philosOpbiam
3554 5341 3633 5385 at-

2039 5436 2266 5506 tingere,
2294 5435 2443 5492 disce
2482 5433 2642 5489 iinem
2689 5433 2833 5488 illius
2860 5432 2948 5503 qui
2996 5431 3112 5486 iure
3149 5443 3314 5484 ausus
3342 5434 3446 5493 est,
3475 5423 3634 5494 spiri-

2038 5542 2255 5602 tumque
2286 5525 2826 5585 resume.Celerrima
2847 5528 3045 5597 quippe
3068 5523 3217 5577 illum
3238 5517 3489 5576 facinoris
3518 5516 3631 5570 vin-

2039 5621 2179 5679 dicta
2205 5621 2483 5691 corripuit,
2517 5623 2758 5689 tantique
2784 5617 3007 5674 sceleris
3031 5614 3221 5683 dignas
3245 5610 3393 5669 dedit
3419 5622 3631 5684 poenas.

2037 5713 2153 5768 dira
2197 5720 2371 5767 morte
2413 5722 2468 5766 et
2510 5725 2574 5765 ea
2616 5724 2775 5780 quam
2823 5708 3002 5763 intulit
3049 5702 3441 5759 miserabiliore
3468 5701 3630 5753 vitam

2041 5805 2317 5873 claudens,
2349 5803 2735 5874 innutueraque
2775 5801 2877 5856 alia
2925 5813 3111 5872 passus
3159 5796 3296 5852 mala
3331 5811 3345 5850 :
3393 5809 3511 5866 qua:
3553 5790 3630 5847 di-
