4052 6426
1877 317 1905 328 υ

488 420 586 481 179

484 558 640 601 scere
689 545 935 615 poteritis
999 542 1044 597 si
1091 540 1310 612 lesephi
1357 539 1645 596 Historiam
1688 538 1947 596 evolutis
1965 536 2062 615 (a),

483 652 666 707 quam,
700 651 768 692 ne
797 636 1036 707 longiore
1065 643 1277 689 utamur
1305 647 1578 700 sermone,
1604 647 1708 689 neu
1733 631 1932 689 seriem
1967 645 2069 686 no-
2134 712 2139 715 ι

482 736 648 783 stram
697 726 1118 797 intercipiamus,
1167 724 1517 795 pra-sentibus
1570 739 1678 779 non
1727 720 2067 780 inserendam
2112 721 2125 736 '

482 833 602 875 esse
629 817 949 889 putavimus.
986 818 1074 872 l7.
1118 816 1265 871 Tunc
1308 817 1571 888 impletum
1612 825 1685 872 est
1712 816 1850 886 quod
1876 815 2068 869 dictum

477 918 550 965 est
596 926 685 978 per
727 908 1004 965 Jeremiant
1050 911 1347 981 prophetam
1393 908 1636 963 dicentem
1666 924 1685 963 :
1723 909 1811 965 18.
1849 906 1964 963 Voa:
2015 910 2074 964 in

473 999 644 1058 ﬂama
670 1006 845 1060 audita
873 1016 968 1073 est,
1003 1007 1251 1075 ploratus,
1279 1016 1325 1060 et
1347 1007 1497 1076 ﬂetus
1522 1015 1569 1061 et
1596 1005 1817 1059 ululatus
1836 1003 2063 1069 multus;

475 1094 675 1153 Rachel
726 1098 935 1169 plorans
973 1100 1109 1169 filios
1154 1115 1293 1166 suos,
1322 1109 1370 1153 et
1418 1098 1583 1153 noluit
1628 1097 1901 1162 consolari,
1943 1096 2064 1168 quia

477 1206 580 1244 non
597 1199 714 1244 sunt
733 1190 864 1263 (Jer.
884 1192 944 1245 3i
960 1232 973 1245 .
996 1190 1105 1263 15).
1126 1190 1386 1256 Quoniam
1406 1189 1549 1245 enim
1571 1189 1868 1245 auditorem
1886 1188 2062 1259 reple-

475 1282 553 1336 vit
575 1280 821 1349 horrore,
843 1282 943 1338 hac
962 1283 1213 1349 violenta,
1236 1282 1607 1338 crudelissima
1635 1291 1690 1338 et
1708 1281 1886 1352 iniqua
1913 1279 2062 1337 caede

473 1382 718 1438 narrata,
772 1374 946 1445 ipsum
992 1375 1320 1442 consolatur,
1373 1373 1595 1443 docens,
1637 1373 1756 1430 lucc
1787 1390 1892 1429 non
1939 1373 2062 1430 ideo

470 1464 751 1531 accidisse,
779 1465 922 1536 quod
956 1466 1096 1523 Deus
1122 1481 1224 1522 nec
1267 1477 1451 1537 posset
1476 1465 1756 1537 impedire,
1789 1480 1888 1521 nec
1917 1481 2058 1536 pra:-

466 1556 708 1623 vidissct,
741 1558 836 1614 sed
866 1575 989 1614 eum
1020 1559 1137 1615 htcc
1162 1569 1217 1615 et
1256 1560 1435 1615 futura
1463 1560 1703 1627 novisse,
1728 1567 1785 1617 et
1811 1574 2061 1630 prtenun-

468 1649 631 1705 tiasse
655 1666 750 1721 per
771 1650 1108 1721 prophetam.
1133 1651 1211 1707 Ne
1234 1653 1412 1723 itaque
1440 1652 1690 1717 turberis,
1710 1660 1766 1706 et
1782 1650 2054 1718 concidas,

465 1742 519 1796 in
569 1745 956 1813 providentiam
1004 1746 1121 1815 ejus
1173 1745 1496 1802 inell'abilem
1542 1747 1860 1817 respiciens,
1895 1761 2053 1817 quam

465 1843 576 1889 tum
619 1850 684 1890 ex
732 1836 796 1890 iis
835 1852 956 1906 qua:
988 1847 1261 1906 operatur,
1292 1847 1403 1893 tum
1443 1853 1511 1892 ex
1554 1836 1620 1893 iis
1647 1852 1768 1909 qua;
1797 1837 2055 1907 permittit

461 1924 645 1981 videre
675 1936 758 1981 est
790 1944 804 1979 :
849 1927 899 1981 id
929 1926 1070 1996 quod
1105 1929 1265 1983 etiam
1293 1928 1420 1983 alibi
1449 1926 1742 2000 discipulos
1770 1928 2051 2000 alloquens

462 2015 838 2073 subindicavit.
878 2019 1023 2084 Quia
1071 2019 1216 2075 enim
1269 2019 1575 2085 tribunalia,
1608 2020 1956 2076 abductiones
1982 2021 2049 2077 ad

460 2117 708 2176 mortem,
739 2110 886 2166 orbis
914 2112 1049 2169 bella
1081 2113 1520 2184 interuecinaque
1544 2114 1727 2185 praelia
1759 2115 1888 2185 ipsis
1918 2130 2053 2184 pra:-

461 2201 813 2265 nuntiaverat,
843 2219 1031 2259 eorum
1059 2205 1269 2261 animos
1310 2207 1547 2277 erigens,
1575 2216 1631 2263 et
1659 2217 1717 2263 ut
1741 2208 2050 2264 consoletur

458 2293 576 2348 illos
603 2293 678 2348 ait
706 2311 721 2349 :
753 2293 942 2351 Nonne
966 2296 1068 2351 duo
1098 2313 1326 2366 passeres
1355 2314 1469 2353 asse
1494 2308 1726 2364 veneunt,
1756 2309 1802 2353 et
1829 2315 1962 2354 unus
1981 2316 2046 2354 ea;

455 2383 559 2437 illis
585 2400 686 2438 non
724 2386 869 2440 cadet
914 2403 1069 2457 super
1098 2395 1286 2442 terram
1325 2390 1436 2443 sine
1466 2389 1622 2444 Patre
1667 2398 1852 2455 vestro,
1877 2391 1965 2460 qui
1990 2391 2046 2445 in

452 2477 591 2532 cazlis
611 2486 684 2532 est
700 2477 914 2550 (Matth.
931 2480 1019 2535 lO.
1032 2479 1160 2552 9.9)?
1178 2480 1291 2536 Hoc
1311 2489 1490 2537 autem
1505 2481 1737 2549 diccbat,
1752 2482 2043 2539 ostendens

452 2568 544 2625 illo
566 2570 845 2641 ignorante
886 2572 1017 2628 nihil
1048 2573 1199 2638 ﬁeri;
1230 2574 1326 2630 sed
1352 2576 1493 2630 scire
1539 2574 1687 2630 illum
1715 2576 1916 2641 omnia,
1943 2590 2044 2633 nec

451 2670 628 2716 tamen
659 2671 847 2717 cuncta
872 2663 1067 2720 facere.
1088 2664 1166 2720 Ne
1192 2665 1371 2736 igitur,
1397 2666 1587 2736 inquit,
1613 2665 1921 2732 turbemini,
1942 2680 2042 2721 nec

447 2754 914 2809 commoveamini.
944 2754 1077 2810 Nam
1106 2757 1194 2827 qui
1223 2757 1325 2811 scit
1350 2772 1412 2811 ea
1439 2773 1560 2827 quae
1585 2756 1878 2822 sustinetis,
1900 2764 1957 2812 et
1976 2770 2040 2812 ea

449 2851 626 2912 potest
673 2844 954 2914 impedire,
1004 2846 1121 2902 sine
1163 2846 1330 2902 dubio
1370 2863 1473 2901 non
1526 2846 1748 2916 impedit
1772 2849 1895 2917 quia
1941 2863 2038 2904 vc-

448 2945 618 2991 Strum
646 2952 827 2992 curam
854 2947 910 2993 et
954 2938 1342 3009 providentiam
1381 2939 1519 3010 gerit
1548 2956 1562 2994 :
1595 2938 1735 3009 quod
1775 2940 1934 2995 etiam
1982 2939 2035 2995 in

447 3029 829 3085 tentatiuuihus
870 3031 1107 3101 cogitare
1138 3039 1382 3102 oportet,
1413 3031 1640 3102 hincque
1684 3048 1789 3086 non
1820 3047 2034 3100 parvam

445 3120 867 3177 consolationem
914 3123 1261 3193 accipiemus.
1310 3124 1377 3179 Et
1405 3123 1531 3195 quid
1561 3139 1846 3179 commune
1875 3124 2037 3181 habet

446 3209 648 3267 Rachel
692 3229 812 3267 cum
854 3213 1208 3270 Bethlchem?
1250 3215 1452 3270 dixerit
1479 3217 1704 3271 fortasse
1733 3216 2028 3286 quispiam;

446 3302 658 3369 Rachel,
700 3304 891 3376 inquit,
921 3307 1131 3375 plorans
1161 3306 1296 3376 ﬁlios
1337 3325 1475 3363 suos.
1516 3307 1652 3376 Quid
1696 3308 1824 3365 item
1863 3308 2030 3364 Roma

436 3410 561 3451 cum
591 3396 862 3454 Racheie?
889 3399 1084 3456 Rachel
1114 3412 1288 3457 mater
1315 3413 1432 3458 erat
1459 3403 1793 3474 Benjamini;
1833 3403 2031 3474 ipsam-

436 3502 541 3555 que
567 3497 832 3545 mortuam
858 3492 1186 3561 sepelierunt
1216 3494 1270 3549 in
1309 3493 1663 3565 hippodromo
1692 3510 1858 3566 prope
1888 3497 2029 3552 hunc

440 3580 632 3633 locum.
664 3579 795 3648 Quia
821 3582 981 3651 igitur
1002 3584 1309 3654 sepulcrum
1337 3601 1503 3657 prope
1524 3595 1660 3651 erat,
1680 3597 1738 3642 et
1766 3585 1882 3643 hmo
1907 3602 2028 3643 sors

435 3678 552 3725 erat
580 3670 876 3742 Benjamini
905 3672 997 3729 lilii
1025 3677 1143 3745 ejus
1175 3693 1190 3732 :
1223 3691 1344 3731 nam
1369 3677 1537 3732 [lauta
1559 3678 1627 3733 ad
1655 3678 1850 3734 tribum
1885 3679 2024 3734 Ben-

429 3763 597 3829 jamin
638 3766 976 3836 pertinebat;
1004 3779 1060 3824 et
1097 3783 1125 3823 a
1157 3771 1398 3841 principe
1418 3771 1627 3851 tribus,
1656 3781 1706 3826 et
1735 3787 1766 3826 a
1793 3772 2023 3842 sepulcri

434 3857 585 3923 loco,
635 3869 893 3915 mactatos
951 3877 1148 3931 pueros
1188 3861 1311 3933 jure
1360 3861 1611 3919 llacltelis
1660 3863 1797 3919 lilios
1845 3873 2020 3918 vocat.

434 3947 637 4005 Deinde
664 3951 954 4007 ostendens
976 3953 1275 4009 insanabile
1297 3969 1418 4009 esse
1441 3964 1546 4009 tam
1563 3955 1782 4011 crudele
1807 3955 2020 4024 vulnus,

429 4042 542 4097 ait:
578 4039 761 4096 Noluit
787 4045 1060 4111 consolari,
1096 4047 1215 4116 quia
1242 4062 1344 4100 non
1369 4055 1508 4101 sunt.
1545 4046 1639 4102 llis
1670 4064 1880 4102 rursum
1919 4047 2021 4103 hoc

428 4133 603 4202 ipsum
644 4132 918 4200 docemur,
952 4136 1094 4206 quod
1126 4137 1271 4205 prius
1313 4136 1578 4205 dicebam,
1612 4154 1719 4193 non
1766 4148 2019 4208 oportere

429 4226 649 4290 turbari,
680 4241 801 4281 cum
827 4243 889 4283 ea
919 4244 1038 4298 qua:
1063 4229 1333 4297 accidunt,
1379 4229 1476 4285 Dei
1504 4231 1845 4301 promissioni
1883 4247 2015 4287 con-

429 4319 591 4372 traria
613 4318 880 4374 videntur.
910 4320 1051 4376 Ecce
1078 4322 1221 4376 enim
1248 4336 1368 4376 cum
1397 4321 1618 4378 advenit
1641 4324 1754 4393 ipse
1781 4324 1847 4377 ad
1876 4324 2018 4378 salu-

428 4415 533 4462 tem
559 4408 758 4478 populi,
784 4409 892 4464 imo
919 4410 985 4465 ad
1010 4410 1235 4467 salutem
1253 4411 1421 4477 orbis,
1438 4428 1557 4483 quae
1584 4413 1801 4468 exordia
1831 4413 2016 4470 fuere?

425 4498 592 4555 Mater
632 4500 783 4571 fugit,
818 4501 986 4570 patria
1013 4501 1131 4572 ejus
1160 4502 1584 4561 intolerabilibus
1620 4506 2015 4563 calamitatibus

423 4591 696 4665 afﬂigitur,
743 4592 920 4649 czt-des
978 4602 1315 4664 perpetratur
1355 4597 1594 4652 omnium
1641 4598 2010 4667 acerbissima,

425 4682 665 4761 ploratus
714 4676 767 4739 et
796 4682 1028 4740 ululatus
1078 4684 1279 4740 multus
1327 4694 1488 4758 atque
1534 4688 1762 4759 ejulatus
1790 4691 2008 4761 ubique.

424 4758 717 4830 Verum'ue
761 4775 994 4830 turberis
1025 4793 1039 4829 :
1078 4775 1218 4831 solet
1244 4777 1388 4833 enim
1440 4794 1536 4849 per
1563 4758 1832 4836 Contraria
1859 4796 2010 4838 tneo-

423 4864 657 4919 nomiam
697 4878 848 4920 suam
894 4866 1140 4936 implere,
1174 4867 1462 4923 maximam
1503 4868 1631 4926 inde
1660 4869 1869 4927 virtutis
1898 4886 2011 4929 suae

423 4954 578 5009 nobis
605 4956 848 5024 praebens
877 4957 1414 5013 demonstrationem.
1442 4960 1530 5016 Sic
1558 4961 1853 5032 discipulos
1884 4978 2011 5020 suos

422 5046 627 5102 induxit
657 5055 816 5117 atque
835 5049 1084 5118 instituit,
1120 5058 1176 5105 ut
1203 5050 1272 5105 ita
1303 5052 1481 5107 omnia
1511 5065 1852 5124 peragerent,
1880 5070 2011 5112 con-

423 5139 584 5193 traria
630 5140 914 5194 contrariis
957 5141 1295 5213 dispensans,
1326 5160 1435 5215 quo
1479 5147 1652 5216 majus
1690 5149 2006 5204 miraculum

421 5230 679 5286 eluce'ret.
713 5229 987 5302 Flagellati
1018 5233 1197 5304 itaque
1223 5236 1319 5301 illi,
1350 5246 1407 5291 et
1433 5239 1589 5307 pulsi,
1620 5247 1671 5294 et
1700 5239 2008 5295 innumeras

418 5324 687 5392 patientes
724 5339 1010 5393 mrumuas,
1041 5326 1122 5383 sic
1159 5327 1547 5400 ﬂagellantibus
1574 5341 1733 5404 atque
1760 5334 2007 5404 pellenti-

420 5413 518 5469 btts
545 5416 853 5484 superiores
877 5427 1180 5475 evaserunt.
1203 5420 1289 5477 l9.
1312 5420 1563 5495 Defuncto
1587 5436 1755 5480 autem
1780 5425 2003 5492 lle-rode,

418 5519 531 5558 ecce
567 5507 779 5576 angelus
829 5507 1037 5563 Domini
1075 5513 1317 5586 apparuit
1354 5514 1406 5570 in
1450 5517 1640 5573 somnis
1668 5516 1880 5589 Joseph,
1911 5519 2000 5576 30.

419 5594 590 5652 dicens
625 5611 647 5651 :
703 5598 930 5672 Surgens
981 5602 1155 5674 accipe
1199 5620 1411 5674 puerum
1450 5618 1496 5662 et
1533 5618 1745 5664 matrem
1783 5611 1913 5678 ejus,
1958 5621 2005 5667 et

502 5856 580 5914 (al
600 5858 915 5923 Josophusin
938 5863 1150 5914 Historia
1172 5875 1259 5914 sua
1283 5864 1486 5916 Herodis
1514 5868 1661 5919 vitam
1684 5868 1938 5921 describit.

1217 439 1273 493 5.
1312 434 1591 491 JUANNIS
1627 433 2094 492 CHRYSOS’I‘OMI
2132 435 2450 493 ARClllEP.
2489 437 3025 496 CONSTANTINOP.

3652 437 3753 501 180

2175 539 2303 598 uade
2348 540 2403 596 in
2446 550 2634 598 terram
2680 543 2869 603 lsrael.
2918 547 3034 604 Non
3069 547 3181 620 jam
3228 551 3377 620 dicit,
3422 552 3593 627 Fuge,
3637 558 3758 626 sed,

2186 628 2343 686 Vade.

2241 721 2298 777 4.
2341 721 2531 779 Viden‘
2562 740 2774 783 rursum
2816 729 3052 801 quietem
3083 742 3206 804 post
3236 735 3585 795 tentationem
3608 739 3634 792 ι
3661 737 3762 797 de-

2173 810 2296 868 inde
2320 823 2441 885 post
2477 816 2713 886 quietem
2751 834 2939 877 rursus
2968 823 3260 892 periculum
3276 827 3301 879 ἲ
3324 825 3458 884 Nam
3500 838 3623 900 post
3648 833 3766 888 esi-

2170 902 2299 959 lium
2342 904 2629 977 dimissus,
2657 919 2714 965 et
2746 911 2799 967 in
2847 927 2999 969 suam
3051 917 3325 987 regionem
3363 934 3615 979 reversus
3642 932 3760 990 est,

2169 994 2407 1067 viditque
2455 1014 2740 1069 puerorum
2803 1003 3201 1065 interfectorem
3252 1013 3614 1082 exstinctum;
3669 1016 3762 1073 ubi

2169 1101 2299 1142 vero
2327 1088 2380 1143 in
2411 1092 2637 1162 patriam
2666 1095 2942 1164 pervenit,
2979 1098 3231 1170 reliquias
3258 1101 3453 1163 iterum
3499 1106 3761 1176 pristino-

2167 1193 2287 1235 rum
2317 1182 2670 1250 periculorum
2716 1188 2937 1257 reperit,
2968 1188 3134 1245 lilium
3167 1194 3379 1264 tyranni
3407 1195 3673 1254 viventem
3704 1208 3761 1255 et

2167 1283 2499 1343 regnantem.
2529 1276 2596 1331 Et
2635 1280 2905 1349 quomodo
2949 1283 3244 1340 Archelaus
3286 1288 3542 1358 regnabat
3582 1290 3635 1346 in
3659 1290 3760 1347 Ju-

2165 1363 2279 1419 daza
2303 1404 2319 1430 ,
2348 1379 2469 1421 cum
2498 1366 2717 1426 Pontius
2745 1371 2945 1429 Pilatus
2974 1390 3176 1445 praeses
3203 1379 3390 1433 esset?
3420 1379 3628 1438 Recens
3652 1384 3756 1439 ad-

2165 1453 2270 1512 huc
2305 1469 2423 1513 erat
2461 1476 2609 1517 mors
2637 1461 2897 1534 Herodis,
2928 1467 3157 1524 necdum
3203 1485 3427 1542 regnum
3463 1473 3517 1528 in
3559 1476 3757 1533 multas

2165 1559 2346 1617 partes
2368 1549 2597 1608 divisum
2626 1554 2799 1613 luerat
2827 1576 2842 1612 :
2870 1557 2965 1614 sed
2993 1563 3122 1633 quia
3144 1576 3316 1632 nuper
3340 1562 3577 1621 Herodes
3602 1567 3756 1624 obie-

2162 1650 2266 1709 rat,
2298 1644 2508 1699 interim
2551 1645 2693 1703 ﬁlius
2722 1647 2953 1707 Herodis
2985 1651 3268 1722 imperium
3303 1656 3555 1723 tenebat;
3582 1658 3756 1717 frater

2160 1733 2361 1804 quippe
2389 1736 2637 1792 Archelai
2685 1737 2926 1796 Herodes
2950 1751 3005 1797 et
3031 1743 3148 1813 ipse
3188 1746 3554 1816 appellabatur
3587 1765 3601 1801 :
3630 1748 3755 1808 ideo

2157 1822 2363 1879 addidit
2385 1827 2710 1899 evangelista
2733 1871 2748 1897 ,
2777 1830 2872 1885 22.
2893 1830 3001 1887 Pro
3030 1832 3237 1891 Herode
3258 1848 3404 1907 patre
3425 1855 3537 1893 suo.
3565 1840 3672 1897 Sed
3702 1844 3751 1899 si

2157 1912 2397 1971 Judmam
2438 1919 2586 1975 adire
2613 1919 2933 1978 formidabat
2957 1935 3174 1996 propter
3203 1927 3523 1985 Archelaum
3547 1972 3563 2000 ,
3588 1947 3754 2004 opor-

2157 2008 2304 2063 tebat
2344 2018 2400 2064 et
2442 2008 2715 2067 Galilaeam
2763 2022 3006 2072 metuere
3055 2026 3273 2089 propter
3317 2019 3605 2078 Herodem.
3639 2026 3751 2083 Sed

2155 2099 2247 2155 ubi
2272 2100 2445 2156 locum
2474 2105 2718 2172 mutavit,
2737 2121 2825 2162 res
2850 2120 3036 2177 postea
3067 2110 3121 2164 in
3151 2111 3382 2169 obscuro
3410 2117 3636 2173 mansit:
3664 2127 3752 2174 to.

2155 2197 2242 2245 tus
2269 2191 2466 2263 quippe
2512 2192 2743 2264 impetus
2782 2206 2972 2253 contra
3004 2198 3317 2257 Bethlehem
3361 2214 3480 2261 erat
3520 2216 3576 2262 et
3609 2207 3750 2266 lines

2152 2283 2291 2353 ejus.
2318 2284 2479 2342 Cmde
2507 2287 2685 2358 itaque
2711 2300 2938 2359 patrata,
2970 2292 3263 2350 Archelaus
3292 2295 3430 2353 illius
3454 2314 3568 2356 rem
3598 2316 3750 2372 pera-

2150 2381 2290 2429 ctam
2321 2376 2537 2445 putabat
2561 2418 2576 2443 ,
2614 2390 2775 2449 atque
2800 2396 2923 2436 cum
2949 2384 3038 2453 qui
3068 2385 3408 2454 quznrebatur
3435 2388 3574 2446 inter
3599 2395 3747 2448 mul-

2149 2475 2233 2521 tos
2257 2469 2493 2524 occisum
2519 2468 2707 2528 fuisse.
2739 2473 2985 2545 Alioquin
3015 2490 3138 2531 cum
3169 2478 3391 2535 vidisset
3415 2492 3619 2551 patrem
3648 2487 3746 2542 tali

2147 2569 2320 2616 morte
2341 2564 3085 2632 consumptum,moderatior
3110 2567 3227 2636 fuit,
3252 2586 3411 2641 quam
3437 2584 3494 2629 ut
3519 2574 3746 2635 ulterius

2146 2650 2482 2720 procederet,
2505 2660 2562 2709 et
2578 2653 2647 2710 de
2677 2656 2955 2727 iniquitate
2979 2659 3351 2718 contenderet.
3376 2663 3535 2723 Venit
3561 2668 3745 2740 itaque

2145 2742 2345 2816 Josepb
2374 2745 2618 2817 Nazaret,
2653 2760 2710 2806 ut
2758 2767 2862 2807 una
2891 2763 2947 2810 et
2972 2755 3265 2825 periculum
3293 2757 3504 2831 lugeret
3523 2802 3538 2825 ,
3566 2770 3621 2817 et
3656 2763 3744 2820 di.

2143 2832 2336 2892 lectam
2366 2840 2590 2908 patriam
2611 2841 2886 2899 incoleret.
2912 2843 2980 2901 Ut
3007 2847 3193 2917 majori
3221 2848 3574 2908 instrueretur
3601 2854 3742 2910 lida-

2142 2924 2224 2980 cia
2250 2967 2266 2993 ,
2294 2929 2570 2986 oraculum
2596 2931 2683 3007 ab
2724 2934 2915 3005 angelo
2951 2935 3052 2991 hac
3093 2938 3162 2995 de
3188 2953 3248 2995 re
3273 2942 3479 3012 accepit
3508 2961 3523 2998 :
3549 2959 3740 3015 quam-

2140 3031 2300 3087 quam
2357 3019 2530 3078 Lucas
2578 3038 2685 3079 non
2747 3024 2891 3082 dicat
2949 3028 3122 3098 ipsum
3176 3047 3272 3102 per
3318 3036 3591 3091 oraculum
3642 3038 3738 3095 illo

2139 3110 2381 3178 venisse;
2433 3113 2527 3169 sed
2576 3116 2840 3187 completa
2880 3120 3252 3189 puriﬁcatione
3296 3126 3347 3180 in
3391 3126 3617 3185 Nazaret
3647 3147 3735 3195 re—

2136 3215 2323 3258 versos
2369 3203 2488 3261 illos
2536 3221 2676 3263 esse.
2707 3208 2845 3277 Quid
2889 3212 3051 3283 igitur
3093 3215 3378 3273 dicendum
3425 3222 3732 3291 estlQuod

2135 3294 2343 3350 scilicet
2377 3295 2550 3353 Lucas
2594 3298 2697 3354 hoc
2735 3300 2911 3370 dicat,
2946 3314 3157 3375 tempus
3195 3307 3504 3368 describens
3556 3314 3685 3371 illud
3710 3360 3725 3383 ,

2133 3384 2274 3455 quod
2298 3389 2571 3455 praecessit
2597 3389 2915 3448 descensum
2942 3394 2995 3449 in
3026 3394 3341 3469 Egyptutn.
3368 3400 3553 3473 Neque
3581 3406 3726 3461 enim

2132 3485 2258 3530 ante
2285 3478 2710 3547 puriﬁcationem
2733 3498 2826 3539 eos
2867 3484 2989 3541 illuc
3015 3485 3268 3557 deduxit,
3297 3507 3366 3547 ne
3391 3494 3515 3563 quid
3538 3508 3723 3555 contra

2131 3564 2302 3637 legem
2329 3568 2719 3640 admitteretur,
2746 3576 2841 3639 sed
2862 3581 3190 3650 exspectavit
3227 3582 3401 3641 donec
3427 3588 3725 3657 puriﬁcatio

2130 3657 2305 3726 iteret,
2334 3675 2400 3716 ac
2435 3662 2676 3720 redirent
2702 3665 2927 3727 Nazaret
2947 3711 2963 3733 ,
2994 3679 3228 3744 tuncque
3250 3675 3636 3737 descenderent
3669 3686 3720 3739 in

2129 3746 2443 3821 Egyptum.
2466 3753 2669 3811 Deinde
2691 3772 2761 3811 ex
2789 3757 3024 3832 Egypto
3052 3763 3483 3837 profectusiubet
3499 3771 3724 3830 Nazaret

2129 3840 2326 3897 redire.
2356 3842 2526 3899 Antea
2556 3860 2684 3902 vero
2712 3862 2815 3903 non
2844 3853 3032 3908 moniti
3060 3855 3276 3913 oraculo
3300 3857 3527 3929 fuerant,
3552 3874 3609 3919 ut
3630 3865 3722 3919 illo

2126 3930 2403 4000 redirent;
2438 3937 2533 3993 sed
2560 3953 2625 3993 ex
2659 3939 2931 3999 voluntate
2970 3947 3182 4016 propria
3225 3947 3279 4003 in
3328 3951 3577 4011 dilectam
3621 3973 3719 4028 pa.

2128 4025 2282 4081 triam
2303 4040 2363 4083 se
2387 4031 2747 4088 contulerant.
2776 4035 2909 4102 Quia
2938 4037 3083 4095 enim
3109 4056 3216 4097 non
3248 4043 3350 4099 nisi
3378 4060 3477 4115 pro
3514 4025 3720 4105 deseri-

2126 4120 2310 4188 ptioue
2337 4129 2392 4176 et
2416 4136 2581 4179 censu
2623 4125 2717 4182 illo
2754 4140 3033 4204 venerant,
3067 4148 3167 4189 nec
3192 4133 3342 4192 locus
3366 4137 3436 4193 ibi
3465 4143 3716 4198 manendi

2122 4224 2268 4279 erat,
2317 4229 2377 4270 re
2425 4216 2696 4287 perlecta,
2724 4235 2822 4288 pro
2873 4238 2975 4291 qua
3018 4237 3294 4290 venerant,
3343 4233 3544 4287 reversi
3591 4248 3721 4291 sunt

2121 4301 2366 4359 Nazaret.
2414 4303 2540 4362 Ideo
2584 4309 2807 4379 angelus
2857 4311 2976 4368 illos
3020 4315 3238 4372 domum
3280 4319 3501 4387 reducit,
3537 4333 3598 4378 ut
3640 4325 3714 4381 ibi

2120 4405 2420 4460 manerent,
2454 4413 2625 4468 neque
2668 4400 2797 4456 illud
2833 4406 2948 4458 sine
2972 4420 3154 4475 causa,
3185 4408 3278 4463 sed
3316 4411 3457 4480 quod
3486 4413 3557 4468 ita
3586 4431 3710 4484 pro.

2119 4487 2299 4557 phetia
2346 4488 2509 4546 ferret
2536 4507 2550 4544 :
2581 4507 2704 4547 nam
2734 4494 2847 4548 ait:
2879 4495 2970 4551 9.5.
3003 4497 3072 4553 Ut
3118 4500 3414 4571 impleretur
3446 4506 3584 4574 quod
3625 4508 3712 4561 di-

2117 4589 2255 4634 ctum
2279 4588 2354 4635 est
2377 4597 2468 4652 per
2482 4583 3017 4656 prophetas,quoniam
3034 4588 3320 4648 Nasci-rcus
3341 4597 3596 4650 vocabitur
3611 4596 3709 4669 (a).

2189 4668 2419 4725 Christus
2447 4689 2537 4727 cur
2565 4671 2847 4732 Nazarazus
2875 4688 3100 4739 uocatus.
3126 4712 3198 4723 —
3224 4682 3420 4755 Ecquis
3450 4668 3710 4759 propheta

2117 4762 2220 4819 hoc
2242 4765 2375 4820 dixit
2403 4765 2427 4820 ?
2454 4766 2533 4823 Ne
2559 4769 2826 4828 curiosius
2855 4772 3091 4843 inquiras
3129 4777 3211 4832 vel
3259 4782 3531 4836 scruteris.
3563 4782 3711 4840 Multi

2115 4858 2258 4913 enim
2289 4859 2580 4930 prophetici
2624 4862 2746 4918 libri
2786 4867 3064 4934 perierunt
3095 4888 3110 4924 :
3142 4870 3193 4925 id
3220 4872 3362 4941 quod
3390 4887 3456 4928 ex
3488 4873 3710 4931 historia

2115 4952 2557 5022 Paralipomenon
2601 4955 2783 5013 videre
2824 4967 2928 5014 est.
2957 4959 3088 5016 Nam
3118 4977 3309 5033 segnes
3356 4980 3478 5021 cum
3525 4979 3715 5025 essent

2114 5043 2305 5105 Judaei,
2332 5053 2384 5100 et
2413 5042 2719 5115 frequenter
2749 5048 3056 5107 deciderent
3096 5054 3148 5108 in
3178 5054 3503 5123 impietatem
3525 5101 3540 5124 ,
3570 5060 3711 5117 alios

2112 5127 2315 5194 incuria
2357 5140 2738 5211 perdiderunt,
2766 5143 2897 5200 alios
2927 5155 2982 5202 et
3029 5148 3127 5218 ipsi
3171 5151 3583 5208 eombusseruut
3620 5155 3706 5213 vel

2113 5228 2434 5286 lacerarunt.
2455 5230 2654 5289 Horum
2670 5234 2894 5291 alterum
2915 5236 3175 5294 leremias
3201 5252 3381 5297 narrat
3410 5242 3541 5315 (Cap
3578 5246 3672 5315 56)

2174 5405 2248 5467 (a)
2271 5406 2369 5480 _Hic
2390 5408 2459 5480 a_it
2479 5413 2692 5480 Joannes
2728 5409 3117 5480 Chrysostomus,
3158 5416 3426 5480 prophetas
3460 5417 3585 5480 Illos,
3619 5420 3710 5470 ubi

2111 5465 2217 5538 haec
2233 5465 2472 5540 clausula,
2508 5478 2775 5540 It'ozarteus
2794 5465 3068 5540 cpe-obitur,
3084 5465 3093 5466 ί
3107 5465 3713 5540 Ῑιὼεὺεἱίιιὶνξ.ιιιέ1ιὲὀιῖιῖιι

2112 5529 2299 5606 incuria
2331 5529 2531 5606 animos
2549 5532 2722 5606 fuisse.
2749 5534 2843 5586 Alii
2865 5529 3066 5606 dicunt,"
3089 5539 3197 5606 haec
3219 5553 3334 5606 non_
3352 5529 3470 5606 ij'sis
3500 5529 3710 5606 quich

2111 5593 2294 5668 verbis,
2320 5592 2573 5668 sedquod
2577 5596 2646 5668 ad
2666 5608 2865 5668 sensum
2892 5592 3102 5668 reperiri
3124 5606 3177 5668 in
3198 5592 3470 5668 prophetis,

2111 5651 2296 5725 dieque
2318 5651 2533 5725 exstant.
2557 5663 2654 5707 Nec
2669 5651 2966 5725 desuntqul
2988 5651 3303 5725 existiment,
3320 5651 3425 5715 hate
3442 5651 3596 5717 vei'ba
3615 5651 3707 5717 is-

2111 5716 2462 5795 apicerehunc
2486 5716 2641 5768 locum
2674 5718 2817 5795 Isaia
2833 5716 2917 5773 xr.
2940 5725 2983 5781 ι,
3008 5725 3091 5774 ubi
3123 5726 3174 5776 in
3213 5716 3452 5777 Hebraieo
3497 5716 3701 5795 legitur,

2542 5796 2688 5851 '12.:1,
2718 5794 2876 5869 et_[los
2906 5796 2967 5848 de
2990 5797 3240 5869 radicibus
3257 5814 3364 5866 ejus
3386 5804 3679 5869 get-minaci!

2114 5852 2209 5904 Ubi
2242 5851 2388 5915 illud.
2413 5865 2519 5915 '13:
2538 5897 2552 5923 ,
2584 5870 2740 5920 "8881',
2767 5851 3046 5910 Nazaraeum
3074 5851 3361 5925 exprimcre
3384 5851 3697 5924 éi’igtiiai'ni.
