4052 6428
274 403 364 462 181
1460 397 1525 453 ΙΝ
1563 397 1852 454 ΜΑΤἸἸΙᾸ

1960 399 1969 452 l
2009 398 2239 455 IIOMIL.
2286 403 2372 458 ιχ.

270 521 498 575 alterum
543 517 589 571 is
627 515 717 587 qui
758 521 1005 585 quartum
1049 512 1353 584 Regnorum
1384 504 1576 567 librum
1607 510 1758 583 (Cap.
1776 511 1869 573 2‘2)

271 611 474 674 edidit,
507 610 635 664 dum
666 610 770 672 ait,
806 616 924 677 post
967 606 1188 662 mullum
1238 603 1496 673 temporis
1533 605 1621 658 vix
1653 603 1867 658 tandem
1918 628 1921 631 ν

274 702 748 759 Denteronomium
813 699 1063 756 eﬁ'ossnm
1126 696 1289 752 fuisse
1345 706 1504 752 antea
1576 696 1866 770 perditum.

270 798 325 853 Si
358 811 521 867 porro
552 795 700 850 nullo
750 795 979 848 instante
1026 791 1255 846 barbaro
1284 789 1362 844 sic
1409 788 1575 845 libros
1616 787 1865 859 prodide-

271 900 413 953 runt,
445 888 618 944 multo
643 887 813 956 magis
843 893 1123 955 postquam
1153 883 1364 939 barbari
1395 883 1717 953 irruperant.
1748 881 1864 936 Caca

267 991 447 1036 terum
481 980 603 1049 quia
648 978 697 1032 id
736 978 1007 1047 preplletze
1036 973 1422 1045 pra-dixerant,
1452 972 1680 1043 apostoli
1724 988 1868 1042 saepe

267 1072 416 1126 illum
445 1070 783 1126 Nazarenum
812 1076 1025 1121 vocant.
1055 1064 1168 1121 Hoc
1188 1081 1316 1134 ergo
1336 1075 1438 1131 est,
1464 1065 1697 1135 inquies,
1724 1064 1865 1132 quod

153 1224 161 1230 ,
266 1166 603 1237 prophetiam
651 1163 718 1218 de
763 1159 1078 1217 Bethlehcm
1119 1158 1400 1214 obscuram
1442 1156 1706 1212 reddidit?
1755 1155 1862 1211 Ne-

264 1272 536 1328 quaquam
568 1273 581 1309 :
623 1254 721 1310 sed
764 1253 898 1308 illud
938 1253 1110 1323 ipsum
1155 1250 1390 1306 maxime
1429 1248 1677 1304 movebat
1704 1256 1759 1302 et
1797 1246 1864 1302 ad

263 1350 594 1422 exploranda
638 1364 698 1403 ea
745 1363 865 1418 qure
897 1346 963 1400 de
1007 1345 1098 1400 illo
1141 1344 1284 1398 dicta
1326 1335 1539 1398 inerant
1568 1340 1862 1396 excitabat.

264 1444 353 1500 Sic
394 1452 453 1500 et
494 1440 790 1497 Natlianael
829 1437 894 1492 ad
952 1436 1388 1506 perquisitionem
1432 1434 1502 1489 de
1540 1434 1633 1489 illo
1661 1432 1863 1487 facien-

263 1537 387 1591 dam
435 1535 582 1590 venit
631 1533 856 1587 dicens:
890 1528 976 1583 Ea:
1026 1527 1248 1582 Nazaret
1294 1534 1453 1598 potest
1511 1524 1706 1595 aliquid
1746 1525 1864 1578 boni

262 1646 371 1683 esse
397 1628 593 1701 (Joan.
624 1620 675 1679 1'.
706 1624 778 1680 46
800 1623 856 1694 )?
885 1621 1017 1677 Nam
1046 1620 1251 1675 viculus
1280 1628 1396 1675 erat
1420 1619 1570 1685 vilis;
1599 1619 1707 1673 imo
1754 1632 1859 1672 non

262 1720 472 1774 viculns
498 1718 586 1771 ille
615 1724 816 1770 tantmn
836 1755 853 1781 ,
886 1714 980 1767 sed
1020 1720 1128 1765 tota
1158 1710 1392 1766 Galilzete
1421 1709 1586 1778 regio.
1614 1708 1738 1763 Ideo
1779 1707 1859 1762 di-

261 1813 461 1868 cebant
488 1809 742 1866 Pharisaei
778 1826 793 1863 :
826 1806 1116 1875 Interroga,
1150 1812 1194 1857 et
1221 1803 1332 1859 vide
1351 1846 1366 1868 ,
1394 1803 1630 1873 quouimn
1660 1819 1722 1856 ea:
1751 1800 1857 1856 Ga-

261 1907 400 1960 lilam
428 1902 674 1973 propheta
699 1916 799 1954 non
827 1897 1046 1953 surrexit
1073 1894 1250 1968 (Joan.
1279 1895 1332 1949 7.
1355 1895 1469 1963 5‘2).
1498 1894 1746 1949 Altamen
1770 1893 1859 1948 ille

260 2014 326 2053 ex
373 1998 465 2051 tali
512 1995 680 2065 patria
719 2000 940 2047 vocatus
985 2006 1088 2045 non
1129 1988 1435 2054 erubescit,
1468 1988 1758 2042 ostendens
1799 2001 1858 2042 se

260 2089 405 2143 nulla
438 2103 499 2143 re
530 2086 757 2140 humana
788 2098 948 2154 cgere
978 2102 991 2136 :
1025 2080 1422 2150 discipulosque
1461 2092 1587 2133 suos
1617 2094 1681 2131 cx
1713 2077 1859 2132 Gali-

260 2182 356 2235 lica
385 2179 553 2249 eligit,
586 2176 818 2246 undique
847 2175 1158 2230 occasiones
1200 2180 1254 2226 et
1282 2171 1533 2226 obtentus
1572 2168 1856 2224 succidens

260 2273 326 2326 iis
372 2272 462 2341 qui
514 2278 726 2339 torpere
776 2266 1014 2332 vellent,
1063 2263 1457 2333 ostendensque
1499 2276 1597 2316 nos
1635 2269 1853 2317 externa

260 2363 405 2419 nulla
448 2377 506 2416 re
535 2376 693 2431 egere
715 2400 731 2426 ,
758 2359 803 2414 si
847 2357 1096 2412 virtutem
1125 2369 1493 2412 exerceamus.
1525 2353 1758 2423 ldeoljue
1788 2369 1856 2409 ne

257 2456 479 2510 domum
505 2453 718 2524 quidem
742 2452 840 2506 sibi
861 2450 1061 2522 delegit
1091 2467 1104 2502 :
1130 2465 1252 2504 nam
1278 2449 1390 2504 ait:
1425 2446 1594 2503 Filias
1637 2448 1854 2502 hominis

258 2566 361 2605 non
392 2548 537 2603 habet
566 2548 650 2602 ubi
678 2554 832 2615 caput
859 2546 1064 2600 reclinet
1090 2542 1257 2616 (Luc.
1291 2542 1344 2598 9.
1377 2542 1472 2611 58)
1497 2560 1513 2608 ;
1543 2552 1704 2611 atque
1745 2540 1851 2597 lle-

258 2641 392 2697 rode
419 2640 698 2696 insidiante
729 2637 878 2709 fugit,
908 2636 959 2691 in
988 2635 1248 2706 praesepio
1273 2635 1586 2697 collocatur,
1611 2640 1665 2688 ct
1693 2633 1744 2686 in
1770 2632 1852 2687 di-

257 2733 499 2788 versorio
549 2737 727 2786 inanet
749 2771 766 2797 ,
797 2736 1127 2798 matremque
1169 2725 1318 2797 eligit
1363 2727 1575 2796 inopem
1600 2765 1614 2788 ,
1648 2733 1707 2779 ut
1753 2739 1851 2780 nos

256 2825 467 2888 doceat,
499 2839 567 2880 uc
594 2822 863 2892 quidpiam
893 2819 1199 2891 hujusmodi
1225 2829 1378 2890 turpe
1406 2832 1527 2872 esse
1556 2826 1806 2887 putemus
1829 2856 1845 2882 ,

256 2919 389 2972 dum
419 2920 471 2972 in
501 2915 809 2989 primordiis
850 2914 964 2985 ipse
1010 2914 1299 2968 humanum
1344 2912 1515 2967 calcat
1543 2909 1735 2966 fastum
1755 2951 1772 2976 ,
1795 2919 1850 2964 et

257 3011 351 3066 uni
382 3009 563 3066 virtuti
593 3008 835 3064 addictos
859 3021 981 3062 esse
1005 3005 1181 3075 jubet.

326 3101 382 3157 5.
416 3101 637 3156 Sanctus
668 3096 863 3153 Paulus
900 3112 1003 3152 non
1039 3095 1179 3150 dedit
1223 3110 1401 3149 ansam
1453 3093 1518 3148 de
1554 3093 1722 3163 patria
1761 3101 1850 3147 aut

254 3196 485 3265 patribus
523 3193 686 3248 altum
733 3189 986 3261 sapiendi.
1034 3188 1250 3244 Patrum
1287 3185 1522 3243 nobilitas
1561 3202 1663 3242 non
1699 3186 1850 3258 juvat

253 3285 527 3355 improbos,
552 3282 839 3355 ignobilitas
868 3297 970 3335 non
999 3288 1142 3335 uocet
1168 3279 1356 3349 probis.
1388 3309 1459 3319 —
1485 3275 1592 3333 Cur
1612 3278 1754 3332 enim
1780 3275 1850 3334 ds

254 3376 425 3447 patria
448 3375 613 3430 altum
642 3373 809 3442 sapis,
829 3370 1045 3443 quando
1067 3385 1192 3442 ego,
1217 3369 1407 3442 inquit,
1424 3370 1477 3424 in
1501 3378 1612 3424 toto
1637 3368 1770 3425 orbe
1796 3378 1848 3427 te

253 3467 594 3539 peregrinum
623 3479 745 3521 esse
763 3463 928 3535 jubeo
955 3462 980 3517 ἲ
1002 3461 1219 3535 quando
1244 3461 1369 3516 licet
1393 3461 1485 3515 tibi
1517 3459 1678 3515 talem
1703 3473 1842 3526 esse,

252 3571 313 3614 ut
343 3569 485 3614 totus
513 3556 742 3613 mundus
789 3565 841 3613 te
882 3569 989 3611 non
1035 3554 1107 3610 sit
1148 3552 1380 3624 dignus?
1410 3552 1533 3607 [huc
1577 3551 1721 3606 enim
1775 3551 1845 3607 ita

249 3648 642 3707 condemnanda
671 3657 820 3717 sunt,
847 3656 904 3703 ut
929 3662 998 3703 ne
1039 3661 1070 3701 a
1100 3643 1432 3717 philosophis
1456 3643 1669 3715 quidem
1696 3642 1848 3700 Cra:-

249 3758 440 3799 eorum
482 3742 664 3813 aliquo
694 3742 750 3797 in
778 3740 950 3812 pretio
980 3738 1309 3805 habeantur,
1337 3737 1432 3794 sed
1461 3745 1717 3795 extranea
1745 3752 1844 3793 vo—

248 3847 460 3903 centur,
493 3845 897 3906 extremumque
926 3834 1099 3889 locum
1126 3840 1407 3903 occupent.
1437 3831 1601 3903 Atqui
1647 3829 1847 3888 Paulus

251 3932 371 3989 lucc
394 3930 749 4002 amplectitur,
781 3928 1012 3999 inquies,
1032 3925 1112 3983 sic
1140 3926 1364 3998 loquens
1385 3942 1401 3981 :
1422 3924 1716 3982 Secundum
1738 3923 1844 3980 ele-

247 4027 490 4090 ctionem,
516 4023 762 4079 carissimi
785 4064 803 4090 ,
831 4029 1039 4093 propter
1065 4030 1233 4093 patres
1261 4019 1437 4091 (Rom.
1469 4019 1558 4074 tl.
1586 4016 1706 4087 28).
1738 4017 1843 4073 Sed

248 4118 358 4184 die,
387 4115 621 4188 quando,
651 4114 721 4170 de
747 4113 963 4185 quibus,
991 4119 1047 4168 et
1070 4125 1204 4183 quos
1228 4110 1528 4181 alloquens.
1557 4109 1677 4179 Agit
1698 4109 1843 4164 enim

248 4226 371 4266 cum
401 4210 465 4264 iis
491 4207 579 4280 qui
607 4223 673 4264 ex
715 4205 963 4278 gentibus
991 4204 1237 4260 conversi
1259 4245 1275 4269 ,
1302 4202 1372 4259 de
1410 4201 1516 4258 ﬁde
1547 4201 1713 4256 altum
1753 4215 1845 4256 sa-

251 4301 469 4372 piebant
496 4311 546 4354 et
579 4298 853 4354 tumehant
875 4339 892 4365 ,
923 4306 1108 4352 contra
1137 4294 1352 4352 Judaeos
1389 4292 1768 4365 insurgebant,
1790 4300 1846 4348 et

249 4394 354 4450 bac
382 4392 450 4448 de
484 4405 643 4447 causa
676 4389 845 4459 magis
874 4388 994 4444 illos
1020 4402 1052 4442 a
1088 4402 1149 4443 se
1189 4386 1600 4457 sequestrabant
1628 4402 1641 4438 :
1673 4383 1846 4456 repri-

248 4500 404 4542 mens
431 4484 603 4555 jgitnr
645 4482 856 4537 illorum
886 4489 1147 4537 tumorem
1167 4521 1184 4546 ,
1211 4477 1310 4534 hos
1335 4477 1501 4533 allicit
1526 4517 1543 4545 ,
1574 4487 1630 4533 et
1669 4475 1736 4532 ad
1765 4475 1845 4531 id-

249 4578 425 4646 ipsum
454 4572 687 4629 studium
715 4571 930 4627 excitat.
957 4570 1089 4626 Nam
1119 4584 1240 4625 cum
1270 4567 1339 4625 de
1381 4567 1586 4639 magnis
1631 4567 1738 4623 illis
1782 4581 1845 4622 ac

245 4667 485 4722 strenuis
510 4665 637 4720 viris
680 4661 913 4733 loquitur
937 4703 953 4728 ,
983 4660 1105 4717 audi
1146 4660 1272 4733 quid
1314 4658 1500 4715 dicat:
1534 4659 1636 4739 Qui
1677 4670 1846 4713 atatem

246 4761 360 4814 hare
386 4756 579 4824 dicunt,
602 4756 895 4828 signiﬁcant
914 4771 968 4808 se
993 4752 1214 4823 patriam
1252 4752 1525 4823 inquirere.
1562 4751 1625 4806 Et
1655 4751 1699 4806 si
1732 4752 1846 4822 qui-

246 4853 365 4905 dem
393 4849 533 4905 illius
547 4846 910 4911 meminissent,
931 4845 995 4898 de
1017 4862 1115 4913 qua
1143 4844 1386 4908 exierant,
1406 4843 1694 4898 habuissent
1720 4853 1845 4897 tem-

247 4961 350 5017 pus
371 4942 654 4999 reuertendi
679 4957 699 4995 :
727 4956 860 4995 nunc
879 4948 1048 4994 autem
1068 4938 1279 4992 alteram
1307 4937 1561 4991 meliorem
1601 4943 1845 5006 appetunt

245 5036 439 5110 (Hebr.
468 5035 557 5091 Η.
584 5032 799 5103 lib-I6).
833 5032 900 5087 Et
928 5046 1137 5086 rursum
1171 5047 1184 5084 :
1215 5028 1510 5092 Secundum
1535 5029 1686 5097 ﬁdem
1712 5044 1846 5083 mor-

245 5129 325 5181 tui
364 5135 482 5182 sunt
526 5125 581 5179 lsi
617 5139 822 5189 omnes,
856 5138 957 5176 non
991 5130 1306 5192 reportantes
1350 5121 1726 5192 promis-siones,
1758 5120 1847 5175 sed

246 5220 432 5295 procul
459 5221 597 5291 ipsas
623 5218 844 5274 sidentes
869 5225 913 5270 et
938 5215 1214 5269 salutantes
1231 5212 1392 5286 (Ibid.
1411 5228 1458 5265 υ.
1480 5211 1585 5284 l5).
1614 5213 1847 5268 Joannes

249 5331 382 5370 vero
410 5313 476 5368 ad
506 5328 566 5369 se
593 5309 929 5368 venientibus
954 5307 1165 5362 diccbat
1188 5325 1202 5362 :
1232 5305 1315 5360 Ne
1340 5307 1499 5361 velitis
1520 5306 1702 5372 dicere,
1733 5304 1846 5361 Pa-

249 5417 383 5460 lma
404 5406 644 5459 habemus
673 5400 929 5456 Abraham
958 5400 977 5471 (
1004 5397 1129 5453 Luc.
1163 5399 1214 5453 3.
1246 5397 1278 5454 8
1303 5395 1346 5469 ).
1373 5396 1678 5467 Iterumquc
1708 5398 1847 5452 Pau-

247 5500 336 5554 lus
362 5514 380 5551 :
414 5496 534 5551 Non
562 5497 698 5551 enim
726 5508 899 5548 ontnes
924 5492 1008 5562 qui
1029 5508 1095 5546 ea:
1124 5487 1310 5556 Israel,
1340 5489 1393 5543 lii
1425 5500 1543 5545 sunt
1572 5488 1844 5557 Israelitw,

248 5606 414 5656 neque
437 5589 525 5661 qui
551 5587 651 5659 ﬂii
685 5585 854 5641 caruis
878 5624 895 5650 ,
926 5583 977 5637 hi
1016 5582 1113 5652 ﬁlii
1143 5580 1237 5637 Dei
1269 5581 1290 5654 (
1320 5581 1472 5637 Rom.
1497 5580 1549 5637 9.
1580 5581 1614 5637 6
1640 5582 1680 5653 ).
1711 5581 1847 5649 Quid

249 5686 419 5752 enim,
448 5696 656 5754 quaso,
702 5677 899 5751 profuit
928 5676 1052 5733 ﬁliis
1090 5674 1353 5732 Samuelis
1382 5675 1546 5745 patris
1574 5674 1845 5744 nobilitas,

246 5777 410 5848 cujus
452 5790 560 5831 non
612 5772 827 5827 fuerunt
860 5769 1073 5824 virtutis
1113 5766 1379 5823 heredes?
1403 5767 1555 5835 Quod
1585 5767 1743 5823 etiam
1770 5767 1850 5821 lu-

246 5885 404 5928 crum
432 5869 558 5925 ﬁliis
586 5866 761 5933 ,Ilnsis
796 5862 931 5929 fuit,
959 5861 1110 5933 cujus
1147 5859 1471 5931 diligentiam
1511 5868 1566 5915 et
1597 5858 1844 5915 virtutem

3474 422 3575 475 1κὶ

1978 527 2084 568 non
2115 525 2238 570 sunt
2269 516 2499 574 imitati?
2526 520 2705 592 Neque
2747 525 3029 595 imperium
3074 541 3195 602 post
3224 532 3371 589 illum
3414 550 3571 591 exce-

1978 615 2171 696 perunt
2198 623 2213 662 :
2242 608 2334 663 sed
2376 610 2502 665 dum
2538 623 2741 682 patrem
2774 617 2945 686 ipsmn
2980 619 3362 690 inscriberent,
3390 631 3570 696 populi

1978 695 2290 765 prtefeetura
2322 702 2387 754 ad
2419 703 2580 758 alium
2611 708 2888 774 transivit,
2919 710 3006 781 qui
3039 714 3234 770 virtute
3263 695 3401 771 ﬁlius
3427 716 3572 774 illius

1975 798 2108 843 erat.
2137 789 2272 855 Quid
2298 802 2476 848 autem
2506 797 2684 851 nocuit
2713 797 3013 868 Timotheo,
3042 804 3182 873 quod
3207 814 3359 875 patre
3383 811 3568 879 gentili

1977 891 2130 935 natus
2157 884 2341 939 esset?
2368 886 2493 956 quid
2523 897 2709 945 contra
2735 890 2864 947 Noae
2907 892 3047 950 ﬁlius
3076 896 3142 950 de
3172 898 3364 955 virtute
3401 903 3568 971 patris

1974 972 2208 1030 lucratus
2236 986 2339 1043 est,
2365 980 2455 1048 qui
2484 995 2671 1038 servus
2697 983 2763 1038 de
2792 986 2962 1043 libero
2991 989 3158 1046 factus
3183 1001 3264 1046 est
3283 993 3306 1047 'l
3328 993 3566 1052 Vidistin’

1972 1068 2244 1137 quomodo
2274 1073 2435 1139 patris
2464 1073 2713 1132 nobilitas
2744 1092 2848 1132 non
2892 1079 3021 1134 satis
3053 1080 3302 1139 idoneum
3333 1086 3404 1140 sit
3432 1086 3564 1143 lilio-

1972 1172 2090 1212 rum
2120 1163 2472 1230 patrocinium
2496 1165 2518 1219 ?
2544 1166 2676 1221 Nam
2710 1172 2965 1240 propositi
2992 1175 3227 1245 nequitia
3255 1185 3458 1235 natura:
3486 1182 3565 1238 le-

1970 1266 2065 1322 ges
2094 1254 2219 1310 vicit
2245 1272 2260 1321 ;
2294 1273 2393 1313 nec
2419 1260 2579 1316 modo
2606 1261 2752 1319 illum
2782 1280 2846 1319 ex
2880 1265 3154 1325 nobilitate
3179 1279 3398 1340 paterna
3423 1313 3444 1342 ,
3470 1276 3565 1330 sed

1971 1344 2129 1399 etiam
2182 1362 2246 1403 ex
2294 1348 2540 1408 libertate
2582 1353 2795 1425 dejecit.
2846 1356 3034 1412 Nonne
3074 1368 3130 1416 et
3175 1361 3317 1418 Esau
3352 1379 3567 1436 quoque

1971 1436 2111 1492 ﬁlius
2136 1449 2254 1494 erat
2284 1439 2468 1509 lsaaci,
2491 1444 2581 1513 qui
2611 1446 2710 1501 sibi
2733 1448 3211 1516 patrocinabatur?
3240 1452 3448 1508 Etenim
3473 1472 3565 1525 pa-

1970 1538 2050 1584 ter
2078 1532 2194 1600 ejus
2239 1533 2290 1587 id
2335 1537 2594 1600 curabat,
2630 1539 2681 1593 id
2725 1542 2992 1611 cupiebat,
3026 1553 3081 1598 ut
3124 1545 3561 1605 benedictionum

1968 1621 2237 1693 particeps
2262 1634 2436 1691 esset,
2465 1636 2518 1681 et
2549 1643 2646 1697 pro
2691 1630 2789 1684 hac
2831 1647 2887 1687 re
2931 1633 3046 1704 ipse
3085 1651 3200 1705 qua:
3241 1636 3565 1707 jubebantur

1967 1714 2145 1767 omnia
2170 1717 2580 1786 exsequebatur.
2617 1721 2863 1778 Attamen
2893 1724 3011 1794 quia
3046 1741 3239 1795 pravus
3272 1738 3407 1796 erat,
3438 1731 3561 1785 nul-

1968 1803 2075 1858 lum
2104 1821 2168 1859 ex
2204 1806 2267 1860 iis
2298 1806 2524 1863 fructum
2558 1813 2794 1882 percepit
2824 1830 2839 1879 ;
2870 1814 2963 1868 scd
2986 1819 3084 1870 etsi
3114 1825 3238 1871 natu
3265 1819 3427 1887 prior,
3461 1824 3559 1875 etsi

1967 1906 2170 1964 patrem
2204 1897 2417 1954 haberet
2447 1902 2544 1956 sibi
2575 1902 2626 1956 in
2649 1903 2899 1959 omnibus
2931 1905 3216 1971 faventem,
3240 1909 3363 1979 quia
3393 1910 3561 1967 Deum

1965 2002 2070 2072 non
2101 1989 2282 2044 habuit
2309 1992 2657 2062 epitulantem
2683 2036 2697 2061 ,
2740 1996 2990 2052 omnibus
3035 1998 3260 2054 excidit.
3288 1999 3394 2056 Sed
3433 2002 3561 2072 quid

1965 2071 2212 2130 homines
2241 2091 2607 2133 commemoro
2631 2080 2654 2133 ?
2682 2078 2798 2135 Filii
2828 2081 2920 2137 Dei
2954 2081 3099 2139 fuere
3126 2084 3318 2156 Juda:i,
3346 2096 3401 2141 et
3429 2071 3559 2141 nihil

1963 2179 2030 2220 ex
2058 2168 2146 2222 tali
2181 2169 2457 2226 nobilitate
2488 2171 2675 2227 luerati
2708 2185 2851 2230 sunt.
2884 2174 2941 2233 Si
2965 2176 3122 2248 igitur
3145 2180 3264 2249 quis
3295 2181 3435 2237 filius
3467 2183 3558 2240 Dei

1962 2256 2206 2326 effectus,
2234 2262 2335 2316 nisi
2369 2263 2646 2321 nobilitate
2677 2267 2764 2322 illa
2792 2269 3002 2341 dignam
3028 2272 3276 2329 virtutem
3303 2276 3558 2333 exhibue-

1962 2350 2051 2417 rit,
2083 2352 2286 2421 majore
2313 2353 2544 2410 al‘licilur
2569 2358 2829 2429 supplicio
2852 2401 2867 2427 ,
2895 2362 3020 2431 quid
3051 2364 3181 2418 mihi
3214 2366 3473 2437 majorum
3503 2379 3556 2423 ct

1960 2457 2181 2497 avorum
2210 2445 2541 2503 nobilitatem
2589 2448 2797 2531 profers
2828 2452 2878 2506 in
2924 2454 3194 2509 medium?
3222 2457 3334 2513 lloc
3375 2468 3553 2513 autem

1959 2549 2064 2589 non
2094 2536 2145 2590 in
2173 2535 2352 2593 Veteri
2394 2548 2621 2608 tantum,
2654 2542 2747 2597 sed
2773 2545 2932 2600 etiam
2960 2545 3013 2601 in
3040 2546 3189 2603 Novo
3214 2548 3555 2606 Testamento

1957 2627 2247 2696 contigisse
2286 2627 2658 2699 deprehendas
2692 2650 2705 2689 :
2746 2649 2868 2689 nam
2911 2637 2986 2691 ait
3033 2657 3044 2692 :
3092 2639 3343 2711 Quotquot
3387 2656 3554 2697 niuem

1958 2727 2252 2788 receperunt
2277 2735 2390 2775 eum
2415 2762 2430 2787 ,
2464 2721 2604 2777 dedit
2640 2724 2713 2778 eis
2761 2735 3057 2795 potestatem
3109 2729 3244 2798 ﬁlios
3293 2730 3386 2784 Dei
3442 2733 3556 2799 fieri

1958 2808 2151 2882 (Jonn.
2184 2810 2234 2865 i.
2268 2812 2336 2867 12
2364 2812 2407 2886 ).
2438 2816 2685 2871 Attamen
2730 2818 2910 2873 multis
2955 2818 3255 2889 lmjusnmdi
3287 2824 3427 2890 liliis,
3466 2840 3553 2894 pa-

1958 2912 2091 2959 trem
2118 2904 2247 2959 nihil
2269 2907 2531 2976 profuisse
2544 2908 2673 2964 dicit
2699 2909 2895 2967 Paulus
2926 2930 2940 2966 :
2973 2912 3035 2967 Si
3057 2914 3191 2968 enim
3216 2917 3552 2971 circumcidu-

1955 2997 2101 3065 mini,
2134 2998 2304 3069 inquit
2321 3039 2336 3065 ,
2364 2997 2592 3054 Christus
2616 3001 2753 3058 vobis
2779 3002 2910 3058 nihil
2935 3003 3163 3075 proderit
3202 3005 3363 3080 (Gal.
3391 3009 3445 3066 5.
3471 3010 3547 3081 ‘2).

1954 3090 2012 3147 Si
2042 3106 2174 3147 vero
2200 3091 2448 3149 Christus
2476 3094 2606 3149 nihil
2635 3096 2853 3167 prodest
2881 3097 2946 3152 iis
2970 3097 3059 3169 qui
3091 3098 3192 3155 sibi
3238 3101 3428 3156 nolunt
3472 3114 3551 3157 at-

1956 3184 2346 3257 tendere,quo
2399 3197 2555 3257 pacto
2605 3189 2733 3258 ipsis
2778 3191 3198 3260 patrocinabitur
3242 3192 3444 3251 homo?
3473 3195 3553 3252 Ne

1955 3277 2114 3348 igitur
2136 3277 2216 3333 vel
2240 3278 2305 3332 de
2320 3277 2615 3341 nobilitate.
2641 3281 2723 3336 vel
2739 3281 2808 3338 de
2834 3282 3029 3339 divitiis
3051 3284 3216 3341 altum
3238 3272 3509 3358 sapiamus
3531 3306 3547 3352 ;

1953 3369 2062 3425 imo
2087 3384 2182 3425 eos
2207 3370 2297 3440 qui
2340 3371 2413 3426 ita
2452 3380 2577 3426 sunt
2623 3371 2799 3428 ali'ecti
2830 3373 3190 3446 despiciemus
3220 3392 3236 3432 :
3275 3393 3451 3449 neque
3478 3381 3549 3434 oh

1953 3469 2320 3532 paupertatem
2347 3459 2662 3533 dejiciamur
2680 3505 2695 3530 ,
2723 3463 2818 3520 scd
2845 3464 2968 3521 illas
2984 3482 3287 3537 qumramus
3311 3469 3544 3536 divitias,

1950 3568 2070 3625 quze
2113 3553 2269 3610 bonis
2314 3555 2566 3626 operibus
2595 3564 2887 3615 constant:
2917 3558 3061 3615 illam
3106 3559 3370 3632 fugiamus
3413 3578 3546 3635 pau-

1953 3656 2234 3717 pertatem,
2263 3663 2385 3720 quae
2427 3663 2526 3704 nos
2555 3650 2607 3705 in
2649 3650 2938 3722 nequitiam
2976 3651 3230 3723 conjicit,
3259 3669 3362 3726 qua
3393 3655 3544 3712 dives

1952 3738 2065 3807 ille,
2095 3752 2299 3811 pauper
2328 3750 2439 3796 erat
2464 3782 2480 3806 ,
2508 3740 2597 3814 qui
2624 3756 2693 3798 ne
2733 3742 2932 3800 stillam
2958 3743 3172 3816 quidem
3202 3760 3355 3818 aqum
3380 3747 3547 3818 impe-

1952 3831 2132 3897 travit,
2159 3831 2259 3887 etsi
2306 3832 2486 3888 multis
2528 3833 2782 3891 adhibitis
2809 3834 3055 3907 precibus
3085 3836 3105 3907 (
3132 3834 3256 3893 Luc.
3289 3838 3376 3895 16.
3406 3838 3477 3895 24
3500 3839 3541 3912 ).

1949 3919 2282 3994 Quamquam
2338 3924 2458 3996 quis
2503 3925 2644 3981 inter
2695 3941 2796 3983 nos
2846 3927 2920 3985 ita
2968 3942 3174 4000 panper
3214 3939 3335 3995 est,
3367 3941 3427 3987 ut
3478 3947 3544 3987 ne

1950 4028 2141 4084 mnam
2185 4013 2400 4084 quidem
2446 4014 2683 4072 habeat?
2711 4015 2882 4073 Nemo
2907 4032 3058 4075 sane.
3089 4018 3223 4075 Nam
3259 4021 3332 4074 illi
3380 4023 3542 4077 etiam

1949 4106 2039 4176 qui
2083 4114 2321 4162 extrema
2353 4107 2492 4165 fame
2522 4109 2802 4167 tabescunt
2826 4152 2844 4177 ,
2889 4111 3049 4169 stillis
3086 4129 3238 4185 aqua:
3267 4113 3370 4171 frui
3417 4131 3543 4187 pos-

1948 4205 2076 4253 sunt
2103 4215 2119 4264 ;
2147 4213 2247 4255 nec
2271 4196 2430 4254 stillis
2459 4214 2611 4270 aqua:
2638 4200 2812 4256 solum
2835 4242 2853 4270 ,
2885 4201 2979 4258 sed
3019 4205 3181 4260 etiam
3224 4207 3429 4277 majore
3450 4222 3544 4263 so-

1952 4287 2099 4345 latio.
2128 4288 2297 4346 Secus
2322 4298 2501 4346 autem
2529 4289 2681 4347 dives
2708 4292 2797 4348 ille
2822 4333 2838 4360 ,
2867 4295 2958 4365 qui
2984 4293 3050 4350 ad
3078 4311 3196 4352 eam
3224 4311 3394 4370 usque
3418 4316 3545 4371 pau-

1950 4389 2210 4452 pertatem
2240 4381 2471 4443 devenit.
2504 4392 2562 4438 ut
2590 4383 2794 4439 nullum
2823 4395 3006 4456 posset
3035 4387 3274 4446 invenire
3319 4406 3546 4464 pauper-

1951 4474 2075 4529 tatis
2110 4472 2383 4530 solatium.
2409 4472 2517 4531 Cur
2541 4474 2722 4547 itaque
2750 4476 2950 4534 divitiis
2977 4478 3266 4548 inhiantes,
3299 4498 3420 4554 qua:
3448 4500 3548 4542 nos

1952 4567 2004 4623 in
2035 4567 2222 4622 czclum
2268 4567 2521 4625 inducere
2550 4571 2865 4642 nequeunt?
2893 4571 2989 4628 Dic
3014 4573 3143 4628 mihi
3177 4593 3192 4630 :
3220 4573 3265 4630 si
3290 4577 3409 4645 quis
3450 4593 3544 4633 rex

1952 4668 2198 4716 terrenus
2224 4658 2467 4727 diceret,
2498 4661 2702 4717 nullum
2733 4661 2950 4718 divitem
2994 4679 3152 4734 posse
3183 4665 3236 4720 in
3266 4667 3410 4737 regia
3448 4667 3544 4723 ful-

1949 4766 2097 4823 gere,
2119 4759 2210 4806 aut
2249 4749 2456 4808 honore
2483 4751 2606 4816 frui,
2636 4768 2814 4809 annon
2842 4755 3017 4809 cuncti
3044 4754 3258 4810 divitias
3299 4756 3543 4826 despice--

1950 4845 2079 4899 retis
2110 4852 2164 4900 et
2194 4842 2537 4914 abjiceretis?
2564 4844 2722 4915 Atqui
2747 4886 2762 4910 ,
2795 4845 2839 4900 si
2869 4861 2934 4902 cx
2964 4854 3192 4903 terrena:
3223 4848 3361 4903 illius
3385 4850 3546 4920 regie

1953 4935 2158 4993 honore
2183 4949 2280 4991 nos
2304 4935 2580 5006 dejiciant,
2607 4938 2935 5008 contemptui
2964 4948 3164 5008 erunt;
3195 4940 3341 5011 Rege
3364 4951 3545 4998 autem

1950 5026 2200 5081 cmlorum
2233 5026 2473 5097 quotidie
2511 5028 2774 5084 clamante
2799 5043 2863 5084 ac
2906 5028 3117 5089 dicente
3138 5073 3155 5101 ,
3180 5031 3397 5089 difficile
3426 5049 3548 5089 εδει,

1951 5132 2073 5177 cum
2104 5118 2302 5174 divitiis
2328 5119 2380 5174 in
2411 5133 2563 5174 sacra
2590 5119 2679 5175 illa
2709 5121 2842 5176 atria
2868 5122 3073 5194 ingredi
3102 5166 3117 5189 ,
3147 5140 3324 5183 annon
3367 5129 3546 5184 omnia

1951 5212 2295 5285 projieiemus
2318 5253 2332 5277 ,
2355 5226 2535 5267 annon
2583 5227 2712 5283 opes
2740 5216 3111 5272 amovcbimus
3139 5261 3155 5286 ,
3184 5228 3243 5273 ut
3267 5219 3320 5275 in
3347 5220 3547 5292 regiam

1952 5306 2096 5361 illam
2126 5303 2293 5359 libere
2322 5303 2728 5374 ingrediantur?

2024 5397 2076 5452 6.
2125 5397 2304 5468 Ecqua
2347 5412 2532 5453 sumus
2577 5398 2733 5453 venia
2778 5397 2960 5470 digni,
3000 5400 3177 5470 quiea
3222 5417 3344 5471 quae
3389 5401 3549 5456 nobis

1953 5489 2154 5545 aditum
2187 5489 2335 5546 illum
2363 5487 2720 5561 praecludunt,
2744 5498 2891 5547 tanto
2919 5491 3097 5549 studio
3121 5492 3542 5564 complectimur,

1953 5591 2008 5640 et
2038 5597 2142 5638 non
2173 5584 2343 5639 solum
2366 5584 2419 5639 in
2446 5584 2611 5654 arcis,
2643 5584 2737 5640 sed
2760 5584 2921 5642 etiam
2950 5586 3005 5643 in
3028 5597 3165 5642 terra
3195 5589 3544 5657 occultamus,

1952 5674 2081 5731 dum
2112 5675 2234 5731 licet
2251 5689 2317 5730 ea
2343 5674 2394 5730 in
2417 5675 2565 5730 caelis
2585 5675 2935 5733 custodienda
2957 5677 3284 5736 recondere?
3312 5680 3541 5751 ldipstur.

1952 5776 2098 5821 certe
2129 5782 2267 5820 nunc
2294 5765 2443 5834 facis,
2471 5780 2534 5821 ac
2556 5767 2599 5820 si
2622 5766 2741 5838 quis
2761 5768 2992 5838 agricola
3015 5779 3291 5840 acceptum
3315 5772 3544 5829 frumen-

1958 5868 2067 5915 tum
2095 5857 2150 5915 in
2180 5857 2337 5915 fertili
2367 5870 2493 5929 agro
2517 5859 2913 5932 seminandum,
2950 5859 3174 5917 dimisso
3202 5877 3353 5934 agro,
3380 5864 3432 5920 in
3467 5866 3541 5919 la.
