  <div class='ocr_page' id='page_1' title='image "/cluster/home/n/w/nwhite01/storage/ocr_20150623/57:no.7:pt.1/coo.31924054869577/111.png"; bbox 0 0 4052 6420; ppageno 0'>
   <div class='ocr_carea' id='block_1_1' title="bbox 486 417 584 473">
    <p class='ocr_par' dir='ltr' id='par_1_1' title="bbox 486 417 584 473">
     <span class='ocr_line' id='line_1_1' title="bbox 486 417 584 473; baseline -0.01 0"><span class='ocrx_word' id='word_1_1' title='bbox 486 417 584 473; x_wconf 76' lang='grc'><strong>185</strong></span> 
     </span>
    </p>
   </div>
   <div class='ocr_carea' id='block_1_2' title="bbox 478 519 2071 592">
    <p class='ocr_par' dir='ltr' id='par_1_2' title="bbox 478 519 2071 592">
     <span class='ocr_line' id='line_1_2' title="bbox 478 519 2071 592; baseline -0.009 -6"><span class='ocrx_word' id='word_1_2' title='bbox 478 546 599 586; x_wconf 86' lang='lat' dir='ltr'><strong>eum</strong></span> <span class='ocrx_word' id='word_1_3' title='bbox 632 528 954 585; x_wconf 84' lang='lat' dir='ltr'><strong>frumentum</strong></span> <span class='ocrx_word' id='word_1_4' title='bbox 986 540 1143 582; x_wconf 91' lang='lat' dir='ltr'><strong>omne</strong></span> <span class='ocrx_word' id='word_1_5' title='bbox 1166 524 1458 592; x_wconf 82' lang='lat' dir='ltr'><strong>demergal,</strong></span> <span class='ocrx_word' id='word_1_6' title='bbox 1490 532 1732 591; x_wconf 87' lang='lat' dir='ltr'><strong>utneqnc</strong></span> <span class='ocrx_word' id='word_1_7' title='bbox 1759 521 1848 575; x_wconf 90' lang='lat' dir='ltr'><strong>illo</strong></span> <span class='ocrx_word' id='word_1_8' title='bbox 1867 519 2071 573; x_wconf 91' lang='lat' dir='ltr'><strong>fruatur</strong></span> 
     </span>
    </p>
   </div>
   <div class='ocr_carea' id='block_1_3' title="bbox 480 612 2072 691">
    <p class='ocr_par' dir='ltr' id='par_1_3' title="bbox 480 612 2072 691">
     <span class='ocr_line' id='line_1_3' title="bbox 480 612 2072 691; baseline -0.008 -16"><span class='ocrx_word' id='word_1_9' title='bbox 480 624 614 691; x_wconf 89' lang='lat' dir='ltr'><strong>ipse,</strong></span> <span class='ocrx_word' id='word_1_10' title='bbox 646 631 701 676; x_wconf 88' lang='lat' dir='ltr'><strong>et</strong></span> <span class='ocrx_word' id='word_1_11' title='bbox 749 621 1066 674; x_wconf 88' lang='lat' dir='ltr'><strong>frmnentmn</strong></span> <span class='ocrx_word' id='word_1_12' title='bbox 1095 625 1402 685; x_wconf 90' lang='lat' dir='ltr'><strong>corruptum</strong></span> <span class='ocrx_word' id='word_1_13' title='bbox 1430 623 1628 683; x_wconf 86' lang='lat' dir='ltr'><strong>pereat.</strong></span> <span class='ocrx_word' id='word_1_14' title='bbox 1667 612 1770 667; x_wconf 90' lang='lat' dir='ltr'><strong>Sed</strong></span> <span class='ocrx_word' id='word_1_15' title='bbox 1798 626 1956 680; x_wconf 84' lang='lat' dir='ltr'><strong>quam</strong></span> <span class='ocrx_word' id='word_1_16' title='bbox 1989 625 2072 663; x_wconf 87' lang='lat' dir='ltr'><strong>ra-</strong></span> 
     </span>
    </p>
   </div>
   <div class='ocr_carea' id='block_1_4' title="bbox 481 700 2072 781">
    <p class='ocr_par' dir='ltr' id='par_1_4' title="bbox 481 700 2072 781">
     <span class='ocr_line' id='line_1_4' title="bbox 481 700 2072 781; baseline -0.008 -16"><span class='ocrx_word' id='word_1_17' title='bbox 481 713 684 767; x_wconf 91' lang='lat' dir='ltr'><strong>tionem</strong></span> <span class='ocrx_word' id='word_1_18' title='bbox 728 710 1043 781; x_wconf 88' lang='lat' dir='ltr'><strong>proferunt,</strong></span> <span class='ocrx_word' id='word_1_19' title='bbox 1090 724 1209 762; x_wconf 87' lang='lat' dir='ltr'><strong>etnn</strong></span> <span class='ocrx_word' id='word_1_20' title='bbox 1257 706 1377 761; x_wconf 89' lang='lat' dir='ltr'><strong>illos</strong></span> <span class='ocrx_word' id='word_1_21' title='bbox 1410 706 1507 758; x_wconf 88' lang='lat' dir='ltr'><strong>hac</strong></span> <span class='ocrx_word' id='word_1_22' title='bbox 1548 705 1615 759; x_wconf 89' lang='lat' dir='ltr'><strong>de</strong></span> <span class='ocrx_word' id='word_1_23' title='bbox 1653 719 1711 759; x_wconf 90' lang='lat' dir='ltr'><strong>re</strong></span> <span class='ocrx_word' id='word_1_24' title='bbox 1761 700 2072 773; x_wconf 79' lang='lat' dir='ltr'><strong>culpamus?</strong></span> 
     </span>
    </p>
   </div>
   <div class='ocr_carea' id='block_1_5' title="bbox 477 796 2071 873">
    <p class='ocr_par' dir='ltr' id='par_1_5' title="bbox 477 796 2071 873">
     <span class='ocr_line' id='line_1_5' title="bbox 477 796 2071 873; baseline -0.007 -15"><span class='ocrx_word' id='word_1_25' title='bbox 477 803 592 858; x_wconf 86' lang='lat' dir='ltr'><strong>Non</strong></span> <span class='ocrx_word' id='word_1_26' title='bbox 634 817 850 873; x_wconf 88' lang='lat' dir='ltr'><strong>parvam</strong></span> <span class='ocrx_word' id='word_1_27' title='bbox 905 800 1327 856; x_wconf 90' lang='lat' dir='ltr'><strong>consolationem</strong></span> <span class='ocrx_word' id='word_1_28' title='bbox 1369 798 1417 852; x_wconf 92' lang='lat' dir='ltr'><strong>id</strong></span> <span class='ocrx_word' id='word_1_29' title='bbox 1463 798 1635 859; x_wconf 85' lang='lat' dir='ltr'><strong>affert,</strong></span> <span class='ocrx_word' id='word_1_30' title='bbox 1670 796 1810 866; x_wconf 89' lang='lat' dir='ltr'><strong>quod</strong></span> <span class='ocrx_word' id='word_1_31' title='bbox 1840 797 2071 848; x_wconf 92' lang='lat' dir='ltr'><strong>sciamus</strong></span> 
     </span>
    </p>
   </div>
   <div class='ocr_carea' id='block_1_6' title="bbox 479 884 2071 956">
    <p class='ocr_par' dir='ltr' id='par_1_6' title="bbox 479 884 2071 956">
     <span class='ocr_line' id='line_1_6' title="bbox 479 884 2071 956; baseline -0.006 -9"><span class='ocrx_word' id='word_1_32' title='bbox 479 896 593 949; x_wconf 63' lang='lat' dir='ltr'><strong>haec</strong></span> <span class='ocrx_word' id='word_1_33' title='bbox 624 893 780 949; x_wconf 83' lang='lat' dir='ltr'><strong>nobis</strong></span> <span class='ocrx_word' id='word_1_34' title='bbox 809 902 923 948; x_wconf 91' lang='lat' dir='ltr'><strong>toto</strong></span> <span class='ocrx_word' id='word_1_35' title='bbox 957 891 1230 947; x_wconf 89' lang='lat' dir='ltr'><strong>recondita</strong></span> <span class='ocrx_word' id='word_1_36' title='bbox 1271 905 1412 945; x_wconf 90' lang='lat' dir='ltr'><strong>esse.</strong></span> <span class='ocrx_word' id='word_1_37' title='bbox 1440 888 1689 956; x_wconf 79' lang='lat' dir='ltr'><strong>Quinitno</strong></span> <span class='ocrx_word' id='word_1_38' title='bbox 1725 887 1929 940; x_wconf 87' lang='lat' dir='ltr'><strong>nescire</strong></span> <span class='ocrx_word' id='word_1_39' title='bbox 1957 884 2071 938; x_wconf 79' lang='lat' dir='ltr'><strong>hzec</strong></span> 
     </span>
    </p>
   </div>
   <div class='ocr_carea' id='block_1_7' title="bbox 476 976 2070 1049">
    <p class='ocr_par' dir='ltr' id='par_1_7' title="bbox 476 976 2070 1049">
     <span class='ocr_line' id='line_1_7' title="bbox 476 976 2070 1049; baseline -0.008 -8"><span class='ocrx_word' id='word_1_40' title='bbox 476 985 753 1043; x_wconf 84' lang='lat' dir='ltr'><strong>recondita</strong></span> <span class='ocrx_word' id='word_1_41' title='bbox 809 999 962 1049; x_wconf 79' lang='lat' dir='ltr'><strong>esse,</strong></span> <span class='ocrx_word' id='word_1_42' title='bbox 1012 984 1063 1037; x_wconf 88' lang='lat' dir='ltr'><strong>id</strong></span> <span class='ocrx_word' id='word_1_43' title='bbox 1111 982 1529 1037; x_wconf 83' lang='lat' dir='ltr'><strong>consolationem</strong></span> <span class='ocrx_word' id='word_1_44' title='bbox 1570 980 1802 1033; x_wconf 83' lang='lat' dir='ltr'><strong>all&#39;erret.</strong></span> <span class='ocrx_word' id='word_1_45' title='bbox 1851 976 2070 1031; x_wconf 83' lang='lat' dir='ltr'><strong>Etiamsi</strong></span> 
     </span>
    </p>
   </div>
   <div class='ocr_carea' id='block_1_8' title="bbox 475 1069 2065 1143">
    <p class='ocr_par' dir='ltr' id='par_1_8' title="bbox 475 1069 2065 1143">
     <span class='ocr_line' id='line_1_8' title="bbox 475 1069 2065 1143; baseline -0.008 -9"><span class='ocrx_word' id='word_1_46' title='bbox 475 1080 620 1134; x_wconf 89' lang='lat' dir='ltr'><strong>enim</strong></span> <span class='ocrx_word' id='word_1_47' title='bbox 664 1078 860 1133; x_wconf 88' lang='lat' dir='ltr'><strong>famem</strong></span> <span class='ocrx_word' id='word_1_48' title='bbox 892 1093 995 1131; x_wconf 92' lang='lat' dir='ltr'><strong>non</strong></span> <span class='ocrx_word' id='word_1_49' title='bbox 1026 1077 1236 1141; x_wconf 87' lang='lat' dir='ltr'><strong>timeas,</strong></span> <span class='ocrx_word' id='word_1_50' title='bbox 1271 1074 1432 1129; x_wconf 86' lang='lat' dir='ltr'><strong>multa</strong></span> <span class='ocrx_word' id='word_1_51' title='bbox 1464 1074 1563 1126; x_wconf 90' lang='lat' dir='ltr'><strong>alia</strong></span> <span class='ocrx_word' id='word_1_52' title='bbox 1606 1073 1848 1143; x_wconf 78' lang='lat' dir='ltr'><strong>graviora</strong></span> <span class='ocrx_word' id='word_1_53' title='bbox 1881 1070 1950 1125; x_wconf 92' lang='lat' dir='ltr'><strong>ob</strong></span> <span class='ocrx_word' id='word_1_54' title='bbox 1976 1069 2065 1123; x_wconf 84' lang='lat' dir='ltr'><strong>de-</strong></span> 
     </span>
    </p>
   </div>
   <div class='ocr_carea' id='block_1_9' title="bbox 476 1162 2075 1241">
    <p class='ocr_par' dir='ltr' id='par_1_9' title="bbox 476 1162 2075 1241">
     <span class='ocr_line' id='line_1_9' title="bbox 476 1162 2075 1241; baseline -0.008 -15"><span class='ocrx_word' id='word_1_55' title='bbox 476 1174 706 1241; x_wconf 89' lang='lat' dir='ltr'><strong>positum</strong></span> <span class='ocrx_word' id='word_1_56' title='bbox 726 1173 830 1227; x_wconf 88' lang='lat' dir='ltr'><strong>tale</strong></span> <span class='ocrx_word' id='word_1_57' title='bbox 854 1170 1108 1237; x_wconf 85' lang='lat' dir='ltr'><strong>timenda,</strong></span> <span class='ocrx_word' id='word_1_58' title='bbox 1133 1182 1297 1234; x_wconf 88' lang='lat' dir='ltr'><strong>mors,</strong></span> <span class='ocrx_word' id='word_1_59' title='bbox 1323 1166 1541 1233; x_wconf 86' lang='lat' dir='ltr'><strong>bellum,</strong></span> <span class='ocrx_word' id='word_1_60' title='bbox 1571 1165 1793 1219; x_wconf 66' lang='lat' dir='ltr'><strong>insidiae.</strong></span> <span class='ocrx_word' id='word_1_61' title='bbox 1822 1162 1875 1217; x_wconf 86' lang='lat' dir='ltr'><strong>Si</strong></span> <span class='ocrx_word' id='word_1_62' title='bbox 1907 1162 2075 1215; x_wconf 89' lang='lat' dir='ltr'><strong>fames</strong></span> 
     </span>
    </p>
   </div>
   <div class='ocr_carea' id='block_1_10' title="bbox 480 1256 2073 1333">
    <p class='ocr_par' dir='ltr' id='par_1_10' title="bbox 480 1256 2073 1333">
     <span class='ocr_line' id='line_1_10' title="bbox 480 1256 2073 1333; baseline -0.007 -16"><span class='ocrx_word' id='word_1_63' title='bbox 480 1264 707 1333; x_wconf 88' lang='lat' dir='ltr'><strong>ingruat,</strong></span> <span class='ocrx_word' id='word_1_64' title='bbox 740 1262 965 1333; x_wconf 89' lang='lat' dir='ltr'><strong>populus</strong></span> <span class='ocrx_word' id='word_1_65' title='bbox 994 1276 1022 1314; x_wconf 91' lang='lat' dir='ltr'><strong>a</strong></span> <span class='ocrx_word' id='word_1_66' title='bbox 1054 1267 1240 1314; x_wconf 78' lang='lat' dir='ltr'><strong>ventre</strong></span> <span class='ocrx_word' id='word_1_67' title='bbox 1282 1257 1589 1327; x_wconf 87' lang='lat' dir='ltr'><strong>compulsus</strong></span> <span class='ocrx_word' id='word_1_68' title='bbox 1626 1264 1827 1309; x_wconf 88' lang='lat' dir='ltr'><strong>armata</strong></span> <span class='ocrx_word' id='word_1_69' title='bbox 1854 1256 2073 1309; x_wconf 80' lang='lat' dir='ltr'><strong>dextera</strong></span> 
     </span>
    </p>
   </div>
   <div class='ocr_carea' id='block_1_11' title="bbox 478 1344 2073 1417">
    <p class='ocr_par' dir='ltr' id='par_1_11' title="bbox 478 1344 2073 1417">
     <span class='ocr_line' id='line_1_11' title="bbox 478 1344 2073 1417; baseline -0.007 -8"><span class='ocrx_word' id='word_1_70' title='bbox 478 1355 696 1409; x_wconf 91' lang='lat' dir='ltr'><strong>domum</strong></span> <span class='ocrx_word' id='word_1_71' title='bbox 728 1363 870 1407; x_wconf 90' lang='lat' dir='ltr'><strong>tuam</strong></span> <span class='ocrx_word' id='word_1_72' title='bbox 913 1351 1145 1406; x_wconf 84' lang='lat' dir='ltr'><strong>invadet.</strong></span> <span class='ocrx_word' id='word_1_73' title='bbox 1190 1350 1299 1403; x_wconf 93' lang='lat' dir='ltr'><strong>lmo</strong></span> <span class='ocrx_word' id='word_1_74' title='bbox 1350 1349 1476 1404; x_wconf 90' lang='lat' dir='ltr'><strong>dum</strong></span> <span class='ocrx_word' id='word_1_75' title='bbox 1507 1348 1584 1402; x_wconf 90' lang='lat' dir='ltr'><strong>sic</strong></span> <span class='ocrx_word' id='word_1_76' title='bbox 1623 1348 1761 1417; x_wconf 86' lang='lat' dir='ltr'><strong>agis,</strong></span> <span class='ocrx_word' id='word_1_77' title='bbox 1796 1346 1987 1400; x_wconf 85' lang='lat' dir='ltr'><strong>famem</strong></span> <span class='ocrx_word' id='word_1_78' title='bbox 2020 1344 2073 1398; x_wconf 92' lang='lat' dir='ltr'><strong>in</strong></span> 
     </span>
    </p>
   </div>
   <div class='ocr_carea' id='block_1_12' title="bbox 479 1441 2076 1514">
    <p class='ocr_par' dir='ltr' id='par_1_12' title="bbox 479 1441 2076 1514">
     <span class='ocr_line' id='line_1_12' title="bbox 479 1441 2076 1514; baseline -0.009 -10"><span class='ocrx_word' id='word_1_79' title='bbox 479 1449 639 1504; x_wconf 87' lang='lat' dir='ltr'><strong>urbes</strong></span> <span class='ocrx_word' id='word_1_80' title='bbox 672 1446 919 1513; x_wconf 80' lang='lat' dir='ltr'><strong>invehis,</strong></span> <span class='ocrx_word' id='word_1_81' title='bbox 954 1454 1006 1501; x_wconf 92' lang='lat' dir='ltr'><strong>te</strong></span> <span class='ocrx_word' id='word_1_82' title='bbox 1036 1445 1139 1499; x_wconf 93' lang='lat' dir='ltr'><strong>hoc</strong></span> <span class='ocrx_word' id='word_1_83' title='bbox 1166 1444 1305 1499; x_wconf 90' lang='lat' dir='ltr'><strong>fame</strong></span> <span class='ocrx_word' id='word_1_84' title='bbox 1333 1444 1549 1514; x_wconf 83' lang='lat' dir='ltr'><strong>gravius</strong></span> <span class='ocrx_word' id='word_1_85' title='bbox 1581 1441 1873 1512; x_wconf 87' lang='lat' dir='ltr'><strong>perieulum</strong></span> <span class='ocrx_word' id='word_1_86' title='bbox 1901 1441 1952 1493; x_wconf 92' lang='lat' dir='ltr'><strong>in</strong></span> <span class='ocrx_word' id='word_1_87' title='bbox 1980 1441 2076 1492; x_wconf 85' lang='lat' dir='ltr'><strong>do-</strong></span> 
     </span>
    </p>
   </div>
   <div class='ocr_carea' id='block_1_13' title="bbox 477 1530 2075 1596">
    <p class='ocr_par' dir='ltr' id='par_1_13' title="bbox 477 1530 2075 1596">
     <span class='ocr_line' id='line_1_13' title="bbox 477 1530 2075 1596; baseline -0.008 0"><span class='ocrx_word' id='word_1_88' title='bbox 477 1556 624 1596; x_wconf 89' lang='lat' dir='ltr'><strong>mum</strong></span> <span class='ocrx_word' id='word_1_89' title='bbox 672 1548 816 1594; x_wconf 91' lang='lat' dir='ltr'><strong>tuam</strong></span> <span class='ocrx_word' id='word_1_90' title='bbox 862 1537 1090 1594; x_wconf 88' lang='lat' dir='ltr'><strong>inducis.</strong></span> <span class='ocrx_word' id='word_1_91' title='bbox 1122 1536 1331 1592; x_wconf 84' lang='lat' dir='ltr'><strong>Etenim</strong></span> <span class='ocrx_word' id='word_1_92' title='bbox 1376 1535 1528 1589; x_wconf 86' lang='lat' dir='ltr'><strong>famis</strong></span> <span class='ocrx_word' id='word_1_93' title='bbox 1568 1533 1872 1589; x_wconf 86' lang='lat' dir='ltr'><strong>calamitate</strong></span> <span class='ocrx_word' id='word_1_94' title='bbox 1900 1530 2075 1584; x_wconf 91' lang='lat' dir='ltr'><strong>nullos</strong></span> 
     </span>
    </p>
   </div>
   <div class='ocr_carea' id='block_1_14' title="bbox 478 1623 2069 1698">
    <p class='ocr_par' dir='ltr' id='par_1_14' title="bbox 478 1623 2069 1698">
     <span class='ocr_line' id='line_1_14' title="bbox 478 1623 2069 1698; baseline -0.008 -12"><span class='ocrx_word' id='word_1_95' title='bbox 478 1633 600 1686; x_wconf 91' lang='lat' dir='ltr'><strong>novi</strong></span> <span class='ocrx_word' id='word_1_96' title='bbox 632 1629 809 1687; x_wconf 79' lang='lat' dir='ltr'><strong>statim</strong></span> <span class='ocrx_word' id='word_1_97' title='bbox 838 1638 1187 1698; x_wconf 87' lang='lat' dir='ltr'><strong>consumptos</strong></span> <span class='ocrx_word' id='word_1_98' title='bbox 1213 1645 1227 1681; x_wconf 89' lang='lat'>:</span> <span class='ocrx_word' id='word_1_99' title='bbox 1259 1628 1421 1681; x_wconf 89' lang='lat' dir='ltr'><strong>multa</strong></span> <span class='ocrx_word' id='word_1_100' title='bbox 1443 1625 1635 1696; x_wconf 83' lang='lat' dir='ltr'><strong>quippe</strong></span> <span class='ocrx_word' id='word_1_101' title='bbox 1658 1623 1889 1691; x_wconf 82' lang='lat' dir='ltr'><strong>undique</strong></span> <span class='ocrx_word' id='word_1_102' title='bbox 1914 1636 2069 1676; x_wconf 84' lang='lat' dir='ltr'><strong>cxco-</strong></span> 
     </span>
    </p>
   </div>
   <div class='ocr_carea' id='block_1_15' title="bbox 475 1714 2077 1794">
    <p class='ocr_par' dir='ltr' id='par_1_15' title="bbox 475 1714 2077 1794">
     <span class='ocr_line' id='line_1_15' title="bbox 475 1714 2077 1794; baseline -0.008 -15"><span class='ocrx_word' id='word_1_103' title='bbox 475 1725 631 1794; x_wconf 83' lang='lat' dir='ltr'><strong>gitari</strong></span> <span class='ocrx_word' id='word_1_104' title='bbox 688 1732 909 1794; x_wconf 89' lang='lat' dir='ltr'><strong>possunt</strong></span> <span class='ocrx_word' id='word_1_105' title='bbox 952 1720 1019 1776; x_wconf 89' lang='lat' dir='ltr'><strong>ad</strong></span> <span class='ocrx_word' id='word_1_106' title='bbox 1072 1720 1200 1774; x_wconf 90' lang='lat' dir='ltr'><strong>tanti</strong></span> <span class='ocrx_word' id='word_1_107' title='bbox 1246 1719 1371 1774; x_wconf 89' lang='lat' dir='ltr'><strong>mali</strong></span> <span class='ocrx_word' id='word_1_108' title='bbox 1423 1718 1707 1782; x_wconf 85' lang='lat' dir='ltr'><strong>solatium;</strong></span> <span class='ocrx_word' id='word_1_109' title='bbox 1737 1716 1807 1770; x_wconf 93' lang='lat' dir='ltr'><strong>ob</strong></span> <span class='ocrx_word' id='word_1_110' title='bbox 1830 1714 2077 1784; x_wconf 85' lang='lat' dir='ltr'><strong>pecunias</strong></span> 
     </span>
    </p>
   </div>
   <div class='ocr_carea' id='block_1_16' title="bbox 478 1805 2075 1882">
    <p class='ocr_par' dir='ltr' id='par_1_16' title="bbox 478 1805 2075 1882">
     <span class='ocr_line' id='line_1_16' title="bbox 478 1805 2075 1882; baseline -0.006 -14"><span class='ocrx_word' id='word_1_111' title='bbox 478 1824 680 1881; x_wconf 89' lang='lat' dir='ltr'><strong>autem,</strong></span> <span class='ocrx_word' id='word_1_112' title='bbox 714 1812 946 1878; x_wconf 83' lang='lat' dir='ltr'><strong>divitias,</strong></span> <span class='ocrx_word' id='word_1_113' title='bbox 980 1826 1174 1882; x_wconf 86' lang='lat' dir='ltr'><strong>resque</strong></span> <span class='ocrx_word' id='word_1_114' title='bbox 1208 1808 1606 1881; x_wconf 87' lang='lat' dir='ltr'><strong>hujuscemodi,</strong></span> <span class='ocrx_word' id='word_1_115' title='bbox 1642 1807 1897 1877; x_wconf 91' lang='lat' dir='ltr'><strong>plurimos</strong></span> <span class='ocrx_word' id='word_1_116' title='bbox 1933 1805 2075 1860; x_wconf 89' lang='lat' dir='ltr'><strong>indi-</strong></span> 
     </span>
    </p>
   </div>
   <div class='ocr_carea' id='block_1_17' title="bbox 477 1898 2079 1977">
    <p class='ocr_par' dir='ltr' id='par_1_17' title="bbox 477 1898 2079 1977">
     <span class='ocr_line' id='line_1_17' title="bbox 477 1898 2079 1977; baseline -0.007 -15"><span class='ocrx_word' id='word_1_117' title='bbox 477 1922 603 1962; x_wconf 89' lang='lat' dir='ltr'><strong>care</strong></span> <span class='ocrx_word' id='word_1_118' title='bbox 627 1906 849 1977; x_wconf 87' lang='lat' dir='ltr'><strong>possim,</strong></span> <span class='ocrx_word' id='word_1_119' title='bbox 877 1920 970 1959; x_wconf 90' lang='lat' dir='ltr'><strong>seu</strong></span> <span class='ocrx_word' id='word_1_120' title='bbox 993 1904 1151 1969; x_wconf 89' lang='lat' dir='ltr'><strong>clam,</strong></span> <span class='ocrx_word' id='word_1_121' title='bbox 1181 1917 1275 1958; x_wconf 90' lang='lat' dir='ltr'><strong>seu</strong></span> <span class='ocrx_word' id='word_1_122' title='bbox 1311 1901 1523 1971; x_wconf 85' lang='lat' dir='ltr'><strong>publice</strong></span> <span class='ocrx_word' id='word_1_123' title='bbox 1544 1901 1914 1968; x_wconf 88' lang='lat' dir='ltr'><strong>interemptos.</strong></span> <span class='ocrx_word' id='word_1_124' title='bbox 1943 1898 2079 1951; x_wconf 82' lang='lat' dir='ltr'><strong>Mul-</strong></span> 
     </span>
    </p>
   </div>
   <div class='ocr_carea' id='block_1_18' title="bbox 482 1989 2077 2068">
    <p class='ocr_par' dir='ltr' id='par_1_18' title="bbox 482 1989 2077 2068">
     <span class='ocr_line' id='line_1_18' title="bbox 482 1989 2077 2068; baseline -0.006 -17"><span class='ocrx_word' id='word_1_125' title='bbox 482 2000 549 2052; x_wconf 89' lang='lat' dir='ltr'><strong>tis</strong></span> <span class='ocrx_word' id='word_1_126' title='bbox 595 2013 758 2068; x_wconf 90' lang='lat' dir='ltr'><strong>porro</strong></span> <span class='ocrx_word' id='word_1_127' title='bbox 786 1995 1094 2066; x_wconf 89' lang='lat' dir='ltr'><strong>hujusmodi</strong></span> <span class='ocrx_word' id='word_1_128' title='bbox 1115 1994 1373 2063; x_wconf 76' lang='lat' dir='ltr'><strong>exemplis</strong></span> <span class='ocrx_word' id='word_1_129' title='bbox 1399 1992 1572 2062; x_wconf 72' lang='lat' dir='ltr'><strong>plena:</strong></span> <span class='ocrx_word' id='word_1_130' title='bbox 1610 1998 1733 2045; x_wconf 92' lang='lat' dir='ltr'><strong>sunt</strong></span> <span class='ocrx_word' id='word_1_131' title='bbox 1768 1991 1889 2055; x_wconf 74' lang='lat' dir='ltr'><strong>vim,</strong></span> <span class='ocrx_word' id='word_1_132' title='bbox 1922 1989 2077 2060; x_wconf 90' lang='lat' dir='ltr'><strong>plena</strong></span> 
     </span>
    </p>
   </div>
   <div class='ocr_carea' id='block_1_19' title="bbox 479 2082 2077 2160">
    <p class='ocr_par' dir='ltr' id='par_1_19' title="bbox 479 2082 2077 2160">
     <span class='ocr_line' id='line_1_19' title="bbox 479 2082 2077 2160; baseline -0.007 -16"><span class='ocrx_word' id='word_1_133' title='bbox 479 2090 758 2160; x_wconf 85' lang='lat' dir='ltr'><strong>judiciaria</strong></span> <span class='ocrx_word' id='word_1_134' title='bbox 792 2088 1076 2143; x_wconf 87' lang='lat' dir='ltr'><strong>tribunalia</strong></span> <span class='ocrx_word' id='word_1_135' title='bbox 1092 2097 1145 2142; x_wconf 90' lang='lat' dir='ltr'><strong>et</strong></span> <span class='ocrx_word' id='word_1_136' title='bbox 1172 2086 1305 2141; x_wconf 90' lang='lat' dir='ltr'><strong>fora.</strong></span> <span class='ocrx_word' id='word_1_137' title='bbox 1328 2084 1528 2155; x_wconf 87' lang='lat' dir='ltr'><strong>Ecquid</strong></span> <span class='ocrx_word' id='word_1_138' title='bbox 1551 2084 1672 2138; x_wconf 87' lang='lat' dir='ltr'><strong>dico</strong></span> <span class='ocrx_word' id='word_1_139' title='bbox 1694 2083 1826 2146; x_wconf 87' lang='lat' dir='ltr'><strong>vias,</strong></span> <span class='ocrx_word' id='word_1_140' title='bbox 1849 2082 2077 2151; x_wconf 87' lang='lat' dir='ltr'><strong>judicia-</strong></span> 
     </span>
    </p>
   </div>
   <div class='ocr_carea' id='block_1_20' title="bbox 481 2175 2079 2249">
    <p class='ocr_par' dir='ltr' id='par_1_20' title="bbox 481 2175 2079 2249">
     <span class='ocr_line' id='line_1_20' title="bbox 481 2175 2079 2249; baseline -0.005 -12"><span class='ocrx_word' id='word_1_141' title='bbox 481 2183 558 2237; x_wconf 87' lang='lat' dir='ltr'><strong>ria</strong></span> <span class='ocrx_word' id='word_1_142' title='bbox 592 2181 877 2237; x_wconf 83' lang='lat' dir='ltr'><strong>tribunalia</strong></span> <span class='ocrx_word' id='word_1_143' title='bbox 908 2189 962 2236; x_wconf 90' lang='lat' dir='ltr'><strong>et</strong></span> <span class='ocrx_word' id='word_1_144' title='bbox 991 2179 1144 2235; x_wconf 89' lang='lat' dir='ltr'><strong>fora?</strong></span> <span class='ocrx_word' id='word_1_145' title='bbox 1192 2178 1367 2249; x_wconf 89' lang='lat' dir='ltr'><strong>Ipsum</strong></span> <span class='ocrx_word' id='word_1_146' title='bbox 1410 2192 1561 2232; x_wconf 88' lang='lat' dir='ltr'><strong>mare</strong></span> <span class='ocrx_word' id='word_1_147' title='bbox 1588 2176 1794 2231; x_wconf 83' lang='lat' dir='ltr'><strong>videbis</strong></span> <span class='ocrx_word' id='word_1_148' title='bbox 1822 2175 2079 2244; x_wconf 82' lang='lat' dir='ltr'><strong>sanguine</strong></span> 
     </span>
    </p>
   </div>
   <div class='ocr_carea' id='block_1_21' title="bbox 488 2267 2079 2345">
    <p class='ocr_par' dir='ltr' id='par_1_21' title="bbox 488 2267 2079 2345">
     <span class='ocr_line' id='line_1_21' title="bbox 488 2267 2079 2345; baseline -0.005 -16"><span class='ocrx_word' id='word_1_149' title='bbox 488 2276 725 2345; x_wconf 87' lang='lat' dir='ltr'><strong>plenum.</strong></span> <span class='ocrx_word' id='word_1_150' title='bbox 761 2273 887 2327; x_wconf 71' lang='lat' dir='ltr'><strong>Hmc</strong></span> <span class='ocrx_word' id='word_1_151' title='bbox 911 2272 1108 2342; x_wconf 85' lang='lat' dir='ltr'><strong>quippe</strong></span> <span class='ocrx_word' id='word_1_152' title='bbox 1156 2270 1394 2342; x_wconf 81' lang='lat' dir='ltr'><strong>tyrannis</strong></span> <span class='ocrx_word' id='word_1_153' title='bbox 1423 2284 1527 2323; x_wconf 92' lang='lat' dir='ltr'><strong>non</strong></span> <span class='ocrx_word' id='word_1_154' title='bbox 1562 2278 1757 2323; x_wconf 87' lang='lat' dir='ltr'><strong>terram</strong></span> <span class='ocrx_word' id='word_1_155' title='bbox 1788 2267 1960 2320; x_wconf 87' lang='lat' dir='ltr'><strong>solum</strong></span> <span class='ocrx_word' id='word_1_156' title='bbox 1990 2280 2079 2321; x_wconf 86' lang='lat' dir='ltr'><strong>oc-</strong></span> 
     </span>
    </p>
   </div>
   <div class='ocr_carea' id='block_1_22' title="bbox 479 2359 2079 2436">
    <p class='ocr_par' dir='ltr' id='par_1_22' title="bbox 479 2359 2079 2436">
     <span class='ocr_line' id='line_1_22' title="bbox 479 2359 2079 2436; baseline -0.004 -17"><span class='ocrx_word' id='word_1_157' title='bbox 479 2365 694 2436; x_wconf 87' lang='lat' dir='ltr'><strong>cupavit</strong></span> <span class='ocrx_word' id='word_1_158' title='bbox 718 2407 733 2431; x_wconf 93' lang='lat'><strong>,</strong></span> <span class='ocrx_word' id='word_1_159' title='bbox 764 2363 856 2419; x_wconf 91' lang='lat' dir='ltr'><strong>sed</strong></span> <span class='ocrx_word' id='word_1_160' title='bbox 883 2364 1045 2419; x_wconf 88' lang='lat' dir='ltr'><strong>etiam</strong></span> <span class='ocrx_word' id='word_1_161' title='bbox 1087 2362 1139 2416; x_wconf 90' lang='lat' dir='ltr'><strong>in</strong></span> <span class='ocrx_word' id='word_1_162' title='bbox 1194 2362 1384 2433; x_wconf 78' lang='lat' dir='ltr'><strong>pelago</strong></span> <span class='ocrx_word' id='word_1_163' title='bbox 1414 2376 1535 2415; x_wconf 88' lang='lat' dir='ltr'><strong>cum</strong></span> <span class='ocrx_word' id='word_1_164' title='bbox 1564 2361 1731 2414; x_wconf 90' lang='lat' dir='ltr'><strong>multo</strong></span> <span class='ocrx_word' id='word_1_165' title='bbox 1757 2359 1933 2413; x_wconf 91' lang='lat' dir='ltr'><strong>furore</strong></span> <span class='ocrx_word' id='word_1_166' title='bbox 1956 2359 2079 2413; x_wconf 85' lang='lat' dir='ltr'><strong>hac-</strong></span> 
     </span>
    </p>
   </div>
   <div class='ocr_carea' id='block_1_23' title="bbox 479 2453 2077 2527">
    <p class='ocr_par' dir='ltr' id='par_1_23' title="bbox 479 2453 2077 2527">
     <span class='ocr_line' id='line_1_23' title="bbox 479 2453 2077 2527; baseline -0.004 -15"><span class='ocrx_word' id='word_1_167' title='bbox 479 2458 635 2513; x_wconf 85' lang='lat' dir='ltr'><strong>chata</strong></span> <span class='ocrx_word' id='word_1_168' title='bbox 668 2465 770 2512; x_wconf 89' lang='lat' dir='ltr'><strong>est.</strong></span> <span class='ocrx_word' id='word_1_169' title='bbox 819 2457 885 2511; x_wconf 89' lang='lat' dir='ltr'><strong>Et</strong></span> <span class='ocrx_word' id='word_1_170' title='bbox 915 2456 1051 2511; x_wconf 89' lang='lat' dir='ltr'><strong>alius</strong></span> <span class='ocrx_word' id='word_1_171' title='bbox 1080 2454 1298 2527; x_wconf 86' lang='lat' dir='ltr'><strong>quidem</strong></span> <span class='ocrx_word' id='word_1_172' title='bbox 1344 2453 1555 2522; x_wconf 83' lang='lat' dir='ltr'><strong>navigat</strong></span> <span class='ocrx_word' id='word_1_173' title='bbox 1601 2466 1818 2523; x_wconf 84' lang='lat' dir='ltr'><strong>propter</strong></span> <span class='ocrx_word' id='word_1_174' title='bbox 1855 2466 2041 2505; x_wconf 82' lang='lat' dir='ltr'><strong>aurum</strong></span> <span class='ocrx_word' id='word_1_175' title='bbox 2064 2493 2077 2516; x_wconf 93' lang='lat'><strong>,</strong></span> 
     </span>
    </p>
   </div>
   <div class='ocr_carea' id='block_1_24' title="bbox 482 2544 2081 2619">
    <p class='ocr_par' dir='ltr' id='par_1_24' title="bbox 482 2544 2081 2619">
     <span class='ocr_line' id='line_1_24' title="bbox 482 2544 2081 2619; baseline -0.006 -14"><span class='ocrx_word' id='word_1_176' title='bbox 482 2552 622 2605; x_wconf 88' lang='lat' dir='ltr'><strong>alius</strong></span> <span class='ocrx_word' id='word_1_177' title='bbox 648 2549 717 2605; x_wconf 94' lang='lat' dir='ltr'><strong>ob</strong></span> <span class='ocrx_word' id='word_1_178' title='bbox 744 2549 846 2604; x_wconf 90' lang='lat' dir='ltr'><strong>hoc</strong></span> <span class='ocrx_word' id='word_1_179' title='bbox 883 2549 1055 2619; x_wconf 87' lang='lat' dir='ltr'><strong>ipsum</strong></span> <span class='ocrx_word' id='word_1_180' title='bbox 1082 2547 1393 2619; x_wconf 87' lang='lat' dir='ltr'><strong>jugulatur:</strong></span> <span class='ocrx_word' id='word_1_181' title='bbox 1426 2544 1722 2615; x_wconf 89' lang='lat' dir='ltr'><strong>eademque</strong></span> <span class='ocrx_word' id='word_1_182' title='bbox 1745 2545 1856 2612; x_wconf 88' lang='lat' dir='ltr'><strong>ipsa</strong></span> <span class='ocrx_word' id='word_1_183' title='bbox 1902 2552 2081 2614; x_wconf 86' lang='lat' dir='ltr'><strong>tyran-</strong></span> 
     </span>
    </p>
   </div>
   <div class='ocr_carea' id='block_1_25' title="bbox 484 2635 2081 2705">
    <p class='ocr_par' dir='ltr' id='par_1_25' title="bbox 484 2635 2081 2705">
     <span class='ocr_line' id='line_1_25' title="bbox 484 2635 2081 2705; baseline -0.004 -9"><span class='ocrx_word' id='word_1_184' title='bbox 484 2643 568 2696; x_wconf 90' lang='lat' dir='ltr'><strong>nis</strong></span> <span class='ocrx_word' id='word_1_185' title='bbox 596 2641 740 2696; x_wconf 87' lang='lat' dir='ltr'><strong>hunc</strong></span> <span class='ocrx_word' id='word_1_186' title='bbox 789 2649 1177 2705; x_wconf 79' lang='lat' dir='ltr'><strong>mercatorem,</strong></span> <span class='ocrx_word' id='word_1_187' title='bbox 1220 2638 1370 2693; x_wconf 92' lang='lat' dir='ltr'><strong>illum</strong></span> <span class='ocrx_word' id='word_1_188' title='bbox 1416 2636 1738 2691; x_wconf 87' lang='lat' dir='ltr'><strong>homicidam</strong></span> <span class='ocrx_word' id='word_1_189' title='bbox 1777 2635 1915 2689; x_wconf 80' lang='lat' dir='ltr'><strong>fecit.</strong></span> <span class='ocrx_word' id='word_1_190' title='bbox 1944 2635 2081 2701; x_wconf 83' lang='lat' dir='ltr'><strong>Quid</strong></span> 
     </span>
    </p>
   </div>
   <div class='ocr_carea' id='block_1_26' title="bbox 484 2732 2083 2804">
    <p class='ocr_par' dir='ltr' id='par_1_26' title="bbox 484 2732 2083 2804">
     <span class='ocr_line' id='line_1_26' title="bbox 484 2732 2083 2804; baseline -0.004 -16"><span class='ocrx_word' id='word_1_191' title='bbox 484 2734 653 2804; x_wconf 90' lang='lat' dir='ltr'><strong>magis</strong></span> <span class='ocrx_word' id='word_1_192' title='bbox 695 2732 914 2787; x_wconf 89' lang='lat' dir='ltr'><strong>inﬁdum</strong></span> <span class='ocrx_word' id='word_1_193' title='bbox 963 2732 1123 2787; x_wconf 90' lang='lat' dir='ltr'><strong>fuerit</strong></span> <span class='ocrx_word' id='word_1_194' title='bbox 1178 2746 1336 2801; x_wconf 92' lang='lat' dir='ltr'><strong>quam</strong></span> <span class='ocrx_word' id='word_1_195' title='bbox 1374 2742 1621 2783; x_wconf 82' lang='lat' dir='ltr'><strong>mamona</strong></span> <span class='ocrx_word' id='word_1_196' title='bbox 1646 2771 1659 2793; x_wconf 94' lang='lat'><strong>,</strong></span> <span class='ocrx_word' id='word_1_197' title='bbox 1695 2743 1814 2782; x_wconf 90' lang='lat' dir='ltr'><strong>cum</strong></span> <span class='ocrx_word' id='word_1_198' title='bbox 1867 2737 2083 2797; x_wconf 84' lang='lat' dir='ltr'><strong>propter</strong></span> 
     </span>
    </p>
   </div>
   <div class='ocr_carea' id='block_1_27' title="bbox 485 2821 2084 2895">
    <p class='ocr_par' dir='ltr' id='par_1_27' title="bbox 485 2821 2084 2895">
     <span class='ocr_line' id='line_1_27' title="bbox 485 2821 2084 2895; baseline -0.005 -14"><span class='ocrx_word' id='word_1_199' title='bbox 485 2827 657 2895; x_wconf 90' lang='lat' dir='ltr'><strong>ipsum</strong></span> <span class='ocrx_word' id='word_1_200' title='bbox 710 2826 921 2895; x_wconf 89' lang='lat' dir='ltr'><strong>plurimi</strong></span> <span class='ocrx_word' id='word_1_201' title='bbox 964 2824 1404 2894; x_wconf 87' lang='lat' dir='ltr'><strong>peregrineutur,</strong></span> <span class='ocrx_word' id='word_1_202' title='bbox 1458 2822 1824 2891; x_wconf 83' lang='lat' dir='ltr'><strong>periclitentur</strong></span> <span class='ocrx_word' id='word_1_203' title='bbox 1863 2830 1916 2874; x_wconf 91' lang='lat' dir='ltr'><strong>et</strong></span> <span class='ocrx_word' id='word_1_204' title='bbox 1942 2821 2084 2874; x_wconf 83' lang='lat' dir='ltr'><strong>occi-</strong></span> 
     </span>
    </p>
   </div>
   <div class='ocr_carea' id='block_1_28' title="bbox 484 2912 2079 2982">
    <p class='ocr_par' dir='ltr' id='par_1_28' title="bbox 484 2912 2079 2982">
     <span class='ocr_line' id='line_1_28' title="bbox 484 2912 2079 2982; baseline -0.006 -9"><span class='ocrx_word' id='word_1_205' title='bbox 484 2917 721 2973; x_wconf 78' lang='lat' dir='ltr'><strong>dantur?</strong></span> <span class='ocrx_word' id='word_1_206' title='bbox 760 2916 863 2971; x_wconf 86' lang='lat' dir='ltr'><strong>Sed</strong></span> <span class='ocrx_word' id='word_1_207' title='bbox 909 2917 1033 2982; x_wconf 86' lang='lat' dir='ltr'><strong>Quis</strong></span> <span class='ocrx_word' id='word_1_208' title='bbox 1078 2915 1422 2979; x_wconf 74' lang='lat' dir='ltr'><strong>miserebitur,</strong></span> <span class='ocrx_word' id='word_1_209' title='bbox 1466 2913 1664 2982; x_wconf 89' lang='lat' dir='ltr'><strong>inquit,</strong></span> <span class='ocrx_word' id='word_1_210' title='bbox 1721 2912 2079 2977; x_wconf 87' lang='lat' dir='ltr'><strong>incantatoris,</strong></span> 
     </span>
    </p>
   </div>
   <div class='ocr_carea' id='block_1_29' title="bbox 484 3003 2083 3083">
    <p class='ocr_par' dir='ltr' id='par_1_29' title="bbox 484 3003 2083 3083">
     <span class='ocr_line' id='line_1_29' title="bbox 484 3003 2083 3083; baseline -0.004 -19"><span class='ocrx_word' id='word_1_211' title='bbox 484 3028 634 3083; x_wconf 81' lang='lat' dir='ltr'><strong>quem</strong></span> <span class='ocrx_word' id='word_1_212' title='bbox 677 3027 883 3077; x_wconf 79' lang='lat' dir='ltr'><strong>serpens</strong></span> <span class='ocrx_word' id='word_1_213' title='bbox 947 3009 1215 3063; x_wconf 81' lang='lat' dir='ltr'><strong>momordit</strong></span> <span class='ocrx_word' id='word_1_214' title='bbox 1264 3005 1464 3079; x_wconf 83' lang='lat' dir='ltr'><strong>(Eccli.</strong></span> <span class='ocrx_word' id='word_1_215' title='bbox 1499 3006 1586 3061; x_wconf 71' lang='grc'><strong>12.</strong></span> <span class='ocrx_word' id='word_1_216' title='bbox 1620 3004 1718 3076; x_wconf 78' lang='grc'><strong>15)</strong></span> <span class='ocrx_word' id='word_1_217' title='bbox 1742 3006 1766 3057; x_wconf 83' lang='lat'><strong>?</strong></span> <span class='ocrx_word' id='word_1_218' title='bbox 1793 3003 2083 3074; x_wconf 82' lang='lat' dir='ltr'><strong>Oportebat</strong></span> 
     </span>
    </p>
   </div>
   <div class='ocr_carea' id='block_1_30' title="bbox 486 3094 2080 3171">
    <p class='ocr_par' dir='ltr' id='par_1_30' title="bbox 486 3094 2080 3171">
     <span class='ocr_line' id='line_1_30' title="bbox 486 3094 2080 3171; baseline -0.006 -14"><span class='ocrx_word' id='word_1_219' title='bbox 486 3102 629 3157; x_wconf 86' lang='lat' dir='ltr'><strong>enim</strong></span> <span class='ocrx_word' id='word_1_220' title='bbox 687 3100 819 3154; x_wconf 73' lang='lat' dir='ltr'><strong>dira:</strong></span> <span class='ocrx_word' id='word_1_221' title='bbox 877 3099 1175 3171; x_wconf 77' lang='lat' dir='ltr'><strong>tyrannidis</strong></span> <span class='ocrx_word' id='word_1_222' title='bbox 1240 3111 1433 3170; x_wconf 88' lang='lat' dir='ltr'><strong>gnaros</strong></span> <span class='ocrx_word' id='word_1_223' title='bbox 1505 3097 1815 3150; x_wconf 73' lang='lat' dir='ltr'><strong>servitutem</strong></span> <span class='ocrx_word' id='word_1_224' title='bbox 1870 3094 2080 3162; x_wconf 79' lang='lat' dir='ltr'><strong>fugere,</strong></span> 
     </span>
    </p>
   </div>
   <div class='ocr_carea' id='block_1_31' title="bbox 485 3184 2081 3262">
    <p class='ocr_par' dir='ltr' id='par_1_31' title="bbox 485 3184 2081 3262">
     <span class='ocr_line' id='line_1_31' title="bbox 485 3184 2081 3262; baseline -0.008 -13"><span class='ocrx_word' id='word_1_225' title='bbox 485 3192 815 3262; x_wconf 80' lang='lat' dir='ltr'><strong>noxiumque</strong></span> <span class='ocrx_word' id='word_1_226' title='bbox 851 3205 1091 3245; x_wconf 90' lang='lat' dir='ltr'><strong>amorem</strong></span> <span class='ocrx_word' id='word_1_227' title='bbox 1134 3187 1512 3259; x_wconf 90' lang='lat' dir='ltr'><strong>comprimere.</strong></span> <span class='ocrx_word' id='word_1_228' title='bbox 1554 3187 1622 3241; x_wconf 87' lang='lat' dir='ltr'><strong>Et</strong></span> <span class='ocrx_word' id='word_1_229' title='bbox 1664 3184 1968 3256; x_wconf 90' lang='lat' dir='ltr'><strong>quomodo,</strong></span> <span class='ocrx_word' id='word_1_230' title='bbox 2002 3184 2081 3238; x_wconf 87' lang='lat' dir='ltr'><strong>iu-</strong></span> 
     </span>
    </p>
   </div>
   <div class='ocr_carea' id='block_1_32' title="bbox 484 3274 2077 3353">
    <p class='ocr_par' dir='ltr' id='par_1_32' title="bbox 484 3274 2077 3353">
     <span class='ocr_line' id='line_1_32' title="bbox 484 3274 2077 3353; baseline -0.004 -16"><span class='ocrx_word' id='word_1_231' title='bbox 484 3283 659 3353; x_wconf 90' lang='lat' dir='ltr'><strong>quies,</strong></span> <span class='ocrx_word' id='word_1_232' title='bbox 693 3283 744 3337; x_wconf 90' lang='lat' dir='ltr'><strong>id</strong></span> <span class='ocrx_word' id='word_1_233' title='bbox 768 3282 882 3337; x_wconf 87' lang='lat' dir='ltr'><strong>fieri</strong></span> <span class='ocrx_word' id='word_1_234' title='bbox 912 3280 1120 3352; x_wconf 83' lang='lat' dir='ltr'><strong>possit?</strong></span> <span class='ocrx_word' id='word_1_235' title='bbox 1160 3279 1218 3336; x_wconf 89' lang='lat' dir='ltr'><strong>Si</strong></span> <span class='ocrx_word' id='word_1_236' title='bbox 1247 3280 1470 3335; x_wconf 88' lang='lat' dir='ltr'><strong>alterum</strong></span> <span class='ocrx_word' id='word_1_237' title='bbox 1500 3293 1737 3334; x_wconf 91' lang='lat' dir='ltr'><strong>amorem</strong></span> <span class='ocrx_word' id='word_1_238' title='bbox 1768 3274 2039 3332; x_wconf 73' lang='lat' dir='ltr'><strong>induxeris</strong></span> <span class='ocrx_word' id='word_1_239' title='bbox 2062 3317 2077 3342; x_wconf 96' lang='lat'><strong>,</strong></span> 
     </span>
    </p>
   </div>
   <div class='ocr_carea' id='block_1_33' title="bbox 484 3366 2078 3444">
    <p class='ocr_par' dir='ltr' id='par_1_33' title="bbox 484 3366 2078 3444">
     <span class='ocr_line' id='line_1_33' title="bbox 484 3366 2078 3444; baseline -0.003 -17"><span class='ocrx_word' id='word_1_240' title='bbox 484 3388 677 3444; x_wconf 89' lang='lat' dir='ltr'><strong>nempe</strong></span> <span class='ocrx_word' id='word_1_241' title='bbox 706 3373 979 3428; x_wconf 68' lang='lat' dir='ltr'><strong>caslorum.</strong></span> <span class='ocrx_word' id='word_1_242' title='bbox 1006 3370 1138 3426; x_wconf 84' lang='lat' dir='ltr'><strong>Nam</strong></span> <span class='ocrx_word' id='word_1_243' title='bbox 1159 3370 1250 3443; x_wconf 86' lang='lat' dir='ltr'><strong>qui</strong></span> <span class='ocrx_word' id='word_1_244' title='bbox 1275 3368 1602 3441; x_wconf 90' lang='lat' dir='ltr'><strong>concupiscit</strong></span> <span class='ocrx_word' id='word_1_245' title='bbox 1625 3383 1864 3439; x_wconf 82' lang='lat' dir='ltr'><strong>regnum,</strong></span> <span class='ocrx_word' id='word_1_246' title='bbox 1890 3366 2078 3422; x_wconf 85' lang='lat' dir='ltr'><strong>irride-</strong></span> 
     </span>
    </p>
   </div>
   <div class='ocr_carea' id='block_1_34' title="bbox 483 3460 2077 3534">
    <p class='ocr_par' dir='ltr' id='par_1_34' title="bbox 483 3460 2077 3534">
     <span class='ocr_line' id='line_1_34' title="bbox 483 3460 2077 3534; baseline -0.004 -14"><span class='ocrx_word' id='word_1_247' title='bbox 483 3466 562 3521; x_wconf 89' lang='lat' dir='ltr'><strong>bit</strong></span> <span class='ocrx_word' id='word_1_248' title='bbox 587 3466 865 3520; x_wconf 88' lang='lat' dir='ltr'><strong>avaritiam</strong></span> <span class='ocrx_word' id='word_1_249' title='bbox 896 3484 909 3516; x_wconf 86' lang='lat'><strong>:</strong></span> <span class='ocrx_word' id='word_1_250' title='bbox 940 3462 1031 3534; x_wconf 92' lang='lat' dir='ltr'><strong>qui</strong></span> <span class='ocrx_word' id='word_1_251' title='bbox 1075 3462 1274 3520; x_wconf 81' lang='lat' dir='ltr'><strong>Christi</strong></span> <span class='ocrx_word' id='word_1_252' title='bbox 1316 3478 1502 3519; x_wconf 89' lang='lat' dir='ltr'><strong>servus</strong></span> <span class='ocrx_word' id='word_1_253' title='bbox 1552 3460 1775 3518; x_wconf 81' lang='lat' dir='ltr'><strong>ell‘ectus</strong></span> <span class='ocrx_word' id='word_1_254' title='bbox 1826 3460 1919 3526; x_wconf 89' lang='lat' dir='ltr'><strong>sit,</strong></span> <span class='ocrx_word' id='word_1_255' title='bbox 1971 3474 2077 3514; x_wconf 89' lang='lat' dir='ltr'><strong>non</strong></span> 
     </span>
    </p>
   </div>
   <div class='ocr_carea' id='block_1_35' title="bbox 484 3553 2078 3624">
    <p class='ocr_par' dir='ltr' id='par_1_35' title="bbox 484 3553 2078 3624">
     <span class='ocr_line' id='line_1_35' title="bbox 484 3553 2078 3624; baseline -0.004 -13"><span class='ocrx_word' id='word_1_256' title='bbox 484 3558 588 3611; x_wconf 88' lang='lat' dir='ltr'><strong>erit</strong></span> <span class='ocrx_word' id='word_1_257' title='bbox 625 3571 888 3610; x_wconf 66' lang='lat' dir='ltr'><strong>mamonae</strong></span> <span class='ocrx_word' id='word_1_258' title='bbox 916 3570 1136 3623; x_wconf 89' lang='lat' dir='ltr'><strong>servus,</strong></span> <span class='ocrx_word' id='word_1_259' title='bbox 1167 3554 1261 3611; x_wconf 91' lang='lat' dir='ltr'><strong>sed</strong></span> <span class='ocrx_word' id='word_1_260' title='bbox 1290 3564 1346 3610; x_wconf 90' lang='lat' dir='ltr'><strong>et</strong></span> <span class='ocrx_word' id='word_1_261' title='bbox 1368 3557 1487 3624; x_wconf 87' lang='lat' dir='ltr'><strong>ejus</strong></span> <span class='ocrx_word' id='word_1_262' title='bbox 1516 3554 1620 3610; x_wconf 91' lang='lat' dir='ltr'><strong>erit</strong></span> <span class='ocrx_word' id='word_1_263' title='bbox 1639 3553 1887 3608; x_wconf 91' lang='lat' dir='ltr'><strong>dominus</strong></span> <span class='ocrx_word' id='word_1_264' title='bbox 1918 3569 1932 3606; x_wconf 90' lang='lat'><strong>:</strong></span> <span class='ocrx_word' id='word_1_265' title='bbox 1958 3567 2078 3607; x_wconf 91' lang='lat' dir='ltr'><strong>nam</strong></span> 
     </span>
    </p>
   </div>
   <div class='ocr_carea' id='block_1_36' title="bbox 487 3641 2078 3718">
    <p class='ocr_par' dir='ltr' id='par_1_36' title="bbox 487 3641 2078 3718">
     <span class='ocr_line' id='line_1_36' title="bbox 487 3641 2078 3718; baseline -0.004 -17"><span class='ocrx_word' id='word_1_266' title='bbox 487 3648 777 3718; x_wconf 82' lang='lat' dir='ltr'><strong>fugientem</strong></span> <span class='ocrx_word' id='word_1_267' title='bbox 821 3647 1027 3717; x_wconf 86' lang='lat' dir='ltr'><strong>insequi</strong></span> <span class='ocrx_word' id='word_1_268' title='bbox 1069 3645 1229 3713; x_wconf 84' lang='lat' dir='ltr'><strong>solet,</strong></span> <span class='ocrx_word' id='word_1_269' title='bbox 1283 3654 1336 3701; x_wconf 89' lang='lat' dir='ltr'><strong>et</strong></span> <span class='ocrx_word' id='word_1_270' title='bbox 1385 3654 1793 3716; x_wconf 87' lang='lat' dir='ltr'><strong>persequentem</strong></span> <span class='ocrx_word' id='word_1_271' title='bbox 1851 3641 2078 3713; x_wconf 88' lang='lat' dir='ltr'><strong>fugere:</strong></span> 
     </span>
    </p>
   </div>
   <div class='ocr_carea' id='block_1_37' title="bbox 486 3737 2078 3811">
    <p class='ocr_par' dir='ltr' id='par_1_37' title="bbox 486 3737 2078 3811">
     <span class='ocr_line' id='line_1_37' title="bbox 486 3737 2078 3811; baseline -0.003 -17"><span class='ocrx_word' id='word_1_272' title='bbox 486 3755 658 3811; x_wconf 90' lang='lat' dir='ltr'><strong>neque</strong></span> <span class='ocrx_word' id='word_1_273' title='bbox 681 3739 750 3794; x_wconf 90' lang='lat' dir='ltr'><strong>ita</strong></span> <span class='ocrx_word' id='word_1_274' title='bbox 782 3747 1195 3810; x_wconf 80' lang='lat' dir='ltr'><strong>persequentem</strong></span> <span class='ocrx_word' id='word_1_275' title='bbox 1218 3737 1465 3803; x_wconf 86' lang='lat' dir='ltr'><strong>honorat,</strong></span> <span class='ocrx_word' id='word_1_276' title='bbox 1498 3746 1555 3792; x_wconf 92' lang='lat' dir='ltr'><strong>ut</strong></span> <span class='ocrx_word' id='word_1_277' title='bbox 1575 3753 1633 3792; x_wconf 91' lang='lat' dir='ltr'><strong>se</strong></span> <span class='ocrx_word' id='word_1_278' title='bbox 1658 3737 2039 3808; x_wconf 89' lang='lat' dir='ltr'><strong>despicientem</strong></span> <span class='ocrx_word' id='word_1_279' title='bbox 2063 3752 2078 3799; x_wconf 92' lang='lat'><strong>;</strong></span> 
     </span>
    </p>
   </div>
   <div class='ocr_carea' id='block_1_38' title="bbox 484 3828 2081 3900">
    <p class='ocr_par' dir='ltr' id='par_1_38' title="bbox 484 3828 2081 3900">
     <span class='ocr_line' id='line_1_38' title="bbox 484 3828 2081 3900; baseline -0.004 -12"><span class='ocrx_word' id='word_1_280' title='bbox 484 3836 686 3890; x_wconf 91' lang='lat' dir='ltr'><strong>nullum</strong></span> <span class='ocrx_word' id='word_1_281' title='bbox 716 3833 789 3888; x_wconf 88' lang='lat' dir='ltr'><strong>ita</strong></span> <span class='ocrx_word' id='word_1_282' title='bbox 822 3832 1048 3898; x_wconf 89' lang='lat' dir='ltr'><strong>deridet,</strong></span> <span class='ocrx_word' id='word_1_283' title='bbox 1098 3841 1155 3887; x_wconf 89' lang='lat' dir='ltr'><strong>ut</strong></span> <span class='ocrx_word' id='word_1_284' title='bbox 1211 3831 1292 3887; x_wconf 91' lang='lat' dir='ltr'><strong>sui</strong></span> <span class='ocrx_word' id='word_1_285' title='bbox 1338 3830 1617 3900; x_wconf 89' lang='lat' dir='ltr'><strong>cupidum;</strong></span> <span class='ocrx_word' id='word_1_286' title='bbox 1672 3845 1843 3899; x_wconf 90' lang='lat' dir='ltr'><strong>neque</strong></span> <span class='ocrx_word' id='word_1_287' title='bbox 1896 3828 2081 3884; x_wconf 90' lang='lat' dir='ltr'><strong>irridet</strong></span> 
     </span>
    </p>
   </div>
   <div class='ocr_carea' id='block_1_39' title="bbox 482 3920 2080 3993">
    <p class='ocr_par' dir='ltr' id='par_1_39' title="bbox 482 3920 2080 3993">
     <span class='ocr_line' id='line_1_39' title="bbox 482 3920 2080 3993; baseline -0.005 -13"><span class='ocrx_word' id='word_1_288' title='bbox 482 3926 643 3980; x_wconf 87' lang='lat' dir='ltr'><strong>modo</strong></span> <span class='ocrx_word' id='word_1_289' title='bbox 666 3966 679 3991; x_wconf 93' lang='lat'><strong>,</strong></span> <span class='ocrx_word' id='word_1_290' title='bbox 719 3925 812 3980; x_wconf 87' lang='lat' dir='ltr'><strong>sed</strong></span> <span class='ocrx_word' id='word_1_291' title='bbox 840 3924 1138 3979; x_wconf 81' lang='lat' dir='ltr'><strong>innumeris</strong></span> <span class='ocrx_word' id='word_1_292' title='bbox 1176 3922 1495 3993; x_wconf 86' lang='lat' dir='ltr'><strong>constringit</strong></span> <span class='ocrx_word' id='word_1_293' title='bbox 1524 3921 1768 3976; x_wconf 86' lang='lat' dir='ltr'><strong>vinculis.</strong></span> <span class='ocrx_word' id='word_1_294' title='bbox 1799 3920 2080 3976; x_wconf 88' lang='lat' dir='ltr'><strong>Solvamus</strong></span> 
     </span>
    </p>
   </div>
   <div class='ocr_carea' id='block_1_40' title="bbox 481 4012 2075 4089">
    <p class='ocr_par' dir='ltr' id='par_1_40' title="bbox 481 4012 2075 4089">
     <span class='ocr_line' id='line_1_40' title="bbox 481 4012 2075 4089; baseline -0.003 -17"><span class='ocrx_word' id='word_1_295' title='bbox 481 4018 641 4089; x_wconf 83' lang='lat' dir='ltr'><strong>igitur</strong></span> <span class='ocrx_word' id='word_1_296' title='bbox 663 4018 747 4073; x_wconf 91' lang='lat' dir='ltr'><strong>vel</strong></span> <span class='ocrx_word' id='word_1_297' title='bbox 787 4031 909 4073; x_wconf 90' lang='lat' dir='ltr'><strong>sero</strong></span> <span class='ocrx_word' id='word_1_298' title='bbox 952 4016 1166 4073; x_wconf 90' lang='lat' dir='ltr'><strong>tandem</strong></span> <span class='ocrx_word' id='word_1_299' title='bbox 1209 4016 1370 4072; x_wconf 88' lang='lat' dir='ltr'><strong>hasce</strong></span> <span class='ocrx_word' id='word_1_300' title='bbox 1418 4016 1605 4071; x_wconf 83' lang='lat' dir='ltr'><strong>noxias</strong></span> <span class='ocrx_word' id='word_1_301' title='bbox 1656 4024 1893 4070; x_wconf 90' lang='lat' dir='ltr'><strong>catenas.</strong></span> <span class='ocrx_word' id='word_1_302' title='bbox 1940 4012 2075 4081; x_wconf 84' lang='lat' dir='ltr'><strong>Quid</strong></span> 
     </span>
    </p>
   </div>
   <div class='ocr_carea' id='block_1_41' title="bbox 480 4108 2077 4176">
    <p class='ocr_par' dir='ltr' id='par_1_41' title="bbox 480 4108 2077 4176">
     <span class='ocr_line' id='line_1_41' title="bbox 480 4108 2077 4176; baseline -0.003 -12"><span class='ocrx_word' id='word_1_303' title='bbox 480 4110 852 4164; x_wconf 86' lang='lat' dir='ltr'><strong>rationabilem</strong></span> <span class='ocrx_word' id='word_1_304' title='bbox 882 4110 1117 4165; x_wconf 88' lang='lat' dir='ltr'><strong>animam</strong></span> <span class='ocrx_word' id='word_1_305' title='bbox 1138 4109 1436 4164; x_wconf 83' lang='lat' dir='ltr'><strong>irrationali</strong></span> <span class='ocrx_word' id='word_1_306' title='bbox 1468 4109 1727 4176; x_wconf 69' lang='lat' dir='ltr'><strong>materiaz,</strong></span> <span class='ocrx_word' id='word_1_307' title='bbox 1767 4108 2077 4161; x_wconf 86' lang='lat' dir='ltr'><strong>innumero-</strong></span> 
     </span>
    </p>
   </div>
   <div class='ocr_carea' id='block_1_42' title="bbox 1230 400 3045 466">
    <p class='ocr_par' dir='ltr' id='par_1_42' title="bbox 1230 400 3045 466">
     <span class='ocr_line' id='line_1_42' title="bbox 1230 400 3045 466; baseline -0.004 0"><span class='ocrx_word' id='word_1_308' title='bbox 1230 412 1284 466; x_wconf 87' lang='lat' dir='ltr'><strong>s.</strong></span> <span class='ocrx_word' id='word_1_309' title='bbox 1326 408 1604 466; x_wconf 67' lang='lat' dir='ltr'><strong>JOANNIS</strong></span> <span class='ocrx_word' id='word_1_310' title='bbox 1641 401 2117 461; x_wconf 63' lang='lat' dir='ltr'><strong>cnnvsosroau</strong></span> <span class='ocrx_word' id='word_1_311' title='bbox 2159 401 2473 456; x_wconf 75' lang='lat' dir='ltr'><strong>ARClllEP.</strong></span> <span class='ocrx_word' id='word_1_312' title='bbox 2514 400 3045 461; x_wconf 62' lang='lat' dir='ltr'><strong>consumma.</strong></span> 
     </span>
    </p>
   </div>
   <div class='ocr_carea' id='block_1_43' title="bbox 3668 408 3766 465">
    <p class='ocr_par' dir='ltr' id='par_1_43' title="bbox 3668 408 3766 465">
     <span class='ocr_line' id='line_1_43' title="bbox 3668 408 3766 465; baseline 0.02 -2"><span class='ocrx_word' id='word_1_313' title='bbox 3668 408 3766 465; x_wconf 77' lang='grc'><strong>181</strong></span> 
     </span>
    </p>
   </div>
   <div class='ocr_carea' id='block_1_44' title="bbox 2178 516 3768 589">
    <p class='ocr_par' dir='ltr' id='par_1_44' title="bbox 2178 516 3768 589">
     <span class='ocr_line' id='line_1_44' title="bbox 2178 516 3768 589; baseline 0.002 -17"><span class='ocrx_word' id='word_1_314' title='bbox 2178 533 2294 572; x_wconf 88' lang='lat' dir='ltr'><strong>rum</strong></span> <span class='ocrx_word' id='word_1_315' title='bbox 2345 516 2607 573; x_wconf 89' lang='lat' dir='ltr'><strong>malorum</strong></span> <span class='ocrx_word' id='word_1_316' title='bbox 2662 519 2839 585; x_wconf 87' lang='lat' dir='ltr'><strong>matri,</strong></span> <span class='ocrx_word' id='word_1_317' title='bbox 2886 520 3088 575; x_wconf 88' lang='lat' dir='ltr'><strong>servire</strong></span> <span class='ocrx_word' id='word_1_318' title='bbox 3113 519 3295 589; x_wconf 81' lang='lat' dir='ltr'><strong>cogis?</strong></span> <span class='ocrx_word' id='word_1_319' title='bbox 3324 518 3428 575; x_wconf 88' lang='lat' dir='ltr'><strong>Sed</strong></span> <span class='ocrx_word' id='word_1_320' title='bbox 3469 537 3501 573; x_wconf 84' lang='grc' dir='ltr'>ο</span> <span class='ocrx_word' id='word_1_321' title='bbox 3545 522 3652 574; x_wconf 77' lang='lat' dir='ltr'><strong>risu</strong></span> <span class='ocrx_word' id='word_1_322' title='bbox 3684 526 3768 575; x_wconf 82' lang='lat' dir='ltr'><strong>di-</strong></span> 
     </span>
    </p>
   </div>
   <div class='ocr_carea' id='block_1_45' title="bbox 2177 610 3769 682">
    <p class='ocr_par' dir='ltr' id='par_1_45' title="bbox 2177 610 3769 682">
     <span class='ocr_line' id='line_1_45' title="bbox 2177 610 3769 682; baseline 0.004 -18"><span class='ocrx_word' id='word_1_323' title='bbox 2177 624 2336 679; x_wconf 89' lang='lat' dir='ltr'><strong>gnam</strong></span> <span class='ocrx_word' id='word_1_324' title='bbox 2384 612 2532 667; x_wconf 85' lang='lat' dir='ltr'><strong>reml</strong></span> <span class='ocrx_word' id='word_1_325' title='bbox 2563 625 2660 664; x_wconf 87' lang='lat' dir='ltr'><strong>nos</strong></span> <span class='ocrx_word' id='word_1_326' title='bbox 2708 610 2851 664; x_wconf 88' lang='lat' dir='ltr'><strong>illam</strong></span> <span class='ocrx_word' id='word_1_327' title='bbox 2904 612 3277 682; x_wconf 87' lang='lat' dir='ltr'><strong>impuguamus</strong></span> <span class='ocrx_word' id='word_1_328' title='bbox 3308 612 3483 666; x_wconf 78' lang='lat' dir='ltr'><strong>verbis</strong></span> <span class='ocrx_word' id='word_1_329' title='bbox 3506 656 3520 678; x_wconf 93' lang='lat'><strong>,</strong></span> <span class='ocrx_word' id='word_1_330' title='bbox 3552 615 3642 669; x_wconf 86' lang='lat' dir='ltr'><strong>illa</strong></span> <span class='ocrx_word' id='word_1_331' title='bbox 3670 632 3769 670; x_wconf 86' lang='lat' dir='ltr'><strong>nos</strong></span> 
     </span>
    </p>
   </div>
   <div class='ocr_carea' id='block_1_46' title="bbox 2179 703 3771 777">
    <p class='ocr_par' dir='ltr' id='par_1_46' title="bbox 2179 703 3771 777">
     <span class='ocr_line' id='line_1_46' title="bbox 2179 703 3771 777; baseline 0.003 -20"><span class='ocrx_word' id='word_1_332' title='bbox 2179 703 2452 774; x_wconf 82' lang='lat' dir='ltr'><strong>impugnat</strong></span> <span class='ocrx_word' id='word_1_333' title='bbox 2477 719 2534 758; x_wconf 90' lang='lat' dir='ltr'><strong>re</strong></span> <span class='ocrx_word' id='word_1_334' title='bbox 2566 703 2700 773; x_wconf 85' lang='lat' dir='ltr'><strong>ipsa,</strong></span> <span class='ocrx_word' id='word_1_335' title='bbox 2729 714 2781 757; x_wconf 93' lang='lat' dir='ltr'><strong>et</strong></span> <span class='ocrx_word' id='word_1_336' title='bbox 2810 704 3041 773; x_wconf 87' lang='lat' dir='ltr'><strong>undique</strong></span> <span class='ocrx_word' id='word_1_337' title='bbox 3071 705 3179 774; x_wconf 86' lang='lat' dir='ltr'><strong>agit</strong></span> <span class='ocrx_word' id='word_1_338' title='bbox 3201 715 3255 759; x_wconf 90' lang='lat' dir='ltr'><strong>ct</strong></span> <span class='ocrx_word' id='word_1_339' title='bbox 3280 705 3589 761; x_wconf 83' lang='lat' dir='ltr'><strong>circumfert</strong></span> <span class='ocrx_word' id='word_1_340' title='bbox 3618 710 3771 777; x_wconf 89' lang='lat' dir='ltr'><strong>quasi</strong></span> 
     </span>
    </p>
   </div>
   <div class='ocr_carea' id='block_1_47' title="bbox 2178 797 3773 869">
    <p class='ocr_par' dir='ltr' id='par_1_47' title="bbox 2178 797 3773 869">
     <span class='ocr_line' id='line_1_47' title="bbox 2178 797 3773 869; baseline 0.002 -20"><span class='ocrx_word' id='word_1_341' title='bbox 2178 797 2349 866; x_wconf 88' lang='lat' dir='ltr'><strong>pretio</strong></span> <span class='ocrx_word' id='word_1_342' title='bbox 2396 806 2606 865; x_wconf 87' lang='lat' dir='ltr'><strong>emplos</strong></span> <span class='ocrx_word' id='word_1_343' title='bbox 2645 807 2699 850; x_wconf 89' lang='lat' dir='ltr'><strong>et</strong></span> <span class='ocrx_word' id='word_1_344' title='bbox 2732 797 3040 865; x_wconf 86' lang='lat' dir='ltr'><strong>mastigias;</strong></span> <span class='ocrx_word' id='word_1_345' title='bbox 3083 813 3188 865; x_wconf 88' lang='lat' dir='ltr'><strong>quo</strong></span> <span class='ocrx_word' id='word_1_346' title='bbox 3231 797 3357 865; x_wconf 89' lang='lat' dir='ltr'><strong>quid</strong></span> <span class='ocrx_word' id='word_1_347' title='bbox 3391 798 3616 866; x_wconf 87' lang='lat' dir='ltr'><strong>turpius,</strong></span> <span class='ocrx_word' id='word_1_348' title='bbox 3647 800 3773 869; x_wconf 87' lang='lat' dir='ltr'><strong>quid</strong></span> 
     </span>
    </p>
   </div>
   <div class='ocr_carea' id='block_1_48' title="bbox 2179 888 3772 957">
    <p class='ocr_par' dir='ltr' id='par_1_48' title="bbox 2179 888 3772 957">
     <span class='ocr_line' id='line_1_48' title="bbox 2179 888 3772 957; baseline 0.002 -16"><span class='ocrx_word' id='word_1_349' title='bbox 2179 888 2489 957; x_wconf 81' lang='lat' dir='ltr'><strong>indignius?</strong></span> <span class='ocrx_word' id='word_1_350' title='bbox 2516 888 2569 943; x_wconf 90' lang='lat' dir='ltr'><strong>Si</strong></span> <span class='ocrx_word' id='word_1_351' title='bbox 2605 890 2745 942; x_wconf 90' lang='lat' dir='ltr'><strong>enim</strong></span> <span class='ocrx_word' id='word_1_352' title='bbox 2800 889 3158 943; x_wconf 89' lang='lat' dir='ltr'><strong>insensibilem</strong></span> <span class='ocrx_word' id='word_1_353' title='bbox 3193 889 3468 942; x_wconf 84' lang='lat' dir='ltr'><strong>materiam</strong></span> <span class='ocrx_word' id='word_1_354' title='bbox 3523 905 3628 944; x_wconf 90' lang='lat' dir='ltr'><strong>non</strong></span> <span class='ocrx_word' id='word_1_355' title='bbox 3678 906 3772 944; x_wconf 82' lang='lat' dir='ltr'><strong>sn-</strong></span> 
     </span>
    </p>
   </div>
   <div class='ocr_carea' id='block_1_49' title="bbox 2180 980 3774 1053">
    <p class='ocr_par' dir='ltr' id='par_1_49' title="bbox 2180 980 3774 1053">
     <span class='ocr_line' id='line_1_49' title="bbox 2180 980 3774 1053; baseline 0.003 -21"><span class='ocrx_word' id='word_1_356' title='bbox 2180 993 2457 1047; x_wconf 88' lang='lat' dir='ltr'><strong>peramus,</strong></span> <span class='ocrx_word' id='word_1_357' title='bbox 2516 980 2785 1049; x_wconf 76' lang='lat' dir='ltr'><strong>quomodo</strong></span> <span class='ocrx_word' id='word_1_358' title='bbox 2813 980 3155 1051; x_wconf 88' lang='lat' dir='ltr'><strong>incorporeas</strong></span> <span class='ocrx_word' id='word_1_359' title='bbox 3185 990 3474 1048; x_wconf 73' lang='lat' dir='ltr'><strong>potestates</strong></span> <span class='ocrx_word' id='word_1_360' title='bbox 3521 982 3774 1053; x_wconf 83' lang='lat' dir='ltr'><strong>proﬂiga-</strong></span> 
     </span>
    </p>
   </div>
   <div class='ocr_carea' id='block_1_50' title="bbox 2181 1070 3776 1143">
    <p class='ocr_par' dir='ltr' id='par_1_50' title="bbox 2181 1070 3776 1143">
     <span class='ocr_line' id='line_1_50' title="bbox 2181 1070 3776 1143; baseline 0.004 -20"><span class='ocrx_word' id='word_1_361' title='bbox 2181 1070 2390 1125; x_wconf 86' lang='lat' dir='ltr'><strong>bimns?</strong></span> <span class='ocrx_word' id='word_1_362' title='bbox 2437 1071 2478 1125; x_wconf 89' lang='lat' dir='ltr'><strong>si</strong></span> <span class='ocrx_word' id='word_1_363' title='bbox 2514 1071 2670 1127; x_wconf 86' lang='lat' dir='ltr'><strong>vilem</strong></span> <span class='ocrx_word' id='word_1_364' title='bbox 2734 1080 2937 1124; x_wconf 86' lang='lat' dir='ltr'><strong>terram</strong></span> <span class='ocrx_word' id='word_1_365' title='bbox 3018 1082 3073 1125; x_wconf 78' lang='lat' dir='ltr'><strong>et</strong></span> <span class='ocrx_word' id='word_1_366' title='bbox 3119 1072 3355 1141; x_wconf 85' lang='lat' dir='ltr'><strong>abjectos</strong></span> <span class='ocrx_word' id='word_1_367' title='bbox 3406 1074 3611 1143; x_wconf 85' lang='lat' dir='ltr'><strong>lapides</strong></span> <span class='ocrx_word' id='word_1_368' title='bbox 3667 1092 3776 1130; x_wconf 81' lang='lat' dir='ltr'><strong>non</strong></span> 
     </span>
    </p>
   </div>
   <div class='ocr_carea' id='block_1_51' title="bbox 2179 1160 3775 1238">
    <p class='ocr_par' dir='ltr' id='par_1_51' title="bbox 2179 1160 3775 1238">
     <span class='ocr_line' id='line_1_51' title="bbox 2179 1160 3775 1238; baseline 0.005 -25"><span class='ocrx_word' id='word_1_369' title='bbox 2179 1160 2526 1230; x_wconf 83' lang='lat' dir='ltr'><strong>despicimus,</strong></span> <span class='ocrx_word' id='word_1_370' title='bbox 2555 1167 2824 1233; x_wconf 85' lang='lat' dir='ltr'><strong>quomodo</strong></span> <span class='ocrx_word' id='word_1_371' title='bbox 2847 1163 3175 1234; x_wconf 81' lang='lat' dir='ltr'><strong>principatus</strong></span> <span class='ocrx_word' id='word_1_372' title='bbox 3204 1178 3252 1218; x_wconf 88' lang='lat' dir='ltr'><strong>et</strong></span> <span class='ocrx_word' id='word_1_373' title='bbox 3285 1176 3577 1235; x_wconf 69' lang='lat' dir='ltr'><strong>potestates</strong></span> <span class='ocrx_word' id='word_1_374' title='bbox 3602 1168 3775 1238; x_wconf 81' lang='lat' dir='ltr'><strong>snhji—</strong></span> 
     </span>
    </p>
   </div>
   <div class='ocr_carea' id='block_1_52' title="bbox 2179 1252 3771 1323">
    <p class='ocr_par' dir='ltr' id='par_1_52' title="bbox 2179 1252 3771 1323">
     <span class='ocr_line' id='line_1_52' title="bbox 2179 1252 3771 1323; baseline 0.004 -17"><span class='ocrx_word' id='word_1_375' title='bbox 2179 1252 2424 1306; x_wconf 87' lang='lat' dir='ltr'><strong>ciemus?</strong></span> <span class='ocrx_word' id='word_1_376' title='bbox 2470 1253 2740 1323; x_wconf 91' lang='lat' dir='ltr'><strong>quomodo</strong></span> <span class='ocrx_word' id='word_1_377' title='bbox 2792 1256 3196 1323; x_wconf 87' lang='lat' dir='ltr'><strong>temperantiam</strong></span> <span class='ocrx_word' id='word_1_378' title='bbox 3258 1256 3670 1311; x_wconf 78' lang='lat' dir='ltr'><strong>exercehimus?</strong></span> <span class='ocrx_word' id='word_1_379' title='bbox 3718 1261 3771 1313; x_wconf 71' lang='lat' dir='ltr'><strong>Si</strong></span> 
     </span>
    </p>
   </div>
   <div class='ocr_carea' id='block_1_53' title="bbox 2181 1343 3771 1418">
    <p class='ocr_par' dir='ltr' id='par_1_53' title="bbox 2181 1343 3771 1418">
     <span class='ocr_line' id='line_1_53' title="bbox 2181 1343 3771 1418; baseline 0.003 -22"><span class='ocrx_word' id='word_1_380' title='bbox 2181 1353 2457 1412; x_wconf 87' lang='lat' dir='ltr'><strong>argentum</strong></span> <span class='ocrx_word' id='word_1_381' title='bbox 2506 1343 2713 1413; x_wconf 80' lang='lat' dir='ltr'><strong>fulgens</strong></span> <span class='ocrx_word' id='word_1_382' title='bbox 2742 1359 2839 1398; x_wconf 88' lang='lat' dir='ltr'><strong>nos</strong></span> <span class='ocrx_word' id='word_1_383' title='bbox 2878 1344 3151 1414; x_wconf 82' lang='lat' dir='ltr'><strong>percellit,</strong></span> <span class='ocrx_word' id='word_1_384' title='bbox 3184 1348 3457 1416; x_wconf 88' lang='lat' dir='ltr'><strong>quomodo</strong></span> <span class='ocrx_word' id='word_1_385' title='bbox 3487 1348 3771 1418; x_wconf 88' lang='lat' dir='ltr'><strong>pulchran.</strong></span> 
     </span>
    </p>
   </div>
   <div class='ocr_carea' id='block_1_54' title="bbox 2184 1434 3775 1510">
    <p class='ocr_par' dir='ltr' id='par_1_54' title="bbox 2184 1434 3775 1510">
     <span class='ocr_line' id='line_1_54' title="bbox 2184 1434 3775 1510; baseline 0.004 -24"><span class='ocrx_word' id='word_1_386' title='bbox 2184 1434 2370 1489; x_wconf 90' lang='lat' dir='ltr'><strong>faciem</strong></span> <span class='ocrx_word' id='word_1_387' title='bbox 2425 1447 2840 1505; x_wconf 70' lang='lat' dir='ltr'><strong>prretcrcurrcrc</strong></span> <span class='ocrx_word' id='word_1_388' title='bbox 2902 1438 3235 1507; x_wconf 76' lang='lat' dir='ltr'><strong>poterimus?</strong></span> <span class='ocrx_word' id='word_1_389' title='bbox 3300 1440 3506 1494; x_wconf 86' lang='lat' dir='ltr'><strong>Etenim</strong></span> <span class='ocrx_word' id='word_1_390' title='bbox 3555 1440 3775 1510; x_wconf 90' lang='lat' dir='ltr'><strong>quidam</strong></span> 
     </span>
    </p>
   </div>
   <div class='ocr_carea' id='block_1_55' title="bbox 2184 1524 3776 1601">
    <p class='ocr_par' dir='ltr' id='par_1_55' title="bbox 2184 1524 3776 1601">
     <span class='ocr_line' id='line_1_55' title="bbox 2184 1524 3776 1601; baseline 0.005 -23"><span class='ocrx_word' id='word_1_391' title='bbox 2184 1524 2305 1579; x_wconf 93' lang='lat' dir='ltr'><strong>huic</strong></span> <span class='ocrx_word' id='word_1_392' title='bbox 2334 1526 2597 1596; x_wconf 86' lang='lat' dir='ltr'><strong>tyrannidi</strong></span> <span class='ocrx_word' id='word_1_393' title='bbox 2626 1542 2794 1596; x_wconf 87' lang='lat' dir='ltr'><strong>usque</strong></span> <span class='ocrx_word' id='word_1_394' title='bbox 2839 1528 2976 1584; x_wconf 90' lang='lat' dir='ltr'><strong>adeo</strong></span> <span class='ocrx_word' id='word_1_395' title='bbox 3022 1529 3186 1583; x_wconf 88' lang='lat' dir='ltr'><strong>dediti</strong></span> <span class='ocrx_word' id='word_1_396' title='bbox 3219 1541 3338 1584; x_wconf 91' lang='lat' dir='ltr'><strong>sunt</strong></span> <span class='ocrx_word' id='word_1_397' title='bbox 3363 1573 3377 1596; x_wconf 94' lang='lat'><strong>,</strong></span> <span class='ocrx_word' id='word_1_398' title='bbox 3430 1541 3484 1585; x_wconf 92' lang='lat' dir='ltr'><strong>ut</strong></span> <span class='ocrx_word' id='word_1_399' title='bbox 3516 1530 3660 1601; x_wconf 89' lang='lat' dir='ltr'><strong>ipsos</strong></span> <span class='ocrx_word' id='word_1_400' title='bbox 3693 1535 3776 1586; x_wconf 82' lang='lat' dir='ltr'><strong>vel</strong></span> 
     </span>
    </p>
   </div>
   <div class='ocr_carea' id='block_1_56' title="bbox 2181 1616 3775 1692">
    <p class='ocr_par' dir='ltr' id='par_1_56' title="bbox 2181 1616 3775 1692">
     <span class='ocr_line' id='line_1_56' title="bbox 2181 1616 3775 1692; baseline 0.006 -25"><span class='ocrx_word' id='word_1_401' title='bbox 2181 1616 2295 1668; x_wconf 91' lang='lat' dir='ltr'><strong>auri</strong></span> <span class='ocrx_word' id='word_1_402' title='bbox 2337 1625 2582 1686; x_wconf 68' lang='lat' dir='ltr'><strong>aspectus</strong></span> <span class='ocrx_word' id='word_1_403' title='bbox 2622 1616 2847 1680; x_wconf 90' lang='lat' dir='ltr'><strong>afliciat,</strong></span> <span class='ocrx_word' id='word_1_404' title='bbox 2891 1628 2947 1673; x_wconf 88' lang='lat' dir='ltr'><strong>et</strong></span> <span class='ocrx_word' id='word_1_405' title='bbox 2992 1618 3160 1673; x_wconf 79' lang='lat' dir='ltr'><strong>fat-etc</strong></span> <span class='ocrx_word' id='word_1_406' title='bbox 3194 1620 3543 1692; x_wconf 88' lang='lat' dir='ltr'><strong>hilariterque</strong></span> <span class='ocrx_word' id='word_1_407' title='bbox 3567 1622 3775 1686; x_wconf 86' lang='lat' dir='ltr'><strong>dicant,</strong></span> 
     </span>
    </p>
   </div>
   <div class='ocr_carea' id='block_1_57' title="bbox 2180 1706 3781 1779">
    <p class='ocr_par' dir='ltr' id='par_1_57' title="bbox 2180 1706 3781 1779">
     <span class='ocr_line' id='line_1_57' title="bbox 2180 1706 3781 1779; baseline 0.004 -18"><span class='ocrx_word' id='word_1_408' title='bbox 2180 1706 2378 1762; x_wconf 90' lang='lat' dir='ltr'><strong>Oculos</strong></span> <span class='ocrx_word' id='word_1_409' title='bbox 2420 1708 2567 1779; x_wconf 85' lang='lat' dir='ltr'><strong>juvat</strong></span> <span class='ocrx_word' id='word_1_410' title='bbox 2610 1710 2870 1765; x_wconf 89' lang='lat' dir='ltr'><strong>nomisma</strong></span> <span class='ocrx_word' id='word_1_411' title='bbox 2914 1728 3135 1766; x_wconf 90' lang='lat' dir='ltr'><strong>aureum</strong></span> <span class='ocrx_word' id='word_1_412' title='bbox 3170 1712 3429 1767; x_wconf 86' lang='lat' dir='ltr'><strong>oblatum.</strong></span> <span class='ocrx_word' id='word_1_413' title='bbox 3465 1714 3663 1768; x_wconf 81' lang='lat' dir='ltr'><strong>Verum</strong></span> <span class='ocrx_word' id='word_1_414' title='bbox 3710 1733 3781 1769; x_wconf 90' lang='lat' dir='ltr'><strong>ne</strong></span> 
     </span>
    </p>
   </div>
   <div class='ocr_carea' id='block_1_58' title="bbox 2183 1801 3780 1872">
    <p class='ocr_par' dir='ltr' id='par_1_58' title="bbox 2183 1801 3780 1872">
     <span class='ocr_line' id='line_1_58' title="bbox 2183 1801 3780 1872; baseline 0.003 -16"><span class='ocrx_word' id='word_1_415' title='bbox 2183 1801 2256 1856; x_wconf 91' lang='lat' dir='ltr'><strong>ita</strong></span> <span class='ocrx_word' id='word_1_416' title='bbox 2289 1802 2458 1867; x_wconf 89' lang='lat' dir='ltr'><strong>ludas,</strong></span> <span class='ocrx_word' id='word_1_417' title='bbox 2489 1804 2558 1857; x_wconf 93' lang='lat' dir='ltr'><strong>mi</strong></span> <span class='ocrx_word' id='word_1_418' title='bbox 2586 1804 2779 1867; x_wconf 82' lang='lat' dir='ltr'><strong>homo;</strong></span> <span class='ocrx_word' id='word_1_419' title='bbox 2813 1804 2940 1858; x_wconf 91' lang='lat' dir='ltr'><strong>nihil</strong></span> <span class='ocrx_word' id='word_1_420' title='bbox 2972 1806 3113 1859; x_wconf 89' lang='lat' dir='ltr'><strong>enim</strong></span> <span class='ocrx_word' id='word_1_421' title='bbox 3146 1807 3222 1861; x_wconf 81' lang='lat' dir='ltr'><strong>sic</strong></span> <span class='ocrx_word' id='word_1_422' title='bbox 3251 1807 3395 1860; x_wconf 76' lang='lat' dir='ltr'><strong>Izrdit</strong></span> <span class='ocrx_word' id='word_1_423' title='bbox 3419 1808 3623 1872; x_wconf 53' lang='lat' dir='ltr'><strong>oculos,</strong></span> <span class='ocrx_word' id='word_1_424' title='bbox 3664 1809 3780 1861; x_wconf 68' lang='lat' dir='ltr'><strong>site</strong></span> 
     </span>
    </p>
   </div>
   <div class='ocr_carea' id='block_1_59' title="bbox 2183 1894 3781 1968">
    <p class='ocr_par' dir='ltr' id='par_1_59' title="bbox 2183 1894 3781 1968">
     <span class='ocr_line' id='line_1_59' title="bbox 2183 1894 3781 1968; baseline 0.003 -21"><span class='ocrx_word' id='word_1_425' title='bbox 2183 1894 2426 1962; x_wconf 86' lang='lat' dir='ltr'><strong>corporis</strong></span> <span class='ocrx_word' id='word_1_426' title='bbox 2446 1934 2462 1959; x_wconf 92' lang='lat'><strong>,</strong></span> <span class='ocrx_word' id='word_1_427' title='bbox 2495 1894 2607 1949; x_wconf 85' lang='lat' dir='ltr'><strong>sive</strong></span> <span class='ocrx_word' id='word_1_428' title='bbox 2635 1896 2827 1949; x_wconf 65' lang='lat' dir='ltr'><strong>anima:</strong></span> <span class='ocrx_word' id='word_1_429' title='bbox 2853 1937 2866 1958; x_wconf 96' lang='lat'><strong>,</strong></span> <span class='ocrx_word' id='word_1_430' title='bbox 2892 1907 2950 1951; x_wconf 90' lang='lat' dir='ltr'><strong>ut</strong></span> <span class='ocrx_word' id='word_1_431' title='bbox 2972 1895 3160 1951; x_wconf 90' lang='lat' dir='ltr'><strong>horum</strong></span> <span class='ocrx_word' id='word_1_432' title='bbox 3192 1899 3646 1968; x_wconf 85' lang='lat' dir='ltr'><strong>concupiscentia.</strong></span> <span class='ocrx_word' id='word_1_433' title='bbox 3683 1901 3781 1954; x_wconf 88' lang='lat' dir='ltr'><strong>llic</strong></span> 
     </span>
    </p>
   </div>
   <div class='ocr_carea' id='block_1_60' title="bbox 2183 1985 3781 2061">
    <p class='ocr_par' dir='ltr' id='par_1_60' title="bbox 2183 1985 3781 2061">
     <span class='ocr_line' id='line_1_60' title="bbox 2183 1985 3781 2061; baseline 0.006 -23"><span class='ocrx_word' id='word_1_434' title='bbox 2183 1993 2332 2039; x_wconf 86' lang='lat' dir='ltr'><strong>certe</strong></span> <span class='ocrx_word' id='word_1_435' title='bbox 2372 1985 2560 2040; x_wconf 73' lang='lat' dir='ltr'><strong>noxius</strong></span> <span class='ocrx_word' id='word_1_436' title='bbox 2601 2000 2754 2040; x_wconf 88' lang='lat' dir='ltr'><strong>amor</strong></span> <span class='ocrx_word' id='word_1_437' title='bbox 2794 1986 3054 2056; x_wconf 83' lang='lat' dir='ltr'><strong>virginum</strong></span> <span class='ocrx_word' id='word_1_438' title='bbox 3098 1988 3306 2043; x_wconf 89' lang='lat' dir='ltr'><strong>illarum</strong></span> <span class='ocrx_word' id='word_1_439' title='bbox 3355 1992 3627 2061; x_wconf 81' lang='lat' dir='ltr'><strong>lampades</strong></span> <span class='ocrx_word' id='word_1_440' title='bbox 3684 2010 3781 2047; x_wconf 77' lang='lat' dir='ltr'><strong>ex-</strong></span> 
     </span>
    </p>
   </div>
   <div class='ocr_carea' id='block_1_61' title="bbox 2184 2078 3781 2162">
    <p class='ocr_par' dir='ltr' id='par_1_61' title="bbox 2184 2078 3781 2162">
     <span class='ocr_line' id='line_1_61' title="bbox 2184 2078 3781 2162; baseline 0.01 -31"><span class='ocrx_word' id='word_1_441' title='bbox 2184 2078 2397 2141; x_wconf 79' lang='lat' dir='ltr'><strong>stinxit,</strong></span> <span class='ocrx_word' id='word_1_442' title='bbox 2428 2079 2651 2150; x_wconf 90' lang='lat' dir='ltr'><strong>illasque</strong></span> <span class='ocrx_word' id='word_1_443' title='bbox 2681 2096 2709 2133; x_wconf 73' lang='grc' dir='ltr'>ει</span> <span class='ocrx_word' id='word_1_444' title='bbox 2736 2084 2917 2151; x_wconf 90' lang='lat' dir='ltr'><strong>sponsi</strong></span> <span class='ocrx_word' id='word_1_445' title='bbox 2965 2083 3196 2140; x_wconf 88' lang='lat' dir='ltr'><strong>thalamo</strong></span> <span class='ocrx_word' id='word_1_446' title='bbox 3221 2088 3464 2143; x_wconf 80' lang='lat' dir='ltr'><strong>exclusit.</strong></span> <span class='ocrx_word' id='word_1_447' title='bbox 3491 2090 3587 2145; x_wconf 86' lang='lat' dir='ltr'><strong>llic</strong></span> <span class='ocrx_word' id='word_1_448' title='bbox 3618 2107 3781 2162; x_wconf 86' lang='lat' dir='ltr'><strong>aspe-</strong></span> 
     </span>
    </p>
   </div>
   <div class='ocr_carea' id='block_1_62' title="bbox 2184 2172 3781 2245">
    <p class='ocr_par' dir='ltr' id='par_1_62' title="bbox 2184 2172 3781 2245">
     <span class='ocr_line' id='line_1_62' title="bbox 2184 2172 3781 2245; baseline 0.007 -20"><span class='ocrx_word' id='word_1_449' title='bbox 2184 2179 2334 2234; x_wconf 91' lang='lat' dir='ltr'><strong>ctus,</strong></span> <span class='ocrx_word' id='word_1_450' title='bbox 2373 2186 2534 2241; x_wconf 89' lang='lat' dir='ltr'><strong>quem</strong></span> <span class='ocrx_word' id='word_1_451' title='bbox 2554 2172 2688 2226; x_wconf 87' lang='lat' dir='ltr'><strong>dicis</strong></span> <span class='ocrx_word' id='word_1_452' title='bbox 2710 2174 2894 2228; x_wconf 89' lang='lat' dir='ltr'><strong>oculos</strong></span> <span class='ocrx_word' id='word_1_453' title='bbox 2917 2174 3109 2245; x_wconf 89' lang='lat' dir='ltr'><strong>juvare</strong></span> <span class='ocrx_word' id='word_1_454' title='bbox 3128 2218 3143 2243; x_wconf 96' lang='lat'><strong>,</strong></span> <span class='ocrx_word' id='word_1_455' title='bbox 3172 2178 3425 2234; x_wconf 90' lang='lat' dir='ltr'><strong>miserum</strong></span> <span class='ocrx_word' id='word_1_456' title='bbox 3451 2180 3641 2236; x_wconf 80' lang='lat' dir='ltr'><strong>ludam</strong></span> <span class='ocrx_word' id='word_1_457' title='bbox 3672 2200 3781 2237; x_wconf 87' lang='lat' dir='ltr'><strong>non</strong></span> 
     </span>
    </p>
   </div>
   <div class='ocr_carea' id='block_1_63' title="bbox 2187 2265 3782 2344">
    <p class='ocr_par' dir='ltr' id='par_1_63' title="bbox 2187 2265 3782 2344">
     <span class='ocr_line' id='line_1_63' title="bbox 2187 2265 3782 2344; baseline 0.008 -26"><span class='ocrx_word' id='word_1_458' title='bbox 2187 2265 2426 2334; x_wconf 91' lang='lat' dir='ltr'><strong>permisit</strong></span> <span class='ocrx_word' id='word_1_459' title='bbox 2458 2266 2641 2321; x_wconf 92' lang='lat' dir='ltr'><strong>audire</strong></span> <span class='ocrx_word' id='word_1_460' title='bbox 2687 2267 3005 2323; x_wconf 90' lang='lat' dir='ltr'><strong>dominicam</strong></span> <span class='ocrx_word' id='word_1_461' title='bbox 3052 2286 3260 2338; x_wconf 91' lang='lat' dir='ltr'><strong>vocem,</strong></span> <span class='ocrx_word' id='word_1_462' title='bbox 3311 2272 3403 2329; x_wconf 90' lang='lat' dir='ltr'><strong>sed</strong></span> <span class='ocrx_word' id='word_1_463' title='bbox 3449 2273 3499 2328; x_wconf 92' lang='lat' dir='ltr'><strong>in</strong></span> <span class='ocrx_word' id='word_1_464' title='bbox 3528 2273 3782 2344; x_wconf 76' lang='lat' dir='ltr'><strong>laqueum</strong></span> 
     </span>
    </p>
   </div>
   <div class='ocr_carea' id='block_1_64' title="bbox 2185 2356 3783 2436">
    <p class='ocr_par' dir='ltr' id='par_1_64' title="bbox 2185 2356 3783 2436">
     <span class='ocr_line' id='line_1_64' title="bbox 2185 2356 3783 2436; baseline 0.008 -26"><span class='ocrx_word' id='word_1_465' title='bbox 2185 2356 2373 2421; x_wconf 83' lang='lat' dir='ltr'><strong>duxit,</strong></span> <span class='ocrx_word' id='word_1_466' title='bbox 2421 2366 2580 2427; x_wconf 86' lang='lat' dir='ltr'><strong>atque</strong></span> <span class='ocrx_word' id='word_1_467' title='bbox 2623 2358 2674 2412; x_wconf 88' lang='lat' dir='ltr'><strong>id</strong></span> <span class='ocrx_word' id='word_1_468' title='bbox 2703 2358 2876 2414; x_wconf 83' lang='lat' dir='ltr'><strong>effecit</strong></span> <span class='ocrx_word' id='word_1_469' title='bbox 2907 2371 2965 2414; x_wconf 92' lang='lat' dir='ltr'><strong>ut</strong></span> <span class='ocrx_word' id='word_1_470' title='bbox 2993 2362 3202 2418; x_wconf 90' lang='lat' dir='ltr'><strong>medius</strong></span> <span class='ocrx_word' id='word_1_471' title='bbox 3241 2367 3507 2434; x_wconf 84' lang='lat' dir='ltr'><strong>crepuerit</strong></span> <span class='ocrx_word' id='word_1_472' title='bbox 3530 2408 3542 2430; x_wconf 96' lang='lat'><strong>,</strong></span> <span class='ocrx_word' id='word_1_473' title='bbox 3569 2382 3631 2421; x_wconf 84' lang='lat' dir='ltr'><strong>ac</strong></span> <span class='ocrx_word' id='word_1_474' title='bbox 3662 2380 3783 2436; x_wconf 70' lang='lat' dir='ltr'><strong>po~t</strong></span> 
     </span>
    </p>
   </div>
   <div class='ocr_carea' id='block_1_65' title="bbox 2187 2448 3785 2527">
    <p class='ocr_par' dir='ltr' id='par_1_65' title="bbox 2187 2448 3785 2527">
     <span class='ocr_line' id='line_1_65' title="bbox 2187 2448 3785 2527; baseline 0.007 -25"><span class='ocrx_word' id='word_1_475' title='bbox 2187 2448 2302 2503; x_wconf 62' lang='lat' dir='ltr'><strong>haec</strong></span> <span class='ocrx_word' id='word_1_476' title='bbox 2332 2451 2509 2503; x_wconf 93' lang='lat' dir='ltr'><strong>omnia</strong></span> <span class='ocrx_word' id='word_1_477' title='bbox 2538 2450 2588 2503; x_wconf 92' lang='lat' dir='ltr'><strong>in</strong></span> <span class='ocrx_word' id='word_1_478' title='bbox 2620 2451 2918 2521; x_wconf 83' lang='lat' dir='ltr'><strong>gehennam</strong></span> <span class='ocrx_word' id='word_1_479' title='bbox 2962 2453 3124 2510; x_wconf 84' lang='lat' dir='ltr'><strong>misit.</strong></span> <span class='ocrx_word' id='word_1_480' title='bbox 3170 2455 3308 2522; x_wconf 85' lang='lat' dir='ltr'><strong>Quid</strong></span> <span class='ocrx_word' id='word_1_481' title='bbox 3346 2472 3473 2527; x_wconf 88' lang='lat' dir='ltr'><strong>ergo</strong></span> <span class='ocrx_word' id='word_1_482' title='bbox 3503 2458 3601 2512; x_wconf 91' lang='lat' dir='ltr'><strong>hac</strong></span> <span class='ocrx_word' id='word_1_483' title='bbox 3631 2469 3785 2527; x_wconf 88' lang='lat' dir='ltr'><strong>peste</strong></span> 
     </span>
    </p>
   </div>
   <div class='ocr_carea' id='block_1_66' title="bbox 2187 2539 3783 2619">
    <p class='ocr_par' dir='ltr' id='par_1_66' title="bbox 2187 2539 3783 2619">
     <span class='ocr_line' id='line_1_66' title="bbox 2187 2539 3783 2619; baseline 0.006 -26"><span class='ocrx_word' id='word_1_484' title='bbox 2187 2539 2416 2609; x_wconf 88' lang='lat' dir='ltr'><strong>iniquius</strong></span> <span class='ocrx_word' id='word_1_485' title='bbox 2449 2540 2642 2596; x_wconf 88' lang='lat' dir='ltr'><strong>fuerit?</strong></span> <span class='ocrx_word' id='word_1_486' title='bbox 2669 2544 2793 2613; x_wconf 90' lang='lat' dir='ltr'><strong>quid</strong></span> <span class='ocrx_word' id='word_1_487' title='bbox 2825 2543 3168 2598; x_wconf 84' lang='lat' dir='ltr'><strong>horribilius?</strong></span> <span class='ocrx_word' id='word_1_488' title='bbox 3195 2545 3311 2600; x_wconf 84' lang='lat' dir='ltr'><strong>Non</strong></span> <span class='ocrx_word' id='word_1_489' title='bbox 3342 2547 3409 2602; x_wconf 91' lang='lat' dir='ltr'><strong>de</strong></span> <span class='ocrx_word' id='word_1_490' title='bbox 3440 2552 3658 2603; x_wconf 90' lang='lat' dir='ltr'><strong>materia</strong></span> <span class='ocrx_word' id='word_1_491' title='bbox 3685 2567 3783 2619; x_wconf 84' lang='lat' dir='ltr'><strong>pe-</strong></span> 
     </span>
    </p>
   </div>
   <div class='ocr_carea' id='block_1_67' title="bbox 2187 2633 3782 2708">
    <p class='ocr_par' dir='ltr' id='par_1_67' title="bbox 2187 2633 3782 2708">
     <span class='ocr_line' id='line_1_67' title="bbox 2187 2633 3782 2708; baseline 0.005 -21"><span class='ocrx_word' id='word_1_492' title='bbox 2187 2633 2463 2687; x_wconf 89' lang='lat' dir='ltr'><strong>cuniarum</strong></span> <span class='ocrx_word' id='word_1_493' title='bbox 2492 2635 2699 2705; x_wconf 88' lang='lat' dir='ltr'><strong>loquor,</strong></span> <span class='ocrx_word' id='word_1_494' title='bbox 2749 2636 2841 2689; x_wconf 90' lang='lat' dir='ltr'><strong>sed</strong></span> <span class='ocrx_word' id='word_1_495' title='bbox 2873 2637 2940 2689; x_wconf 92' lang='lat' dir='ltr'><strong>de</strong></span> <span class='ocrx_word' id='word_1_496' title='bbox 2977 2652 3160 2691; x_wconf 88' lang='lat' dir='ltr'><strong>earum</strong></span> <span class='ocrx_word' id='word_1_497' title='bbox 3200 2638 3567 2708; x_wconf 80' lang='lat' dir='ltr'><strong>intempestiva</strong></span> <span class='ocrx_word' id='word_1_498' title='bbox 3597 2652 3651 2695; x_wconf 89' lang='lat' dir='ltr'><strong>et</strong></span> <span class='ocrx_word' id='word_1_499' title='bbox 3697 2643 3782 2695; x_wconf 89' lang='lat' dir='ltr'><strong>fu-</strong></span> 
     </span>
    </p>
   </div>
   <div class='ocr_carea' id='block_1_68' title="bbox 2187 2724 3782 2803">
    <p class='ocr_par' dir='ltr' id='par_1_68' title="bbox 2187 2724 3782 2803">
     <span class='ocr_line' id='line_1_68' title="bbox 2187 2724 3782 2803; baseline 0.008 -25"><span class='ocrx_word' id='word_1_500' title='bbox 2187 2724 2325 2779; x_wconf 89' lang='lat' dir='ltr'><strong>riosa</strong></span> <span class='ocrx_word' id='word_1_501' title='bbox 2377 2726 2684 2795; x_wconf 89' lang='lat' dir='ltr'><strong>cupiditate.</strong></span> <span class='ocrx_word' id='word_1_502' title='bbox 2744 2727 2874 2782; x_wconf 87' lang='lat' dir='ltr'><strong>Nam</strong></span> <span class='ocrx_word' id='word_1_503' title='bbox 2916 2728 3147 2783; x_wconf 89' lang='lat' dir='ltr'><strong>humano</strong></span> <span class='ocrx_word' id='word_1_504' title='bbox 3200 2729 3423 2785; x_wconf 85' lang='lat' dir='ltr'><strong>distillat</strong></span> <span class='ocrx_word' id='word_1_505' title='bbox 3480 2736 3782 2803; x_wconf 87' lang='lat' dir='ltr'><strong>sanguine,</strong></span> 
     </span>
    </p>
   </div>
   <div class='ocr_carea' id='block_1_69' title="bbox 2187 2821 3785 2899">
    <p class='ocr_par' dir='ltr' id='par_1_69' title="bbox 2187 2821 3785 2899">
     <span class='ocr_line' id='line_1_69' title="bbox 2187 2821 3785 2899; baseline 0.008 -29"><span class='ocrx_word' id='word_1_506' title='bbox 2187 2828 2412 2873; x_wconf 89' lang='lat' dir='ltr'><strong>cruento</strong></span> <span class='ocrx_word' id='word_1_507' title='bbox 2449 2830 2666 2890; x_wconf 89' lang='lat' dir='ltr'><strong>aspectu</strong></span> <span class='ocrx_word' id='word_1_508' title='bbox 2688 2861 2702 2885; x_wconf 93' lang='lat'><strong>,</strong></span> <span class='ocrx_word' id='word_1_509' title='bbox 2732 2831 2785 2877; x_wconf 90' lang='lat' dir='ltr'><strong>et</strong></span> <span class='ocrx_word' id='word_1_510' title='bbox 2816 2821 2999 2890; x_wconf 86' lang='lat' dir='ltr'><strong>quavis</strong></span> <span class='ocrx_word' id='word_1_511' title='bbox 3030 2821 3141 2876; x_wconf 90' lang='lat' dir='ltr'><strong>fera</strong></span> <span class='ocrx_word' id='word_1_512' title='bbox 3172 2824 3454 2879; x_wconf 87' lang='lat' dir='ltr'><strong>immanior</strong></span> <span class='ocrx_word' id='word_1_513' title='bbox 3478 2836 3592 2893; x_wconf 89' lang='lat' dir='ltr'><strong>est,</strong></span> <span class='ocrx_word' id='word_1_514' title='bbox 3622 2838 3785 2899; x_wconf 84' lang='lat' dir='ltr'><strong>atque</strong></span> 
     </span>
    </p>
   </div>
   <div class='ocr_carea' id='block_1_70' title="bbox 2186 2909 3782 2987">
    <p class='ocr_par' dir='ltr' id='par_1_70' title="bbox 2186 2909 3782 2987">
     <span class='ocr_line' id='line_1_70' title="bbox 2186 2909 3782 2987; baseline 0.007 -25"><span class='ocrx_word' id='word_1_515' title='bbox 2186 2909 2372 2963; x_wconf 87' lang='lat' dir='ltr'><strong>obvios</strong></span> <span class='ocrx_word' id='word_1_516' title='bbox 2399 2926 2639 2981; x_wconf 89' lang='lat' dir='ltr'><strong>quosque</strong></span> <span class='ocrx_word' id='word_1_517' title='bbox 2663 2910 2940 2980; x_wconf 86' lang='lat' dir='ltr'><strong>discerpit,</strong></span> <span class='ocrx_word' id='word_1_518' title='bbox 2991 2913 3242 2984; x_wconf 92' lang='lat' dir='ltr'><strong>quodque</strong></span> <span class='ocrx_word' id='word_1_519' title='bbox 3286 2916 3455 2970; x_wconf 92' lang='lat' dir='ltr'><strong>multo</strong></span> <span class='ocrx_word' id='word_1_520' title='bbox 3481 2918 3631 2987; x_wconf 88' lang='lat' dir='ltr'><strong>pejus</strong></span> <span class='ocrx_word' id='word_1_521' title='bbox 3668 2932 3782 2985; x_wconf 91' lang='lat' dir='ltr'><strong>est,</strong></span> 
     </span>
    </p>
   </div>
   <div class='ocr_carea' id='block_1_71' title="bbox 2188 3003 3787 3076">
    <p class='ocr_par' dir='ltr' id='par_1_71' title="bbox 2188 3003 3787 3076">
     <span class='ocr_line' id='line_1_71' title="bbox 2188 3003 3787 3076; baseline 0.006 -22"><span class='ocrx_word' id='word_1_522' title='bbox 2188 3017 2256 3056; x_wconf 91' lang='lat' dir='ltr'><strong>ne</strong></span> <span class='ocrx_word' id='word_1_523' title='bbox 2283 3003 2483 3057; x_wconf 90' lang='lat' dir='ltr'><strong>sentire</strong></span> <span class='ocrx_word' id='word_1_524' title='bbox 2502 3003 2715 3072; x_wconf 90' lang='lat' dir='ltr'><strong>quidem</strong></span> <span class='ocrx_word' id='word_1_525' title='bbox 2738 3005 2989 3058; x_wconf 73' lang='lat' dir='ltr'><strong>Lniatum</strong></span> <span class='ocrx_word' id='word_1_526' title='bbox 3013 3006 3158 3059; x_wconf 91' lang='lat' dir='ltr'><strong>sinit.</strong></span> <span class='ocrx_word' id='word_1_527' title='bbox 3186 3004 3318 3059; x_wconf 90' lang='lat' dir='ltr'><strong>Cum</strong></span> <span class='ocrx_word' id='word_1_528' title='bbox 3346 3017 3613 3076; x_wconf 88' lang='lat' dir='ltr'><strong>oporteret</strong></span> <span class='ocrx_word' id='word_1_529' title='bbox 3637 3011 3787 3064; x_wconf 88' lang='lat' dir='ltr'><strong>enim</strong></span> 
     </span>
    </p>
   </div>
   <div class='ocr_carea' id='block_1_72' title="bbox 2186 3095 3787 3166">
    <p class='ocr_par' dir='ltr' id='par_1_72' title="bbox 2186 3095 3787 3166">
     <span class='ocr_line' id='line_1_72' title="bbox 2186 3095 3787 3166; baseline 0.006 -19"><span class='ocrx_word' id='word_1_530' title='bbox 2186 3108 2279 3148; x_wconf 87' lang='lat' dir='ltr'><strong>eos</strong></span> <span class='ocrx_word' id='word_1_531' title='bbox 2305 3095 2392 3163; x_wconf 88' lang='lat' dir='ltr'><strong>qui</strong></span> <span class='ocrx_word' id='word_1_532' title='bbox 2425 3096 2545 3149; x_wconf 87' lang='lat' dir='ltr'><strong>talia</strong></span> <span class='ocrx_word' id='word_1_533' title='bbox 2594 3097 2884 3165; x_wconf 89' lang='lat' dir='ltr'><strong>patiuntur,</strong></span> <span class='ocrx_word' id='word_1_534' title='bbox 2918 3096 2983 3150; x_wconf 89' lang='lat' dir='ltr'><strong>ad</strong></span> <span class='ocrx_word' id='word_1_535' title='bbox 3016 3108 3398 3166; x_wconf 74' lang='lat' dir='ltr'><strong>przetcretmtes</strong></span> <span class='ocrx_word' id='word_1_536' title='bbox 3439 3115 3656 3155; x_wconf 89' lang='lat' dir='ltr'><strong>manum</strong></span> <span class='ocrx_word' id='word_1_537' title='bbox 3686 3117 3787 3156; x_wconf 76' lang='lat' dir='ltr'><strong>ex-</strong></span> 
     </span>
    </p>
   </div>
   <div class='ocr_carea' id='block_1_73' title="bbox 2187 3185 3790 3255">
    <p class='ocr_par' dir='ltr' id='par_1_73' title="bbox 2187 3185 3790 3255">
     <span class='ocr_line' id='line_1_73' title="bbox 2187 3185 3790 3255; baseline 0.006 -16"><span class='ocrx_word' id='word_1_538' title='bbox 2187 3185 2406 3241; x_wconf 90' lang='lat' dir='ltr'><strong>tendere</strong></span> <span class='ocrx_word' id='word_1_539' title='bbox 2427 3229 2439 3251; x_wconf 95' lang='lat'><strong>,</strong></span> <span class='ocrx_word' id='word_1_540' title='bbox 2474 3195 2529 3242; x_wconf 87' lang='lat' dir='ltr'><strong>et</strong></span> <span class='ocrx_word' id='word_1_541' title='bbox 2554 3187 2619 3242; x_wconf 86' lang='lat' dir='ltr'><strong>ad</strong></span> <span class='ocrx_word' id='word_1_542' title='bbox 2645 3189 2898 3242; x_wconf 72' lang='lat' dir='ltr'><strong>auxilium</strong></span> <span class='ocrx_word' id='word_1_543' title='bbox 2933 3204 3145 3255; x_wconf 88' lang='lat' dir='ltr'><strong>vocare,</strong></span> <span class='ocrx_word' id='word_1_544' title='bbox 3182 3190 3257 3244; x_wconf 91' lang='lat' dir='ltr'><strong>illi</strong></span> <span class='ocrx_word' id='word_1_545' title='bbox 3279 3202 3462 3245; x_wconf 91' lang='lat' dir='ltr'><strong>contra</strong></span> <span class='ocrx_word' id='word_1_546' title='bbox 3493 3191 3562 3248; x_wconf 91' lang='lat' dir='ltr'><strong>de</strong></span> <span class='ocrx_word' id='word_1_547' title='bbox 3591 3194 3790 3248; x_wconf 87' lang='lat' dir='ltr'><strong>talibus</strong></span> 
     </span>
    </p>
   </div>
   <div class='ocr_carea' id='block_1_74' title="bbox 2187 3279 3790 3351">
    <p class='ocr_par' dir='ltr' id='par_1_74' title="bbox 2187 3279 3790 3351">
     <span class='ocr_line' id='line_1_74' title="bbox 2187 3279 3790 3351; baseline 0.006 -20"><span class='ocrx_word' id='word_1_548' title='bbox 2187 3279 2450 3335; x_wconf 89' lang='lat' dir='ltr'><strong>ulceribus</strong></span> <span class='ocrx_word' id='word_1_549' title='bbox 2471 3280 2669 3349; x_wconf 89' lang='lat' dir='ltr'><strong>gratias</strong></span> <span class='ocrx_word' id='word_1_550' title='bbox 2690 3279 2887 3335; x_wconf 88' lang='lat' dir='ltr'><strong>habent</strong></span> <span class='ocrx_word' id='word_1_551' title='bbox 2915 3299 2927 3334; x_wconf 93' lang='lat'>:</span> <span class='ocrx_word' id='word_1_552' title='bbox 2947 3296 3055 3350; x_wconf 92' lang='lat' dir='ltr'><strong>quo</strong></span> <span class='ocrx_word' id='word_1_553' title='bbox 3074 3281 3199 3351; x_wconf 86' lang='lat' dir='ltr'><strong>quid</strong></span> <span class='ocrx_word' id='word_1_554' title='bbox 3230 3283 3629 3340; x_wconf 81' lang='lat' dir='ltr'><strong>miserabilius?</strong></span> <span class='ocrx_word' id='word_1_555' title='bbox 3662 3287 3790 3341; x_wconf 71' lang='lat' dir='ltr'><strong>llzrc</strong></span> 
     </span>
    </p>
   </div>
   <div class='ocr_carea' id='block_1_75' title="bbox 2185 3371 3788 3441">
    <p class='ocr_par' dir='ltr' id='par_1_75' title="bbox 2185 3371 3788 3441">
     <span class='ocr_line' id='line_1_75' title="bbox 2185 3371 3788 3441; baseline 0.006 -18"><span class='ocrx_word' id='word_1_556' title='bbox 2185 3371 2361 3441; x_wconf 87' lang='lat' dir='ltr'><strong>itaque</strong></span> <span class='ocrx_word' id='word_1_557' title='bbox 2395 3372 2573 3426; x_wconf 91' lang='lat' dir='ltr'><strong>omnia</strong></span> <span class='ocrx_word' id='word_1_558' title='bbox 2603 3373 2918 3441; x_wconf 86' lang='lat' dir='ltr'><strong>cogitantes,</strong></span> <span class='ocrx_word' id='word_1_559' title='bbox 2966 3373 3317 3429; x_wconf 88' lang='lat' dir='ltr'><strong>insanabilem</strong></span> <span class='ocrx_word' id='word_1_560' title='bbox 3354 3374 3507 3430; x_wconf 86' lang='lat' dir='ltr'><strong>illum</strong></span> <span class='ocrx_word' id='word_1_561' title='bbox 3536 3380 3788 3433; x_wconf 87' lang='lat' dir='ltr'><strong>morbum</strong></span> 
     </span>
    </p>
   </div>
   <div class='ocr_carea' id='block_1_76' title="bbox 2185 3460 3787 3538">
    <p class='ocr_par' dir='ltr' id='par_1_76' title="bbox 2185 3460 3787 3538">
     <span class='ocr_line' id='line_1_76' title="bbox 2185 3460 3787 3538; baseline 0.006 -23"><span class='ocrx_word' id='word_1_562' title='bbox 2185 3460 2466 3533; x_wconf 88' lang='lat' dir='ltr'><strong>fugiamus,</strong></span> <span class='ocrx_word' id='word_1_563' title='bbox 2497 3462 2612 3531; x_wconf 89' lang='lat' dir='ltr'><strong>ejus</strong></span> <span class='ocrx_word' id='word_1_564' title='bbox 2637 3478 2848 3517; x_wconf 85' lang='lat' dir='ltr'><strong>morsus</strong></span> <span class='ocrx_word' id='word_1_565' title='bbox 2872 3479 3140 3530; x_wconf 88' lang='lat' dir='ltr'><strong>curemus,</strong></span> <span class='ocrx_word' id='word_1_566' title='bbox 3172 3473 3227 3519; x_wconf 93' lang='lat' dir='ltr'><strong>ct</strong></span> <span class='ocrx_word' id='word_1_567' title='bbox 3246 3479 3275 3519; x_wconf 92' lang='lat' dir='ltr'><strong>a</strong></span> <span class='ocrx_word' id='word_1_568' title='bbox 3304 3466 3390 3520; x_wconf 88' lang='lat' dir='ltr'><strong>tali</strong></span> <span class='ocrx_word' id='word_1_569' title='bbox 3423 3479 3575 3535; x_wconf 89' lang='lat' dir='ltr'><strong>peste</strong></span> <span class='ocrx_word' id='word_1_570' title='bbox 3599 3475 3787 3538; x_wconf 85' lang='lat' dir='ltr'><strong>procul</strong></span> 
     </span>
    </p>
   </div>
   <div class='ocr_carea' id='block_1_77' title="bbox 2188 3552 3789 3627">
    <p class='ocr_par' dir='ltr' id='par_1_77' title="bbox 2188 3552 3789 3627">
     <span class='ocr_line' id='line_1_77' title="bbox 2188 3552 3789 3627; baseline 0.006 -21"><span class='ocrx_word' id='word_1_571' title='bbox 2188 3552 2469 3623; x_wconf 88' lang='lat' dir='ltr'><strong>fugiamus,</strong></span> <span class='ocrx_word' id='word_1_572' title='bbox 2500 3564 2638 3608; x_wconf 89' lang='lat' dir='ltr'><strong>utet</strong></span> <span class='ocrx_word' id='word_1_573' title='bbox 2676 3554 2726 3609; x_wconf 90' lang='lat' dir='ltr'><strong>in</strong></span> <span class='ocrx_word' id='word_1_574' title='bbox 2757 3558 3005 3623; x_wconf 80' lang='lat' dir='ltr'><strong>pra-senti</strong></span> <span class='ocrx_word' id='word_1_575' title='bbox 3057 3563 3223 3611; x_wconf 88' lang='lat' dir='ltr'><strong>tutam</strong></span> <span class='ocrx_word' id='word_1_576' title='bbox 3274 3566 3330 3611; x_wconf 92' lang='lat' dir='ltr'><strong>et</strong></span> <span class='ocrx_word' id='word_1_577' title='bbox 3382 3561 3789 3627; x_wconf 87' lang='lat' dir='ltr'><strong>perturbatione</strong></span> 
     </span>
    </p>
   </div>
   <div class='ocr_carea' id='block_1_78' title="bbox 2186 3644 3791 3710">
    <p class='ocr_par' dir='ltr' id='par_1_78' title="bbox 2186 3644 3791 3710">
     <span class='ocr_line' id='line_1_78' title="bbox 2186 3644 3791 3710; baseline 0.005 -15"><span class='ocrx_word' id='word_1_578' title='bbox 2186 3659 2406 3697; x_wconf 88' lang='lat' dir='ltr'><strong>vacuam</strong></span> <span class='ocrx_word' id='word_1_579' title='bbox 2438 3644 2599 3697; x_wconf 87' lang='lat' dir='ltr'><strong>vitam</strong></span> <span class='ocrx_word' id='word_1_580' title='bbox 2634 3644 2913 3710; x_wconf 87' lang='lat' dir='ltr'><strong>ducamus,</strong></span> <span class='ocrx_word' id='word_1_581' title='bbox 2945 3656 2999 3701; x_wconf 90' lang='lat' dir='ltr'><strong>et</strong></span> <span class='ocrx_word' id='word_1_582' title='bbox 3024 3645 3235 3702; x_wconf 87' lang='lat' dir='ltr'><strong>futuros</strong></span> <span class='ocrx_word' id='word_1_583' title='bbox 3262 3649 3639 3705; x_wconf 84' lang='lat' dir='ltr'><strong>nanciscamur</strong></span> <span class='ocrx_word' id='word_1_584' title='bbox 3668 3652 3791 3706; x_wconf 84' lang='lat' dir='ltr'><strong>the-</strong></span> 
     </span>
    </p>
   </div>
   <div class='ocr_carea' id='block_1_79' title="bbox 2186 3735 3787 3812">
    <p class='ocr_par' dir='ltr' id='par_1_79' title="bbox 2186 3735 3787 3812">
     <span class='ocr_line' id='line_1_79' title="bbox 2186 3735 3787 3812; baseline 0.006 -25"><span class='ocrx_word' id='word_1_585' title='bbox 2186 3748 2370 3788; x_wconf 92' lang='lat' dir='ltr'><strong>sauros</strong></span> <span class='ocrx_word' id='word_1_586' title='bbox 2405 3752 2416 3787; x_wconf 92' lang='lat'><strong><em>:</em></strong></span> <span class='ocrx_word' id='word_1_587' title='bbox 2446 3749 2581 3804; x_wconf 85' lang='lat' dir='ltr'><strong>quos</strong></span> <span class='ocrx_word' id='word_1_588' title='bbox 2612 3735 2815 3790; x_wconf 85' lang='lat' dir='ltr'><strong>utinam</strong></span> <span class='ocrx_word' id='word_1_589' title='bbox 2848 3750 2944 3791; x_wconf 88' lang='lat' dir='ltr'><strong>nos</strong></span> <span class='ocrx_word' id='word_1_590' title='bbox 2988 3752 3177 3792; x_wconf 90' lang='lat' dir='ltr'><strong>omnes</strong></span> <span class='ocrx_word' id='word_1_591' title='bbox 3209 3753 3582 3807; x_wconf 86' lang='lat' dir='ltr'><strong>assequamur,</strong></span> <span class='ocrx_word' id='word_1_592' title='bbox 3611 3746 3787 3812; x_wconf 88' lang='lat' dir='ltr'><strong>gratia</strong></span> 
     </span>
    </p>
   </div>
   <div class='ocr_carea' id='block_1_80' title="bbox 2186 3826 3789 3905">
    <p class='ocr_par' dir='ltr' id='par_1_80' title="bbox 2186 3826 3789 3905">
     <span class='ocr_line' id='line_1_80' title="bbox 2186 3826 3789 3905; baseline 0.007 -26"><span class='ocrx_word' id='word_1_593' title='bbox 2186 3834 2240 3879; x_wconf 90' lang='lat' dir='ltr'><strong>et</strong></span> <span class='ocrx_word' id='word_1_594' title='bbox 2292 3826 2619 3897; x_wconf 87' lang='lat' dir='ltr'><strong>benignitate</strong></span> <span class='ocrx_word' id='word_1_595' title='bbox 2660 3828 2867 3882; x_wconf 87' lang='lat' dir='ltr'><strong>Domini</strong></span> <span class='ocrx_word' id='word_1_596' title='bbox 2916 3830 3081 3884; x_wconf 89' lang='lat' dir='ltr'><strong>nostri</strong></span> <span class='ocrx_word' id='word_1_597' title='bbox 3126 3830 3251 3885; x_wconf 79' lang='lat' dir='ltr'><strong>Jesu</strong></span> <span class='ocrx_word' id='word_1_598' title='bbox 3278 3830 3516 3897; x_wconf 90' lang='lat' dir='ltr'><strong>Christi,</strong></span> <span class='ocrx_word' id='word_1_599' title='bbox 3566 3836 3789 3905; x_wconf 86' lang='lat' dir='ltr'><strong>quicum</strong></span> 
     </span>
    </p>
   </div>
   <div class='ocr_carea' id='block_1_81' title="bbox 2189 3915 3787 3996">
    <p class='ocr_par' dir='ltr' id='par_1_81' title="bbox 2189 3915 3787 3996">
     <span class='ocr_line' id='line_1_81' title="bbox 2189 3915 3787 3996; baseline 0.008 -27"><span class='ocrx_word' id='word_1_600' title='bbox 2189 3915 2329 3970; x_wconf 86' lang='lat' dir='ltr'><strong>Patri</strong></span> <span class='ocrx_word' id='word_1_601' title='bbox 2375 3927 2428 3971; x_wconf 88' lang='lat' dir='ltr'><strong>et</strong></span> <span class='ocrx_word' id='word_1_602' title='bbox 2486 3917 2643 3973; x_wconf 88' lang='lat' dir='ltr'><strong>simul</strong></span> <span class='ocrx_word' id='word_1_603' title='bbox 2698 3919 2914 3989; x_wconf 85' lang='lat' dir='ltr'><strong>Spiritui</strong></span> <span class='ocrx_word' id='word_1_604' title='bbox 2967 3931 3153 3975; x_wconf 90' lang='lat' dir='ltr'><strong>sancto</strong></span> <span class='ocrx_word' id='word_1_605' title='bbox 3204 3923 3405 3993; x_wconf 88' lang='lat' dir='ltr'><strong>gloria,</strong></span> <span class='ocrx_word' id='word_1_606' title='bbox 3463 3926 3787 3996; x_wconf 87' lang='lat' dir='ltr'><strong>imperium,</strong></span> 
     </span>
    </p>
   </div>
   <div class='ocr_carea' id='block_1_82' title="bbox 2187 4008 3779 4081">
    <p class='ocr_par' dir='ltr' id='par_1_82' title="bbox 2187 4008 3779 4081">
     <span class='ocr_line' id='line_1_82' title="bbox 2187 4008 3779 4081; baseline 0.009 -22"><span class='ocrx_word' id='word_1_607' title='bbox 2187 4008 2389 4070; x_wconf 87' lang='lat' dir='ltr'><strong>honor.</strong></span> <span class='ocrx_word' id='word_1_608' title='bbox 2443 4023 2583 4064; x_wconf 89' lang='lat' dir='ltr'><strong>nunc</strong></span> <span class='ocrx_word' id='word_1_609' title='bbox 2639 4019 2692 4065; x_wconf 90' lang='lat' dir='ltr'><strong>ct</strong></span> <span class='ocrx_word' id='word_1_610' title='bbox 2743 4026 2986 4081; x_wconf 82' lang='lat' dir='ltr'><strong>semper,</strong></span> <span class='ocrx_word' id='word_1_611' title='bbox 3045 4022 3098 4067; x_wconf 89' lang='lat' dir='ltr'><strong>et</strong></span> <span class='ocrx_word' id='word_1_612' title='bbox 3129 4014 3181 4068; x_wconf 91' lang='lat' dir='ltr'><strong>in</strong></span> <span class='ocrx_word' id='word_1_613' title='bbox 3206 4016 3400 4070; x_wconf 61' lang='lat' dir='ltr'><strong>sarcula</strong></span> <span class='ocrx_word' id='word_1_614' title='bbox 3435 4018 3779 4074; x_wconf 66' lang='lat' dir='ltr'><strong>surculorum.</strong></span> 
     </span>
    </p>
   </div>
   <div class='ocr_carea' id='block_1_83' title="bbox 2188 4106 2381 4158">
    <p class='ocr_par' dir='ltr' id='par_1_83' title="bbox 2188 4106 2381 4158">
     <span class='ocr_line' id='line_1_83' title="bbox 2188 4106 2381 4158; baseline -0.01 -1"><span class='ocrx_word' id='word_1_615' title='bbox 2188 4106 2381 4158; x_wconf 74' lang='lat' dir='ltr'><strong>Amen.</strong></span> 
     </span>
    </p>
   </div>
   <div class='ocr_carea' id='block_1_84' title="bbox 482 4247 3787 4272">
    <p class='ocr_par' dir='ltr' id='par_1_84' title="bbox 482 4247 3787 4272">
     <span class='ocr_line' id='line_1_84' title="bbox 482 4247 3787 4272; baseline 0.003 -14"><span class='ocrx_word' id='word_1_616' title='bbox 482 4247 3787 4272; x_wconf 55' lang='lat' dir='ltr'><strong>mm</strong></span> 
     </span>
    </p>
   </div>
   <div class='ocr_carea' id='block_1_85' title="bbox 1884 4331 2361 4394">
    <p class='ocr_par' dir='ltr' id='par_1_85' title="bbox 1884 4331 2361 4394">
     <span class='ocr_line' id='line_1_85' title="bbox 1884 4331 2361 4394; baseline -0.013 0"><span class='ocrx_word' id='word_1_617' title='bbox 1884 4332 2226 4394; x_wconf 75' lang='lat' dir='ltr'><strong>HOMILIA</strong></span> <span class='ocrx_word' id='word_1_618' title='bbox 2278 4331 2361 4389; x_wconf 76' lang='grc' dir='ltr'><strong>Χ.</strong></span> 
     </span>
    </p>
   </div>
   <div class='ocr_carea' id='block_1_86' title="bbox 481 4473 2072 4545">
    <p class='ocr_par' dir='ltr' id='par_1_86' title="bbox 481 4473 2072 4545">
     <span class='ocr_line' id='line_1_86' title="bbox 481 4473 2072 4545; baseline -0.001 -16"><span class='ocrx_word' id='word_1_619' title='bbox 481 4473 608 4529; x_wconf 76' lang='lat' dir='ltr'><strong>CAP.</strong></span> <span class='ocrx_word' id='word_1_620' title='bbox 637 4474 691 4529; x_wconf 71' lang='grc' dir='ltr'><strong>ὅ.</strong></span> <span class='ocrx_word' id='word_1_621' title='bbox 715 4488 767 4530; x_wconf 86' lang='lat' dir='ltr'><strong>v.</strong></span> <span class='ocrx_word' id='word_1_622' title='bbox 791 4476 844 4529; x_wconf 87' lang='grc'><strong>1.</strong></span> <span class='ocrx_word' id='word_1_623' title='bbox 869 4477 933 4528; x_wconf 86' lang='lat' dir='ltr'><strong>In</strong></span> <span class='ocrx_word' id='word_1_624' title='bbox 962 4474 1134 4529; x_wconf 83' lang='lat' dir='ltr'><strong>diebus</strong></span> <span class='ocrx_word' id='word_1_625' title='bbox 1157 4476 1262 4528; x_wconf 84' lang='lat' dir='ltr'><strong>illis</strong></span> <span class='ocrx_word' id='word_1_626' title='bbox 1291 4477 1422 4529; x_wconf 83' lang='lat' dir='ltr'><strong>venit</strong></span> <span class='ocrx_word' id='word_1_627' title='bbox 1442 4478 1665 4529; x_wconf 78' lang='lat' dir='ltr'><strong>Joannes</strong></span> <span class='ocrx_word' id='word_1_628' title='bbox 1689 4476 1915 4544; x_wconf 74' lang='lat' dir='ltr'><strong>Baptista</strong></span> <span class='ocrx_word' id='word_1_629' title='bbox 1944 4491 2072 4545; x_wconf 79' lang='lat' dir='ltr'><strong>pra:-</strong></span> 
     </span>
    </p>
   </div>
   <div class='ocr_carea' id='block_1_87' title="bbox 550 4567 2075 4634">
    <p class='ocr_par' dir='ltr' id='par_1_87' title="bbox 550 4567 2075 4634">
     <span class='ocr_line' id='line_1_87' title="bbox 550 4567 2075 4634; baseline 0 -13"><span class='ocrx_word' id='word_1_630' title='bbox 550 4568 728 4621; x_wconf 75' lang='lat' dir='ltr'><strong>dicans</strong></span> <span class='ocrx_word' id='word_1_631' title='bbox 753 4568 804 4621; x_wconf 85' lang='lat' dir='ltr'><strong>in</strong></span> <span class='ocrx_word' id='word_1_632' title='bbox 826 4568 1024 4622; x_wconf 86' lang='lat' dir='ltr'><strong>deserto</strong></span> <span class='ocrx_word' id='word_1_633' title='bbox 1063 4568 1281 4634; x_wconf 77' lang='lat' dir='ltr'><strong>Juda’re,</strong></span> <span class='ocrx_word' id='word_1_634' title='bbox 1311 4568 1365 4622; x_wconf 75' lang='lat'><strong>2.</strong></span> <span class='ocrx_word' id='word_1_635' title='bbox 1397 4578 1443 4621; x_wconf 91' lang='lat' dir='ltr'><strong>et</strong></span> <span class='ocrx_word' id='word_1_636' title='bbox 1468 4570 1636 4623; x_wconf 83' lang='lat' dir='ltr'><strong>dicens</strong></span> <span class='ocrx_word' id='word_1_637' title='bbox 1668 4585 1686 4622; x_wconf 93' lang='lat'><em>:</em></span> <span class='ocrx_word' id='word_1_638' title='bbox 1722 4567 2075 4623; x_wconf 67' lang='lat' dir='ltr'><strong>Paenitentiam</strong></span> 
     </span>
    </p>
   </div>
   <div class='ocr_carea' id='block_1_88' title="bbox 549 4660 1831 4731">
    <p class='ocr_par' dir='ltr' id='par_1_88' title="bbox 549 4660 1831 4731">
     <span class='ocr_line' id='line_1_88' title="bbox 549 4660 1831 4731; baseline -0.002 -19"><span class='ocrx_word' id='word_1_639' title='bbox 549 4660 699 4731; x_wconf 81' lang='lat' dir='ltr'><strong>agite,</strong></span> <span class='ocrx_word' id='word_1_640' title='bbox 726 4660 1154 4729; x_wconf 79' lang='lat' dir='ltr'><strong>appropinquavit</strong></span> <span class='ocrx_word' id='word_1_641' title='bbox 1174 4660 1307 4713; x_wconf 88' lang='lat' dir='ltr'><strong>enim</strong></span> <span class='ocrx_word' id='word_1_642' title='bbox 1332 4676 1541 4731; x_wconf 80' lang='lat' dir='ltr'><strong>regnum</strong></span> <span class='ocrx_word' id='word_1_643' title='bbox 1572 4663 1831 4713; x_wconf 65' lang='lat' dir='ltr'><strong>talorum.</strong></span> 
     </span>
    </p>
   </div>
   <div class='ocr_carea' id='block_1_89' title="bbox 549 4750 2074 4821">
    <p class='ocr_par' dir='ltr' id='par_1_89' title="bbox 549 4750 2074 4821">
     <span class='ocr_line' id='line_1_89' title="bbox 549 4750 2074 4821; baseline -0.001 -16"><span class='ocrx_word' id='word_1_644' title='bbox 549 4752 600 4805; x_wconf 91' lang='grc'><strong>1.</strong></span> <span class='ocrx_word' id='word_1_645' title='bbox 634 4750 796 4815; x_wconf 81' lang='lat' dir='ltr'><strong>Quale</strong></span> <span class='ocrx_word' id='word_1_646' title='bbox 850 4760 1046 4820; x_wconf 85' lang='lat' dir='ltr'><strong>tempus</strong></span> <span class='ocrx_word' id='word_1_647' title='bbox 1101 4750 1361 4821; x_wconf 79' lang='lat' dir='ltr'><strong>designent</strong></span> <span class='ocrx_word' id='word_1_648' title='bbox 1418 4752 1523 4805; x_wconf 64' lang='lat' dir='ltr'><strong>haac</strong></span> <span class='ocrx_word' id='word_1_649' title='bbox 1580 4752 1727 4805; x_wconf 84' lang='lat' dir='ltr'><strong>verba</strong></span> <span class='ocrx_word' id='word_1_650' title='bbox 1760 4750 1854 4805; x_wconf 71' lang='grc' dir='ltr'><strong>εἵη</strong></span> <span class='ocrx_word' id='word_1_651' title='bbox 1882 4750 2074 4805; x_wconf 84' lang='lat' dir='ltr'><strong>diebus</strong></span> 
     </span>
    </p>
   </div>
   <div class='ocr_carea' id='block_1_90' title="bbox 477 4839 2074 4912">
    <p class='ocr_par' dir='ltr' id='par_1_90' title="bbox 477 4839 2074 4912">
     <span class='ocr_line' id='line_1_90' title="bbox 477 4839 2074 4912; baseline 0.001 -19"><span class='ocrx_word' id='word_1_652' title='bbox 477 4841 601 4894; x_wconf 90' lang='lat' dir='ltr'><strong>illis.</strong></span> <span class='ocrx_word' id='word_1_653' title='bbox 632 4839 733 4895; x_wconf 71' lang='lat' dir='ltr'><strong>Cur</strong></span> <span class='ocrx_word' id='word_1_654' title='bbox 755 4841 989 4897; x_wconf 80' lang='lat' dir='ltr'><strong>Christus</strong></span> <span class='ocrx_word' id='word_1_655' title='bbox 1029 4842 1240 4912; x_wconf 76' lang='lat' dir='ltr'><strong>triginta</strong></span> <span class='ocrx_word' id='word_1_656' title='bbox 1276 4858 1529 4895; x_wconf 82' lang='lat' dir='ltr'><strong>annorum</strong></span> <span class='ocrx_word' id='word_1_657' title='bbox 1578 4842 1878 4912; x_wconf 79' lang='lat' dir='ltr'><strong>baptizatur.</strong></span> <span class='ocrx_word' id='word_1_658' title='bbox 1908 4872 1976 4881; x_wconf 93' lang='lat'><strong>—</strong></span> <span class='ocrx_word' id='word_1_659' title='bbox 2001 4842 2074 4895; x_wconf 84' lang='lat' dir='ltr'><strong>De</strong></span> 
     </span>
    </p>
   </div>
   <div class='ocr_carea' id='block_1_91' title="bbox 476 4932 2074 5005">
    <p class='ocr_par' dir='ltr' id='par_1_91' title="bbox 476 4932 2074 5005">
     <span class='ocr_line' id='line_1_91' title="bbox 476 4932 2074 5005; baseline 0.004 -22"><span class='ocrx_word' id='word_1_660' title='bbox 476 4932 793 5000; x_wconf 84' lang='lat' dir='ltr'><strong>quibusnam</strong></span> <span class='ocrx_word' id='word_1_661' title='bbox 824 4935 1013 4989; x_wconf 87' lang='lat' dir='ltr'><strong>diebus</strong></span> <span class='ocrx_word' id='word_1_662' title='bbox 1038 4934 1190 5004; x_wconf 82' lang='lat' dir='ltr'><strong>agit?</strong></span> <span class='ocrx_word' id='word_1_663' title='bbox 1216 4933 1330 4989; x_wconf 81' lang='lat' dir='ltr'><strong>Non</strong></span> <span class='ocrx_word' id='word_1_664' title='bbox 1352 4935 1493 4990; x_wconf 90' lang='lat' dir='ltr'><strong>enim</strong></span> <span class='ocrx_word' id='word_1_665' title='bbox 1523 4950 1629 5005; x_wconf 94' lang='lat' dir='ltr'><strong>quo</strong></span> <span class='ocrx_word' id='word_1_666' title='bbox 1665 4945 1903 5003; x_wconf 86' lang='lat' dir='ltr'><strong>tempore</strong></span> <span class='ocrx_word' id='word_1_667' title='bbox 1944 4951 2074 5004; x_wconf 87' lang='lat' dir='ltr'><strong>puer</strong></span> 
     </span>
    </p>
   </div>
   <div class='ocr_carea' id='block_1_92' title="bbox 476 5025 2073 5099">
    <p class='ocr_par' dir='ltr' id='par_1_92' title="bbox 476 5025 2073 5099">
     <span class='ocr_line' id='line_1_92' title="bbox 476 5025 2073 5099; baseline 0.001 -21"><span class='ocrx_word' id='word_1_668' title='bbox 476 5025 569 5079; x_wconf 91' lang='lat' dir='ltr'><strong>ille</strong></span> <span class='ocrx_word' id='word_1_669' title='bbox 600 5034 738 5093; x_wconf 88' lang='lat' dir='ltr'><strong>erat,</strong></span> <span class='ocrx_word' id='word_1_670' title='bbox 768 5038 821 5081; x_wconf 90' lang='lat' dir='ltr'><strong>et</strong></span> <span class='ocrx_word' id='word_1_671' title='bbox 848 5029 1070 5084; x_wconf 85' lang='lat' dir='ltr'><strong>Nazaret</strong></span> <span class='ocrx_word' id='word_1_672' title='bbox 1092 5030 1256 5093; x_wconf 86' lang='lat' dir='ltr'><strong>venit,</strong></span> <span class='ocrx_word' id='word_1_673' title='bbox 1286 5030 1379 5087; x_wconf 90' lang='lat' dir='ltr'><strong>sed</strong></span> <span class='ocrx_word' id='word_1_674' title='bbox 1410 5040 1527 5099; x_wconf 90' lang='lat' dir='ltr'><strong>post</strong></span> <span class='ocrx_word' id='word_1_675' title='bbox 1553 5045 1723 5084; x_wconf 82' lang='lat' dir='ltr'><strong>atmns</strong></span> <span class='ocrx_word' id='word_1_676' title='bbox 1747 5030 1956 5099; x_wconf 87' lang='lat' dir='ltr'><strong>triginta</strong></span> <span class='ocrx_word' id='word_1_677' title='bbox 1986 5044 2073 5083; x_wconf 81' lang='lat' dir='ltr'><strong>ve-</strong></span> 
     </span>
    </p>
   </div>
   <div class='ocr_carea' id='block_1_93' title="bbox 478 5115 2072 5190">
    <p class='ocr_par' dir='ltr' id='par_1_93' title="bbox 478 5115 2072 5190">
     <span class='ocr_line' id='line_1_93' title="bbox 478 5115 2072 5190; baseline 0.003 -20"><span class='ocrx_word' id='word_1_678' title='bbox 478 5116 557 5170; x_wconf 90' lang='lat' dir='ltr'><strong>nit</strong></span> <span class='ocrx_word' id='word_1_679' title='bbox 578 5115 850 5183; x_wconf 84' lang='lat' dir='ltr'><strong>Joannes,</strong></span> <span class='ocrx_word' id='word_1_680' title='bbox 883 5130 939 5174; x_wconf 90' lang='lat' dir='ltr'><strong>ut</strong></span> <span class='ocrx_word' id='word_1_681' title='bbox 976 5120 1145 5175; x_wconf 87' lang='lat' dir='ltr'><strong>Lucas</strong></span> <span class='ocrx_word' id='word_1_682' title='bbox 1171 5123 1504 5177; x_wconf 78' lang='lat' dir='ltr'><strong>testificatur.</strong></span> <span class='ocrx_word' id='word_1_683' title='bbox 1537 5122 1641 5179; x_wconf 87' lang='lat' dir='ltr'><strong>Cur</strong></span> <span class='ocrx_word' id='word_1_684' title='bbox 1663 5138 1790 5190; x_wconf 82' lang='lat' dir='ltr'><strong>ergo</strong></span> <span class='ocrx_word' id='word_1_685' title='bbox 1814 5123 1973 5186; x_wconf 82' lang='lat' dir='ltr'><strong>dicit,</strong></span> <span class='ocrx_word' id='word_1_686' title='bbox 2009 5121 2072 5175; x_wconf 86' lang='lat' dir='ltr'><strong>In</strong></span> 
     </span>
    </p>
   </div>
   <div class='ocr_carea' id='block_1_94' title="bbox 475 5206 2069 5282">
    <p class='ocr_par' dir='ltr' id='par_1_94' title="bbox 475 5206 2069 5282">
     <span class='ocr_line' id='line_1_94' title="bbox 475 5206 2069 5282; baseline 0.003 -20"><span class='ocrx_word' id='word_1_687' title='bbox 475 5206 653 5262; x_wconf 83' lang='lat' dir='ltr'><strong>diebus</strong></span> <span class='ocrx_word' id='word_1_688' title='bbox 682 5207 831 5263; x_wconf 74' lang='lat' dir='ltr'><strong>ilus?</strong></span> <span class='ocrx_word' id='word_1_689' title='bbox 858 5209 971 5264; x_wconf 83' lang='lat' dir='ltr'><strong>Mos</strong></span> <span class='ocrx_word' id='word_1_690' title='bbox 1004 5220 1087 5266; x_wconf 87' lang='lat' dir='ltr'><strong>est</strong></span> <span class='ocrx_word' id='word_1_691' title='bbox 1129 5212 1416 5282; x_wconf 74' lang='lat' dir='ltr'><strong>Scriptura:</strong></span> <span class='ocrx_word' id='word_1_692' title='bbox 1465 5214 1565 5269; x_wconf 92' lang='lat' dir='ltr'><strong>hoc</strong></span> <span class='ocrx_word' id='word_1_693' title='bbox 1624 5214 1696 5268; x_wconf 88' lang='lat' dir='ltr'><strong>uti</strong></span> <span class='ocrx_word' id='word_1_694' title='bbox 1740 5214 1931 5278; x_wconf 85' lang='lat' dir='ltr'><strong>modo;</strong></span> <span class='ocrx_word' id='word_1_695' title='bbox 1968 5229 2069 5267; x_wconf 90' lang='lat' dir='ltr'><strong>non</strong></span> 
     </span>
    </p>
   </div>
   <div class='ocr_carea' id='block_1_95' title="bbox 479 5304 2066 5377">
    <p class='ocr_par' dir='ltr' id='par_1_95' title="bbox 479 5304 2066 5377">
     <span class='ocr_line' id='line_1_95' title="bbox 479 5304 2066 5377; baseline 0.002 -20"><span class='ocrx_word' id='word_1_696' title='bbox 479 5304 651 5357; x_wconf 84' lang='lat' dir='ltr'><strong>solum</strong></span> <span class='ocrx_word' id='word_1_697' title='bbox 684 5318 805 5356; x_wconf 90' lang='lat' dir='ltr'><strong>cum</strong></span> <span class='ocrx_word' id='word_1_698' title='bbox 845 5319 906 5357; x_wconf 88' lang='lat' dir='ltr'><strong>ea</strong></span> <span class='ocrx_word' id='word_1_699' title='bbox 956 5312 1157 5369; x_wconf 89' lang='lat' dir='ltr'><strong>narrat,</strong></span> <span class='ocrx_word' id='word_1_700' title='bbox 1207 5320 1325 5375; x_wconf 73' lang='lat' dir='ltr'><strong>qua:</strong></span> <span class='ocrx_word' id='word_1_701' title='bbox 1348 5308 1644 5377; x_wconf 88' lang='lat' dir='ltr'><strong>insequenti</strong></span> <span class='ocrx_word' id='word_1_702' title='bbox 1681 5316 1919 5376; x_wconf 88' lang='lat' dir='ltr'><strong>tempore</strong></span> <span class='ocrx_word' id='word_1_703' title='bbox 1947 5323 2066 5360; x_wconf 78' lang='lat' dir='ltr'><strong>mox</strong></span> 
     </span>
    </p>
   </div>
   <div class='ocr_carea' id='block_1_96' title="bbox 475 5396 2071 5471">
    <p class='ocr_par' dir='ltr' id='par_1_96' title="bbox 475 5396 2071 5471">
     <span class='ocr_line' id='line_1_96' title="bbox 475 5396 2071 5471; baseline 0.003 -22"><span class='ocrx_word' id='word_1_704' title='bbox 475 5403 624 5462; x_wconf 82' lang='lat' dir='ltr'><strong>gesta</strong></span> <span class='ocrx_word' id='word_1_705' title='bbox 668 5403 811 5462; x_wconf 89' lang='lat' dir='ltr'><strong>sunt,</strong></span> <span class='ocrx_word' id='word_1_706' title='bbox 844 5396 939 5450; x_wconf 87' lang='lat' dir='ltr'><strong>sed</strong></span> <span class='ocrx_word' id='word_1_707' title='bbox 970 5397 1129 5450; x_wconf 90' lang='lat' dir='ltr'><strong>etiam</strong></span> <span class='ocrx_word' id='word_1_708' title='bbox 1166 5412 1287 5452; x_wconf 89' lang='lat' dir='ltr'><strong>cum</strong></span> <span class='ocrx_word' id='word_1_709' title='bbox 1316 5400 1404 5453; x_wconf 90' lang='lat' dir='ltr'><strong>illa</strong></span> <span class='ocrx_word' id='word_1_710' title='bbox 1428 5401 1574 5464; x_wconf 91' lang='lat' dir='ltr'><strong>dicit,</strong></span> <span class='ocrx_word' id='word_1_711' title='bbox 1607 5416 1726 5470; x_wconf 72' lang='lat' dir='ltr'><strong>qure</strong></span> <span class='ocrx_word' id='word_1_712' title='bbox 1768 5400 1948 5455; x_wconf 87' lang='lat' dir='ltr'><strong>multis</strong></span> <span class='ocrx_word' id='word_1_713' title='bbox 1976 5416 2071 5471; x_wconf 91' lang='lat' dir='ltr'><strong>po-</strong></span> 
     </span>
    </p>
   </div>
   <div class='ocr_carea' id='block_1_97' title="bbox 475 5487 2068 5557">
    <p class='ocr_par' dir='ltr' id='par_1_97' title="bbox 475 5487 2068 5557">
     <span class='ocr_line' id='line_1_97' title="bbox 475 5487 2068 5557; baseline 0.006 -21"><span class='ocrx_word' id='word_1_714' title='bbox 475 5494 589 5539; x_wconf 87' lang='lat' dir='ltr'><strong>stea</strong></span> <span class='ocrx_word' id='word_1_715' title='bbox 639 5487 794 5540; x_wconf 91' lang='lat' dir='ltr'><strong>annis</strong></span> <span class='ocrx_word' id='word_1_716' title='bbox 834 5487 1174 5557; x_wconf 71' lang='lat' dir='ltr'><strong>eontiger‘mt.</strong></span> <span class='ocrx_word' id='word_1_717' title='bbox 1240 5487 1331 5543; x_wconf 89' lang='lat' dir='ltr'><strong>Sic</strong></span> <span class='ocrx_word' id='word_1_718' title='bbox 1372 5492 1530 5546; x_wconf 86' lang='lat' dir='ltr'><strong>etiam</strong></span> <span class='ocrx_word' id='word_1_719' title='bbox 1581 5508 1701 5546; x_wconf 86' lang='lat' dir='ltr'><strong>cum</strong></span> <span class='ocrx_word' id='word_1_720' title='bbox 1729 5492 1794 5545; x_wconf 87' lang='lat' dir='ltr'><strong>ad</strong></span> <span class='ocrx_word' id='word_1_721' title='bbox 1839 5492 1985 5545; x_wconf 92' lang='lat' dir='ltr'><strong>illum</strong></span> <span class='ocrx_word' id='word_1_722' title='bbox 2015 5493 2068 5545; x_wconf 91' lang='lat' dir='ltr'><strong>in</strong></span> 
     </span>
    </p>
   </div>
   <div class='ocr_carea' id='block_1_98' title="bbox 475 5578 2070 5655">
    <p class='ocr_par' dir='ltr' id='par_1_98' title="bbox 475 5578 2070 5655">
     <span class='ocr_line' id='line_1_98' title="bbox 475 5578 2070 5655; baseline 0.006 -25"><span class='ocrx_word' id='word_1_723' title='bbox 475 5578 653 5631; x_wconf 83' lang='lat' dir='ltr'><strong>Monte</strong></span> <span class='ocrx_word' id='word_1_724' title='bbox 691 5579 951 5634; x_wconf 85' lang='lat' dir='ltr'><strong>olivarqu</strong></span> <span class='ocrx_word' id='word_1_725' title='bbox 1001 5580 1278 5635; x_wconf 86' lang='lat' dir='ltr'><strong>sedentem</strong></span> <span class='ocrx_word' id='word_1_726' title='bbox 1321 5582 1561 5655; x_wconf 85' lang='lat' dir='ltr'><strong>discipuli</strong></span> <span class='ocrx_word' id='word_1_727' title='bbox 1585 5594 1958 5649; x_wconf 89' lang='lat' dir='ltr'><strong>accesserunt,</strong></span> <span class='ocrx_word' id='word_1_728' title='bbox 2016 5594 2070 5641; x_wconf 88' lang='lat' dir='ltr'><strong>et</strong></span> 
     </span>
    </p>
   </div>
   <div class='ocr_carea' id='block_1_99' title="bbox 475 5669 2067 5750">
    <p class='ocr_par' dir='ltr' id='par_1_99' title="bbox 475 5669 2067 5750">
     <span class='ocr_line' id='line_1_99' title="bbox 475 5669 2067 5750; baseline 0.009 -29"><span class='ocrx_word' id='word_1_729' title='bbox 475 5669 543 5723; x_wconf 89' lang='lat' dir='ltr'><strong>de</strong></span> <span class='ocrx_word' id='word_1_730' title='bbox 569 5673 796 5725; x_wconf 86' lang='lat' dir='ltr'><strong>adventu</strong></span> <span class='ocrx_word' id='word_1_731' title='bbox 827 5688 942 5740; x_wconf 77' lang='lat' dir='ltr'><strong>ejus</strong></span> <span class='ocrx_word' id='word_1_732' title='bbox 970 5672 1142 5746; x_wconf 83' lang='lat' dir='ltr'><strong>deque</strong></span> <span class='ocrx_word' id='word_1_733' title='bbox 1169 5676 1375 5730; x_wconf 79' lang='lat' dir='ltr'><strong>excidio</strong></span> <span class='ocrx_word' id='word_1_734' title='bbox 1401 5677 1853 5750; x_wconf 82' lang='lat' dir='ltr'><strong>Jerosolymorum</strong></span> <span class='ocrx_word' id='word_1_735' title='bbox 1882 5681 2067 5736; x_wconf 83' lang='lat' dir='ltr'><strong>scisci-</strong></span> 
     </span>
    </p>
   </div>
   <div class='ocr_carea' id='block_1_100' title="bbox 481 5760 2068 5843">
    <p class='ocr_par' dir='ltr' id='par_1_100' title="bbox 481 5760 2068 5843">
     <span class='ocr_line' id='line_1_100' title="bbox 481 5760 2068 5843; baseline 0.012 -33"><span class='ocrx_word' id='word_1_736' title='bbox 481 5760 569 5812; x_wconf 86' lang='lat' dir='ltr'><strong>tati</strong></span> <span class='ocrx_word' id='word_1_737' title='bbox 595 5771 750 5825; x_wconf 88' lang='lat' dir='ltr'><strong>sunt;</strong></span> <span class='ocrx_word' id='word_1_738' title='bbox 779 5765 925 5817; x_wconf 88' lang='lat' dir='ltr'><strong>scitis</strong></span> <span class='ocrx_word' id='word_1_739' title='bbox 951 5775 1127 5821; x_wconf 88' lang='lat' dir='ltr'><strong>autetn</strong></span> <span class='ocrx_word' id='word_1_740' title='bbox 1151 5777 1404 5836; x_wconf 90' lang='lat' dir='ltr'><strong>quantum</strong></span> <span class='ocrx_word' id='word_1_741' title='bbox 1428 5770 1501 5823; x_wconf 91' lang='lat' dir='ltr'><strong>sit</strong></span> <span class='ocrx_word' id='word_1_742' title='bbox 1527 5770 1663 5826; x_wconf 88' lang='lat' dir='ltr'><strong>inter</strong></span> <span class='ocrx_word' id='word_1_743' title='bbox 1687 5783 1910 5843; x_wconf 90' lang='lat' dir='ltr'><strong>utraque</strong></span> <span class='ocrx_word' id='word_1_744' title='bbox 1933 5782 2068 5828; x_wconf 85' lang='lat' dir='ltr'><strong>tem-</strong></span> 
     </span>
    </p>
   </div>
   <div class='ocr_carea' id='block_1_101' title="bbox 478 5852 2065 5937">
    <p class='ocr_par' dir='ltr' id='par_1_101' title="bbox 478 5852 2065 5937">
     <span class='ocr_line' id='line_1_101' title="bbox 478 5852 2065 5937; baseline 0.014 -34"><span class='ocrx_word' id='word_1_745' title='bbox 478 5864 609 5917; x_wconf 84' lang='lat' dir='ltr'><strong>pora</strong></span> <span class='ocrx_word' id='word_1_746' title='bbox 642 5852 995 5912; x_wconf 87' lang='lat' dir='ltr'><strong>intervallum.</strong></span> <span class='ocrx_word' id='word_1_747' title='bbox 1030 5857 1160 5914; x_wconf 90' lang='lat' dir='ltr'><strong>Cum</strong></span> <span class='ocrx_word' id='word_1_748' title='bbox 1188 5861 1434 5930; x_wconf 88' lang='lat' dir='ltr'><strong>loquutus</strong></span> <span class='ocrx_word' id='word_1_749' title='bbox 1465 5875 1606 5919; x_wconf 88' lang='lat' dir='ltr'><strong>esset</strong></span> <span class='ocrx_word' id='word_1_750' title='bbox 1650 5869 1714 5923; x_wconf 91' lang='lat' dir='ltr'><strong>de</strong></span> <span class='ocrx_word' id='word_1_751' title='bbox 1759 5871 1983 5937; x_wconf 73' lang='lat' dir='ltr'><strong>excidio,</strong></span> <span class='ocrx_word' id='word_1_752' title='bbox 2015 5882 2065 5925; x_wconf 83' lang='lat' dir='ltr'><strong>et</strong></span> 
     </span>
    </p>
   </div>
   <div class='ocr_carea' id='block_1_102' title="bbox 2190 4491 3788 4563">
    <p class='ocr_par' dir='ltr' id='par_1_102' title="bbox 2190 4491 3788 4563">
     <span class='ocr_line' id='line_1_102' title="bbox 2190 4491 3788 4563; baseline 0.009 -20"><span class='ocrx_word' id='word_1_753' title='bbox 2190 4492 2288 4544; x_wconf 86' lang='lat' dir='ltr'><strong>hac</strong></span> <span class='ocrx_word' id='word_1_754' title='bbox 2313 4491 2379 4544; x_wconf 88' lang='lat' dir='ltr'><strong>de</strong></span> <span class='ocrx_word' id='word_1_755' title='bbox 2407 4506 2462 4545; x_wconf 88' lang='lat' dir='ltr'><strong>re</strong></span> <span class='ocrx_word' id='word_1_756' title='bbox 2496 4491 2706 4547; x_wconf 88' lang='lat' dir='ltr'><strong>dicendi</strong></span> <span class='ocrx_word' id='word_1_757' title='bbox 2745 4493 2903 4549; x_wconf 84' lang='lat' dir='ltr'><strong>tinctu</strong></span> <span class='ocrx_word' id='word_1_758' title='bbox 2934 4495 3175 4563; x_wconf 87' lang='lat' dir='ltr'><strong>fecisset,</strong></span> <span class='ocrx_word' id='word_1_759' title='bbox 3223 4498 3291 4553; x_wconf 87' lang='lat' dir='ltr'><strong>de</strong></span> <span class='ocrx_word' id='word_1_760' title='bbox 3317 4503 3788 4558; x_wconf 46' lang='lat' dir='ltr'><strong>consummatione</strong></span> 
     </span>
    </p>
   </div>
   <div class='ocr_carea' id='block_1_103' title="bbox 2186 4581 3783 4663">
    <p class='ocr_par' dir='ltr' id='par_1_103' title="bbox 2186 4581 3783 4663">
     <span class='ocr_line' id='line_1_103' title="bbox 2186 4581 3783 4663; baseline 0.011 -30"><span class='ocrx_word' id='word_1_761' title='bbox 2186 4589 2363 4651; x_wconf 55' lang='lat' dir='ltr'><strong>postea</strong></span> <span class='ocrx_word' id='word_1_762' title='bbox 2385 4581 2719 4651; x_wconf 86' lang='lat' dir='ltr'><strong>loquuturus,</strong></span> <span class='ocrx_word' id='word_1_763' title='bbox 2745 4585 3044 4654; x_wconf 82' lang='lat' dir='ltr'><strong>subjunxit,</strong></span> <span class='ocrx_word' id='word_1_764' title='bbox 3073 4587 3213 4642; x_wconf 84' lang='lat' dir='ltr'><strong>Tunc</strong></span> <span class='ocrx_word' id='word_1_765' title='bbox 3240 4591 3338 4644; x_wconf 85' lang='lat' dir='ltr'><strong>ista</strong></span> <span class='ocrx_word' id='word_1_766' title='bbox 3361 4600 3519 4646; x_wconf 91' lang='lat' dir='ltr'><strong>erunt</strong></span> <span class='ocrx_word' id='word_1_767' title='bbox 3549 4592 3783 4663; x_wconf 76' lang='lat' dir='ltr'><strong>(Matth.</strong></span> 
     </span>
    </p>
   </div>
   <div class='ocr_carea' id='block_1_104' title="bbox 2181 4672 3784 4753">
    <p class='ocr_par' dir='ltr' id='par_1_104' title="bbox 2181 4672 3784 4753">
     <span class='ocr_line' id='line_1_104' title="bbox 2181 4672 3784 4753; baseline 0.007 -27"><span class='ocrx_word' id='word_1_768' title='bbox 2181 4672 2296 4746; x_wconf 72' lang='grc'><strong>24)</strong></span> <span class='ocrx_word' id='word_1_769' title='bbox 2331 4690 2343 4725; x_wconf 93' lang='lat'>:</span> <span class='ocrx_word' id='word_1_770' title='bbox 2375 4674 2603 4729; x_wconf 88' lang='lat' dir='ltr'><strong>dicendo</strong></span> <span class='ocrx_word' id='word_1_771' title='bbox 2645 4686 2824 4730; x_wconf 90' lang='lat' dir='ltr'><strong>autem</strong></span> <span class='ocrx_word' id='word_1_772' title='bbox 2854 4676 3014 4744; x_wconf 85' lang='lat' dir='ltr'><strong>Tunc,</strong></span> <span class='ocrx_word' id='word_1_773' title='bbox 3060 4696 3163 4733; x_wconf 86' lang='lat' dir='ltr'><strong>non</strong></span> <span class='ocrx_word' id='word_1_774' title='bbox 3188 4680 3465 4750; x_wconf 81' lang='lat' dir='ltr'><strong>conjunxit</strong></span> <span class='ocrx_word' id='word_1_775' title='bbox 3495 4692 3733 4753; x_wconf 84' lang='lat' dir='ltr'><strong>tempora</strong></span> <span class='ocrx_word' id='word_1_776' title='bbox 3766 4728 3784 4750; x_wconf 87' lang='lat'><strong>,</strong></span> 
     </span>
    </p>
   </div>
   <div class='ocr_carea' id='block_1_105' title="bbox 2183 4764 3786 4841">
    <p class='ocr_par' dir='ltr' id='par_1_105' title="bbox 2183 4764 3786 4841">
     <span class='ocr_line' id='line_1_105' title="bbox 2183 4764 3786 4841; baseline 0.008 -24"><span class='ocrx_word' id='word_1_777' title='bbox 2183 4764 2276 4819; x_wconf 90' lang='lat' dir='ltr'><strong>sed</strong></span> <span class='ocrx_word' id='word_1_778' title='bbox 2307 4764 2433 4818; x_wconf 90' lang='lat' dir='ltr'><strong>illud</strong></span> <span class='ocrx_word' id='word_1_779' title='bbox 2462 4766 2631 4820; x_wconf 89' lang='lat' dir='ltr'><strong>solum</strong></span> <span class='ocrx_word' id='word_1_780' title='bbox 2666 4776 2875 4838; x_wconf 90' lang='lat' dir='ltr'><strong>tempus</strong></span> <span class='ocrx_word' id='word_1_781' title='bbox 2906 4768 3154 4824; x_wconf 89' lang='lat' dir='ltr'><strong>indicavit</strong></span> <span class='ocrx_word' id='word_1_782' title='bbox 3175 4812 3189 4837; x_wconf 96' lang='lat'><strong>,</strong></span> <span class='ocrx_word' id='word_1_783' title='bbox 3234 4787 3341 4841; x_wconf 92' lang='lat' dir='ltr'><strong>quo</strong></span> <span class='ocrx_word' id='word_1_784' title='bbox 3378 4772 3495 4827; x_wconf 74' lang='lat' dir='ltr'><strong>luet:</strong></span> <span class='ocrx_word' id='word_1_785' title='bbox 3521 4786 3786 4830; x_wconf 82' lang='lat' dir='ltr'><strong>eventura</strong></span> 
     </span>
    </p>
   </div>
   <div class='ocr_carea' id='block_1_106' title="bbox 2181 4855 3784 4926">
    <p class='ocr_par' dir='ltr' id='par_1_106' title="bbox 2181 4855 3784 4926">
     <span class='ocr_line' id='line_1_106' title="bbox 2181 4855 3784 4926; baseline 0.009 -17"><span class='ocrx_word' id='word_1_786' title='bbox 2181 4866 2352 4910; x_wconf 91' lang='lat' dir='ltr'><strong>erant.</strong></span> <span class='ocrx_word' id='word_1_787' title='bbox 2389 4855 2617 4926; x_wconf 91' lang='lat' dir='ltr'><strong>ldipsum</strong></span> <span class='ocrx_word' id='word_1_788' title='bbox 2665 4876 2804 4915; x_wconf 91' lang='lat' dir='ltr'><strong>nunc</strong></span> <span class='ocrx_word' id='word_1_789' title='bbox 2837 4861 2961 4916; x_wconf 90' lang='lat' dir='ltr'><strong>facit</strong></span> <span class='ocrx_word' id='word_1_790' title='bbox 2995 4879 3115 4917; x_wconf 92' lang='lat' dir='ltr'><strong>cum</strong></span> <span class='ocrx_word' id='word_1_791' title='bbox 3155 4865 3267 4921; x_wconf 85' lang='lat' dir='ltr'><strong>ait:</strong></span> <span class='ocrx_word' id='word_1_792' title='bbox 3303 4864 3367 4919; x_wconf 83' lang='lat' dir='ltr'><strong>In</strong></span> <span class='ocrx_word' id='word_1_793' title='bbox 3424 4868 3597 4922; x_wconf 83' lang='lat' dir='ltr'><strong>diebus</strong></span> <span class='ocrx_word' id='word_1_794' title='bbox 3650 4868 3784 4923; x_wconf 83' lang='lat' dir='ltr'><strong>illis.</strong></span> 
     </span>
    </p>
   </div>
   <div class='ocr_carea' id='block_1_107' title="bbox 2181 4946 3784 5029">
    <p class='ocr_par' dir='ltr' id='par_1_107' title="bbox 2181 4946 3784 5029">
     <span class='ocr_line' id='line_1_107' title="bbox 2181 4946 3784 5029; baseline 0.011 -30"><span class='ocrx_word' id='word_1_795' title='bbox 2181 4946 2295 5000; x_wconf 83' lang='lat' dir='ltr'><strong>Non</strong></span> <span class='ocrx_word' id='word_1_796' title='bbox 2344 4949 2485 5003; x_wconf 92' lang='lat' dir='ltr'><strong>enim</strong></span> <span class='ocrx_word' id='word_1_797' title='bbox 2529 4950 2870 5022; x_wconf 85' lang='lat' dir='ltr'><strong>insequentes</strong></span> <span class='ocrx_word' id='word_1_798' title='bbox 2900 4955 3077 5010; x_wconf 87' lang='lat' dir='ltr'><strong>statim</strong></span> <span class='ocrx_word' id='word_1_799' title='bbox 3118 4956 3235 5012; x_wconf 89' lang='lat' dir='ltr'><strong>dies</strong></span> <span class='ocrx_word' id='word_1_800' title='bbox 3274 4957 3628 5029; x_wconf 84' lang='lat' dir='ltr'><strong>significavit;</strong></span> <span class='ocrx_word' id='word_1_801' title='bbox 3680 4963 3784 5017; x_wconf 83' lang='lat' dir='ltr'><strong>sed</strong></span> 
     </span>
    </p>
   </div>
   <div class='ocr_carea' id='block_1_108' title="bbox 2183 5036 3773 5123">
    <p class='ocr_par' dir='ltr' id='par_1_108' title="bbox 2183 5036 3773 5123">
     <span class='ocr_line' id='line_1_108' title="bbox 2183 5036 3773 5123; baseline 0.011 -33"><span class='ocrx_word' id='word_1_802' title='bbox 2183 5036 2300 5092; x_wconf 91' lang='lat' dir='ltr'><strong>illos</strong></span> <span class='ocrx_word' id='word_1_803' title='bbox 2328 5039 2381 5091; x_wconf 88' lang='lat' dir='ltr'><strong>in</strong></span> <span class='ocrx_word' id='word_1_804' title='bbox 2414 5040 2606 5109; x_wconf 87' lang='lat' dir='ltr'><strong>quibus</strong></span> <span class='ocrx_word' id='word_1_805' title='bbox 2633 5044 2907 5113; x_wconf 89' lang='lat' dir='ltr'><strong>contigere</strong></span> <span class='ocrx_word' id='word_1_806' title='bbox 2937 5058 2997 5099; x_wconf 87' lang='lat' dir='ltr'><strong>ea</strong></span> <span class='ocrx_word' id='word_1_807' title='bbox 3025 5047 3090 5100; x_wconf 92' lang='lat' dir='ltr'><strong>ad</strong></span> <span class='ocrx_word' id='word_1_808' title='bbox 3115 5064 3234 5117; x_wconf 78' lang='lat' dir='ltr'><strong>qua:</strong></span> <span class='ocrx_word' id='word_1_809' title='bbox 3255 5052 3522 5106; x_wconf 88' lang='lat' dir='ltr'><strong>narranda</strong></span> <span class='ocrx_word' id='word_1_810' title='bbox 3554 5067 3773 5123; x_wconf 87' lang='lat' dir='ltr'><strong>progre-</strong></span> 
     </span>
    </p>
   </div>
   <div class='ocr_carea' id='block_1_109' title="bbox 2179 5128 3783 5213">
    <p class='ocr_par' dir='ltr' id='par_1_109' title="bbox 2179 5128 3783 5213">
     <span class='ocr_line' id='line_1_109' title="bbox 2179 5128 3783 5213; baseline 0.012 -31"><span class='ocrx_word' id='word_1_811' title='bbox 2179 5128 2339 5185; x_wconf 87' lang='lat' dir='ltr'><strong>ditur.</strong></span> <span class='ocrx_word' id='word_1_812' title='bbox 2399 5131 2466 5185; x_wconf 82' lang='lat' dir='ltr'><strong>Et</strong></span> <span class='ocrx_word' id='word_1_813' title='bbox 2517 5148 2646 5199; x_wconf 90' lang='lat' dir='ltr'><strong>cur,</strong></span> <span class='ocrx_word' id='word_1_814' title='bbox 2697 5136 2924 5205; x_wconf 86' lang='lat' dir='ltr'><strong>inquies,</strong></span> <span class='ocrx_word' id='word_1_815' title='bbox 2969 5152 3088 5208; x_wconf 88' lang='lat' dir='ltr'><strong>post</strong></span> <span class='ocrx_word' id='word_1_816' title='bbox 3138 5142 3349 5213; x_wconf 89' lang='lat' dir='ltr'><strong>triginta</strong></span> <span class='ocrx_word' id='word_1_817' title='bbox 3392 5160 3559 5200; x_wconf 88' lang='lat' dir='ltr'><strong>annos</strong></span> <span class='ocrx_word' id='word_1_818' title='bbox 3585 5146 3649 5200; x_wconf 91' lang='lat' dir='ltr'><strong>ad</strong></span> <span class='ocrx_word' id='word_1_819' title='bbox 3684 5148 3783 5200; x_wconf 58' lang='lat' dir='ltr'><strong>ba-</strong></span> 
     </span>
    </p>
   </div>
   <div class='ocr_carea' id='block_1_110' title="bbox 2181 5222 3782 5310">
    <p class='ocr_par' dir='ltr' id='par_1_110' title="bbox 2181 5222 3782 5310">
     <span class='ocr_line' id='line_1_110' title="bbox 2181 5222 3782 5310; baseline 0.014 -38"><span class='ocrx_word' id='word_1_820' title='bbox 2181 5222 2428 5289; x_wconf 88' lang='lat' dir='ltr'><strong>ptismnm</strong></span> <span class='ocrx_word' id='word_1_821' title='bbox 2466 5226 2609 5279; x_wconf 88' lang='lat' dir='ltr'><strong>venit</strong></span> <span class='ocrx_word' id='word_1_822' title='bbox 2654 5227 2847 5283; x_wconf 79' lang='lat' dir='ltr'><strong>Jesns?</strong></span> <span class='ocrx_word' id='word_1_823' title='bbox 2879 5231 3005 5285; x_wconf 79' lang='lat' dir='ltr'><strong>Post</strong></span> <span class='ocrx_word' id='word_1_824' title='bbox 3056 5232 3197 5289; x_wconf 91' lang='lat' dir='ltr'><strong>hunc</strong></span> <span class='ocrx_word' id='word_1_825' title='bbox 3248 5236 3569 5305; x_wconf 86' lang='lat' dir='ltr'><strong>baptismum</strong></span> <span class='ocrx_word' id='word_1_826' title='bbox 3602 5240 3782 5310; x_wconf 84' lang='lat' dir='ltr'><strong>legem</strong></span> 
     </span>
    </p>
   </div>
   <div class='ocr_carea' id='block_1_111' title="bbox 2179 5316 3783 5406">
    <p class='ocr_par' dir='ltr' id='par_1_111' title="bbox 2179 5316 3783 5406">
     <span class='ocr_line' id='line_1_111' title="bbox 2179 5316 3783 5406; baseline 0.014 -37"><span class='ocrx_word' id='word_1_827' title='bbox 2179 5316 2450 5371; x_wconf 88' lang='lat' dir='ltr'><strong>soluturus</strong></span> <span class='ocrx_word' id='word_1_828' title='bbox 2496 5331 2611 5374; x_wconf 90' lang='lat' dir='ltr'><strong>erat</strong></span> <span class='ocrx_word' id='word_1_829' title='bbox 2661 5341 2672 5375; x_wconf 92' lang='lat'>:</span> <span class='ocrx_word' id='word_1_830' title='bbox 2725 5324 2844 5377; x_wconf 86' lang='lat' dir='ltr'><strong>ideo</strong></span> <span class='ocrx_word' id='word_1_831' title='bbox 2874 5326 2937 5378; x_wconf 91' lang='lat' dir='ltr'><strong>ad</strong></span> <span class='ocrx_word' id='word_1_832' title='bbox 2978 5328 3117 5382; x_wconf 84' lang='lat' dir='ltr'><strong>illam</strong></span> <span class='ocrx_word' id='word_1_833' title='bbox 3166 5346 3333 5401; x_wconf 87' lang='lat' dir='ltr'><strong>usque</strong></span> <span class='ocrx_word' id='word_1_834' title='bbox 3375 5343 3623 5402; x_wconf 83' lang='lat' dir='ltr'><strong>:etatcm,</strong></span> <span class='ocrx_word' id='word_1_835' title='bbox 3653 5352 3783 5406; x_wconf 67' lang='lat' dir='ltr'><strong>quae</strong></span> 
     </span>
    </p>
   </div>
   <div class='ocr_carea' id='block_1_112' title="bbox 2181 5414 3779 5493">
    <p class='ocr_par' dir='ltr' id='par_1_112' title="bbox 2181 5414 3779 5493">
     <span class='ocr_line' id='line_1_112' title="bbox 2181 5414 3779 5493; baseline 0.016 -36"><span class='ocrx_word' id='word_1_836' title='bbox 2181 5416 2353 5474; x_wconf 86' lang='lat' dir='ltr'><strong>potest</strong></span> <span class='ocrx_word' id='word_1_837' title='bbox 2382 5420 2598 5477; x_wconf 86' lang='lat' dir='ltr'><strong>peccata</strong></span> <span class='ocrx_word' id='word_1_838' title='bbox 2622 5414 2903 5470; x_wconf 89' lang='lat' dir='ltr'><strong>admittere</strong></span> <span class='ocrx_word' id='word_1_839' title='bbox 2925 5420 3123 5482; x_wconf 87' lang='lat' dir='ltr'><strong>omnia,</strong></span> <span class='ocrx_word' id='word_1_840' title='bbox 3158 5423 3207 5474; x_wconf 92' lang='lat' dir='ltr'><strong>in</strong></span> <span class='ocrx_word' id='word_1_841' title='bbox 3242 5423 3374 5493; x_wconf 77' lang='lat' dir='ltr'><strong>legis</strong></span> <span class='ocrx_word' id='word_1_842' title='bbox 3404 5428 3565 5481; x_wconf 89' lang='lat' dir='ltr'><strong>totius</strong></span> <span class='ocrx_word' id='word_1_843' title='bbox 3586 5428 3779 5483; x_wconf 70' lang='lat' dir='ltr'><strong>obser~</strong></span> 
     </span>
    </p>
   </div>
   <div class='ocr_carea' id='block_1_113' title="bbox 2179 5501 3777 5588">
    <p class='ocr_par' dir='ltr' id='par_1_113' title="bbox 2179 5501 3777 5588">
     <span class='ocr_line' id='line_1_113' title="bbox 2179 5501 3777 5588; baseline 0.014 -36"><span class='ocrx_word' id='word_1_844' title='bbox 2179 5501 2387 5556; x_wconf 88' lang='lat' dir='ltr'><strong>vatione</strong></span> <span class='ocrx_word' id='word_1_845' title='bbox 2408 5507 2635 5570; x_wconf 86' lang='lat' dir='ltr'><strong>mansit;</strong></span> <span class='ocrx_word' id='word_1_846' title='bbox 2658 5524 2723 5563; x_wconf 89' lang='lat' dir='ltr'><strong>ne</strong></span> <span class='ocrx_word' id='word_1_847' title='bbox 2748 5510 2865 5577; x_wconf 86' lang='lat' dir='ltr'><strong>quis</strong></span> <span class='ocrx_word' id='word_1_848' title='bbox 2886 5512 3107 5578; x_wconf 87' lang='lat' dir='ltr'><strong>diceret,</strong></span> <span class='ocrx_word' id='word_1_849' title='bbox 3132 5516 3300 5583; x_wconf 80' lang='lat' dir='ltr'><strong>ipsum</strong></span> <span class='ocrx_word' id='word_1_850' title='bbox 3327 5518 3498 5588; x_wconf 83' lang='lat' dir='ltr'><strong>legem</strong></span> <span class='ocrx_word' id='word_1_851' title='bbox 3521 5522 3777 5588; x_wconf 79' lang='lat' dir='ltr'><strong>solvisse,</strong></span> 
     </span>
    </p>
   </div>
   <div class='ocr_carea' id='block_1_114' title="bbox 2176 5593 3778 5681">
    <p class='ocr_par' dir='ltr' id='par_1_114' title="bbox 2176 5593 3778 5681">
     <span class='ocr_line' id='line_1_114' title="bbox 2176 5593 3778 5681; baseline 0.016 -39"><span class='ocrx_word' id='word_1_852' title='bbox 2176 5593 2314 5661; x_wconf 86' lang='lat' dir='ltr'><strong>quod</strong></span> <span class='ocrx_word' id='word_1_853' title='bbox 2340 5609 2444 5648; x_wconf 88' lang='lat' dir='ltr'><strong>non</strong></span> <span class='ocrx_word' id='word_1_854' title='bbox 2469 5608 2649 5665; x_wconf 88' lang='lat' dir='ltr'><strong>posset</strong></span> <span class='ocrx_word' id='word_1_855' title='bbox 2672 5614 2789 5653; x_wconf 90' lang='lat' dir='ltr'><strong>eam</strong></span> <span class='ocrx_word' id='word_1_856' title='bbox 2820 5602 3064 5671; x_wconf 87' lang='lat' dir='ltr'><strong>implere.</strong></span> <span class='ocrx_word' id='word_1_857' title='bbox 3095 5606 3207 5660; x_wconf 82' lang='lat' dir='ltr'><strong>Non</strong></span> <span class='ocrx_word' id='word_1_858' title='bbox 3240 5609 3381 5662; x_wconf 86' lang='lat' dir='ltr'><strong>enim</strong></span> <span class='ocrx_word' id='word_1_859' title='bbox 3410 5626 3600 5666; x_wconf 78' lang='lat' dir='ltr'><strong>Otones</strong></span> <span class='ocrx_word' id='word_1_860' title='bbox 3623 5617 3778 5681; x_wconf 88' lang='lat' dir='ltr'><strong>pravi</strong></span> 
     </span>
    </p>
   </div>
   <div class='ocr_carea' id='block_1_115' title="bbox 2177 5682 3778 5766">
    <p class='ocr_par' dir='ltr' id='par_1_115' title="bbox 2177 5682 3778 5766">
     <span class='ocr_line' id='line_1_115' title="bbox 2177 5682 3778 5766; baseline 0.015 -30"><span class='ocrx_word' id='word_1_861' title='bbox 2177 5682 2426 5754; x_wconf 82' lang='lat' dir='ltr'><strong>allectus,</strong></span> <span class='ocrx_word' id='word_1_862' title='bbox 2463 5689 2638 5743; x_wconf 90' lang='lat' dir='ltr'><strong>omnia</strong></span> <span class='ocrx_word' id='word_1_863' title='bbox 2684 5693 2808 5746; x_wconf 88' lang='lat' dir='ltr'><strong>vitia</strong></span> <span class='ocrx_word' id='word_1_864' title='bbox 2852 5710 3066 5766; x_wconf 86' lang='lat' dir='ltr'><strong>semper</strong></span> <span class='ocrx_word' id='word_1_865' title='bbox 3103 5698 3301 5753; x_wconf 79' lang='lat' dir='ltr'><strong>instant</strong></span> <span class='ocrx_word' id='word_1_866' title='bbox 3352 5702 3661 5757; x_wconf 75' lang='lat' dir='ltr'><strong>nobisrsed</strong></span> <span class='ocrx_word' id='word_1_867' title='bbox 3722 5706 3778 5761; x_wconf 88' lang='lat' dir='ltr'><strong>iu</strong></span> 
     </span>
    </p>
   </div>
   <div class='ocr_carea' id='block_1_116' title="bbox 2181 5782 3780 5863">
    <p class='ocr_par' dir='ltr' id='par_1_116' title="bbox 2181 5782 3780 5863">
     <span class='ocr_line' id='line_1_116' title="bbox 2181 5782 3780 5863; baseline 0.014 -31"><span class='ocrx_word' id='word_1_868' title='bbox 2181 5782 2427 5847; x_wconf 80' lang='lat' dir='ltr'><strong>pritmeva</strong></span> <span class='ocrx_word' id='word_1_869' title='bbox 2487 5796 2643 5840; x_wconf 59' lang='lat' dir='ltr'><strong>astate</strong></span> <span class='ocrx_word' id='word_1_870' title='bbox 2712 5788 3063 5859; x_wconf 87' lang='lat' dir='ltr'><strong>imprudentia</strong></span> <span class='ocrx_word' id='word_1_871' title='bbox 3134 5793 3273 5863; x_wconf 75' lang='lat' dir='ltr'><strong>viget</strong></span> <span class='ocrx_word' id='word_1_872' title='bbox 3323 5804 3375 5850; x_wconf 89' lang='lat' dir='ltr'><strong>et</strong></span> <span class='ocrx_word' id='word_1_873' title='bbox 3431 5796 3780 5854; x_wconf 82' lang='lat' dir='ltr'><strong>imbecillitas</strong></span> 
     </span>
    </p>
   </div>
   <div class='ocr_carea' id='block_1_117' title="bbox 2179 5877 3768 5956">
    <p class='ocr_par' dir='ltr' id='par_1_117' title="bbox 2179 5877 3768 5956">
     <span class='ocr_line' id='line_1_117' title="bbox 2179 5877 3768 5956; baseline 0.011 -30"><span class='ocrx_word' id='word_1_874' title='bbox 2179 5877 2337 5930; x_wconf 85' lang='lat' dir='ltr'><strong>animi</strong></span> <span class='ocrx_word' id='word_1_875' title='bbox 2365 5895 2377 5942; x_wconf 92' lang='lat'><strong>;</strong></span> <span class='ocrx_word' id='word_1_876' title='bbox 2412 5878 2462 5933; x_wconf 91' lang='lat' dir='ltr'><strong>in</strong></span> <span class='ocrx_word' id='word_1_877' title='bbox 2493 5882 2733 5949; x_wconf 75' lang='lat' dir='ltr'><strong>sequenti</strong></span> <span class='ocrx_word' id='word_1_878' title='bbox 2775 5882 3145 5939; x_wconf 84' lang='lat' dir='ltr'><strong>vehementius</strong></span> <span class='ocrx_word' id='word_1_879' title='bbox 3177 5886 3337 5941; x_wconf 89' lang='lat' dir='ltr'><strong>instat</strong></span> <span class='ocrx_word' id='word_1_880' title='bbox 3364 5887 3567 5952; x_wconf 76' lang='lat' dir='ltr'><strong>libido;</strong></span> <span class='ocrx_word' id='word_1_881' title='bbox 3602 5890 3655 5945; x_wconf 89' lang='lat' dir='ltr'><strong>in</strong></span> <span class='ocrx_word' id='word_1_882' title='bbox 3685 5907 3768 5956; x_wconf 86' lang='lat' dir='ltr'><strong>ea,</strong></span> 
     </span>
    </p>
   </div>
  </div>
