4052 6434
279 424 377 480 I85

279 551 396 606 quia:
421 533 564 588 hanc
597 529 816 600 excipit,
848 541 1010 598 opum
1063 521 1346 594 cupiditas.
1402 521 1690 589 Propterea
1740 515 1880 568 hanc

280 639 445 683 totam
489 631 706 678 aetatem
734 633 1021 684 emensus,
1051 626 1106 671 et
1135 615 1306 686 legem
1351 612 1454 668 hoc
1480 620 1593 666 toto
1635 618 1877 678 tempore

279 723 646 786 exsequutus,
693 713 772 766 sic
815 711 880 764 ad
911 710 1227 778 baptismum
1268 705 1446 769 venit,
1472 717 1632 774 quem
1664 710 1874 771 postre-

280 823 429 862 mum
476 804 714 867 addidit,
768 810 1044 872 postquam
1098 799 1201 853 alia
1242 805 1508 868 praecepta
1541 794 1872 864 impleverat.

242 899 436 968 ,‘Quod
462 898 609 954 enim
637 897 738 952 hoc
781 904 1108 965 postremum
1168 891 1266 962 ipsi
1320 890 1476 945 fuerit
1509 905 1576 944 ex
1624 886 1876 958 operibus

279 992 573 1064 legalibus,
624 989 748 1044 audi
785 1004 910 1043 cum
955 988 1219 1042 dicentem
1270 1002 1283 1036 :
1319 984 1408 1039 Sic
1440 983 1572 1036 enim
1610 979 1748 1034 decet
1785 997 1874 1034 nos

280 1083 496 1153 implere
520 1098 717 1136 onmem
729 1080 984 1148 justitiam
1010 1078 1028 1148 (
1052 1076 1240 1130 Matth.
1271 1077 1324 1130 5.
1359 1075 1482 1144 15).
1513 1071 1665 1140 Quod
1694 1081 1872 1126 autem

277 1179 432 1241 dicit,
458 1173 761 1244 lmjusmodi
782 1182 864 1229 est
895 1191 908 1227 :
931 1172 1118 1227 Omnia
1137 1169 1326 1240 legalia
1363 1166 1698 1238 implevimus
1718 1184 1732 1223 :
1755 1167 1875 1221 nul-

279 1269 388 1324 lum
437 1265 756 1338 transgressi
791 1279 978 1320 sumus
1024 1261 1350 1317 mandatum.
1393 1259 1526 1328 Quia
1570 1257 1727 1330 igitur
1773 1258 1875 1314 hoc

280 1376 448 1416 utrum
463 1367 729 1430 superest,
747 1365 960 1426 oportet
975 1354 1102 1410 illud
1119 1367 1330 1424 quoque
1345 1350 1560 1415 addere,
1576 1350 1756 1420 sicque
1769 1365 1874 1404 om-

280 1467 407 1507 nem
443 1450 703 1521 justitiam
733 1448 1088 1519 implebimus.
1118 1445 1383 1502 Justitiam
1421 1443 1568 1501 enim
1607 1442 1694 1498 hic
1718 1451 1874 1497 vocat

279 1544 525 1600 omnium
558 1542 928 1598 mandatorum
963 1541 1413 1598 observationem.
1455 1537 1726 1594 Christum
1772 1537 1872 1608 igi-

281 1646 370 1690 tur
397 1634 497 1690 bac
523 1633 592 1690 de
623 1648 784 1688 causa
811 1632 878 1688 ad
919 1632 1239 1702 baptismum
1269 1629 1477 1685 venisse
1504 1629 1628 1684 hinc
1655 1627 1872 1698 conspi-

275 1741 440 1782 cuum
466 1734 568 1782 est.
595 1724 710 1793 Qua
739 1723 809 1780 de
848 1737 1007 1778 causa
1049 1737 1179 1778 vero
1226 1721 1328 1776 hoc
1372 1719 1633 1790 baptisma
1663 1720 1730 1774 ab
1755 1719 1872 1789 ipso

275 1817 638 1888 excogitatum
686 1816 805 1872 est?
846 1813 997 1881 Quod
1034 1815 1178 1868 enim
1210 1811 1483 1868 Zachariae
1526 1812 1664 1866 [ilius
1708 1826 1813 1866 non
1839 1826 1869 1865 a

274 1909 592 1979 semetipso,
620 1906 716 1962 sed
744 1906 854 1963 Deo
881 1913 1131 1962 movente
1158 1904 1224 1959 ad
1256 1903 1358 1958 hoc
1379 1903 1605 1970 venerit,
1629 1902 1677 1956 id
1702 1901 1870 1957 Lucas

273 2002 519 2058 declarat
551 2001 766 2063 dicens,
827 1998 1041 2054 Verbum
1071 1997 1279 2052 Domini
1307 1997 1501 2066 [actum
1541 2005 1614 2050 est
1651 1995 1720 2048 ad
1756 2011 1871 2049 eum

277 2094 445 2161 (Luc.
476 2094 529 2149 ὅ.
569 2091 639 2162 2)
663 2135 678 2159 ,
712 2092 765 2147 id
793 2101 916 2158 est,
966 2091 1297 2146 mandatum.
1336 2090 1452 2161 Ipse
1495 2105 1706 2160 quoque
1749 2089 1868 2143 ait:

280 2188 384 2253 Qui
424 2202 504 2240 me
539 2186 673 2240 misit
698 2184 956 2253 baptizare
993 2185 1046 2238 in
1070 2200 1224 2254 aqua,
1251 2185 1339 2238 ille
1361 2184 1483 2238 mihi
1502 2183 1630 2236 dixit
1652 2198 1672 2236 :
1703 2180 1872 2251 Super

273 2295 424 2347 quem
451 2278 634 2331 uideris
663 2278 914 2349 Spiritum
945 2277 1321 2331 descendentem
1360 2277 1506 2346 quasi
1547 2276 1865 2340 columbam,

272 2383 320 2426 et
353 2382 634 2425 manentem
674 2388 826 2440 super
863 2388 973 2424 eum
995 2414 1010 2438 ,
1043 2371 1125 2424 hic
1153 2371 1331 2440 estqui
1353 2369 1572 2439 baptizat
1595 2369 1645 2422 in
1669 2369 1868 2438 Spiritu

273 2473 452 2517 sancto
500 2462 689 2533 (Joan.
734 2465 783 2518 1.
837 2461 966 2533 55).
1014 2462 1122 2516 Cur
1163 2473 1337 2518 autem
1379 2462 1444 2516 ad
1491 2460 1865 2530 baptizandum

275 2555 476 2609 missus
512 2556 626 2610 est?
657 2554 769 2610 lloc
816 2557 942 2610 item
989 2554 1141 2609 nobis
1169 2553 1405 2609 declarat
1447 2552 1679 2622 Baptista
1711 2567 1726 2606 :
1754 2550 1866 2622 Ego

273 2647 550 2700 nesciebam
586 2663 730 2713 eum;
751 2647 839 2702 sed
876 2656 930 2700 ut
961 2645 1366 2714 manifestaretur
1407 2646 1459 2698 in
1508 2643 1708 2710 Israel,
1752 2645 1865 2698 ideo

273 2739 389 2791 veni
435 2739 482 2791 in
534 2753 669 2806 aqua
711 2739 972 2810 baptizans
1004 2737 1177 2808 (Ibid.
1207 2755 1254 2791 υ.
1288 2738 1348 2794 51
1371 2738 1411 2807 ).
1441 2737 1504 2792 Et
1531 2738 1575 2792 si
1608 2737 1721 2791 haec
1751 2737 1862 2791 sola

272 2846 436 2884 causa
466 2841 614 2897 erat,
651 2831 924 2901 quomodo
970 2831 1046 2886 ait
1090 2830 1297 2894 Lucas,
1351 2829 1498 2883 Venit
1523 2830 1576 2882 in
1613 2831 1866 2899 regionem

268 2922 539 2990 Jordanis,
571 2924 853 2992 praedicans
881 2924 1184 2992 baptismum
1206 2923 1508 2993 paenitentia:
1533 2923 1585 2975 in
1613 2922 1866 2976 remissio-

270 3033 389 3070 nem
413 3027 721 3083 peccatorum
747 3016 766 3088 (
780 3015 910 3071 Luc.
933 3017 986 3072 3.
1005 3016 1069 3088 5)
1091 3016 1114 3069 ?
1136 3017 1465 3086 Quamquam
1489 3016 1861 3071 remissionem

271 3121 382 3160 non
417 3105 672 3170 habebat,
701 3106 795 3162 sed
825 3106 928 3162 hoc
952 3106 1153 3162 donum
1184 3116 1300 3162 erat
1324 3107 1572 3176 baptismi
1599 3147 1614 3173 ,
1652 3106 1739 3176 qui
1773 3120 1864 3174 po-

267 3206 386 3253 stea
412 3196 569 3252 datus
595 3205 710 3263 est;
759 3197 811 3252 in
859 3199 960 3254 hoc
999 3199 1484 3269 enim-consepulti
1535 3213 1757 3264 snnms,
1809 3206 1863 3254 ct

268 3298 427 3342 vetus
449 3287 606 3342 homo
635 3297 818 3344 noster
839 3297 964 3343 tunc
1005 3304 1106 3344 una
1148 3289 1434 3344 crucifixus
1474 3298 1595 3356 est,
1645 3297 1698 3344 et
1739 3298 1862 3346 ante

265 3393 485 3435 crucem
513 3394 769 3448 nusquam
799 3380 1046 3435 remissio
1076 3380 1213 3436 facta
1252 3381 1579 3451 comperitur
1611 3398 1626 3436 :
1668 3381 1861 3450 ubique

264 3473 418 3527 enim
455 3472 554 3527 hoc
581 3473 820 3544 sanguini
864 3474 980 3544 ejus
1007 3473 1310 3544 deputatur.
1357 3474 1550 3530 Paulus
1579 3491 1707 3530 vero
1737 3476 1811 3529 ait
1842 3492 1856 3532 :

266 3566 378 3622 Sed
406 3566 563 3619 abluti
583 3567 720 3630 estis,
752 3567 841 3620 sed
860 3568 1162 3637 sanctiﬁcati
1183 3569 1320 3635 estis,
1346 3584 1448 3623 non
1477 3586 1571 3638 per
1598 3569 1858 3640 baptisma

263 3661 519 3726 Joannis,
547 3661 662 3724 sed,
695 3663 749 3715 in
769 3662 971 3716 nomine
1003 3661 1208 3716 Domini
1238 3663 1399 3716 nostri
1427 3663 1552 3718 Jesu
1587 3661 1794 3725 Christi,
1815 3672 1859 3716 et

263 3758 319 3807 in
351 3755 550 3824 Spiritu
593 3753 690 3808 Dei
711 3758 870 3808 nostri
902 3755 994 3826 (1.
1033 3754 1150 3811 Cor.
1183 3757 1236 3810 6.
1293 3757 1415 3824 11).
1461 3757 1527 3810 El.
1579 3756 1701 3810 alibi
1749 3759 1855 3821 ait,

260 3847 490 3901 Joannes
525 3847 727 3917 quidem
769 3849 1056 3917 praedicauit
1104 3849 1405 3918 baptismum
1453 3849 1770 3918 poenitentiae,
1806 3857 1860 3902 ct

261 3955 372 3995 non
400 3938 547 4005 dicit,
576 3939 924 4002 remissionis,
972 3950 1024 3992 ut
1069 3941 1326 3993 crederent
1356 3941 1409 3994 in
1447 3941 1719 3994 venientem
1747 3950 1858 4008 post

259 4048 379 4085 eum
415 4030 566 4100 (Act.
597 4031 682 4086 19.
711 4032 802 4094 4).
834 4031 969 4084 Cum
1013 4032 1154 4085 enim
1205 4032 1441 4086 nondum
1492 4032 1726 4085 oblatum
1773 4046 1857 4084 sa—

259 4122 523 4177 criﬁcium
553 4131 716 4189 esset,
749 4139 845 4177 nec
871 4123 1100 4193 Spiritus
1130 4123 1491 4178 descendisset
1516 4165 1528 4185 ,
1576 4138 1674 4176 nec
1726 4138 1853 4190 pee-

259 4225 442 4269 catum
491 4215 720 4270 solutum
765 4227 937 4282 esset,
991 4232 1090 4271 nec
1147 4216 1419 4271 inimicitia
1457 4217 1700 4281 sublata,
1759 4231 1856 4272 nec

261 4305 570 4362 maledictio
627 4307 830 4374 deleta,
899 4307 1170 4377 quomodo
1223 4307 1465 4362 remissio
1517 4317 1854 4376 peccatorum

258 4399 403 4454 facta
433 4399 615 4453 esset?

333 4488 393 4542 2.
424 4489 560 4557 Quid
592 4498 676 4544 est
705 4490 863 4559 igitur
891 4490 1039 4556 illud,
1067 4489 1132 4545 In
1162 4490 1503 4546 remissionem
1537 4501 1856 4560 peccatorum

258 4583 280 4652 (
310 4581 476 4635 Marc.
507 4583 558 4636 1.
591 4583 697 4653 Ηῖ
731 4583 963 4652 improbi
1008 4581 1291 4637 admodum
1343 4591 1495 4636 erant
1533 4582 1722 4646 Judaei,
1757 4596 1856 4637 nec

258 4690 515 4743 umquam
565 4678 617 4730 in
657 4686 998 4745 peccatorum
1048 4689 1262 4730 SllOl‘Ulll
1309 4689 1525 4729 sensum
1577 4683 1851 4737 venerant,

255 4767 357 4822 sed
389 4767 645 4822 extremis
677 4767 892 4823 obnoxii
924 4768 1098 4832 malis,
1131 4783 1189 4823 se
1221 4767 1418 4836 ubique
1454 4766 1629 4834 justos
1660 4766 1854 4836 pracdi-

253 4860 456 4914 cabant
486 4878 500 4914 :
527 4860 579 4915 id
619 4861 763 4931 quod
803 4860 1100 4930 praesertim
1149 4861 1292 4928 ipsos
1322 4859 1572 4928 perdidit,
1601 4869 1655 4913 et
1693 4875 1722 4912 a
1756 4857 1857 4913 [ide

253 4951 502 5008 abduxit.
538 4953 646 5008 Hac
686 4954 753 5009 de
799 4969 858 5008 re
899 4953 1018 5007 illos
1066 4953 1260 5008 Paulus
1305 4966 1563 5007 accusans
1604 4951 1854 5007 dicebat:

255 5043 566 5114 Ignorantes
612 5043 705 5098 Dei
742 5045 998 5114 justitiam
1036 5054 1082 5098 et
1124 5060 1269 5098 suam
1305 5051 1578 5112 qua'rentes
1617 5051 1853 5109 statuere,

255 5137 475 5202 iustitia:
498 5136 594 5190 Dei
618 5154 719 5191 non
747 5147 861 5190 sunt
887 5137 1095 5201 subiecti
1123 5137 1298 5208 (Rom.
1325 5137 1408 5192 10.
1441 5135 1518 5206 5).
1549 5137 1614 5191 Ει
1639 5150 1854 5191 rursus:

258 5227 404 5292 Quid
445 5243 562 5300 ergo
600 5229 864 5282 dicemus?
894 5229 1041 5296 Quod
1082 5238 1251 5298 gentes
1275 5244 1387 5298 qua:
1414 5244 1511 5281 non
1541 5229 1858 5281 sectabantur

258 5320 533 5385 iustitiam,
574 5319 1012 5390 appreltenderunl
1038 5321 1289 5390 justitiam
1326 5333 1345 5371 :
1393 5319 1553 5373 Israel
1581 5329 1751 5372 autem
1779 5335 1856 5372 se-

258 5410 450 5463 ctanda
493 5411 650 5480 legem
683 5410 917 5479 justitiw,
965 5411 1015 5463 in
1066 5410 1224 5480 legem
1241 5411 1460 5479 justltia:
1487 5427 1586 5464 non
1612 5410 1853 5476 pervenit.

263 5503 475 5566 Quare?
507 5503 640 5569 Quia
669 5520 769 5555 non
792 5519 856 5556 ea:
884 5503 1004 5570 ﬁde,
1032 5502 1120 5557 sed
1147 5503 1294 5571 quasi
1325 5519 1387 5556 ea:
1421 5503 1652 5572 operibus
1680 5500 1856 5573 (Ibid.

257 5595 313 5650 9.
347 5594 519 5650 50-52
546 5595 586 5660 ).
612 5595 749 5662 Quia
775 5595 932 5664 igitur
963 5594 1075 5649 lucc
1099 5609 1256 5649 causa
1287 5595 1546 5648 malorum
1590 5603 1725 5658 erat,
1758 5593 1854 5647 ad-

259 5691 414 5745 venit
455 5690 709 5756 Joannes,
758 5690 890 5744 nihil
933 5687 1076 5744 aliud
1125 5704 1312 5758 agens,
1358 5705 1516 5758 quam
1559 5697 1616 5742 ut
1645 5687 1762 5741 illos
1791 5687 1856 5741 ad

262 5792 606 5854 peccatorum
637 5798 856 5838 suorum
883 5782 1243 5852 cognitionem
1274 5781 1562 5836 deduceret
1592 5797 1604 5832 :
1638 5779 1688 5833 id
1713 5778 1858 5847 quod

261 5881 428 5936 etiam
454 5878 597 5934 illius
631 5877 841 5932 habitus
871 5875 1204 5942 ostendebat,
1239 5875 1326 5946 qui
1355 5875 1534 5945 tttiquc
1579 5873 1644 5928 ad
1684 5872 1854 5943 pecni-

1488 407 1552 465 ΙΝ
1588 401 1999 463 ΜΛΤΤΙΙιΕυΜ
2040 405 2267 464 HOMIL.
2316 409 2380 464 Χ.

3472 415 3576 474 {3'5

1991 516 2209 572 tentiam
2256 529 2312 574 et
2353 520 2744 579 conieSsionem
2787 525 3116 596 compositus
3159 534 3294 582 erat.
3329 527 3438 584 Hoc
3465 529 3575 598 ipsa

1985 623 2197 678 quoque
2246 613 2554 681 praedicatio
2598 615 3004 672 demonstravit.
3057 618 3195 673 Nihil
3239 623 3382 675 enim
3431 621 3573 676 aliud

1983 700 2213 768 dicebat,
2259 720 2441 774 quam,
2485 707 2540 763 8.
2585 708 2768 765 Facite
2807 711 3004 779 fructus
3049 712 3229 783 dignos
3271 716 3577 784 pwnitentiaz

1983 794 2132 864 (Luc.
2161 799 2215 852 5.
2248 800 2302 867 δ)
2356 799 2489 866 Quia
2523 800 2681 871 igitur
2701 803 2840 873 quod
2875 815 3085 872 peccata
3114 821 3209 860 sua
3238 822 3341 862 non
3371 808 3576 876 impro-

1984 888 2191 954 harent,
2220 899 2275 942 ut
2305 891 2498 946 Paulus
2525 893 2836 961 declaravit,
2879 895 3000 950 ideo
3042 912 3073 950 a
3113 897 3327 952 Christo
3361 899 3572 954 resilie-

1976 989 2106 1033 runt
2134 996 2148 1034 :
2180 993 2395 1050 peccata
2441 995 2618 1040 autem
2671 986 2722 1040 in
2755 997 2986 1042 mentem
3019 1003 3290 1049 revocare.
3324 991 3374 1044 id
3409 990 3575 1048 efﬁcit

1982 1081 2038 1126 ut
2060 1073 2366 1145 redemptor
2410 1088 2698 1146 qumratnr,
2741 1090 2796 1137 et
2833 1081 3080 1137 remissio
3104 1082 3444 1139 desideretur
3477 1104 3487 1137 :
3523 1087 3573 1140 id

1981 1175 2376 1235 pra-paraturus
2419 1171 2564 1224 venit
2608 1170 2863 1238 Joannes,
2917 1184 2970 1228 et
3011 1173 3320 1230 hortaturus
3361 1177 3481 1232 illos
3520 1189 3577 1233 ut

1981 1258 2347 1324 ptenitentiam
2375 1271 2630 1330 agerent:
2672 1279 2777 1318 non
2807 1273 2858 1319 ut
2888 1266 3232 1334 punirentur;
3267 1267 3360 1322 scd
3392 1277 3448 1321 ut
3482 1285 3579 1337 per

1981 1350 2346 1417 paenitentiam
2399 1351 2711 1410 humiliores
2757 1357 2953 1421 ell‘ccti,
3005 1373 3069 1411 ac
3117 1373 3238 1414 sese
3291 1359 3434 1428 ipsos
3478 1361 3576 1414 da—

1980 1449 2244 1503 mnantes,
2281 1442 2347 1496 ad
2375 1443 2745 1500 remissionem
2778 1447 3164 1516 impetrandam
3205 1463 3576 1506 accnrrerent.

1979 1530 2113 1586 Vide
2155 1534 2312 1602 igitur
2355 1551 2511 1605 quam
2562 1535 2679 1592 ιιωο
2721 1537 3004 1608 diligenter
3049 1543 3394 1610 exprcherit.
3439 1543 3573 1598 Cum

1976 1625 2199 1682 dixisset
2221 1628 2384 1694 enim,
2427 1629 2572 1684 Venit
2608 1632 2890 1700 praedicans
2932 1634 3233 1703 baptismum
3268 1638 3575 1706 mandentia:

1977 1719 2030 1771 in
2059 1720 2256 1774 deserto
2284 1719 2503 1790 Judwaz,
2536 1723 2758 1787 addidit,
2801 1723 2867 1777 In
2907 1727 3246 1781 remissionem
3276 1727 3479 1800 (Marc.
3519 1732 3569 1784 1.

1975 1809 2055 1883 ii);
2084 1828 2148 1868 ac
2173 1814 2216 1867 si
2238 1813 2445 1868 diceret
2474 1831 2486 1868 :
2521 1815 2643 1870 ldeo
2686 1816 2803 1873 illos
2834 1817 3078 1874 hortatus
3130 1827 3215 1874 est
3256 1829 3311 1874 ut
3340 1822 3565 1877 conﬁtc-

1977 1915 2163 1960 rentur
2192 1917 2246 1962 et
2292 1909 2658 1976 paenitentiam
2705 1920 2944 1980 agerent,
2980 1926 3087 1966 non
3130 1921 3185 1966 ut
3226 1913 3565 1982 punirentur,

1975 1998 2068 2051 sed
2115 2007 2172 2052 ut
2219 1998 2429 2054 facilius
2476 2013 2659 2070 postea
2691 2003 3063 2058 remissionem
3105 2004 3431 2074 acciperent.
3459 2004 3569 2060 Nisi

1975 2088 2116 2141 enim
2165 2091 2375 2158 Seipsos
2420 2090 2788 2158 damnassent,
2837 2095 3060 2164 gratiam
3107 2112 3212 2150 non
3269 2097 3568 2166 petiissent,

1975 2194 2079 2232 non
2112 2192 2414 2250 quairentes
2441 2199 2570 2238 vero
2590 2186 2838 2254 gratiam,
2867 2201 3043 2257 neque
3071 2188 3445 2245 remissionem
3481 2204 3570 2244 as-

1973 2273 2180 2340 sequuti
2210 2283 2408 2327 essent.
2440 2275 2620 2345 Itaque
2649 2275 2749 2330 hoc
2776 2276 3037 2346 baptisma
3065 2278 3131 2332 ad
3164 2279 3293 2333 illud
3320 2281 3456 2334 viam
3481 2296 3572 2349 pa-

1973 2374 2054 2417 rat
2086 2382 2098 2416 :
2133 2365 2250 2418 ideo
2289 2365 2518 2432 dicebat,
2575 2367 2644 2422 Ut
2686 2369 2893 2422 credant
2937 2370 2990 2423 in
3037 2387 3150 2424 eum
3179 2373 3264 2440 qui
3297 2372 3427 2425 venit
3457 2384 3571 2442 post

1971 2459 2136 2527 ipsum
2161 2461 2296 2530 (Act.
2330 2461 2417 2516 l9.
2447 2462 2533 2530 4);
2566 2471 2762 2532 praater
2786 2477 2906 2521 eam
2949 2479 3109 2533 quam
3137 2465 3396 2530 diximus,
3431 2466 3570 2520 hanc

1969 2565 2184 2620 quoque
2230 2551 2387 2606 aliam
2433 2553 2767 2622 baptismatis
2810 2569 3027 2610 causam
3076 2556 3354 2626 adjiciens.
3385 2556 3568 2628 Neque

1969 2641 2112 2695 enim
2141 2643 2361 2712 perinde
2389 2643 2596 2712 fuisset,
2629 2646 2672 2699 si
2706 2645 2896 2701 domos
2923 2647 3298 2713 circumiisset,
3331 2658 3386 2704 et
3408 2648 3566 2704 Citri-

1969 2740 2108 2786 stum
2153 2748 2316 2788 manu
2357 2735 2682 2804 prehensum
2713 2735 3181 2804 circumduxisset,
3212 2737 3563 2810 dixissetque,

1970 2826 2024 2880 In
2059 2825 2200 2880 hunc
2249 2826 2483 2894 credite;
2514 2838 2675 2897 atque
2719 2829 2966 2883 onmibus
2999 2827 3352 2899 praesentibus
3392 2846 3456 2885 ac
3486 2831 3566 2886 vi-

1967 2918 2239 2989 dentibus,
2291 2919 2500 2976 beatam
2549 2921 2691 2976 illam
2743 2921 2921 2978 ell'erri
2975 2939 3184 2988 vocem,
3243 2932 3405 2994 atque
3461 2924 3563 2978 alia

1967 3010 2146 3064 omnia
2178 3011 2381 3080 perﬁci.
2415 3011 2540 3066 ldeo
2569 3013 2711 3067 venit
2737 3012 2804 3068 ad
2836 3013 3117 3084 baptisma.
3152 3014 3284 3070 Nam
3306 3026 3360 3070 et
3388 3015 3563 3086 bapti-

1968 3102 2138 3156 zantis
2160 3102 2485 3157 existimatio
2514 3113 2569 3158 et
2598 3105 2672 3158 rei
2702 3104 2868 3173 ipsius
2895 3104 3154 3172 conditio,
3182 3106 3452 3165 civitatein
3483 3117 3564 3163 to-

1969 3202 2075 3247 tam
2103 3193 2426 3263 attrahebat,
2469 3204 2524 3250 et
2563 3195 2628 3251 ad
2656 3195 2944 3253 Iordanem
2975 3199 3250 3263 evocabat,
3280 3215 3561 3270 magnum-

1965 3299 2070 3354 que
2119 3283 2220 3339 l‘uit
2275 3285 2563 3342 theatrum.
2617 3287 2848 3358 Ideoque
2910 3303 3004 3343 eos
3058 3291 3147 3359 qui
3207 3290 3558 3356 advenerant,

1965 3377 2228 3446 reprimit,
2289 3379 2584 3450 suadetque
2637 3395 2706 3435 ne
2757 3396 3008 3452 magnum
3061 3383 3333 3452 quidpiam
3386 3383 3455 3439 de
3500 3399 3560 3439 se

1964 3471 2477 3538 comminiscentur,
2527 3471 2818 3527 ostendens
2873 3489 2970 3528 eos
3023 3483 3386 3529 extremorum
3436 3491 3559 3532 reos

1965 3560 2249 3628 tualorutn,
2280 3561 2380 3616 nisi
2410 3562 2778 3632 pmnitentiam
2806 3565 3031 3634 egerint,
3064 3565 3349 3635 missisque
3385 3567 3559 3635 majo-

1965 3653 2110 3709 ribus
2148 3653 2279 3722 suis,
2324 3653 2649 3724 depulsaque
2692 3656 2803 3720 illa,
2833 3671 2990 3726 quam
3029 3656 3150 3712 inde
3177 3667 3557 3727 conceperant,

1961 3745 2237 3813 jactantia,
2265 3762 2385 3801 eum
2417 3749 2504 3817 qui
2532 3747 2841 3816 advenerat,
2872 3749 3192 3818 receperint.
3228 3749 3436 3804 Etenim
3463 3749 3560 3804 ob.

1963 3846 2171 3892 scurata
2215 3837 2423 3893 fuerant
2471 3839 2682 3894 interim
2709 3854 2773 3894 ea
2814 3856 2933 3910 quae
2961 3840 3025 3894 ad
3055 3841 3324 3896 Christum
3352 3851 3560 3910 specta--

1962 3929 2110 3995 bant,
2156 3938 2210 3984 et
2252 3929 2392 3998 apud
2439 3931 2638 3985 multos
2681 3931 2942 3985 exstincta
2990 3931 3304 3985 videbantur
3337 3946 3459 3986 esse
3488 3933 3559 3986 ob

1961 4021 2161 4076 czedem
2195 4021 2245 4074 in
2275 4021 2585 4076 Bethlehcm
2615 4031 2990 4092 perpetratam.
3023 4023 3241 4078 Etiamsi
3271 4025 3410 4079 enim
3434 4041 3555 4080 cum

1963 4111 2243 4165 duodecim
2274 4127 2535 4166 annorum
2563 4121 2705 4167 esset
2748 4127 2868 4168 sese
2897 4113 3220 4178 exhibuerit,
3269 4125 3322 4169 at
3367 4117 3474 4169 cito
3504 4117 3555 4170 in

1964 4203 2194 4272 priorem
2224 4217 2343 4256 sese
2375 4202 2752 4257 obscuritatem
2775 4203 2996 4259 deduxit
3023 4223 3036 4258 :
3069 4205 3294 4275 ideoque
3322 4207 3559 4276 splendi-

1961 4299 2042 4353 dis
2087 4298 2324 4352 exordiis
2372 4308 2426 4352 ct
2469 4298 2782 4354 sublimiore
2824 4299 3088 4369 principio
3133 4314 3268 4368 opus
3307 4301 3554 4356 habebat.

1963 4394 2246 4463 Propterea
2277 4402 2401 4446 tunc
2433 4391 2662 4460 primum
2692 4408 2774 4456 ea,
2807 4408 2927 4461 quae
2967 4409 3251 4460 numquam
3279 4395 3559 4448 audierant

1959 4487 2150 4548 Judaei,
2183 4486 2264 4540 vel
2294 4501 2322 4538 a
2365 4485 2658 4554 prophetis,
2692 4486 2774 4540 vel
2807 4485 2873 4540 ab
2902 4486 3023 4540 aliis
3061 4487 3403 4555 quibuslibet,
3439 4489 3554 4549 illa,

1963 4579 2201 4646 inquam,
2254 4577 2540 4646 conspicua
2585 4592 2717 4632 voce
2764 4575 3037 4646 praedicat,
3080 4579 3240 4630 cat-los
3263 4587 3317 4630 et
3337 4592 3554 4645 regnum

1961 4669 2215 4724 caelorum
2258 4682 2710 4733 commemorans,
2763 4668 2997 4736 nihilque
3027 4667 3094 4721 de
3136 4675 3273 4721 terra
3309 4669 3550 4736 loquens.

1963 4759 2206 4829 Regnum
2236 4767 2414 4813 autem
2465 4758 2551 4812 hic
2580 4757 2707 4811 dicit
2734 4757 3019 4810 adventum
3052 4755 3184 4826 ejus,
3217 4767 3267 4811 et
3301 4757 3544 4824 priorem,

1964 4860 2017 4906 et
2048 4852 2423 4920 posteriorem.
2469 4850 2533 4902 Et
2561 4848 2683 4918 quid
2715 4848 2814 4902 hoc
2843 4849 2910 4901 ad
2938 4847 3171 4911 Iudaeos,
3204 4848 3434 4915 inquies,
3466 4850 3555 4917 qui

1963 4941 2275 4996 nesciebant
2303 4941 2426 5010 quid
2454 4940 2694 4996 diceret?
2724 4940 2845 4994 ldeo
2871 4940 2949 4994 sic
2980 4939 3186 5007 loquor,
3224 4940 3425 5009 inquiet
3447 4941 3556 5006 ille,

1966 5043 2022 5087 ut
2046 5033 2309 5088 dictorum
2341 5033 2669 5087 obscuritate
2713 5031 2950 5095 excitati,
2998 5032 3212 5086 veniant
3243 5033 3307 5086 ad
3342 5035 3556 5101 perqui-

1966 5126 2189 5181 rendum
2239 5125 2386 5180 illum
2431 5125 2518 5193 qui
2553 5122 2903 5193 praedicatur;
2952 5123 3019 5175 ita
3049 5132 3184 5176 utet
3210 5124 3474 5193 publicani
3505 5134 3560 5178 et

1967 5219 2162 5272 milites
2189 5218 2538 5286 interrogent,
2565 5215 2691 5284 quid
2731 5213 3054 5278 faciendum,
3098 5224 3152 5267 et
3178 5214 3447 5282 ιμιοιιιοᾱο
3479 5214 3560 5266 in-

1964 5309 2231 5364 stituenda
2280 5309 2383 5362 vita
2429 5308 2499 5361 sit
2531 5328 2542 5360 :
2569 5305 2712 5375 quod
2754 5306 2962 5376 signum
3010 5315 3125 5359 erat
3173 5307 3336 5373 ipsos,
3381 5305 3560 5359 missis

1965 5403 2308 5458 srecularibus
2356 5401 2534 5464 rebus,
2568 5399 2668 5453 alia
2702 5399 2901 5468 majora
2947 5399 3234 5468 respicere,
3281 5408 3334 5451 et
3383 5397 3555 5449 futura

1963 5497 2114 5566 quasi
2160 5511 2252 5564 per
2293 5495 2558 5548 somnium
2605 5493 2902 5561 imaginari.
2949 5492 3160 5545 Etenim
3198 5500 3387 5546 cuncta
3437 5506 3556 5558 qua:

1966 5587 2218 5642 videbant
2263 5598 2317 5641 et
2344 5586 2652 5650 audiebant,
2683 5585 2750 5639 ad
2787 5585 3091 5639 sublimium
3133 5599 3308 5638 rerum
3339 5599 3553 5639 sensum

1965 5681 2239 5751 erigebant
2269 5679 2408 5732 illos.

2037 5777 2088 5829 5.
2129 5774 2354 5827 Joannes
2383 5771 2617 5841 Baptista
2658 5787 2684 5825 e
2720 5771 2913 5824 deserto
2940 5768 3198 5838 egrediens
3227 5784 3380 5837 quam
3409 5783 3556 5820 vene-

1970 5870 2177 5925 randus.
2225 5868 2398 5939 Ipsius
2443 5882 2556 5920 cum
2601 5863 2744 5920 Isaia
2781 5865 3060 5919 consensio.
3093 5894 3160 5902 —
3192 5863 3374 5934 Cogita
3404 5862 3558 5932 igitur
