4052 6434
2000 284 2052 301 ,σν

512 419 611 477 131

1183 415 1240 471 S.
1281 413 1560 472 JOANNIS
1595 404 2067 469 CHRYSOSTOMI
2109 401 2405 462 ARCHIEP
2464 401 2998 463 CONSTANTINOP.

3696 406 3801 463 188

509 545 766 605 quantum
798 536 849 590 id
874 544 1014 589 eset
1046 532 1315 588 hominem
1337 530 1520 587 videre
1545 538 1668 602 post
1684 540 1856 582 annos
1883 520 2095 591 triginta
2148 519 2168 537 '
2204 535 2318 576 sant
2344 520 2601 592 adficiens
2646 522 2721 578 ait
2753 538 2768 577 :
2809 520 2921 576 Erit
2942 521 3031 593 qui
3054 530 3322 592 consurget
3351 519 3609 591 imperem
3634 526 3805 592 genti-

510 643 573 683 ex
602 627 816 682 deserto
855 626 1179 690 venientem,
1229 622 1484 694 principis
1518 618 1854 676 sacerdotum
1898 614 2096 677 ﬁlium,

509 718 598 788 qui
648 717 792 773 nulla
838 732 1086 787 umquam
1130 730 1310 771 rerum
1357 724 1694 770 terrenarum
1748 714 1997 779 eguerat;
2046 712 2102 758 et

508 811 654 866 omni
682 825 748 865 ex
782 817 931 880 parte
969 806 1351 871 venerandum,
1399 803 1488 875 qui
1514 803 1707 859 lsaiam
1731 812 1915 855 secum
1941 794 2103 850 habe-

509 901 616 956 bat.
647 900 848 957 Aderat
871 900 1069 972 quippe
1104 900 1205 969 ipsi
1253 896 1547 969 praedicans
1571 904 1626 949 et
1649 891 1834 948 dicens
1864 908 1877 943 :
1904 887 1999 943 Hic
2022 893 2103 940 est

509 1007 672 1065 quem
696 992 1051 1048 adventurum
1079 1004 1200 1047 esse
1221 988 1442 1060 praedixi
1469 987 1813 1048 clamantem,
1854 992 1908 1036 et
1934 980 1987 1033 in
2010 977 2105 1033 de-

507 1093 658 1141 serto
684 1085 828 1140 clara
857 1098 989 1141 voce
1015 1083 1195 1139 omnia
1236 1079 1637 1154 praedicantem.
1690 1075 1919 1130 Tantum
1960 1070 2104 1126 enim

512 1185 630 1232 erat
670 1176 1050 1250 prophetarum
1098 1174 1239 1230 circa
1284 1187 1370 1228 res
1411 1170 1540 1226 istas
1588 1166 1846 1230 studium,
1899 1172 1957 1218 ut
2000 1177 2105 1217 non

513 1270 676 1327 modo
707 1269 989 1325 Dominum
1017 1282 1196 1333 suum,
1245 1265 1340 1321 sed
1368 1263 1531 1319 etiam
1577 1273 1698 1316 eum
1737 1257 1827 1329 qui
1864 1255 1964 1327 ipsi
2006 1254 2109 1309 mi-

517 1364 842 1434 nistratores
888 1369 1024 1425 erat,
1068 1367 1196 1414 ante
1244 1357 1469 1413 multum
1507 1350 1764 1425 temporis
1786 1348 2110 1421 praenuntia-

520 1463 645 1512 rent
673 1471 687 1508 :
716 1469 814 1509 nec
844 1453 990 1508 illum
1029 1451 1209 1518 modo,
1232 1449 1325 1505 sed
1351 1450 1510 1505 etiam
1535 1448 1707 1504 locum
1736 1442 2108 1515 praedicerent,

514 1547 569 1601 in
600 1559 711 1616 quo
728 1551 1040 1600 versaturus
1059 1551 1204 1609 erat,
1227 1555 1436 1596 necnon
1474 1536 1868 1610 praedicationis
1893 1532 2111 1590 modum

512 1649 623 1706 quo
647 1635 712 1689 ad
741 1633 1042 1690 docendum
1087 1647 1280 1688 usurus
1317 1640 1455 1698 erat,
1503 1640 1558 1686 et
1597 1643 1756 1700 quam
1795 1627 2109 1699 prmeiarum

516 1725 642 1781 hinc
668 1740 803 1797 opus
849 1738 1187 1779 emersurum
1226 1731 1389 1778 esset.
1438 1719 1571 1776 Vide
1594 1732 1722 1791 ergo
1749 1715 2021 1789 quomodo
2046 1716 2111 1770 ad

519 1819 769 1875 eumdem
813 1832 1029 1874 sensum
1078 1817 1242 1873 ambo
1282 1816 1563 1886 prodeant,
1594 1814 1719 1869 licet
1762 1827 1868 1868 non
1920 1809 2110 1867 iisdem

521 1910 702 1966 verbis
731 1918 965 1975 utantur,
997 1907 1259 1979 propheta
1284 1921 1476 1976 nempe
1503 1914 1665 1977 atque
1686 1903 1948 1976 Baptista.
1978 1902 2112 1958 Pro—

518 2005 681 2075 pheta
730 2017 960 2074 namque
1009 2002 1182 2073 ipsum
1226 1999 1531 2056 adfuturum
1585 2012 1707 2055 esse
1754 1997 1995 2069 praedicit
2032 1996 2116 2052 his

521 2097 700 2152 verbis
737 2110 753 2151 :
794 2097 848 2153 5.
905 2094 1091 2150 Parata
1116 2094 1249 2148 uiam
1274 2091 1502 2158 Domini,
1543 2100 1707 2147 rectas
1726 2091 1876 2163 facite
1912 2092 2118 2145 semitas

520 2190 634 2258 ejus
658 2187 810 2259 (Isai.
831 2186 919 2244 40.
941 2187 1018 2257 5).
1040 2185 1132 2243 llic
1160 2199 1290 2242 vero
1312 2194 1591 2256 postquam
1620 2182 1854 2246 advenit,
1872 2181 2116 2238 diccbat:

524 2276 706 2332 Facite
732 2279 927 2348 {ructus
952 2277 1132 2349 dignos
1158 2276 1464 2345 paenitentia:
1488 2274 1507 2347 (
1529 2274 1718 2330 Matth.
1749 2276 1803 2332 5.
1831 2273 1903 2346 8)
1932 2289 1948 2329 :
1976 2273 2120 2345 quod

526 2369 668 2425 idem
694 2370 959 2441 significat
986 2377 1148 2439 atque
1174 2367 1325 2433 illud,
1372 2366 1560 2421 Parata
1594 2367 1725 2421 viam
1765 2363 1997 2420 Domini.
2032 2363 2121 2420 Vi-

522 2463 648 2518 dcn’
690 2472 745 2519 et
780 2478 877 2534 per
913 2476 982 2518 ea
1018 2476 1139 2532 quas
1183 2460 1446 2531 propheta
1480 2459 1650 2524 dixit,
1692 2467 1746 2513 et
1789 2472 1887 2528 per
1914 2472 1976 2513 ca
2003 2471 2121 2529 quas

524 2555 641 2624 ipse
679 2551 1007 2624 praedicavit,
1052 2567 1223 2607 unum
1246 2550 1559 2621 signiﬁcari,
1596 2550 1773 2619 ipsum
1808 2548 2034 2616 scilicet,
2069 2555 2125 2604 et

527 2656 588 2702 ut
634 2646 868 2716 prmirct,
917 2652 973 2699 et
1022 2653 1081 2698 ut
1124 2644 1262 2698 viam
1310 2651 1543 2713 pararet,
1580 2640 1884 2707 advenisse,
1932 2654 2038 2695 non
2067 2648 2127 2695 ut

526 2741 728 2796 donum
756 2738 1063 2810 largiretur,
1092 2736 1298 2792 scilicet
1327 2735 1721 2799 remissionem,
1768 2732 1864 2789 sed
1894 2742 1953 2789 ut
1982 2748 2124 2805 pra:-

526 2840 745 2904 pararet
773 2832 981 2887 animas
1006 2843 1215 2895 eorum,
1246 2828 1338 2900 qui
1369 2828 1740 2884 universorum
1777 2827 1944 2883 Deum
1970 2841 2121 2883 rece-

531 2924 675 2994 pturi
722 2922 916 2978 erant?
954 2921 1127 2977 Lucas
1164 2935 1294 2975 vero
1336 2919 1564 2990 amplius
1593 2917 1722 2989 quid
1749 2918 1980 2991 adjecit;
2026 2933 2128 2975 nec

530 3015 666 3069 satis
694 3012 879 3068 habuit
905 3010 1225 3082 principium
1251 3009 1530 3066 dumtaxat
1553 3009 1766 3076 aderre,
1822 3011 1919 3067 sed
1958 3018 2126 3066 totam

529 3106 688 3162 aﬁ'ert
709 3104 1083 3177 prophetiam;
1119 3118 1240 3159 nam
1271 3103 1347 3158 ait
1379 3121 1392 3158 :
1425 3101 1605 3161 Omnis
1631 3102 1782 3160 vallis
1812 3104 2126 3176 implebitur,

528 3206 579 3253 et
602 3198 767 3252 cumis
794 3212 941 3252 mons
968 3206 1020 3253 et
1050 3195 1196 3250 collis
1226 3195 1575 3251 Itumiliabitur
1605 3210 1624 3251 :
1648 3204 1695 3251 et
1721 3206 1868 3251 erunt
1891 3212 2050 3268 praua
2074 3195 2129 3250 in

531 3287 743 3355 directa,
785 3296 835 3342 et
869 3302 1053 3358 aspera
1080 3287 1135 3340 in
1161 3286 1268 3341 uias
1296 3285 1477 3358 planas
1497 3302 1517 3341 :
1536 3294 1583 3341 et
1605 3285 1786 3342 videbit
1814 3287 1983 3341 omnis
2006 3301 2129 3341 caro

527 3381 752 3435 salutare
804 3378 906 3436 Dei
947 3378 1180 3451 (Luc.3.
1228 3379 1281 3435 5.
1322 3378 1374 3435 6.
1423 3378 1554 3434 lsai.
1607 3378 1698 3436 40.
1731 3380 1784 3434 4.
1811 3380 1889 3450 5).
1939 3379 2130 3436 Viden'

529 3470 802 3542 quomodo
825 3470 939 3542 jam
968 3471 1097 3526 olim
1125 3470 1385 3541 prepheta
1429 3470 1608 3526 omnia
1647 3470 1802 3538 dixit,
1854 3480 1910 3528 et
1946 3471 2128 3543 populi

530 3577 877 3627 concursum,
919 3571 975 3618 et
1000 3577 1179 3618 rerum
1207 3562 1261 3617 in
1286 3561 1483 3618 melius
1511 3563 1885 3631 mutationem,
1914 3577 1970 3620 et
1992 3579 2132 3635 pra:-

531 3653 816 3710 dieatiouis
858 3650 1171 3708 facilitatem
1204 3661 1260 3707 et
1299 3667 1479 3708 rerum
1512 3653 1868 3724 gerendarum
1890 3655 2128 3710 omnium

531 3759 769 3811 causam,
796 3744 896 3800 etsi
924 3744 1092 3815 tropis
1122 3745 1236 3800 haec
1263 3745 1615 3815 resperserit?
1634 3745 1762 3800 Erat
1780 3745 1982 3817 quippe
2001 3761 2128 3816 pro-

534 3837 718 3908 phetia
764 3837 1083 3892 futurorum.
1131 3834 1267 3892 Cum
1310 3837 1454 3892 enim
1484 3838 1559 3892 ait
1590 3854 1605 3893 :
1639 3836 1818 3892 Omnis
1841 3838 1989 3894 uallis
2026 3839 2128 3892 im-

532 3928 774 4000 plebitur,
810 3938 859 3984 et
896 3928 1062 3985 omnis
1089 3944 1233 3984 mons
1251 3936 1299 3983 et
1328 3929 1476 3984 collis
1500 3928 1852 3983 humiliabitur
1876 3944 1896 3983 :
1919 3938 1966 4006 et
1983 3939 2131 3984 erunt

526 4037 718 4093 aspera
742 4021 796 4076 in
817 4021 924 4076 vias
956 4020 1144 4094 planas
1174 4037 1195 4076 :
1226 4020 1457 4079 humiles
1495 4020 1831 4089 exaltandos,
1876 4029 1934 4078 et
1979 4037 2131 4078 arro-

529 4122 718 4185 gantes
741 4113 1102 4170 humiliandos
1123 4129 1245 4171 esse
1276 4115 1597 4186 prmnuntiat
1613 4156 1628 4181 ,
1674 4122 1836 4187 atque
1862 4115 1997 4188 legis
2021 4115 2129 4172 dif-

535 4207 828 4262 ﬁcultatem
867 4206 920 4261 in
952 4206 1076 4262 ﬁdei
1106 4206 1420 4263 facilitatem
1465 4221 1587 4264 esse
1627 4207 1960 4264 mutandam.
2008 4208 2129 4265 Non

535 4298 696 4362 ultra,
725 4296 917 4367 inquit,
947 4297 1172 4353 sudores
1199 4307 1255 4352 et
1283 4299 1532 4365 labores;
1565 4300 1659 4355 sed
1698 4301 1865 4371 gratia
1895 4310 1950 4358 et
1976 4303 2128 4359 venia

531 4387 872 4451 delictorum,
917 4401 1039 4458 qua:
1076 4385 1384 4443 facillimam
1412 4389 1478 4443 ad
1503 4390 1736 4445 salutem
1771 4391 1911 4446 viam
1955 4403 2126 4463 paret.

534 4479 741 4537 Deinde
768 4479 957 4536 horum
986 4488 1206 4537 causam
1234 4482 1456 4552 apponit
1481 4481 1668 4539 dicens
1697 4500 1711 4537 :
1742 4482 1940 4540 Videbit
1965 4488 2132 4543 omnis

532 4587 657 4628 caro
683 4571 911 4627 salutare
938 4570 1036 4627 Dei
1079 4587 1101 4626 :
1144 4587 1272 4641 non,
1303 4582 1362 4629 ut
1389 4573 1540 4642 olim,
1591 4571 1761 4632 ιιιάωί
1788 4585 1843 4632 et
1867 4578 2129 4651 proselyti

531 4675 741 4725 tantum
765 4706 784 4736 ,
826 4666 923 4723 sed
964 4676 1019 4724 et
1059 4666 1238 4722 omnis
1280 4682 1408 4723 caro
1450 4676 1505 4723 et
1547 4683 1728 4735 mare,
1777 4670 2132 4742 universaque

532 4759 812 4816 hominum
842 4767 1055 4816 natura.
1086 4758 1193 4816 Per
1218 4774 1382 4829 prava
1407 4759 1549 4815 enim
1578 4770 1631 4816 et
1664 4770 1923 4827 tortuosa,
1966 4765 2128 4820 vitam

528 4850 826 4921 quamlibet
847 4859 1156 4922 corruptam
1197 4850 1551 4907 subindicavit
1584 4870 1598 4907 :
1636 4853 1969 4923 publicanos,
2018 4855 2131 4913 for-

533 4943 822 5010 nicatores,
868 4944 1131 5009 latrones,
1177 4957 1388 5015 magos,
1432 4946 1521 5014 qui
1553 4958 1675 4999 cum
1713 4946 1949 5015 perversi
1982 4947 2129 5017 prius

532 5041 740 5101 essent,
771 5043 916 5090 recta
956 5033 1154 5091 deinde
1197 5035 1284 5089 via
1325 5045 1705 5105 processerunt
1737 5051 1751 5088 :
1783 5036 1925 5107 quod
1967 5038 2127 5093 etiam

535 5125 651 5196 ipse
678 5123 893 5180 dicebat
920 5141 934 5180 :
968 5122 1247 5180 Publiceni
1273 5136 1318 5179 et
1347 5135 1630 5197 pet-adores
1658 5129 1943 5199 precedent
1969 5148 2057 5186 vos
2076 5133 2129 5187 in

530 5233 691 5288 regno
734 5215 831 5271 Dei
873 5214 1108 5279 (Matth.
1135 5217 1229 5274 2|.
1257 5214 1395 5289 5i),
1452 5219 1574 5289 quia
1625 5220 1988 5278 crediderunt.
2024 5221 2130 5278 ldi~

533 5324 690 5381 psum
736 5307 858 5365 aliis
899 5308 1077 5364 verbis
1115 5308 1196 5364 sic
1241 5308 1493 5365 indicavit
1518 5311 1775 5381 propheta
1809 5330 1823 5367 :
1852 5311 1995 5368 Tunc
2019 5314 2130 5384 lupi

531 5410 579 5454 et
608 5397 734 5472 agni
760 5397 915 5453 simul
947 5407 1219 5470 pascentur
1246 5396 1400 5467 (Isai.
1428 5400 1517 5456 65.
1550 5401 1665 5473 25).
1695 5401 1849 5458 Sicut
1875 5404 2019 5459 enim
2053 5404 2125 5461 ibi

532 5507 630 5561 per
652 5492 820 5548 colles
849 5502 905 5548 et
929 5492 1096 5548 valles
1138 5493 1557 5563 inaequalitatem
1597 5511 1808 5553 morum
1852 5498 1909 5556 in
1963 5517 2122 5558 unam

532 5583 886 5654 philosophia:
922 5585 1287 5656 aequalitatem
1330 5588 1667 5646 commisceri
1711 5590 1846 5646 dixit
1893 5609 1908 5647 :
1957 5593 2029 5649 ita
2070 5605 2128 5652 et

534 5674 624 5728 hic
651 5688 894 5745 quoque,
940 5690 1035 5745 per
1075 5674 1353 5730 brutorum
1382 5676 1644 5735 diversam
1673 5689 1920 5738 naturam
1947 5686 2128 5743 varios

535 5764 812 5820 hominum
855 5780 1031 5823 mores
1061 5766 1326 5837 indicans,
1372 5785 1582 5828 rursum
1616 5787 1712 5829 eos
1738 5774 1789 5828 in
1820 5790 1982 5830 unum
2006 5778 2124 5849 pie-

540 5859 661 5915 tatis
683 5866 1000 5915 concentum
1024 5862 1170 5933 jungi
1199 5861 1491 5921 declaravit
1520 5883 1533 5921 :
1561 5874 1616 5923 et
1641 5866 1728 5924 hic
1748 5881 1963 5924 rursum
1991 5884 2120 5926 cau-

2206 613 2320 678 bus,
2351 623 2398 667 et
2424 613 2476 667 in
2514 614 2685 684 ipsum
2708 620 2877 686 gentes
2906 610 3179 682 sperabunt
3203 610 3358 684 (Isai.
3383 612 3472 666 ll.
3506 609 3619 683 ιο).
3649 611 3807 681 Quod

2208 705 2384 775 ipsum
2410 705 2479 760 ibi
2514 721 2730 778 quoque
2762 706 2897 760 dixit
2929 723 2943 761 :
2977 703 3173 777 Videbit
3217 705 3382 758 ontnis
3420 719 3547 757 caro
3583 704 3807 759 salutare

2212 797 2306 851 Dei
2353 812 2373 851 :
2413 796 2610 867 ubique
2657 796 2948 852 ostendens
2991 795 3399 866 evangeliorum
3439 795 3698 850 virtutem
3737 810 3805 850 ae

2212 889 2452 944 notitiam
2482 888 2549 943 ad
2580 904 2749 959 usque
2773 888 2907 943 ﬁnes
2931 896 3085 943 teme
3104 884 3500 942 diﬁundendam
3523 901 3668 952 esse,
3687 901 3812 956 que

2210 995 2240 1034 a
2272 980 2454 1035 ferinis
2485 981 2721 1035 moribus
2738 981 3039 1050 animisque
3063 979 3287 1049 asperis,
3312 979 3370 1033 in
3394 986 3734 1033 mansuetam
3757 985 3814 1032 et

2211 1073 2395 1130 mitem
2418 1073 2650 1128 indolem
2678 1087 2846 1143 genus
2874 1072 3151 1127 hominum
3182 1072 3581 1127 transmutabit.
3619 1072 3677 1127 4.
3706 1070 3811 1125 His

2212 1173 2382 1219 autem
2415 1162 2642 1220 Joannes
2684 1164 2897 1219 habebat
2928 1165 3275 1219 uestimentum
3295 1181 3446 1219 suum
3468 1164 3538 1220 de
3559 1164 3686 1235 pilis
3713 1180 3808 1218 ea-

2213 1258 2351 1323 meti,
2382 1268 2428 1313 et
2454 1274 2638 1312 zonam
2663 1258 2927 1327 peltieeant
2948 1258 3088 1312 circa
3105 1256 3302 1312 lanatos
3325 1273 3466 1311 suos.
3496 1256 3687 1314 Viden‘
3711 1258 3813 1312 alia

2216 1348 2506 1419 prophetas
2554 1348 2869 1419 praedixisse
2891 1388 2906 1413 ,
2978 1348 3082 1402 alia
3132 1347 3478 1419 evangelistis
3528 1347 3816 1417 reliquisse

2218 1440 2517 1496 narranda?
2541 1440 2879 1511 Quapropter
2901 1439 3184 1495 Matthzeus
3209 1448 3265 1495 et
3294 1439 3601 1510 prophetias
3625 1439 3813 1507 δῦθι-ι,

2217 1544 2272 1591 et
2307 1549 2401 1590 sua
2452 1534 2637 1601 adjicit
2668 1551 2681 1588 :
2711 1548 2888 1605 neque
2913 1543 3065 1589 extra
3091 1549 3205 1589 rem
3232 1534 3441 1605 putavit
3466 1533 3534 1589 de
3553 1533 3691 1604 justi
3720 1549 3806 1590 ve,

2218 1626 2391 1682 stihus
2437 1626 2603 1697 loqui.

2292 1718 2345 1774 4.
2385 1716 2603 1773 Joannis
2630 1716 2878 1790 Baptista
2902 1718 3100 1773 vivendi
3124 1733 3303 1790 genus.
3335 1747 3406 1758 -—
3451 1717 3583 1773 Erat
3620 1717 3819 1789 quippe

2220 1825 2308 1867 res
2336 1809 2469 1866 mira
2510 1817 2565 1865 et
2592 1809 2857 1881 stupenda
2893 1810 2946 1865 in
2979 1810 3213 1865 humano
3240 1824 3468 1880 corpore
3493 1819 3699 1865 tantam
3739 1811 3818 1865 vi-

2218 1901 2351 1959 dere
2392 1901 2729 1959 tolerantiam
2761 1918 2775 1956 :
2809 1902 2953 1973 quod
2994 1910 3145 1959 certe
3188 1902 3407 1958 Judmos
3445 1901 3617 1972 magis
3651 1911 3821 1957 attra-

2222 1994 2402 2058 behnt,
2457 1996 2546 2067 qui
2592 2007 2843 2068 magnum
2888 1994 3063 2049 Eliam
3093 1994 3147 2049 in
3185 1994 3303 2064 ipso
3339 1993 3719 2064 respiciebant,
3765 2001 3824 2050 et

2222 2103 2289 2143 ex
2336 2089 2401 2144 iis
2444 2103 2567 2159 quae
2596 2096 2725 2145 tunc
2765 2086 3107 2152 videbantur,
3146 2087 3288 2144 beati
3317 2086 3461 2144 illius
3487 2087 3586 2143 viri
3616 2103 3823 2144 memo-

2223 2180 2357 2236 riam
2406 2179 2769 2247 revocabant;
2802 2181 2911 2238 imo
2946 2182 2999 2237 in
3039 2180 3299 2252 majorem
3346 2181 3693 2249 rapiebantur
3729 2180 3825 2237 ad-

2225 2270 2586 2327 mirationem.
2636 2271 2730 2327 llle
2776 2287 3011 2343 namque
3049 2273 3102 2326 in
3139 2272 3361 2327 urbibus
3406 2281 3465 2326 et
3492 2270 3550 2326 in
3572 2271 3825 2328 domibus

2224 2362 2485 2426 alebatur,
2533 2360 2621 2417 hic
2662 2370 2840 2417 autem
2869 2363 2939 2418 ah
2981 2363 3316 2418 incunabulis
3347 2369 3462 2419 toto
3499 2371 3745 2432 tempore
3771 2363 3823 2418 in

2225 2453 2445 2510 deserto
2488 2464 2734 2511 versatus
2779 2465 2881 2512 est.
2933 2454 3226 2524 Oportebat
3254 2459 3400 2511 enim
3432 2469 3824 2528 praecursorem

2229 2544 2390 2612 illius,
2422 2545 2513 2618 qui
2539 2555 2720 2603 vetera
2746 2546 2924 2603 omnia
2952 2546 3225 2602 soluturus
3260 2555 3396 2616 erat,
3443 2562 3639 2618 nempe
3673 2546 3825 2602 labe.

2228 2653 2366 2703 rem,
2398 2637 2851 2704 maledictionem,
2893 2638 3133 2695 dolorem
3162 2651 3325 2709 atque
3350 2639 3624 2704 sudorem,
3673 2655 3825 2709 qum-

2230 2729 2354 2785 dam
2400 2729 2601 2787 habere
2639 2730 2883 2806 symbols
2909 2730 3279 2801 hujuscemodi
3317 2731 3468 2798 doni,
3513 2741 3571 2789 et
3600 2732 3828 2787 damna-

2232 2821 2380 2876 tione
2405 2819 2493 2878 illa
2521 2823 2856 2894 superiorem
2883 2837 3025 2880 esse.
3073 2822 3256 2895 Itaque
3281 2838 3383 2880 nec
3408 2833 3607 2880 terram
3632 2825 3825 2888 aravit.

2234 2928 2410 2984 neque
2435 2913 2618 2970 sulcos
2640 2912 2899 2971 dissecuit
2919 2955 2936 2981 ,
2984 2930 3091 2972 non
3122 2917 3177 2973 in
3204 2915 3401 2972 sudore
3427 2916 3606 2972 vultus
3633 2932 3827 2988 panem

2233 3005 2503 3073 comedit,
2544 3005 2640 3063 sed
2678 3006 2836 3064 facile
2880 3009 3136 3079 parabilis
3168 3018 3289 3067 erat
3329 3024 3515 3067 mensa
3561 3010 3718 3082 eius,
3775 3022 3833 3068 et

2234 3111 2420 3153 mensa
2448 3096 2656 3153 facilior
2693 3099 2945 3167 amictus,
2986 3108 3044 3156 et
3070 3099 3437 3157 habitaculum
3458 3100 3673 3158 facilius
3689 3104 3832 3158 ami-

2233 3197 2344 3244 ctu.
2396 3188 2581 3263 Neque
2618 3192 2763 3248 enim
2810 3199 2977 3259 tecto,
3027 3192 3111 3249 vel
3154 3192 3315 3260 lecto,
3345 3193 3429 3249 vel
3475 3198 3686 3262 mensa,
3743 3194 3832 3251 vel

2233 3279 2415 3352 aliquo
2441 3280 2605 3337 simili
2630 3296 2769 3353 opus
2796 3281 3020 3349 habuit;
3070 3282 3165 3339 sed
3204 3283 3501 3354 angelicam
3540 3285 3833 3355 quamdam

2233 3372 2398 3427 vitam
2429 3372 2483 3428 in
2508 3370 2611 3428 hac
2638 3388 2805 3429 carne
2829 3373 3098 3430 exhibuit.
3119 3372 3245 3430 Ideo
3269 3372 3644 3430 vestimentum
3666 3375 3834 3445 ipsius

2234 3478 2303 3520 ex
2346 3464 2468 3535 pilis
2494 3466 2826 3522 camelorum
2846 3466 3227 3526 concinnatum
3286 3475 3422 3535 erat,
3464 3475 3527 3523 ut
3552 3484 3617 3523 ex
3646 3467 3832 3524 habitu

2236 3575 2336 3615 nos
2386 3560 2714 3624 institueret,
2743 3569 2808 3616 ut
2834 3560 2905 3616 ab
2928 3559 3179 3617 humanis
3215 3559 3626 3624 absisteremus,
3660 3576 3724 3616 ac
3754 3564 3833 3618 ni.

2236 3652 2312 3708 hil
2336 3668 2458 3709 cum
2487 3662 2628 3710 terra
2654 3668 2941 3710 commune
2963 3655 3317 3720 haberemus;
3338 3656 3430 3711 sed
3458 3656 3523 3709 ad
3553 3658 3834 3726 pristinam

2238 3741 2572 3802 nobilitatem
2618 3756 3046 3815 reverteremur,
3095 3747 3147 3802 in
3195 3762 3297 3818 qua
3351 3747 3581 3818 degebat
3625 3748 3833 3813 Adam,

2235 3844 2522 3908 antequam
2549 3838 2890 3894 vestimentis
2915 3848 2971 3894 et
2999 3839 3201 3894 amictu
3227 3849 3432 3910 egeret.
3479 3839 3571 3895 Sic
3598 3848 3654 3895 et
3683 3841 3834 3911 regni

2234 3940 2292 3984 et
2322 3929 2655 3999 penitentire
2688 3931 2857 3985 vestis
2912 3930 3218 4000 huiusmodi
3267 3931 3569 4003 symbolum
3616 3947 3730 4003 pne
3775 3947 3836 3989 se

2236 4020 2463 4078 ferebat.
2514 4021 2626 4078 Nec
2665 4021 2795 4077 mihi
2837 4022 3028 4078 dicas:
3059 4022 3215 4080 Unde
3241 4023 3315 4078 illi
3344 4023 3558 4079 cilieina
3578 4026 3743 4081 vestis
3780 4035 3836 4081 et

2235 4129 2395 4185 zona,
2440 4116 2492 4170 in
2522 4115 2738 4171 deserto
2769 4113 3072 4171 habitanti?
3116 4115 3250 4171 Nam
3294 4116 3340 4171 si
3384 4129 3447 4172 ea
3491 4116 3561 4172 de
3603 4132 3833 4187 requa:-

2235 4210 2467 4266 stionem
2497 4224 2737 4275 moveas,
2768 4208 2869 4264 alia
2900 4224 3114 4281 quoque
3138 4210 3301 4265 multa
3328 4225 3573 4281 quzrrere
3601 4212 3833 4281 poteris:

2234 4301 2507 4374 quomodo
2535 4302 2589 4357 in
2627 4302 2825 4365 hieme,
2871 4302 3144 4374 quomodo
3186 4304 3238 4357 in
3273 4311 3407 4359 :estu
3444 4303 3496 4359 in
3544 4304 3837 4362 solitudine

2235 4394 2576 4463 versabatur,
2602 4394 2847 4451 maxime
2872 4397 2926 4449 in
2955 4401 3143 4451 tenero
3188 4408 3417 4466 corpore
3449 4404 3504 4453 et
3547 4397 3835 4453 immatura

2236 4494 2396 4542 artate
2442 4504 2459 4542 :
2505 4485 2777 4557 quomodo
2819 4485 2990 4557 potuit
3028 4486 3248 4557 puerilis
3273 4487 3455 4545 carnis
3495 4495 3685 4544 natura
3718 4506 3836 4546 ver-

2236 4578 2345 4634 sari
2389 4579 2441 4634 in
2483 4588 2628 4634 tanta
2679 4580 2824 4636 aeris
2853 4579 3254 4651 inmqualitate,
3281 4596 3406 4637 cum
3439 4591 3547 4638 tam
3572 4584 3834 4655 singulari

2238 4684 2444 4738 mensa,
2492 4679 2548 4725 et
2582 4671 2796 4726 caneris
2840 4681 3009 4727 vasta:
3058 4672 3365 4729 solitudinis
3409 4675 3671 4732 miseriis.
3733 4676 3834 4734 Ubi

2237 4778 2380 4819 nunc
2407 4772 2533 4819 sunt
2560 4762 2872 4820 Grmcorum
2907 4765 3234 4836 philosophi,
3283 4768 3374 4838 qui
3424 4767 3624 4825 frustra
3675 4772 3835 4844 Cyni-

2235 4870 2354 4911 cam
2386 4854 2771 4925 impudentiam
2804 4857 2992 4913 sectati
3022 4857 3189 4913 sunt?
3217 4858 3367 4929 (quid
3390 4862 3533 4916 enim
3554 4875 3691 4932 opus
3722 4873 3837 4919 erat

2237 4963 2363 5006 sese
2394 4949 2447 5004 in
2478 4948 2624 5005 dolio
2663 4950 2966 5017 includere,
2991 4962 3047 5008 et
3084 4953 3175 5009 tali
3201 4952 3397 5010 deinde
3426 4955 3640 5012 lascivia
3676 4958 3836 5026 uti?)

2235 5042 2327 5113 qui
2371 5042 2607 5108 annulis,
2662 5042 2875 5114 phialis,
2946 5045 3186 5113 famulis,
3239 5047 3477 5116 ancillis,
3525 5060 3580 5106 et
3624 5051 3832 5122 reliqua

2236 5151 2430 5207 pompa
2473 5136 2721 5192 instructi
2770 5147 2960 5207 erant,
3009 5148 3065 5196 et
3108 5140 3161 5195 in
3207 5149 3497 5214 utrumque
3549 5158 3830 5201 excessum

2236 5226 2468 5298 prolapsi
2507 5227 2676 5282 sunt?
2700 5229 2770 5283 At
2798 5228 2887 5284 hic
2923 5229 3045 5285 talis
3074 5245 3181 5287 non
3212 5241 3362 5300 erat;
3413 5235 3507 5290 sed
3554 5235 3834 5292 desertum

2235 5319 2387 5390 quasi
2434 5319 2625 5374 caelum
2674 5320 2951 5389 habitavit,
2994 5332 3245 5379 accurate
3274 5325 3672 5397 philosophiam
3716 5343 3834 5382 om-

2236 5426 2358 5468 nem
2384 5411 2642 5467 exhibens
2672 5430 2685 5467 :
2718 5411 2950 5484 indeque
2978 5429 3077 5470 ceu
3102 5415 3225 5486 quis
3244 5416 3466 5488 angelus
3506 5418 3574 5473 de
3616 5418 3753 5474 czelo
3780 5420 3828 5475 is

2235 5502 2399 5559 urbes
2421 5502 2725 5569 descendit,
2754 5503 2959 5560 athleta
3004 5506 3244 5578 pietatis,
3286 5519 3577 5565 coronatus
3602 5510 3653 5565 in
3674 5511 3828 5578 orbe,

2235 5606 2289 5651 et
2321 5594 2674 5666 philosophus
2710 5597 2800 5651 illa
2854 5596 3198 5670 philosophia
3240 5615 3363 5671 quae
3387 5600 3536 5657 emlis
3557 5601 3714 5671 digna
3739 5616 3828 5658 es-

2232 5696 2336 5745 set.
2378 5687 2506 5743 Haec
2531 5702 2694 5759 porro
2724 5697 2913 5756 erant,
2963 5705 3086 5746 cum
3117 5690 3353 5746 nondum
3381 5694 3615 5749 solutum
3645 5708 3825 5765 pecca-

2234 5787 2344 5835 tum
2369 5787 2534 5846 esset,
2562 5793 2686 5835 cum
2710 5780 2946 5836 nondum
2979 5781 3064 5837 lex
3090 5791 3348 5850 cessaret,
3381 5795 3556 5841 morte
3585 5786 3821 5841 nondum

2236 5871 2433 5935 vincta,
2479 5871 2649 5944 portis
2677 5872 2834 5939 aereis
2862 5872 3101 5931 nondum
3129 5873 3443 5947 confractis,
3491 5876 3586 5934 sed
3615 5879 3824 5951 vigente
