4052 6434
314 379 412 437 189

300 495 479 552 adhuc
519 490 691 549 veteri
730 488 942 548 vivendi
983 502 1201 563 genere.
1246 486 1391 544 Talis
1423 486 1606 556 utique
1633 492 1721 540 est
1747 482 1900 538 fortis

303 587 538 659 vigilqne
577 586 792 643 animus
836 602 853 642 :
903 599 1027 642 natu
1075 583 1276 653 ubique
1320 581 1551 653 prosilit,
1594 580 1904 650 positasque

304 689 476 736 metas
504 677 865 735 transcurrit?
907 674 1360 748 quemadmodum
1390 685 1443 729 et
1465 673 1662 729 Paulus
1692 672 1744 726 in
1771 670 1903 725 Navi

303 770 637 827 Testameuti
676 769 1055 826 observatione
1084 767 1331 824 faciebat.
1380 765 1485 822 Sed
1526 780 1643 830 cur,
1672 764 1903 835 inquies,

300 880 426 921 cum
455 862 778 919 vestimento
800 862 962 919 etiam
986 874 1121 917 zona
1149 859 1430 917 utebatur?
1460 856 1516 913 Id
1540 859 1590 911 in
1620 872 1770 912 more
1790 863 1907 911 erat

305 956 445 1026 apud
486 965 716 1021 veteres,
762 955 1074 1025 priusquam
1105 952 1266 1009 molle
1307 953 1409 1006 hoc
1447 960 1501 1006 et
1529 948 1778 1005 diffluens
1809 964 1903 1005 ve-

305 1047 545 1104 stimenti
576 1061 744 1117 genus
772 1044 1133 1101 induceretur.
1176 1043 1268 1100 Sic
1309 1043 1488 1113 itaque
1525 1052 1579 1097 et
1619 1041 1808 1097 Petrus
1851 1048 1908 1097 et

309 1138 507 1195 Paulus
536 1135 698 1194 cincti
728 1137 1109 1193 inveniuntur:
1141 1150 1288 1201 nam,
1319 1132 1516 1201 Virum,
1540 1133 1729 1203 inquit,
1758 1132 1907 1202 cujus

310 1233 417 1287 hnc
440 1246 574 1285 zona
599 1237 670 1284 est
714 1228 848 1298 (Act.
883 1226 974 1283 21.
1008 1227 1121 1297 ll).
1174 1226 1318 1283 Elias
1340 1240 1555 1296 quoque
1581 1225 1661 1280 sic
1686 1224 1909 1279 vestitus

310 1332 449 1391 erat,
494 1322 575 1377 sic
610 1329 920 1375 sanctorum
964 1317 1179 1389 singuli,
1210 1315 1355 1387 quod
1388 1316 1502 1372 sive
1526 1315 1581 1372 in
1604 1314 1717 1387 iugi
1744 1328 1910 1387 opere

311 1423 675 1478 versarentur,
723 1409 839 1466 sive
881 1410 985 1465 iter
1028 1416 1270 1480 agerent,
1317 1406 1433 1464 sive
1465 1406 1627 1462 aliam
1664 1406 1910 1477 quamvis

311 1520 429 1560 rem
472 1502 830 1559 necessariam
870 1515 992 1557 eum
1038 1500 1223 1557 labore
1258 1506 1548 1566 curarent;
1596 1512 1697 1554 nec
1735 1512 1800 1553 ea
1841 1495 1911 1553 de

311 1610 477 1653 causa
525 1603 756 1661 tantum,
791 1593 887 1650 sed
912 1592 1057 1665 quod
1085 1593 1247 1648 etiam
1276 1602 1529 1648 ornatum
1555 1607 1771 1647 omnem
1799 1591 1911 1649 eal-

311 1695 537 1756 carent,
578 1698 636 1745 et
679 1694 912 1744 austera:
963 1687 1086 1742 vita
1138 1684 1328 1742 rationi
1373 1684 1655 1743 studerent
1701 1703 1715 1741 :
1768 1685 1911 1758 quod

313 1780 492 1852 ipsum
520 1794 774 1851 magnum
820 1778 1035 1835 virtutis
1071 1777 1378 1834 encomium
1404 1791 1529 1834 esse
1556 1776 1803 1835 Christus
1824 1776 1911 1835 di-

312 1876 386 1931 cit
413 1874 498 1930 his
519 1873 700 1930 verbis
730 1891 748 1929 :
778 1871 915 1939 Quid
937 1872 1109 1927 aristis
1134 1871 1303 1927 uidere
1321 1871 1348 1927 ?
1387 1871 1641 1927 Itontitwnt
1676 1870 1913 1927 mollibus

313 1967 545 2022 vestitam
564 1966 591 2021 .’
619 1964 751 2021 Ecce
777 1965 864 2035 qui
894 1965 1127 2021 mollibus
1149 1964 1443 2032 saliuntur,
1493 1965 1549 2020 in
1569 1963 1806 2021 domibus
1828 1980 1912 2019 re-

312 2076 436 2131 gunt
458 2068 575 2114 sunt
603 2056 764 2131 (Luc.
803 2058 856 2113 7.
887 2056 1015 2129 25).

387 2151 442 2208 5.
468 2151 521 2207 Si
541 2166 706 2223 porro
734 2150 826 2206 ille
851 2149 924 2205 ita
956 2165 1140 2221 purus,
1170 2159 1228 2207 et
1255 2148 1391 2206 etclo
1412 2148 1530 2220 ipso
1557 2147 1911 2222 splendidior,

315 2244 593 2316 prophetis
619 2243 870 2300 omnibus
899 2242 1130 2314 dignior,
1151 2257 1259 2314 quo
1285 2241 1459 2313 major
1484 2240 1588 2298 fuit
1612 2256 1793 2308 nemo,
1820 2241 1914 2313 qui

316 2345 521 2393 tantam
563 2335 747 2392 habuit
783 2334 1053 2401 fiduciam,
1093 2343 1203 2391 tam
1244 2349 1437 2405 aspere
1468 2334 1621 2401 vixit,
1667 2334 1916 2391 diffluen-

316 2440 429 2486 tem
474 2430 798 2501 voluptatem
841 2437 1125 2500 tantopere
1171 2427 1513 2499 despiciens,
1572 2435 1680 2483 tam
1721 2426 1914 2482 duram

316 2536 485 2595 agens
521 2521 687 2578 vitam
717 2536 737 2579 :
763 2536 925 2593 quam
971 2520 1376 2577 excusationem
1416 2518 1772 2587 habebimus,
1822 2517 1915 2589 qui

318 2624 443 2687 post
481 2622 627 2671 tanta
655 2612 937 2681 beneficia,
987 2610 1257 2671 sexcentis
1303 2619 1646 2683 peccatorum
1687 2609 1915 2666 sarcinis

317 2707 521 2775 onusti,
568 2721 638 2763 ne
676 2705 955 2763 minimam
990 2704 1206 2777 quidem
1252 2713 1457 2775 partem
1489 2703 1820 2775 paenitentiae
1853 2703 1915 2758 il-

318 2802 426 2858 lius
447 2798 816 2868 exhibeamus,
861 2798 960 2855 sed
983 2797 1231 2855 ebrietati
1257 2807 1312 2853 et
1331 2797 1504 2853 ventri
1527 2795 1693 2852 dediti
1721 2796 1913 2862 simus,

321 2893 610 2966 unguentis
662 2892 981 2963 fragrantes,
1030 2905 1131 2946 nec
1156 2888 1409 2945 meliores
1433 2886 1785 2943 theatralibus
1812 2886 1919 2942 illis

318 2984 713 3050 meretricibus,
766 2982 1002 3054 undique
1047 2980 1290 3037 moilitiei
1328 2995 1428 3036 nos
1476 2979 1758 3048 dedentes,
1802 2979 1919 3035 diae

320 3080 447 3136 bolo
485 3086 644 3151 captu
677 3075 860 3134 faciles
902 3090 1002 3132 nos
1042 3074 1421 3147 praebeamus?
1464 3075 1516 3130 5.
1564 3072 1704 3128 Tunc
1750 3071 1949 3127 exibat-

322 3170 394 3226 ad
439 3186 555 3225 enus
600 3168 767 3223 omnis
806 3165 1016 3231 ludam,
1056 3176 1103 3220 et
1147 3165 1493 3237 Jerosolynut,
1515 3173 1562 3218 et
1586 3164 1749 3220 omnis
1777 3163 1918 3234 regio

318 3262 589 3331 Iordanis,
629 3262 684 3320 6.
716 3272 766 3318 et
796 3260 1188 3331 baptizabantur
1210 3259 1275 3313 ab
1298 3275 1357 3314 eo
1387 3259 1442 3313 in
1466 3255 1716 3324 Iordane,
1757 3257 1920 3327 conﬁ-

321 3368 482 3415 tentes
508 3368 716 3429 peccata
738 3370 854 3412 sua.
885 3353 1072 3411 Viden’
1092 3364 1350 3424 quantum
1381 3350 1655 3424 prophetae
1678 3365 1920 3421 prtesen.

322 3451 397 3507 tia
424 3449 628 3505 valuit?
654 3447 925 3519 quomodo
944 3455 1115 3502 totum
1147 3443 1403 3517 populum
1435 3442 1740 3500 excitavit?
1787 3457 1949 3513 quo--

321 3543 486 3600 modo
525 3541 702 3599 effecit
744 3549 802 3598 ut
848 3548 1069 3612 peccata
1115 3540 1167 3594 in
1217 3537 1528 3594 memoriam
1566 3535 1919 3592 revocarent?

322 3636 457 3691 Nam
503 3633 855 3690 admiratione
902 3632 1119 3703 dignum
1159 3638 1293 3695 erat,
1333 3629 1514 3685 videre
1549 3629 1699 3683 illum
1732 3629 1784 3683 in
1819 3628 1920 3682 hu-

323 3744 486 3785 mano
511 3727 695 3784 habitu
726 3726 850 3783 talia
873 3724 1239 3795 exhibentem,
1287 3732 1343 3779 et
1381 3731 1524 3778 tanta
1562 3730 1798 3777 utentem
1836 3720 1920 3775 di-

323 3820 481 3876 cendi
526 3820 791 3885 libertate,
827 3827 989 3888 atque
1020 3816 1276 3871 adversus
1321 3830 1510 3870 omnes
1549 3815 1702 3886 quasi
1734 3823 1920 3869 contra

324 3929 523 3986 pueros
572 3913 960 3983 insurgentem,
1007 3910 1281 3982 multaque
1324 3911 1377 3965 in
1426 3910 1573 3966 vultu
1612 3910 1779 3981 gratia
1821 3908 1923 3964 ful-

322 4016 563 4077 gentem.
614 4004 695 4059 Ad
721 4011 997 4074 stuporem
1026 4000 1338 4058 conferebat
1361 4000 1503 4070 quod
1540 4009 1661 4070 post
1693 4000 1920 4055 multum

277 4118 283 4123 δ
334 4098 598 4167 temporis
636 4100 890 4170 propheta
916 4103 1226 4168 appareret;
1258 4110 1379 4149 nam
1427 4093 1544 4148 haec
1572 4091 1742 4162 gratia
1773 4089 1916 4160 apud

337 4187 462 4243 illos
508 4187 795 4253 defecerat,
827 4202 883 4243 et
926 4196 1046 4257 post
1096 4183 1403 4238 diuturnum
1448 4189 1660 4248 tempus
1707 4193 1922 4233 reversa

336 4290 446 4335 est.
479 4280 878 4335 Prtedicationis
904 4289 1082 4332 autem
1114 4274 1325 4339 modus,
1361 4287 1531 4327 novus
1562 4282 1613 4325 et
1641 4270 1928 4340 singularis

338 4378 480 4425 erat.
527 4369 668 4424 Niltil
715 4369 913 4438 quippe
956 4372 1333 4421 ronsuetorum
1388 4363 1705 4427 audiebant;
1756 4359 1930 4414 futura

342 4477 544 4531 nempe
594 4459 732 4515 bella
761 4468 815 4513 et
844 4459 1025 4527 praelia
1070 4454 1426 4521 vietoriasqtte
1473 4461 1735 4516 terrenas,
1766 4451 1935 4505 fames

340 4566 396 4611 et
428 4560 627 4623 pestes,
651 4550 996 4619 Babylontos,
1026 4547 1236 4611 Persas,
1262 4545 1412 4597 urbis
1432 4542 1721 4606 excidium,
1746 4551 1798 4594 et
1825 4543 1926 4593 alia

341 4658 466 4711 qua
494 4640 773 4706 solebant;
804 4638 896 4693 sed
929 4636 1099 4692 caelos
1124 4644 1178 4691 et
1205 4634 1425 4689 cmleste
1453 4647 1697 4701 regnum.
1732 4633 1932 4702 gehen-

346 4751 537 4807 tneque
556 4734 901 4805 supplicium.
928 4731 1222 4798 Fronterea
1245 4741 1569 4797 quamquam
1600 4724 1830 4779 rebelles
1855 4722 1934 4777 illi

344 4830 438 4900 qui
482 4842 603 4884 eum
654 4824 793 4882 Juda
840 4832 897 4880 et
929 4821 1151 4877 Theuda
1196 4821 1248 4873 in
1299 4819 1513 4873 deserto
1561 4815 1796 4879 fuerant,
1830 4827 1937 4867 non

349 4921 522 4976 multo
581 4926 709 4975 ante
773 4928 1016 4986 tempore
1072 4912 1322 4970 trucidati
1375 4912 1621 4976 fuissent,
1673 4923 1776 4963 non
1821 4907 1942 4962 ideo

345 5012 566 5083 segnius
591 5024 659 5066 eo
688 5023 750 5066 se
787 5008 1150 5064 contulerunt.
1186 5004 1299 5059 Non
1332 5003 1474 5058 enim
1505 5001 1573 5056 ad
1608 4999 1824 5055 easdem
1856 5012 1943 5053 res

352 5100 739 5174 perpetrandas
777 5098 925 5168 ipsos
976 5101 1325 5159 convocarat,
1354 5092 1421 5148 ad
1471 5089 1808 5164 tyrannidem
1839 5089 1945 5143 sci-

352 5196 501 5258 licet,
529 5194 596 5249 sd
640 5191 1018 5253 defectionem,
1045 5188 1113 5242 ad
1168 5201 1256 5243 res
1303 5184 1606 5248 novandas;
1638 5182 1730 5236 sed
1772 5190 1829 5236 ut
1872 5179 1941 5234 ad

352 5300 645 5353 snperttum
679 5298 902 5355 regnum
948 5281 1258 5337 deduceret.
1290 5278 1524 5346 Ideoque
1563 5287 1672 5328 non
1717 5272 1946 5328 detinuit

356 5397 540 5438 secum
570 5381 623 5437 in
666 5380 901 5445 deserto,
936 5390 1110 5446 neque
1159 5372 1536 5439 circumduxit,
1568 5369 1664 5426 sed
1713 5368 1887 5436 haptiz
1917 5395 1948 5407 -

359 5485 446 5528 tos
482 5481 537 5527 et
574 5467 928 5540 philosophia:
969 5464 1316 5522 sermonibus
1364 5464 1653 5516 instructos
1701 5456 1945 5512 dimisit:

361 5579 461 5636 per
504 5564 685 5619 omnia
727 5561 929 5616 docens
979 5567 1195 5614 terrena
1235 5555 1535 5622 despicere,
1563 5560 1619 5606 et
1655 5548 1723 5605 ad
1768 5546 1943 5603 futura

362 5655 608 5721 tendere,
630 5669 694 5710 ac
722 5651 965 5723 quotidie
981 5665 1102 5707 sese
1125 5649 1415 5705 concitare.
1449 5647 1601 5701 lluttc
1624 5652 1676 5698 et
1707 5656 1806 5696 nos
1826 5640 1948 5694 imi-

361 5766 561 5819 temur,
603 5765 668 5807 ac
713 5749 844 5806 cibis
896 5748 1268 5815 ebrietateque
1316 5742 1577 5806 dimissis,
1628 5738 1696 5793 ad
1745 5746 1948 5790 arctam

364 5844 530 5900 vitam
575 5857 678 5901 nos
728 5839 1134 5898 transferamus.
1165 5836 1294 5894 Nam
1343 5832 1696 5892 confessionis
1743 5840 1951 5899 tempus

1447 371 1510 430 ΙΝ
1551 365 1966 428 ΒΙΑΤΤΙΙᾸΞΙῙΜ
2013 365 2250 433 ιιοιιιι.
2299 368 2366 425 X.

2010 496 2096 542 est
2117 502 2225 540 non
2251 485 2476 541 initiatis
2490 493 2544 542 et
2559 484 2877 557 buptizatis:
2900 485 2988 541 his
3009 484 3251 557 quidem,
3273 495 3334 542 ut
3350 498 3474 558 post
3485 504 3600 558 pte-

2012 576 2297 633 nitentiam
2322 589 2594 648 peractam
2622 578 2692 633 ad
2714 593 2872 634 sacra
2904 579 3123 634 veniant
3149 582 3406 651 mysteria
3431 597 3448 647 ;
3482 581 3595 637 illis

2012 683 2162 733 vero,
2186 668 2460 725 utablutis
2473 684 2609 739 quas
2632 679 2754 740 post
2780 669 3110 740 baptismum
3139 681 3463 728 contraxere
3483 688 3598 729 ma-

2010 760 2171 826 culis,
2185 776 2321 829 pura
2340 762 2670 817 conscientia
2688 765 2753 818 ad
2772 780 3013 820 mensam
3030 766 3594 825 accedant.Absceda-

2010 867 2134 907 mus
2151 852 2395 923 igitut'ab
2408 853 2510 911 hac
2529 855 2678 909 molli
2692 856 3065 926 dissolutaque
3087 859 3212 916 vita.
3232 858 3351 915 Non
3367 871 3598 931 possunt

2006 943 2317 1011 enim,fnou
2346 954 2577 1015 possunt
2603 947 2790 1017 utique
2822 963 2929 1001 una
2952 949 3597 1009 subsistereconfessioet

2007 1034 2252 1093 deliciae:
2303 1046 2358 1094 et
2386 1041 2503 1093 haec
2526 1052 2620 1094 vos
2642 1038 2837 1094 doceat
2863 1039 3103 1097 Joannes
3131 1058 3161 1096 a
3193 1045 3535 1110 vestimento,
3564 1065 3593 1101 a

2011 1126 2155 1190 cibo,
2206 1142 2236 1179 a
2281 1126 2466 1184 domo.
2521 1129 2660 1197 Quid
2697 1132 2897 1203 igitur?
2955 1135 3204 1206 inquies:
3236 1137 3382 1194 itane
3405 1149 3610 1196 arctam

2008 1215 2167 1286 jnbes
2196 1232 2295 1273 nos
2336 1217 2537 1275 ducere
2565 1222 2768 1277 vitam?
2809 1223 2926 1280 Non
2966 1226 3149 1296 iubeo,
3193 1228 3289 1285 sed
3330 1231 3531 1287 suadeo
3558 1241 3615 1289 et

2015 1306 2223 1364 hortor.
2255 1310 2408 1379 Quod
2433 1313 2480 1368 si
2513 1311 2568 1368 id
2596 1313 2773 1371 facere
2797 1330 2904 1371 non
2935 1318 3178 1387 potestis,
3223 1321 3411 1377 saltem
3452 1322 3506 1378 itt
3537 1325 3617 1380 ci-

2015 1401 2269 1458 vitatibus
2309 1403 2569 1476 degentes
2629 1406 3002 1476 penitentiam
3057 1410 3442 1481 exhibeamus;
3491 1430 3616 1470 nam

2009 1491 2271 1565 judicium
2296 1506 2380 1553 est
2410 1497 2465 1553 in
2488 1498 2669 1568 januis
2699 1517 2715 1555 :
2759 1501 2973 1558 etiamsi
2999 1517 3129 1560 vero
3163 1506 3419 1562 remotius
3446 1519 3614 1573 esset,

2017 1602 2085 1644 ne
2111 1590 2193 1644 sic
2228 1590 2446 1661 quidem
2498 1593 2743 1649 securius
2777 1609 2936 1665 agere
2978 1605 3273 1668 oporteret.
3314 1598 3447 1655 Nam
3494 1601 3619 1656 finis

2017 1682 2142 1738 vita:
2169 1683 2501 1755 singulorum
2528 1686 2775 1743 eamdem
2806 1688 2911 1763 vim
2939 1703 3066 1762 erga
3104 1706 3371 1764 quemque
3423 1694 3616 1761 habet,

2017 1788 2178 1845 quam
2205 1777 2602 1833 consummatio
2626 1779 2833 1835 stecnli.
2861 1779 3016 1848 Quod
3040 1790 3217 1838 autem
3249 1784 3301 1838 in
3328 1784 3508 1856 ianuis
3525 1786 3617 1851 sit,

2015 1869 2140 1925 audi
2172 1870 2396 1926 Paulum
2447 1870 2717 1928 dicentem
2748 1891 2764 1928 :
2795 1873 2921 1929 Non:
2960 1878 3235 1946 rit-arcessit,
3285 1879 3393 1934 dies
3452 1890 3618 1934 autem

2016 1964 2480 2036 approquinquatn‘t
2514 1966 2691 2038 (Rom.
2745 1967 2832 2024 1⁸5.
2871 1967 2962 2039 12)
2997 1986 3010 2026 :
3042 1984 3108 2025 ac
3132 1986 3337 2038 rursus,
3368 1972 3473 2041 Qui
3504 1989 3623 2029 ven-

2018 2065 2163 2113 turus
2193 2068 2291 2125 est,
2334 2060 2495 2114 satist
2516 2101 2534 2127 ,
2570 2070 2618 2115 et
2646 2076 2748 2116 non
2778 2061 2998 2118 tardabit
3036 2062 3192 2134 (Heb.
3227 2064 3450 2138 10.57).
3494 2067 3620 2124 Ete—

2020 2149 2131 2205 nim
2181 2150 2334 2223 signa
2356 2151 2466 2223 jam
2501 2151 2722 2224 impleta
2759 2164 2886 2209 sunt
2911 2170 2975 2211 ea
3003 2171 3123 2227 qua:
3150 2156 3294 2213 diem
3321 2158 3464 2215 illam
3494 2176 3616 2216 evo-

2018 2249 2163 2298 cant.
2194 2242 2327 2298 Nam
2369 2244 2447 2299 ait
2476 2262 2491 2300 :
2522 2243 2894 2301 Prtedicabitttr
2935 2249 3032 2303 Itoc
3059 2249 3374 2322 evangelium
3399 2253 3540 2324 regni
3568 2253 3622 2308 in

2019 2334 2253 2389 universo
2295 2334 2491 2392 mundo
2520 2336 2578 2391 in
2605 2337 2947 2393 testimonium
2992 2339 3225 2396 omnibus
3261 2342 3490 2414 gentibus
3523 2359 3542 2399 :
3575 2352 3624 2400 et

2018 2433 2138 2480 tunc
2187 2424 2353 2481 veniet
2391 2428 2760 2483 consummatio
2788 2427 3004 2501 (Matth.
3034 2429 3127 2486 25.
3151 2432 3264 2503 11).

2090 2517 2146 2574 6.
2176 2517 2502 2575 Audientt'tntt
2529 2520 2776 2590 fervorem
2800 2523 3046 2591 stimulat,
3072 2540 3188 2578 cum
3217 2527 3469 2595 terrendo,
3516 2536 3624 2584 tum

2019 2609 2360 2665 exhortando.
2385 2640 2457 2652 -—
2489 2611 2656 2669 Dictis
2677 2613 2965 2685 diligenter
2991 2615 3272 2672 attendite.
3302 2610 3421 2673 Non
3450 2618 3620 2686 dixit,

2020 2701 2153 2759 Cum
2190 2702 2456 2759 creditum
2497 2704 2658 2761 fuerlt
2695 2706 2764 2762 ab
2807 2706 3096 2775 omnibus;
3134 2709 3252 2775 sed,
3299 2709 3436 2767 Cum
3468 2713 3621 2768 fuerit

2019 2794 2161 2865 apud
2186 2810 2377 2852 omnes
2408 2797 2774 2867 praedicatum.
2815 2799 3104 2870 Propterea
3135 2801 3366 2868 diccbat,
3395 2802 3460 2858 In
3490 2807 3624 2860 testi.

2022 2888 2249 2943 monium
2273 2888 2524 2959 gentibus,
2555 2887 2835 2947 declarans
2848 2905 2910 2946 se
2939 2908 3045 2946 non
3064 2904 3496 2964 exspectaturum
3524 2896 3624 2952 do-

2023 2996 2124 3037 nec
2151 2995 2341 3037 omnes
2383 2982 2626 3050 credant,
2654 2993 2712 3038 ut
2738 2993 2927 3053 postea
2953 2985 3152 3041 veniat.
3187 2985 3321 3043 Illud
3348 2990 3514 3057 enim,
3558 2989 3625 3046 In

2023 3074 2358 3129 testimonium
2377 3115 2393 3141 ,
2424 3073 2528 3131 hoc
2551 3084 2656 3141 est,
2688 3076 2743 3130 in
2781 3077 3204 3145 accusationem,
3247 3080 3302 3134 in
3329 3080 3627 3137 convictio-

2024 3180 2168 3231 nem,
2199 3166 2252 3221 in
2279 3166 2787 3223 condemnationem
2810 3182 2997 3224 eorum
3023 3170 3114 3241 qui
3142 3186 3251 3226 non
3281 3172 3624 3229 crediderint.

2025 3261 2095 3314 At
2137 3274 2257 3327 nos,
2299 3261 2392 3331 qui
2432 3260 2548 3316 haec
2582 3260 2830 3318 audimus
2872 3270 2930 3318 et
2955 3261 3222 3328 videmus,
3250 3263 3624 3333 dormitatnus,

2024 3354 2478 3424 somniamusque,
2505 3361 2561 3409 et
2577 3353 2728 3423 quasi
2754 3353 2808 3408 in
2832 3351 3244 3424 profundissima
3273 3363 3429 3410 nocte
3454 3357 3627 3411 ebrie-

2026 3453 2134 3500 tate
2182 3459 2485 3516 gravantur.
2541 3445 2753 3501 Etenim
2807 3460 2895 3502 res
2946 3456 3239 3517 praesentes
3292 3448 3458 3504 nihilo
3501 3460 3627 3505 sunt

2024 3535 2249 3591 somniis
2274 3536 2555 3604 meliores,
2585 3537 2699 3592 sive
2734 3537 2837 3592 illa:
2865 3537 3018 3593 bona:
3057 3537 3169 3595 sive
3216 3540 3455 3595 molestae
3495 3540 3620 3596 sint.

2027 3629 2339 3699 PrOpterea,
2368 3629 2617 3697 obsecro,
2646 3629 2757 3701 jam
2781 3633 3246 3702 expcrgiscamini,
3283 3643 3335 3688 ct
3356 3634 3421 3689 ad
3445 3635 3625 3691 Solent

2021 3719 2242 3790 justiti-.e
2268 3722 2585 3791 reSpiciatis.
2611 3721 2784 3778 Nemo
2811 3724 3007 3793 quippe
3030 3724 3300 3781 dormiens
3329 3726 3498 3782 solem
3532 3745 3628 3798 po-

2028 3819 2134 3866 test
2158 3811 2362 3880 videre,
2409 3828 2584 3884 neque
2614 3814 3010 3884 pulchritudine
3051 3815 3321 3871 radiorum
3353 3818 3469 3887 ejus
3494 3834 3623 3873 ocu-

2028 3905 2110 3960 los
2138 3904 2442 3970 delectare;
2476 3906 2567 3962 sed
2597 3907 2640 3961 si
2674 3923 2773 3977 qna
2804 3907 2964 3974 videt,
2996 3909 3148 3978 quasi
3183 3911 3232 3962 in
3263 3911 3474 3964 somnio
3507 3927 3632 3965 ont-

2030 3997 2114 4051 nia
2157 3998 2321 4054 videt.
2372 3997 2498 4053 Ideo
2537 3999 2701 4052 multa
2757 3998 2910 4054 nobis
2955 4013 3093 4069 opus
3140 4008 3223 4055 est
3258 3999 3632 4073 confessione,

2022 4093 2204 4150 multis
2232 4094 2501 4165 lacrymis,
2537 4104 2648 4150 tum
2692 4094 2812 4165 quia
2859 4096 2979 4151 sine
3022 4091 3134 4150 ullo
3171 4114 3331 4157 sensu
3365 4101 3617 4169 jacemus

2030 4185 2169 4239 mala
2200 4194 2598 4254 perpetrantes;
2633 4196 2742 4241 tum
2773 4187 2896 4257 quia
2941 4201 3132 4258 magna
3159 4197 3285 4243 sunt
3313 4176 3529 4259 peccata
3560 4204 3618 4250 et

2029 4276 2182 4329 venia
2230 4275 2469 4347 indigna.
2508 4275 2659 4343 Quod
2701 4292 2830 4332 vero
2861 4292 2967 4332 non
3013 4279 3267 4345 mentiar,
3297 4290 3461 4336 testes
3491 4292 3621 4339 sunt

2033 4367 2253 4435 plurimi
2283 4356 2347 4421 ei
2376 4368 2753 4436 praesentibus.
2790 4369 3037 4424 Attamen
3062 4369 3186 4424 licet
3216 4371 3366 4425 venia
3397 4369 3621 4441 indigna

2036 4470 2062 4509 s
2087 4464 2166 4520 nt,
2198 4459 2569 4526 ptrznitentiam
2615 4473 2859 4530 agamus,
2889 4469 2944 4513 et
2973 4462 3187 4515 coronis
3214 4460 3473 4517 fruemur.
3508 4462 3634 4518 Poe-

2037 4549 2317 4605 nitetttiam
2349 4561 2526 4605 autem
2558 4567 2713 4616 voco,
2734 4568 2838 4607 non
2868 4569 2892 4605 a
2922 4553 3189 4623 prioribus
3213 4554 3482 4609 abstinere
3512 4570 3625 4607 ma-

2054 4646 2120 4701 lis
2148 4653 2381 4711 tatttum,
2407 4642 2501 4698 sed
2536 4643 2698 4697 etiam
2733 4640 2940 4709 majora
2997 4640 3139 4694 bona
3190 4640 3441 4706 operari:
3507 4654 3633 4690 nant

2054 4740 2129 4793 ait
2153 4732 2208 4787 8.
2258 4735 2446 4790 Facite
2501 4735 2709 4804 fructus
2754 4726 2939 4800 dignos
2958 4727 3297 4800 pwnitentiw.
3342 4729 3642 4798 Qtomodm

2040 4818 2336 4875 faciemus?
2369 4820 2426 4876 Si
2474 4818 2740 4873 contraria
2792 4818 3050 4873 faciamus
3089 4833 3105 4869 :
3148 4817 3380 4886 exempli
3431 4830 3635 4873 causa:

2046 4912 2271 4981 rapuisti
2296 4912 2505 4966 aliena?
2532 4910 2650 4966 Jam
2677 4918 2765 4964 tua
2796 4909 3008 4978 largire.
3042 4908 3227 4979 Longo
3252 4915 3495 4977 tempore
3522 4906 3643 4962 for-

2047 5005 2258 5059 nicatus
2304 5002 2402 5057 es?
2433 5003 2515 5056 Ab
2564 5014 2733 5056 uxore
2772 4999 2986 5055 abstine
3032 4999 3185 5053 statis
3230 4998 3640 5064 diebus,conti-

2046 5094 2282 5149 nentiam
2312 5107 2525 5148 exerce.
2569 5090 2959 5146 Contumeliam
3008 5090 3256 5152 intulisti,
3295 5091 3373 5144 vel
3408 5101 3630 5159 prtetero

2045 5199 2234 5241 enn'es
2277 5184 2626 5252 percussisti?
2655 5182 3047 5237 Contumeliam
3104 5182 3451 5236 inferentibus
3478 5182 3637 5236 dein-

2050 5291 2178 5345 crps
2208 5275 2455 5337 bettetlic,
2480 5283 2535 5329 et
2582 5273 3002 5343 percutientiltus
3033 5284 3084 5326 te
3115 5269 3374 5326 beneﬁcia
3420 5268 3639 5324 confer.

2054 5368 2237 5437 Neque
2264 5367 2406 5421 enim
2435 5367 2564 5421 satis
2589 5374 2675 5419 est
2701 5364 2765 5418 ad
2798 5365 3100 5427 sanitatem,
3129 5362 3172 5417 si
3198 5362 3361 5416 telum
3389 5361 3642 5414 extraha-

2054 5473 2202 5521 ntus;
2229 5458 2322 5512 sed
2348 5456 2554 5510 vulneri
2576 5456 2735 5509 etiam
2760 5453 2992 5509 remedia
3018 5451 3340 5506 adhibenda.
3367 5450 3657 5504 Conviviis

2048 5554 2103 5600 et
2128 5543 2375 5600 ebrietati
2416 5557 2633 5612 cperant
2665 5540 2858 5596 dedisti
2889 5539 3154 5595 antehac?
3183 5537 3370 5607 Jejuno
3401 5548 3450 5591 et
3490 5552 3657 5605 aqua:

2012 5662 2015 5665 λ
2050 5645 2232 5708 potum
2259 5634 2471 5690 adhibe.
2502 5632 2731 5689 Attende
2758 5642 2814 5687 ttt
2844 5633 2966 5686 inde
2983 5642 3151 5685 ortam
3179 5629 3468 5700 poriciam
3497 5645 3649 5682 anto-

2049 5746 2193 5786 vcas.
2230 5729 2416 5786 Vidisti
2464 5728 2749 5798 impudicis
2787 5726 2955 5781 oculis
3003 5726 3231 5779 alienant
3283 5722 3541 5775 fortnam?
3573 5721 3649 5778 Ne

2051 5824 2329 5882 mulierem
2373 5822 2588 5894 quidem
2635 5824 2795 5879 ullattt
2848 5822 2898 5876 itt
2949 5830 3219 5891 posterum
3267 5818 3541 5888 respicias,
3593 5830 3651 5875 ut
