4052 6432
411 402 501 458 191

423 519 594 587 magis
637 523 750 569 tuto
779 509 1027 566 verseris.
1075 507 1302 568 Dt‘ciitta,
1357 503 1545 573 inquit,
1588 518 1619 554 a
1666 501 1817 560 malo.
1861 508 1908 552 et
1938 497 2021 566 {ne

423 610 609 663 bonum
643 605 816 676 (Psal.
849 604 937 658 36.
969 601 1094 670 2T);
1140 613 1198 652 ac
1245 613 1455 652 rursum
1488 613 1500 648 :
1538 594 1758 648 Prohibe
1793 594 2019 662 lingua».

420 709 560 752 tuam
605 715 637 750 a
666 697 820 759 malo,
851 692 1050 746 etlabia
1090 701 1177 742 tua
1218 705 1280 742 ne
1308 689 1581 757 loquantur
1622 684 1795 738 dolum
1842 681 2016 748 (i’sal.

421 789 510 844 33.
543 785 654 858 14).
685 784 788 841 Sed
820 785 1015 838 bontun
1047 795 1260 850 quoque
1289 778 1451 831 dicito
1480 775 1608 828 mihi
1643 793 1655 828 :
1689 773 1900 843 quuire
1929 791 2022 840 pa-

423 899 547 945 cem,
590 888 636 933 et
681 891 974 947 persequere
1015 891 1124 928 eam
1156 871 1316 944 (Ibid.
1349 887 1395 924 ν.
1430 869 1549 936 15);
1581 884 1686 921 non
1735 882 1853 920 eam
1901 881 2018 933 qua:

421 989 541 1027 cum
574 969 882 1026 hominibus
908 975 1134 1029 tantum,
1169 965 1260 1018 sed
1287 977 1408 1018 eam
1427 961 1585 1014 etiam
1612 973 1731 1028 qua:
1757 972 1877 1012 cum
1909 956 2020 1010 Deo

422 1064 668 1118 habetur.
706 1059 936 1116 Pulchre
979 1069 1156 1111 autem
1187 1055 1348 1116 dixit,
1388 1052 1692 1118 Persequere
1719 1065 1738 1102 :
1770 1065 1892 1102 nam
1922 1063 2019 1101 ex-

421 1153 573 1224 pulsa
603 1152 691 1206 illa
717 1159 773 1206 et
803 1147 1076 1220 profligata
1106 1155 1206 1210 est,
1239 1161 1302 1199 ac
1333 1145 1514 1199 relicta
1552 1151 1712 1204 terra,
1744 1141 1796 1194 in
1827 1139 2018 1194 ca-lum

421 1247 572 1301 abiit.
605 1243 712 1300 Sed
758 1255 1045 1313 possumus
1085 1240 1226 1294 illam
1264 1237 1540 1301 reducere,
1578 1237 1621 1291 si
1653 1236 1900 1301 velimus,
1930 1249 2021 1288 ar-

423 1338 746 1408 rogantiam,
797 1334 1100 1404 superbiam
1141 1341 1194 1387 et
1219 1332 1397 1387 omnia
1429 1330 1810 1401 impedimenta
1839 1345 2020 1384 remo-

425 1443 553 1484 vere
571 1468 585 1494 ,
621 1442 684 1481 ac
710 1440 897 1496 puram
926 1432 1421 1496 temperantemque
1447 1421 1641 1478 sectari
1670 1421 1852 1475 vitam.
1881 1419 2020 1474 Nihil

436 1520 580 1576 enim
607 1520 682 1573 ira
706 1517 1012 1586 ferociaque
1029 1515 1286 1571 deterius.
1309 1514 1434 1570 llzec
1458 1513 1603 1569 enim
1631 1513 1841 1568 inﬂatos
1863 1512 2023 1568 simul

421 1621 476 1668 et
505 1611 726 1666 serviles
751 1609 958 1664 animos
988 1608 1172 1675 efficit,
1201 1607 1328 1662 hinc
1347 1607 1621 1669 ridiculos,
1652 1606 1775 1661 inde
1803 1605 2021 1661 odiosus

425 1700 683 1766 reddens,
707 1709 761 1756 et
779 1700 878 1755 sibi
901 1699 1170 1754 contraria
1199 1697 1457 1752 inducens
1478 1697 1639 1762 mala,
1662 1698 2022 1767 arrogantiam

429 1806 625 1862 nempe
650 1801 705 1846 et
732 1790 1114 1845 adulationem.
1145 1787 1251 1844 Sed
1282 1789 1326 1844 si
1364 1788 1586 1844 affectus
1620 1789 2019 1844 immoderatio'

425 1898 551 1938 nem
579 1880 974 1946 exscindamus,
1006 1890 1063 1935 et
1089 1881 1332 1936 modeste
1359 1879 1608 1944 humiles,
1640 1888 1694 1934 et
1719 1889 1831 1934 tuto
1861 1880 2026 1934 subli-

429 1987 545 2027 mes
573 1971 792 2026 erimus.
821 1970 951 2025 Nam
983 1971 1034 2025 in
1063 1970 1379 2040 corporibus
1405 1970 1565 2024 etiam
1597 1971 1796 2025 nostris
1834 1985 1900 2025 ex
1941 1986 2026 2024 re-

427 2064 718 2120 dundantia
763 2066 916 2120 mala:
958 2065 1241 2119 humerum
1284 2063 1695 2119 eommixtiones
1736 2064 2022 2119 oriuntur:

427 2160 692 2214 elementa
728 2172 936 2229 quoque
965 2173 1088 2212 cum
1133 2157 1380 2226 proprios
1417 2156 1519 2211 sibi
1550 2155 1808 2210 terminos
1832 2155 2026 2209 transi-

430 2250 582 2317 liunt,
615 2259 668 2305 et
698 2250 1005 2305 innumeros
1028 2248 1266 2311 morbos,
1288 2257 1343 2303 et
1367 2245 1554 2302 funera
1575 2247 1754 2317 gravia
1782 2245 2023 2317 pariunt;

431 2340 483 2396 id
514 2341 656 2411 quod
683 2341 842 2395 etiam
874 2339 927 2394 in
957 2341 1132 2394 anima
1162 2338 1408 2394 accidere
1438 2338 1703 2394 videmus.

502 2434 555 2488 7.
600 2431 1102 2488 lmtnoderationcm
1143 2431 1322 2502 itaque
1361 2429 1760 2496 abscindamus,
1800 2437 1856 2485 et
1883 2429 2026 2484 salu-

434 2527 553 2573 tare
587 2520 979 2576 moderationis
1009 2522 1366 2592 pharmacum
1396 2529 1668 2592 potantes,
1711 2521 1764 2574 in
1801 2530 2011 2590 tempe-

433 2610 611 2665 rantia
633 2615 955 2683 congruenti
979 2630 1322 2681 maneamus,
1341 2615 1709 2685 precibusque
1725 2613 2015 2684 diligenter

435 2705 840 2760 incumbamus.
869 2705 927 2760 Si
977 2707 1310 2776 postulatum
1362 2722 1470 2762 non
1500 2706 1857 2776 accipiamus,
1889 2719 2017 2776 per-

434 2807 766 2858 severemus,
821 2803 881 2847 ut
924 2793 1301 2863 accipiamus;
1365 2794 1408 2848 si
1451 2797 1842 2864 acceperimus,
1891 2796 2014 2851 ideo

435 2902 849 2958 perseveremus
906 2889 1036 2958 quia
1087 2888 1418 2958 accepimus.
1479 2887 1665 2958 Neque
1704 2890 1848 2944 enim
1907 2892 2018 2945 vult

436 2979 528 3035 ille
578 2981 910 3051 postulatum
952 2980 1155 3035 donum
1194 2979 1438 3043 ditl‘erri;
1505 2982 1600 3037 sed
1671 2982 2015 3037 cunctatione

436 3073 811 3129 assiduitatem
861 3073 1130 3144 sagaciter
1180 3075 1342 3144 parit.
1415 3073 1537 3129 Ideo
1587 3073 1768 3129 ditfert
1826 3084 2016 3144 postu-

437 3164 548 3221 lata
578 3166 895 3232 concedere,
937 3181 1002 3220 ac
1029 3181 1172 3236 saepe
1218 3167 1568 3222 tentatiouem
1611 3166 1847 3222 incidere
1893 3182 2016 3236 per-

434 3249 618 3318 tnittit,
651 3261 708 3306 ut
736 3252 1039 3321 trerpieuter
1063 3253 1129 3308 ad
1158 3267 1280 3307 eum
1308 3251 1700 3323 confugiamus,
1723 3260 1778 3308 et
1805 3252 1882 3308 sic
1910 3268 2034 3323 per-

433 3355 762 3399 sereremus.
794 3344 883 3398 Sic
908 3359 1117 3415 quoque
1144 3342 1342 3399 faciunt
1369 3354 1542 3414 putres
1561 3354 1615 3400 et
1645 3356 1842 3400 matres
1868 3346 2034 3416 prolis

433 3443 705 3489 amantes:
728 3449 850 3489 cum
877 3436 1124 3504 parvulos
1150 3450 1276 3492 suos
1301 3435 1528 3491 viderint
1555 3435 1623 3489 ab
1648 3451 1707 3491 se
1732 3435 2028 3504 discedere,

439 3535 499 3580 ut
519 3541 642 3580 cum
671 3527 961 3595 mqualibus
989 3529 1103 3580 suis
1128 3526 1342 3591 ludant,
1373 3528 1424 3581 id
1455 3537 1646 3583 curant
1672 3537 1729 3582 ut
1751 3529 2030 3585 domestici

443 3617 695 3671 terricula
735 3617 900 3670 multa
950 3618 1221 3683 simulent,
1271 3628 1329 3672 ut
1377 3634 1488 3687 prae
1539 3619 1729 3674 timore
1775 3627 2034 3690 cogantur

435 3709 645 3779 pueruli
684 3709 750 3764 ad
791 3720 1088 3764 maternum
1134 3710 1309 3764 sinum
1337 3711 1642 3781 Confugere.
1689 3710 1779 3767 Sic
1811 3722 1867 3766 et
1896 3713 2034 3766 Deus

434 3817 581 3872 szepe
608 3802 780 3856 minas
811 3803 1054 3868 intentat,
1089 3818 1193 3857 non
1239 3812 1298 3857 ut
1337 3803 1475 3857 mala
1505 3802 1728 3873 inﬂigat,
1760 3804 1852 3858 sed
1887 3813 1942 3857 ut
1965 3803 2031 3858 ad

433 3908 494 3949 se
523 3893 812 3963 pertrahat.
840 3893 974 3948 Cum
997 3905 1174 3949 autem
1203 3893 1270 3949 ad
1299 3894 1444 3948 illum
1469 3895 1827 3966 confugimus,
1852 3897 2029 3950 statim

435 3995 634 4040 metum
666 3986 862 4040 solvit:
885 3986 1026 4056 quod
1051 3987 1096 4041 si
1125 3987 1256 4041 tales
1283 3999 1525 4041 essemus
1551 3985 1603 4038 in
1627 3987 2026 4049 tentationihus,

435 4077 622 4148 quales
643 4079 697 4134 in
729 4079 1131 4147 tranquillitate,
1163 4092 1269 4134 non
1299 4092 1578 4149 egeremus
1607 4077 2030 4133 tetitatio:n-.Ec-

1187 403 1242 446 δ.
1283 390 1557 448 JOANNIS
1591 381 2060 444 cuuvsosrout
2100 383 2418 439 ARCHIEP.
2458 384 2992 443 CONS'I'ANTINOP.

1563 4365 2630 4390 Μ

3606 392 3706 447 192

2113 483 2237 554 quid
2270 486 2337 539 de
2361 485 2516 539 nobis
2542 485 2731 554 loquor
2762 485 2815 524 ⁸⁸)
2834 483 2968 540 Nam
2995 483 3196 540 sanctis
3221 500 3436 556 quoque
3465 486 3572 541 illis
3603 504 3711 540 ma—

2114 591 2216 646 gna
2246 578 2368 630 hinc
2397 577 2737 646 provenielnt
2769 577 3137 645 teniperantize
3165 576 3399 634 occasio.
3433 575 3560 632 Ideo
3589 577 3713 632 dicit

2118 667 2374 736 propheta
2405 683 2418 719 :
2451 665 2647 720 Boutuu
2671 667 2794 720 mihi
2820 667 2939 737 quia
2965 666 3247 722 Itumitiasti
3276 684 3356 720 me
3383 667 3558 737 (Psal.
3586 670 3709 723 118.

2119 760 2229 829 7|).
2273 759 2497 828 Ipseque
2529 758 2782 828 apostolis
2809 757 3023 813 dicebat
3049 777 3062 812 :
3093 758 3160 812 In
3192 759 3381 812 mundo
3425 760 3714 813 tribulatio-

2120 869 2233 905 nem
2261 852 2501 905 habebitis
2531 851 2710 921 (latnt.
2739 852 2823 906 16.
2850 852 2961 922 35).
2994 850 3105 906 lloc
3125 867 3285 921 porro
3313 852 3507 908 Paulus
3531 854 3717 908 subiu-

2123 945 2293 1008 dicat,
2326 960 2446 998 cum
2476 946 2551 998 ait
2579 963 2591 998 :
2627 943 2790 998 Datus
2819 955 2891 999 est
2919 945 3044 998 mihi
3071 945 3306 999 stimulus
3335 947 3523 1008 carnis,
3556 963 3714 1017 ange-

2121 1038 2200 1092 lus
2247 1048 2460 1099 satame,
2506 1039 2590 1108 qui
2633 1053 2712 1090 me
2752 1037 3033 1106 colaphiset
3063 1037 3140 1108 (2.
3187 1037 3305 1091 Cor.
3351 1037 3436 1090 I2.
3473 1038 3548 1108 7).
3594 1038 3717 1093 Ideo

2121 1141 2372 1201 precatus
2401 1140 2456 1182 ut
2485 1147 2513 1183 a
2547 1129 2840 1184 tcutatione
2868 1129 3207 1195 liberaretur,
3237 1127 3288 1183 id
3322 1142 3426 1182 non
3457 1129 3719 1197 impetra-

2119 1225 2214 1288 vit,
2245 1225 2367 1294 quia
2412 1224 2536 1278 inde
2567 1239 2811 1293 magnam
2855 1223 3110 1292 carpebat
3139 1224 3446 1279 utilitatem.
3476 1224 3532 1279 Si
3590 1241 3718 1281 vero

2120 1324 2284 1370 totam
2333 1315 2545 1369 Davidis
2589 1316 2750 1368 vitam
2800 1315 3161 1385 exploremus,
3205 1316 3538 1372 inveniemus
3568 1318 3716 1372 illmn

2120 1405 2260 1461 inter
2310 1406 2542 1476 pericula
2591 1407 2893 1470 clariorem,
2936 1421 3112 1476 neque
3152 1407 3299 1461 illum
3346 1416 3574 1474 tantum,
3623 1411 3717 1465 sed

2120 1498 2278 1552 etiam
2307 1498 2441 1554 alios
2464 1512 2652 1551 omnes
2677 1497 2777 1567 ipsi
2803 1497 3025 1552 similes.
3063 1499 3272 1552 Etenim
3303 1497 3404 1554 Joh
3436 1498 3539 1554 hoc
3564 1511 3720 1570 pacto

2121 1589 2289 1657 magis
2331 1587 2559 1652 refulsit,
2599 1586 2800 1658 Joscph
2829 1587 2908 1642 sic
2950 1588 3119 1658 magis
3159 1590 3434 1658 magisque
3471 1591 3667 1645 claruit
3701 1610 3714 1646 :

2120 1679 2286 1736 Jacoh
2317 1678 2442 1736 item
2475 1692 2528 1736 et
2551 1689 2702 1749 pater
2731 1680 2922 1751 ipsius,
2962 1689 3016 1735 et
3043 1695 3193 1746 avus,
3221 1691 3277 1736 et
3302 1692 3564 1753 quotquot
3590 1699 3720 1738 con-

2121 1773 2290 1844 spicui
2333 1773 2566 1840 fuerunt,
2613 1771 3175 1843 splendidioribusque
3211 1775 3426 1829 coronis
3464 1786 3589 1830 Sttnl
3631 1792 3720 1832 or-

2123 1866 2256 1933 nati,
2286 1883 2351 1921 es
2393 1868 2647 1922 aerumnis
2686 1875 2846 1938 atque
2887 1867 3274 1922 tentationibus
3315 1877 3370 1924 et
3397 1872 3638 1925 coronati
3669 1880 3722 1926 et

2123 1958 2434 2030 proclamati
2459 1967 2603 2012 sunt.
2627 1955 2754 2012 Htec
2781 1972 2901 2013 cum
2933 1958 3166 2012 sciamus
3195 1959 3396 2025 omnia,
3427 1960 3719 2015 secandum

2122 2051 2416 2121 Sapientem
2463 2051 2609 2106 illum
2651 2066 2977 2116 sermonem,
3014 2049 3098 2106 Ne
3123 2053 3415 2123 festinemus
3445 2054 3496 2106 in
3527 2054 3610 2107 die
3639 2056 3722 2107 iu-

2123 2146 2342 2200 uasiouis
2359 2143 2543 2214 (Eccti.
2566 2145 2622 2200 2.
2643 2145 2725 2216 2),
2748 2145 2842 2200 sed
2863 2144 2931 2200 ad
2958 2161 3120 2200 unum
3144 2154 3346 2202 tantum
3365 2163 3463 2201 nos
3486 2147 3725 2202 institua-

2125 2253 2261 2303 mus,
2283 2247 2338 2291 ttt
2357 2238 2532 2292 Omnia
2555 2236 2761 2293 fortiter
2781 2238 3032 2306 feramus,
3053 2254 3152 2294 nec
3169 2241 3378 2294 curiose
3392 2241 3725 2311 iuquiramus

2124 2329 2208 2382 vel
2225 2338 2524 2383 scrutemur
2538 2345 2600 2383 ea
2617 2345 2734 2398 qua:
2749 2329 3016 2385 accidunt.
3031 2329 3160 2384 Nam
3179 2334 3336 2396 scire,
3357 2347 3462 2400 quo
3483 2341 3726 2402 tempore

2124 2421 2374 2477 desitum:
2393 2421 2498 2475 sint
2523 2436 2797 2484 terentium,
2821 2419 2912 2475 Dei
2935 2431 3040 2488 est,
3065 2421 3153 2489 qui
3176 2421 3415 2490 permisit
3448 2423 3564 2478 illas
3584 2427 3726 2478 arci-

2123 2513 2287 2579 dere;
2334 2514 2505 2568 illatas
2538 2529 2666 2567 vero
2707 2528 2827 2567 eum
2871 2515 3162 2583 gratiarum
3212 2515 3423 2569 actione
3462 2514 3624 2578 ferre,
3669 2517 3725 2571 id

2127 2606 2406 2674 probitatis
2425 2615 2620 2659 nostra:
2643 2615 2726 2660 est
2752 2620 2904 2674 opus.
2924 2603 3076 2673 Quod
3103 2606 3146 2660 si
3171 2605 3280 2669 fiat,
3301 2607 3475 2660 omnia
3498 2623 3727 2677 sequen-

2131 2707 2215 2751 tur
2239 2697 2410 2764 bona;
2448 2707 2508 2750 ut
2539 2713 2669 2751 vero
2703 2709 3014 2766 sequantur,
3047 2708 3211 2767 utque
3254 2697 3339 2752 hic
3367 2699 3724 2768 probatiores,

2125 2788 2236 2844 illic
2263 2804 2391 2844 vero
2420 2788 2816 2859 splendidiores
2847 2787 3168 2856 efficiamur,
3201 2789 3578 2860 quodcumque
3609 2792 3727 2846 illa-

2127 2888 2238 2936 tqu
2269 2879 2426 2935 fuerit
2465 2880 2812 2951 excipiamus,
2842 2881 3041 2949 gratias
3076 2880 3143 2934 de
3178 2881 3425 2935 omnibus
3469 2882 3728 2938 habentes

2125 2971 2200 3036 ei,
2228 2970 2317 3040 qui
2359 2970 2550 3027 melius
2589 2972 2730 3026 novit
2770 2987 2930 3042 quam
2960 2986 3060 3026 nos
3095 2972 3194 3042 ipsi
3221 2972 3348 3043 qttid
3382 2973 3534 3027 nobis
3563 2990 3725 3044 etpe-

2126 3064 2257 3128 diat,
2302 3065 2500 3136 quique
2538 3074 2815 3134 parentum
2842 3080 2968 3135 erga
3013 3079 3113 3119 nos
3153 3065 3318 3119 vincit
3361 3081 3602 3121 amorem
3631 3085 3645 3119 :
3674 3077 3736 3121 et-

2128 3156 2231 3213 hoc
2276 3168 2561 3228 utrumque
2609 3157 2944 3213 ratiocinium
2994 3158 3046 3214 in
3095 3158 3420 3228 quibuslibet
3471 3162 3729 3215 mrumnis

2127 3253 2282 3308 nobis
2319 3251 2451 3324 ipsis
2487 3260 2844 3319 recantantes,
2871 3251 3290 3322 comprimamus
3325 3267 3639 3319 matrorem,
3673 3266 3728 3310 et

2125 3344 2349 3416 gloriam
2379 3343 2673 3399 referamus
2699 3343 2829 3408 Deo,
2857 3344 2949 3414 qui
2977 3343 3028 3398 in
3052 3343 3300 3398 omnibus
3326 3345 3504 3398 omnia
3531 3344 3597 3399 sd
3627 3361 3730 3400 no-

2127 3445 2294 3492 stram
2343 3437 2624 3492 utilitatem
2667 3435 2959 3507 dispensat.
3005 3435 3096 3491 Sic
3123 3437 3264 3489 enim
3293 3445 3347 3491 et
3380 3437 3600 3492 insidias
3645 3437 3725 3492 fn-

2127 3529 2231 3584 cile
2268 3528 2622 3596 depellemus,
2669 3537 2725 3582 et
2759 3527 3231 3582 immarcescibiles
3267 3543 3497 3583 coronas
3533 3543 3726 3584 consc-

2129 3635 2355 3689 quemur
2383 3639 2396 3672 :
2426 3635 2558 3692 quas
2587 3633 2688 3674 nos
2712 3634 2901 3674 omnes
2927 3618 3142 3688 assequi
3171 3619 3442 3690 contingat
3467 3621 3636 3689 gratia
3665 3632 3720 3675 et

2129 3711 2455 3780 benignitate
2483 3710 2692 3766 Domini
2719 3710 2886 3765 nostri
2922 3709 3048 3765 Jesu
3075 3708 3294 3778 Christi,
3333 3713 3548 3779 quicum
3582 3711 3724 3768 Patri

2139 3803 2329 3874 gloria,
2363 3803 2666 3872 imperium,
2708 3802 2900 3867 honor,
2942 3817 3064 3857 cum
3093 3811 3282 3857 sancto
3315 3803 3539 3872 Spiritu,
3583 3819 3728 3859 nunc

2129 3903 2185 3950 et
2211 3909 2444 3964 semper,
2475 3905 2527 3948 et
2555 3893 2607 3948 in
2630 3894 2824 3948 saecula
2849 3893 3188 3949 surculorum.
3211 3893 3404 3947 Amen.

2195 4015 2208 4045 ί
2247 4011 2323 4060 sic
2344 4016 2480 4071 recte
2497 4007 2638 4058 savii.
2657 4014 2710 4057 et
2731 4006 2913 4071 aliquot
2948 4008 3273 4071 Manuscripti.
3299 4005 3386 4057 Alii
3410 4019 3532 4057 vero
3551 4016 3603 4058 et
3625 4015 3721 4058 uo-

2128 4075 2248 4136 rel.,
2272 4076 2328 4124 Et
2349 4070 2468 4135 quid
2487 4071 2550 4122 de
2566 4070 2827 4121 tentatioue
2861 4069 3026 4134 loquor
3045 4069 3069 4120 ε)

1829 4561 2178 4626 HOMILIA
2217 4557 2334 4621 XI.

433 4729 634 4786 (ἴηλεν.
651 4744 706 4785 v.
721 4729 774 4784 7.
794 4727 978 4782 Videas
996 4715 1162 4782 autem
1185 4727 1369 4783 multos
1385 4727 1786 4784 Sadducatorum
1812 4737 1859 4782 et
1893 4725 2035 4781 Plia-

506 4823 766 4878 risaorum
801 4821 1048 4876 uenientes
1074 4821 1143 4873 ad
1181 4819 1485 4890 baptismum
1525 4835 1696 4886 suum,
1742 4819 1871 4874 dixit
1915 4818 1985 4873 eis
2009 4834 2031 4874 :

507 4911 774 4968 Geuimina
809 4914 1115 4984 viperarum,
1154 4913 1267 4984 quis
1296 4912 1654 4968 demonstravit
1697 4911 1834 4966 vobis
1859 4915 2036 4984 fugere

505 5018 540 5056 a
568 5011 778 5057 uentura
802 5004 913 5060 ira?

508 5157 561 5212 1.
594 5154 703 5212 Cur
741 5172 870 5228 ergo
896 5158 970 5212 ait
991 5158 1258 5227 Christus,
1291 5175 1388 5216 eos
1410 5175 1516 5215 non
1545 5159 1836 5216 credidisse
1871 5160 2034 5216 Joan-

436 5247 528 5304 ιιἰῖ
569 5246 700 5316 Quia
743 5263 848 5301 non
875 5256 992 5303 erat
1036 5249 1164 5304 illud
1207 5251 1449 5317 credere,
1487 5266 1605 5306 cmn
1659 5267 1781 5307 eum
1829 5253 1917 5322 qui
1963 5252 2032 5306 ab

438 5339 552 5409 ipso
579 5338 989 5408 praedicabatur,
1023 5353 1127 5394 non
1161 5340 1483 5410 acciperent.
1513 5341 1647 5398 Nam
1669 5350 1724 5398 et
1755 5343 2030 5412 pr0phetis

433 5440 487 5484 et
535 5429 826 5498 lcgislatori
854 5429 1131 5486 attendere
1179 5432 1493 5488 videbantur
1532 5454 1547 5488 :
1591 5446 1643 5490 et
1683 5444 1860 5490 tamen
1900 5437 2032 5491 dixit

435 5519 526 5573 ille
566 5535 672 5574 non
711 5519 1024 5586 attendisse,
1053 5523 1173 5592 quia
1205 5538 1327 5577 eum
1358 5526 1447 5594 qui
1474 5528 1542 5582 ab
1574 5528 1675 5582 illis
1706 5527 2032 5596 praedii-aha-

436 5618 521 5663 tur
553 5625 660 5664 non
691 5619 1008 5681 receperunt
1037 5630 1050 5665 :
1079 5612 1138 5668 Si
1165 5617 1298 5668 enim
1326 5616 1588 5671 crederetis
1621 5617 1809 5689 Moysi,
1839 5621 2026 5689 inquit,

435 5698 700 5754 crederetis
723 5702 894 5772 utique
916 5712 962 5755 et
991 5702 1112 5756 mihi
1134 5703 1316 5772 (Joau.
1344 5704 1396 5758 5.
1422 5705 1533 5775 46).
1565 5707 1634 5762 Et
1657 5717 1840 5777 postea
1867 5710 2029 5764 inter-

436 5790 656 5860 rogatis
675 5792 906 5859 Christo,
931 5793 1195 5866 Baptisma
1212 5792 1430 5851 Joannis
1455 5799 1585 5853 unde
1611 5811 1681 5855 cst
1697 5801 1723 5855 .7
1747 5800 2026 5856 dicebant:

2141 4721 2204 4777 Si
2228 4720 2528 4786 dixerimus,
2557 4718 2634 4773 De
2653 4727 2806 4781 terra,
2833 4727 3063 4772 timemus
3091 4717 3290 4771 turbam
3311 4735 3332 4784 ;
3377 4720 3421 4774 si
3451 4735 3566 4776 vero
3592 4721 3739 4776 dixe-

2137 4813 2325 4878 rimus,
2355 4809 2431 4866 De
2458 4811 2605 4876 calo,
2635 4811 2766 4864 dicet
2791 4809 2954 4871 nobis,
2986 4809 3159 4875 Quare
3182 4826 3300 4880 ergo
3325 4827 3427 4865 non
3455 4811 3740 4867 credidistis

2137 4904 2184 4959 ei
2210 4901 2428 4976 (Matth.
2459 4901 2548 4956 2i.
2578 4901 2670 4957 25.
2721 4900 2852 4970 26)?
2881 4899 2958 4954 Ex
2991 4900 3073 4955 his
3115 4915 3245 4971 ergo
3283 4901 3533 4957 omnibus
3561 4903 3738 4982 palam

2137 5005 2220 5052 est
2247 4995 2392 5069 ipsos
2421 4995 2635 5050 venisse
2658 5004 2712 5049 et
2733 4995 3028 5064 baptizatos
3056 4993 3239 5056 fuisse,
3271 4993 3367 5048 sed
3388 4995 3440 5049 iu
3471 4994 3575 5050 fide
3604 5011 3738 5066 prae-

2134 5087 2420 5143 dicationis
2449 5101 2556 5142 non
2579 5086 2862 5142 mansisse.
2896 5085 3107 5141 Etenim
3137 5085 3376 5143 Joannes
3407 5087 3618 5142 illorum
3643 5104 3734 5143 ne-

2133 5180 2357 5250 quitiam
2397 5180 2651 5246 ostendit,
2699 5179 2911 5249 quando
2939 5179 3016 5234 illi
3052 5179 3116 5234 ad
3149 5180 3441 5250 Baptistam
3477 5182 3739 5237 miserunt

2133 5273 2375 5328 dicentes
2399 5290 2412 5326 :
2443 5273 2505 5328 Si
2531 5282 2585 5326 tu
2607 5289 2659 5327 es
2683 5272 2844 5337 Etias,
2871 5275 2913 5326 si
2932 5281 2987 5324 tu
3012 5288 3064 5326 es
3093 5271 3324 5326 Christus
3349 5272 3507 5345 (Joan
3533 5275 3582 5328 1.
3615 5273 3733 5345 2f);

2133 5365 2482 5435 quamobrem
2514 5365 2724 5432 intulit,
2761 5365 2860 5430 Qui
2886 5375 3056 5419 autem
3081 5366 3220 5419 missi
3250 5369 3474 5436 fuerant,
3505 5379 3648 5420 erant
3673 5383 3738 5420 ea:

2135 5456 2414 5512 Pliarisceis
2443 5457 2603 5530 (Ibid.
2638 5475 2684 5512 υ.
2708 5459 2824 5529 24).
2845 5458 2980 5524 Quid
3011 5458 3200 5528 igitur?
3228 5473 3405 5512 annon
3437 5460 3605 5513 turba:
3633 5473 3733 5528 po—

2133 5551 2242 5621 puli
2273 5549 2499 5619 idipsum
2533 5550 2828 5620 putabant?
2869 5551 3037 5604 Etiam
3064 5565 3078 5604 :
3107 5565 3289 5604 verum
3319 5549 3468 5619 plebs
3502 5551 3733 5620 simplici

2135 5650 2315 5696 mente
2363 5639 2479 5695 haec
2529 5641 2930 5710 suspicabatur;
2977 5639 3234 5693 Pharisaei
3275 5653 3404 5694 vero
3456 5640 3628 5709 ipsum
3676 5641 3733 5695 in

2127 5745 2383 5786 sermone
2405 5746 2600 5801 capere
2628 5731 2898 5786 volebant.
2929 5731 3061 5797 Quia
3087 5731 3230 5785 enim
3262 5730 3314 5784 in
3345 5731 3596 5786 confesso
3615 5745 3729 5786 erat

2130 5822 2403 5878 Christum
2444 5838 2566 5880 esse
2611 5831 2889 5880 venturum
2931 5839 2994 5879 cx
3038 5824 3156 5882 vico
3197 5821 3430 5890 Davidis,
3471 5821 3560 5881 hic
3601 5837 3740 5878 vero
