2026 3228
211 204 260 233 195
799 198 831 226 lN
852 197 1004 226 ΜΑΤΤΙΙᾸΞ

1077 199 1189 229 ΙΙΟΜΗ,.
1212 202 1256 231 .\'l.

208 269 241 289 ex
254 259 373 288 Levitica
391 259 460 287 tribu
476 262 543 291 erat,
563 255 750 292 interrogando
767 255 877 283 insidias
888 255 939 291 ipsi
961 262 1006 289 pa-

211 308 318 339 rabant;
340 311 369 333 ut
383 306 404 333 si
421 304 483 340 quid
499 312 576 332 serus
587 303 772 339 responderet,
788 303 814 329 in
830 303 903 329 illum
917 309 1005 329 nisur-

207 357 309 388 gerent.
324 351 380 378 lloe
391 351 461 378 enim
475 351 554 378 etiam
569 358 600 377 ex
617 349 788 384 sequentibtts
797 348 916 376 declarat
928 359 934 375 :
946 356 1006 375 nam

210 407 269 426 tum
283 398 348 425 nihil
363 405 457 424 eorum
472 405 530 431 qua:
545 396 593 431 ipsi
609 395 801 431 exspectabant
813 396 1005 430 respondisset,

210 451 298 472 tamen
315 445 400 479 ipsum
424 443 560 477 culpantes
583 442 697 469 dicunt:
721 442 788 474 Quid
808 449 867 476 ergo
883 441 1006 476 bnptizus,

209 492 230 519 si
243 496 270 518 tu
283 500 334 518 non
349 499 373 517 rs
385 490 497 517 Christus
513 489 602 523 (Joan.
616 489 641 516 l.
655 488 722 524 25)?
735 494 763 515 ut
775 495 839 515 vero
855 488 942 515 discas
956 488 1007 514 alia

210 542 300 565 tuente
315 537 474 569 Pliarisa‘os,
488 536 538 563 alia
554 536 657 571 plebem
671 535 787 567 venisse,
803 535 863 562 audi
875 534 1008 569 quomodo

210 584 373 619 evangelista
395 584 444 610 hoe
466 584 544 610 etiam
568 582 693 609 declaret.
716 583 780 609 Cum
799 590 893 616 ncmpc
912 582 944 607 (lt‘
962 590 976 615 p
989 591 1007 605 l-

212 630 273 664 pulo
287 630 334 663 ait,
353 630 423 663 ipsos
443 629 547 656 venisse
563 633 588 654 et
602 629 634 655 ab
649 629 692 654 illo
706 628 851 661 baptizatos
871 635 929 653 esse
946 636 1008 652 t'oti-

213 676 317 702 litentes
333 680 441 709 pet-cata
455 683 516 705 sua;
533 675 565 701 de
578 674 718 700 l’harisasis
734 682 795 700 \‘Cro
809 682 858 699 nou
874 674 1004 702 similiter,

212 721 257 748 sed
275 721 316 747 his
330 721 417 747 verbis
433 730 438 746 :
467 720 560 746 Videtis
573 721 662 746 inn/(os
679 719 879 746 Stlddttt‘a’m'ltlll
895 724 916 745 ct
941 719 1008 744 l’ltu-

213 767 343 793 risa’orum
359 767 490 797 venientes,
508 767 623 792 diccbat:
642 766 774 792 Geniniinn
790 767 941 800 vipcrurion,
954 774 970 799 ᾳ
989 766 1008 790 is

215 813 280 839 vobis
295 813 472 838 demonstravit
496 813 581 846 fut/pre
596 821 610 837 (ι
627 817 729 838 rentur/1
745 812 803 837 ira?
818 812 894 845 Papa:
907 811 912 837 l
926 820 1008 845 quan-

214 866 266 887 tum
278 860 358 887 animi
374 860 580 894 magnitudinem
593 860 598 885 ξ
611 859 749 892 Quomodo
762 858 905 891 alloquitur
921 858 1008 884 homi-

214 913 262 933 ucs
277 905 433 940 sanguinem
448 904 629 939 propheticum
645 912 750 937 semper
762 905 893 935 sitienteg
910 904 1008 937 quique

214 959 267 978 non
289 956 363 978 erant
378 951 545 985 serpentibus
562 950 701 976 mitiores?
717 957 775 976 cum
795 955 890 983 qua-nlo
908 954 934 976 et
950 950 1009 975 illos

214 1004 240 1025 et
256 1003 378 1032 patentes
394 998 498 1024 illormn
514 998 632 1024 libertate
646 998 819 1024 criminatur?

256 1044 307 1071 Cur
330 1043 443 1070 Joannes
473 1043 587 1078 Baptista
611 1043 753 1069 P/unisd'os
778 1043 950 1076 increpuverit.
974 1057 1009 1061 ——

215 1090 432 1124 Etiam,inquies,
445 1089 567 1123 loquendi
581 1090 687 1115 libertas
697 1090 809 1115 maxima
818 1094 873 1116 est:
887 1088 932 1115 sed
942 1096 1009 1122 qum-

215 1136 325 1164 rendutn
339 1144 371 1163 an
389 1136 497 1163 libertas
520 1135 668 1168 lmjnsmodi
685 1135 770 1168 aliqua
782 1135 884 1161 ratione
900 1134 1007 1160 nitattir.

214 1182 306 1216 Neque
319 1182 389 1209 enim
411 1186 552 1215 peccantes
567 1181 640 1212 vidit,
658 1182 702 1206 sed
717 1188 744 1207 re
755 1181 905 1214 vipiscenll‘s
919 1189 924 1205 :
942 1187 1007 1214 qua-

215 1234 324 1263 propter
343 1235 395 1254 non
420 1227 528 1261 culpare
551 1227 700 1261 oportebat,
724 1226 769 1253 sed
798 1226 905 1253 laudare
931 1231 1009 1260 atque

215 1275 361 1309 suscipere,
386 1274 444 1308 quia
468 1273 558 1300 relicta
583 1273 647 1300 urbe
673 1278 698 1300 et
722 1272 812 1304 domo,
838 1277 1009 1298 acenrreranl

216 1320 431 1354 prardicationem
455 1319 569 1345 audituri
597 1318 663 1352 Quid
679 1326 742 1352 ergo
758 1318 898 1344 dicamus?
921 1317 1007 1351 ipsum

216 1366 347 1399 vitleliCet,
368 1374 420 1393 non
435 1366 620 1400 praisentibus,
647 1373 732 1400 neque
747 1365 825 1392 rebus
844 1372 903 1399 qua:
924 1364 1010 1398 palam

215 1412 384 1447 gerebantur,
401 1412 555 1443 attendisse,
571 1411 615 1438 sed
632 1419 727 1437 art-ana
743 1411 839 1437 mentis
854 1418 944 1437 eorum
961 1419 1009 1435 uo-

217 1460 295 1491 visse,
310 1459 334 1486 id
348 1459 484 1486 revelante
499 1458 563 1485 Deo.
578 1458 707 1491 Quoniam
724 1458 801 1491 igitur
814 1457 847 1483 de
865 1456 1011 1490 majoribus

217 1505 272 1532 suis
283 1505 365 1532 altuln
381 1504 530 1538 sapiebanl,
544 1504 622 1537 idque
639 1503 703 1537 ipsis
718 1502 843 1537 perniciei
857 1509 936 1528 causa
953 1501 1011 1528 fue-

217 1555 267 1583 rat,
283 1552 408 1585 lpsosqtte
423 1550 448 1576 in
462 1549 592 1576 desidiam
609 1550 771 1582 conjecerat,
794 1548 952 1583 arrogantia:
967 1555 1010 1573 ra—

216 1597 300 1624 dicem
316 1596 437 1623 succidit.
453 1596 595 1630 Propterea
612 1595 692 1621 Isaias
705 1595 761 1621 illos
778 1595 909 1629 principes
926 1593 1011 1620 Sodo-

217 1650 333 1673 morum,
348 1646 375 1668 et
397 1642 522 1676 populum
537 1641 693 1668 Gomorrlne
709 1646 785 1667 vocat
808 1640 884 1675 (Isui.
903 1640 926 1666 l.
943 1640 985 1674 10)
1003 1648 1009 1665 :

216 1693 243 1715 et
256 1688 323 1715 alter
338 1687 465 1723 propheta
478 1687 557 1714 dicit:
570 1686 662 1713 Nonne
672 1688 735 1713 sicut
744 1687 791 1721 [iiii
802 1686 955 1720 Ait/iiopuni
967 1695 1010 1713 ros

216 1735 273 1761 catis
285 1734 373 1770 (Amos
388 1733 413 1761 9.
430 1733 479 1768 ην
495 1741 642 1767 omnesque
665 1733 698 1759 ab
716 1732 765 1759 hac
787 1732 912 1766 opinione
926 1732 1011 1758 dedu-

218 1786 280 1807 cunt
304 1780 374 1812 illos,
399 1784 529 1807 tumorem
553 1780 657 1806 illorum
674 1783 847 1811 evacnantes,
864 1779 908 1813 qtti
934 1778 1012 1805 inliu-

217 1825 384 1852 merabilinm
399 1825 462 1860 ipsis
478 1824 607 1851 malorum
624 1832 702 1851 causa
716 1824 812 1851 fuerat.
834 1825 879 1855 At,
895 1824 1009 1859 inquies,

218 1871 243 1898 id
256 1871 316 1905 jure
332 1870 470 1905 propliette
486 1870 631 1903 faciebant,
648 1871 691 1904 qui
708 1870 766 1897 illos
781 1874 921 1904 peccantes
936 1869 1011 1896 vide-

218 1919 279 1946 bant
296 1926 302 1944 :
320 1917 362 1945 hic
376 1924 439 1944 vero
453 1925 500 1944 cur
512 1922 539 1944 ct
553 1925 602 1952 qua
617 1917 649 1944 de
663 1924 755 1948 causa,
772 1925 831 1943 cum
850 1917 909 1944 illos
923 1916 1013 1944 videat

217 1964 444 1998 obtemperantes,
458 1963 570 1997 idipsnm
594 1962 673 1989 facit?
688 1962 722 1990 Ut
744 1962 802 1988 illos
819 1962 1012 1989 moderatiores

220 2008 321 2036 reddat.
338 2008 367 2035 Si
382 2008 441 2043 quis
453 2013 540 2035 autem
555 2012 678 2034 accurate
691 2007 768 2034 dictis
789 2007 918 2039 attendat,
936 2007 1013 2034 laude

217 2054 428 2090 increpationem
449 2055 623 2090 temperavit.
645 2054 787 2081 Admirans
811 2054 909 2089 quippe
936 2054 1010 2086 illos,

218 2101 290 2136 quod
310 2108 372 2128 sero
393 2100 500 2128 tandem
515 2108 546 2127 ea
562 2100 650 2127 facere
673 2100 832 2134 potuissent,
854 2108 913 2134 qua:
937 2107 1013 2125 ntim-

218 2154 297 2180 quam
321 2153 399 2181 posse
421 2145 478 2173 ﬁeri
493 2146 662 2177 videbantur,
685 2145 741 2172 lucc
763 2145 840 2172 dixit.
864 2144 1012 2180 lncrcpatio

219 2191 299 2227 igitur
312 2191 453 2219 allicieutis
468 2191 528 2218 illos
542 2191 629 2225 potius
644 2198 703 2218 esse
722 2190 837 2222 videtur,
854 2196 882 2217 et
895 2190 1013 2217 curantis

219 2241 249 2265 ut
260 2237 429 2272 resipiscant.
443 2237 507 2264 Cum
521 2237 593 2264 enim
613 2237 673 2263 illos
693 2237 834 2271 objurgare
856 2236 971 2268 videtur,
986 2240 1014 2263 et

220 2291 343 2319 magnam
359 2284 434 2319 prius
454 2284 558 2311 illorum
575 2284 719 2317 nequitiam
741 2283 824 2310 fuisse
844 2283 970 2312 ostendit,
988 2287 1015 2310 et

218 2330 394 2357 mutationem
419 2329 535 2364 ipsorum
565 2330 714 2356 mirabilem
738 2334 817 2363 atque
844 2330 1012 2364 stupendum.

218 2375 358 2410 Quomodo
373 2375 470 2403 factum
481 2381 530 2408 est,
545 2377 638 2411 inquit,
657 2381 685 2403 ul
696 2383 756 2403 cum
768 2376 873 2403 illorutn
889 2377 933 2403 lilii
948 2376 1012 2409 sint,

220 2428 247 2451 et
261 2427 315 2450 tam
332 2423 400 2450 male
420 2422 535 2454 educati,
553 2423 735 2457 pmoiteutiam
755 2423 854 2457 agant?
872 2422 942 2449 unde
958 2423 1015 2449 lucc

219 2473 291 2496 tanta
308 2468 376 2496 facta
393 2473 435 2495 est
456 2469 589 2495 mutatio?
612 2469 671 2503 quis
686 2469 856 2501 aspet‘ilalt‘ttt
870 2469 952 2495 auitni
967 2476 1014 2495 eo-

220 2523 278 2542 rum
292 2514 331 2543 sic
343 2514 491 2542 emollivit?
506 2515 564 2549 quis
584 2515 787 2542 imiucdicabilia
805 2516 914 2542 vulnera
935 2524 1015 2542 cura-

221 2561 278 2587 vit?
293 2560 327 2588 Et
341 2560 402 2587 vide
415 2560 550 2595 quomodo
563 2559 624 2587 illos
643 2568 657 2586 a
681 2560 810 2595 principio
825 2565 913 2587 statim
931 2561 1016 2588 incre-

221 2607 305 2642 pavit,
319 2606 451 2642 gehennm
462 2612 600 2633 sermones
614 2606 719 2633 czeteris
735 2607 908 2641 μῖίιξιιιίιιεηε.
926 2606 1016 2641 Neque

220 2653 293 2682 enim
308 2653 375 2681 dixit
388 2660 430 2684 ea,
446 2660 505 2688 qua:
520 2652 572 2679 dici
587 2657 800 2679 consueverant:
816 2653 881 2686 Quis
900 2653 1017 2680 ostendit

220 2699 297 2728 vobis
312 2698 403 2733 fugere
414 2698 493 2731 bella,
507 2699 677 2725 barbarorum
694 2699 824 2728 incursus.
837 2699 1015 2733 captivitates,

221 2747 315 2779 fames,
337 2745 523 2782 pestilentias?
547 2745 593 2772 sed
616 2746 685 2772 aliud
701 2746 832 2780 quoddam
857 2746 1015 2780 supplicium

221 2791 354 2824 obtendit,
367 2791 437 2826 quod
451 2799 594 2825 numquam
608 2791 671 2825 ipsis
686 2789 854 2818 manifestum
869 2791 963 2822 fuerat,
981 2791 1015 2818 ita

223 2839 316 2868 dicens
330 2848 336 2866 :
352 2838 415 2873 Qui:
432 2837 610 2865 demonstravit
629 2837 696 2865 vobis
711 2840 797 2873 fugere
810 2847 824 2864 α
842 2843 945 2864 rentum
958 2837 1017 2864 iru.’

257 2885 286 2914 Ω.
305 2885 370 2914 Jttrc
391 2890 478 2912 autem
495 2884 553 2912 illos
579 2885 712 2919 genimina
732 2885 880 2919 viperarum
902 2889 1016 2911 vorarit.

221 2933 360 2969 Siquidem
377 2932 426 2960 hoc
449 2937 601 2967 scrpcntntn
617 2940 701 2967 genus
720 2932 911 2967 parturientem
928 2940 955 2959 sc
975 2940 1014 2960 in.

1807 213 1858 241 illi

1063 256 1168 291 tcrlicit,
1182 263 1209 286 et
1224 260 1325 287 viscera
1343 261 1435 289 matris
1448 263 1596 292 corrodens
1612 265 1709 294 dicitur
1730 267 1755 295 in
1771 269 1856 297 luceni

1062 304 1169 337 prodire
1185 314 1191 332 :
1207 305 1232 333 id
1245 307 1314 341 quod
1331 313 1356 334 ct
1373 308 1409 335 illi
1424 309 1565 343 faciebant,
1582 317 1686 346 patrum
1701 319 1727 341 et
1741 321 1856 343 matrmn

1062 351 1259 385 interfectores,
1277 355 1320 386 qui
1334 354 1457 383 doctores
1472 364 1533 384 suos
1550 359 1664 393 propriis
1677 361 1799 388 manibus
1813 370 1858 389 oc-

1060 397 1192 425 cidebant.
1212 399 1264 426 Sed
1281 400 1306 427 iu
1319 402 1487 436 correptione
1510 404 1620 438 gradum
1638 413 1690 432 non
1707 407 1786 440 sistit,
1809 409 1856 435 sed

1061 444 1201 471 consilium
1224 445 1315 481 adjicit
1331 456 1336 473 :
1352 448 1377 475 8.
1403 447 1501 483 Facite,
1524 449 1619 485 inquit,
1645 452 1735 487 dignas
1758 455 1856 489 Ῑνιιοιιηι

1062 491 1222 523 νωιιίιιιηιίαι.
1237 491 1294 518 Non
1312 494 1382 520 enim
1399 497 1465 521 satis
1478 499 1517 522 est
1529 495 1620 531 fugere
1632 497 1729 525 malum
1743 507 1750 531 ;
1771 501 1857 528 Sedet

1069 534 1196 563 virtutem
1228 545 1352 573 magnam
1382 540 1509 567 exhibere
1531 547 1646 576 oportet.
1681 543 1719 570 Ne
1745 545 1810 572 mihi
1842 553 1858 573 e

1068 586 1162 609 contra
1185 583 1225 610 sic
1253 592 1299 612 vos
1319 586 1418 621 geratis
1440 591 1469 614 ut
1485 589 1560 615 vobis
1578 590 1687 617 solitum
1703 596 1771 623 erat,
1794 600 1855 619 cum
1882 588 1891 620 ’;

1068 627 1174 654 modico
1189 636 1236 656 vos
1252 634 1373 665 tempore
1384 633 1571 667 reprimentes,
1585 634 1617 661 ad
1631 636 1753 663 canitiem
1763 639 1857 672 nequi-

1067 673 1130 700 tiam
1149 675 1287 703 redibatis.
1307 675 1365 704 Non
1382 679 1454 706 enim
1464 679 1496 706 ad
1508 680 1602 707 eadem
1614 681 1670 716 ipsa
1679 683 1854 715 venimus,ad

1065 726 1126 753 quae
1136 720 1240 754 priores
1250 723 1395 757 prophetae.
1413 723 1521 751 Diversa
1529 730 1593 752 sntit
1602 728 1744 761 praesentia
1755 733 1781 754 et
1791 736 1855 755 suo-

1066 765 1182 796 limiora,
1193 768 1258 803 quia
1268 769 1418 802 ipseJudex
1429 775 1455 797 et
1463 771 1518 805 ipse
1527 771 1735 807 regniDoininus
1745 774 1853 801 advenit

1064 811 1096 838 ad
1106 813 1234 846 majori-tn
1246 815 1383 842 deducens
1390 816 1629 851 philosophiam,in
1636 819 1730 846 cadum
1741 827 1851 851 vocans,

1063 859 1129 884 etad
1139 858 1182 884 illa
1193 860 1475 889 trahenshabitacula.
1494 863 1554 889 Ideo
1570 864 1602 891 de
1615 864 1735 898 gelienna
1749 873 1852 891 sci-iuo-

1062 909 1122 928 nem
1143 902 1255 937 aperio:
1272 911 1333 930 nam
1355 908 1381 932 et
1400 905 1468 932 bona
1485 911 1510 933 et
1526 907 1595 934 mala
1611 913 1710 935 a‘tcrua
1733 914 1803 936 sunt.
1819 910 1858 938 Ne
1896 917 1900 920 ·

1063 946 1152 982 itaque
1175 948 1199 974 in
1216 948 1309 975 iisdem
1335 950 1412 976 malis
1425 951 1612 985 perseveretis,
1638 961 1687 980 nec
1702 954 1795 982 solitos
1815 957 1859 983 οὺς

1063 998 1152 1021 tentiis
1166 995 1318 1029 proferatis,
1335 996 1488 1029 Abraliami,
1506 997 1598 1031 lsaaci,
1620 998 1722 1032 Jacobi,
1745 1008 1858 1035 proavo-

1063 1048 1121 1068 rum
1139 1047 1289 1069 vestrorum
1304 1042 1480 1070 nobilitatem.
1496 1043 1557 1071 llzec
1570 1048 1657 1072 autent
1671 1045 1786 1079 dicebat,
1803 1055 1854 1075 non

1063 1095 1116 1122 qtto
1138 1088 1277 1122 impediret
1299 1088 1357 1115 illos
1379 1097 1412 1115 nc
1435 1096 1464 1116 se
1487 1089 1607 1117 dicerent
1630 1099 1661 1118 ex
1687 1093 1786 1119 sanctis
1805 1093 1859 1121 illis

1064 1134 1227 1168 progenitos,
1252 1133 1298 1160 scd
1314 1134 1443 1162 cohibens
1459 1135 1519 1162 illos
1533 1142 1566 1162 ne
1587 1135 1648 1163 huic
1666 1136 1759 1171 generi
1780 1139 1860 1166 conli-

1063 1179 1166 1211 dereut,
1191 1187 1242 1206 nctt
1263 1180 1359 1206 anima).
1381 1180 1504 1207 virtutem
1528 1181 1711 1217 negligercnt;
1734 1184 1812 1211 simul
1831 1189 1858 1212 et

1063 1234 1122 1260 qua.-
1138 1227 1163 1252 in
1184 1231 1272 1253 mente
1285 1226 1429 1253 versabant
1444 1226 1590 1261 proferens,
1613 1232 1640 1255 et
1655 1229 1741 1256 futura
1757 1230 1858 1264 praedi-

1063 1279 1137 1299 cens.
1155 1272 1219 1299 Nam
1235 1277 1262 1300 et
1275 1277 1367 1307 postea
1385 1273 1516 1308 prodeunt
1530 1273 1649 1302 dicentes
1667 1284 1673 1302 :
1691 1272 1747 1302 Nos
1761 1281 1859 1310 patrem

1064 1317 1184 1345 habemus
1191 1317 1596 1351 Abraham,etnulliservivimus
1603 1326 1725 1354 umquam
1731 1320 1821 1356 (Joan.
1831 1322 1861 1348 ξι.

1064 1365 1120 1399 55).
1137 1364 1268 1398 Quoniam
1290 1364 1368 1399 igitur
1388 1364 1440 1393 hoc
1463 1370 1521 1392 erat
1535 1366 1605 1399 quod
1622 1366 1682 1393 illos
1697 1367 1811 1395 maxime
1834 1368 1863 1394 in

1064 1410 1242 1445 arrogantiam
1254 1410 1347 1437 extulit
1361 1415 1387 1437 et
1407 1410 1540 1445 perdidit;
1559 1411 1608 1438 hoc
1622 1412 1735 1446 primum
1750 1413 1807 1447 ipse
1819 1421 1867 1440 re-

1064 1456 1165 1490 primit.
1181 1455 1246 1483 Vide
1260 1461 1349 1482 antcm
1363 1456 1498 1490 quomodo
1517 1461 1577 1491 post
1596 1462 1730 1484 servatum
1746 1458 1860 1493 patriar-

1064 1502 1122 1528 clue
1133 1501 1251 1529 debitum
1264 1502 1404 1533 hanorem,
1419 1502 1468 1529 hos
1485 1507 1576 1537 postea
1589 1504 1734 1531 emendare
1749 1505 1857 1532 nitatur.

1063 1548 1131 1575 Cum
1156 1548 1267 1575 dixisset
1287 1549 1369 1581 enim,
1390 1548 1477 1575 Nolite
1505 1549 1598 1576 dicere.
1618 1549 1722 1576 Patrem
1742 1550 1862 1577 habemus

1065 1593 1203 1627 Abraham,
1219 1601 1271 1621 non
1282 1594 1394 1626 addidit,
1408 1593 1478 1621 Nihil
1492 1595 1562 1622 enim
1575 1603 1623 1622 vos
1635 1596 1733 1630 poterit
1746 1597 1860 1629 patriar-

1064 1640 1113 1667 clia
1126 1640 1236 1675 juvarc:
1251 1640 1298 1667 sed
1316 1639 1408 1667 mitius
1422 1645 1450 1668 et
1463 1641 1601 1668 honestius
1623 1641 1674 1668 hoc
1695 1642 1781 1676 ipsum
1797 1643 1863 1669 sub-

1066 1686 1191 1714 indicavit
1210 1686 1322 1714 dicens:
1340 1686 1427 1713 Pareat
1442 1686 1508 1713 enim
1524 1686 1591 1713 Deus
1604 1687 1636 1713 de
1658 1687 1785 1720 lapidibus
1806 1688 1862 1714 illis

1066 1733 1188 1761 suscitare
1201 1733 1268 1767 ﬁlios
1284 1732 1400 1760 Abi-alim.
1417 1732 1528 1766 Quidam
1543 1733 1635 1759 dicunt
1648 1733 1672 1759 id
1686 1733 1718 1759 de
1737 1734 1863 1768 gentibus

1064 1780 1128 1811 dici,
1150 1787 1216 1814 quas
1232 1779 1332 1813 lapides
1352 1778 1534 1813 melaphoriee
1558 1783 1636 1805 vocat.
1655 1787 1662 1805 :
1678 1787 1727 1813 ego
1748 1786 1814 1806 vero
1834 1783 1863 1805 et

1064 1826 1143 1853 aliam
1158 1825 1220 1853 dicti
1234 1826 1396 1853 sententiam
1415 1832 1476 1852 esse
1490 1828 1565 1859 puto.
1587 1824 1698 1857 Qualem
1714 1824 1806 1851 illam?
1824 1824 1863 1851 Ne

1065 1872 1174 1908 putetis,
1190 1872 1285 1907 inquit,
1300 1872 1322 1899 si
1337 1879 1384 1898 vos
1394 1871 1521 1906 pereatis,
1537 1871 1717 1906 patriarcbam
1731 1871 1789 1898 sine
1802 1871 1863 1898 liliis

1066 1918 1132 1946 fore.
1147 1918 1204 1945 Non
1224 1918 1269 1950 ita,
1286 1926 1339 1944 non
1353 1917 1388 1944 ita
1400 1917 1490 1951 utique
1504 1924 1547 1943 res
1559 1924 1589 1944 se
1604 1917 1692 1944 habet.
1708 1917 1776 1943 Dens
1790 1917 1861 1943 enim

1066 1969 1153 2000 potest
1169 1973 1201 1992 ex
1217 1964 1349 1999 lapidibus
1371 1964 1440 1991 Illius
1455 1964 1504 1998 ipsi
1520 1963 1595 1993 dare,
1617 1967 1643 1990 et
1658 1963 1690 1989 ad
1705 1963 1764 1997 ejus
1778 1969 1864 1997 genus

1065 2013 1303 2045 cognatiOuentque
1317 2010 1377 2036 illos
1396 2008 1541 2041 deducere,
1557 2008 1690 2043 siquidem
1705 2008 1755 2035 hoc
1773 2009 1862 2043 ipsum

1066 2063 1080 2084 a
1095 2056 1226 2091 principio
1248 2055 1345 2082 laetum
1369 2058 1421 2081 est.
1445 2052 1511 2080 Nam
1531 2060 1564 2081 ex
1585 2053 1718 2087 lapidibus
1741 2052 1863 2081 homines

1068 2102 1124 2130 fieri
1141 2102 1193 2129 tale
1208 2107 1260 2134 est,
1276 2101 1354 2136 quale
1368 2107 1401 2128 ex
1414 2099 1491 2126 vulva
1511 2100 1597 2127 sterili
1613 2100 1729 2134 puellum
1744 2098 1862 2134 prodire.

1065 2147 1142 2181 Quod
1165 2152 1193 2175 et
1210 2146 1338 2181 prepbeta
1359 2145 1533 2173 subindicans
1552 2144 1677 2172 diccbat:
1693 2145 1819 2180 Rupioile
1837 2145 1864 2172 iu

1066 2194 1176 2221 solidam
1189 2197 1297 2229 petram,
1312 2200 1343 2219 ea:
1356 2200 1407 2227 qua
1417 2191 1495 2219 inciti
1502 2190 1573 2223 εειὶι,
1587 2195 1611 2218 et
1623 2191 1657 2217 ad
1668 2192 1766 2225 foveam
1779 2190 1863 2223 latim

1067 2247 1099 2267 ea:
1118 2247 1168 2274 qua
1188 2238 1275 2272 elfoni
1294 2238 1352 2265 estin
1365 2246 1375 2265 :
1387 2237 1505 2273 respicite
1524 2237 1551 2263 in
1564 2236 1693 2263 Abraham
1709 2242 1806 2271 putrem
1819 2244 1863 2263 oe-

1066 2290 1157 2318 urunt,
1171 2290 1195 2311 et
1213 2285 1239 2311 in
1252 2284 1347 2312 Soram
1358 2290 1416 2319 qua
1427 2290 1470 2310 voc
1484 2283 1616 2317 parturirit
1628 2281 1704 2317 (luti.
1721 2282 1767 2310 δι.
1781 2283 1807 2309 1.
1821 2281 1863 2318 2).

1068 2330 1142 2359 Hanc
1165 2339 1229 2367 ergo
1251 2331 1417 2366 prophetiam
1440 2330 1493 2357 illis
1514 2334 1621 2357 revocat
1644 2329 1670 2356 in
1693 2328 1863 2362 memoriam,

1067 2378 1237 2413 ostenditque
1249 2378 1318 2405 sicut
1332 2384 1346 2404 a
1362 2375 1492 2412 principio
1503 2376 1578 2403 illum
1593 2376 1632 2402 sic
1643 2374 1801 2402 mirabiliter
1814 2383 1863 2410 pa-

1069 2429 1137 2451 trem
1151 2423 1249 2457 ellecit,
1262 2423 1338 2459 quasi
1361 2431 1395 2451 ex
1410 2423 1554 2458 lapidibus,
1569 2423 1609 2449 sic
1620 2427 1647 2449 et
1662 2428 1733 2449 nunc
1752 2428 1862 2458 queque

1068 2471 1093 2498 id
1108 2478 1186 2506 passe
1200 2470 1266 2498 fieri.
1283 2470 1335 2497 Sed
1347 2469 1408 2497 vide
1417 2467 1553 2504 quomodo
1566 2472 1593 2495 et
1608 2472 1707 2496 terreat
1717 2472 1745 2495 et
1758 2469 1864 2496 exscin-

1067 2516 1124 2545 dat.
1145 2516 1203 2544 Non
1217 2517 1288 2543 enim
1302 2516 1379 2546 dixit,
1394 2515 1452 2542 Jam
1467 2514 1604 2547 excitavit,
1627 2522 1661 2542 ne
1674 2514 1724 2549 ipsi
1743 2515 1864 2544 animum

1068 2563 1283 2597 desponderent;
1309 2561 1367 2594 sed,
1397 2560 1530 2588 Suscitnre
1552 2565 1643 2595 potest.
1667 2559 1759 2595 Neque
1784 2560 1863 2591 dixit.

1070 2609 1198 2636 llomines
1218 2608 1306 2635 facere
1319 2611 1405 2641 potest
1425 2614 1457 2633 ex
1474 2604 1616 2640 lapidibus,
1636 2605 1684 2634 scd
1696 2606 1767 2641 quod
1781 2607 1867 2633 multo

1069 2654 1155 2689 majus
1166 2658 1235 2686 erat,
1247 2658 1274 2681 et
1287 2658 1415 2687 cognatos
1428 2658 1454 2680 ot
1468 2652 1537 2679 ﬁlios
1552 2651 1676 2679 Abrahae.
1694 2651 1787 2679 Videu’
1798 2660 1867 2687 quo-

1069 2701 1150 2729 modo
1164 2700 1224 2728 illos
1239 2700 1352 2730 abduxit
1371 2706 1387 2726 a
1405 2699 1506 2726 carnali
1527 2699 1572 2726 illa
1592 2698 1780 2733 imaginatione
1801 2703 1829 2725 et
1849 2707 1864 2726 a

1070 2747 1194 2782 praesidio
1215 2752 1386 2780 proavorum,
1410 2750 1439 2772 ut
1455 2745 1480 2772 iu
1496 2744 1602 2780 propria
1625 2743 1780 2778 pmoitentia
1797 2748 1864 2772 tcm~

1069 2793 1243 2829 perantiaquc
1263 2798 1338 2826 spem
1360 2791 1457 2818 salutis
1471 2790 1620 2818 haberent?
1632 2789 1720 2817 viden‘
1730 2790 1862 2825 quomodc

1068 2838 1253 2874 cognationem
1269 2838 1357 2865 carnis
1370 2836 1525 2870 excludetts,
1541 2835 1603 2863 ﬁdei
1617 2836 1803 2871 cognationem
1822 2836 1861 2864 in-

1069 2885 1141 2913 ducit
1148 2885 1161 2911 τ

1108 2932 1135 2960 5.
1155 2930 1285 2964 Quantum
1300 2930 1431 2957 rehcmrm
1441 2929 1473 2956 sit
1488 2928 1625 2963 increpatio
1640 2936 1686 2963 1m
1697 2927 1803 2956 luctatos
1812 2934 1859 2955 ex-
