4052 6434
373 358 479 417 I95

366 477 485 529 citat
515 470 743 526 Joannes
779 465 1031 537 Baptista.
1063 463 1234 518 Timor
1253 462 1321 515 ad
1350 459 1688 532 pwttitentiam
1715 456 1959 513 ducit.—

367 564 647 635 Perpende
677 563 855 631 itaque
895 558 1161 628 quomodo
1203 557 1254 609 in
1283 552 1629 624 sequentibus
1660 552 1848 605 borum
1889 550 1955 604 ti-

367 671 573 711 morem
594 663 801 725 augeat,
834 661 888 707 et
915 648 1327 705 sollicitudinem
1354 647 1609 701 intendat.
1634 644 1767 699 Cum
1793 642 1957 697 dixis—

363 757 448 802 set
490 747 652 809 enim,
683 744 855 797 Potest
884 740 1026 797 Deus
1053 757 1115 795 ea:
1140 739 1393 809 lapidibus
1420 739 1529 790 istis
1553 738 1795 791 suscitare
1822 734 1957 804 ﬁlios

361 841 599 903 Abiu/ur,
626 838 904 908 subjuuxit
935 854 948 889 :
987 836 1072 891 10.
1095 833 1215 886 Jam
1255 833 1444 886 securis
1475 832 1542 884 ad
1560 830 1782 883 radicem
1808 831 1956 880 arlro-

361 950 469 986 rum
499 933 663 1005 posita
690 939 759 985 est
787 946 805 983 :
832 945 925 999 per
948 927 1125 981 omnia
1168 925 1461 979 terribilem
1500 936 1801 977 sermonem
1830 918 1955 974 red—

361 1026 519 1081 dens.
550 1024 683 1079 Nam
726 1040 792 1079 ex
825 1023 946 1076 vita:
988 1036 1187 1091 genere
1229 1035 1471 1088 magnam
1501 1016 1711 1071 dicendi
1743 1015 1961 1069 liberta-

361 1128 468 1171 tem
499 1126 687 1171 nactus
725 1124 876 1179 erat;
910 1114 986 1166 illi
1017 1129 1143 1167 vero
1174 1110 1479 1165 vehementi
1507 1108 1739 1178 egebant
1782 1107 1958 1161 inere-

361 1210 614 1277 patione,
660 1208 782 1277 quia
834 1222 864 1259 a
913 1203 1083 1258 multo
1113 1204 1222 1272 jam
1278 1211 1517 1270 tempore
1570 1198 1953 1255 obduruerant.

360 1299 497 1365 Quid
528 1300 672 1353 enim
703 1296 841 1360 dico,
867 1296 1055 1366 inquit,
1080 1294 1190 1348 fore
1217 1302 1273 1347 ut
1294 1292 1552 1347 excidatis
1580 1306 1608 1344 a
1639 1289 1956 1360 patriarcha:

360 1389 700 1459 cognatione,
741 1397 795 1441 et
820 1386 953 1440 alios
984 1385 1207 1439 videatis
1249 1400 1313 1437 ex
1344 1383 1606 1453 lapidibus
1635 1383 1689 1436 in
1718 1392 1954 1437 vestram

360 1479 649 1535 succedere
694 1477 1039 1547 dignitatem?
1079 1475 1209 1530 Nam
1255 1491 1359 1529 non
1401 1475 1503 1529 hoc
1552 1481 1756 1528 tantum
1805 1472 1954 1526 vobis

359 1572 464 1627 erit
494 1586 685 1643 parum,
726 1571 823 1626 sed
861 1580 915 1625 et
954 1569 1177 1623 ulterius
1206 1568 1379 1621 adhuc
1409 1566 1663 1637 procedet
1699 1565 1951 1620 vindicta.

358 1666 481 1719 Jant
515 1666 680 1729 enim,
722 1663 912 1734 inquit,
942 1663 1130 1717 securis
1168 1662 1235 1715 ad
1262 1661 1485 1713 radicem
1521 1660 1760 1713 arborum
1791 1657 1956 1727 posita

361 1768 455 1812 est.
486 1757 627 1813 Nihil
660 1757 951 1811 terribilius
974 1754 1071 1809 hac
1104 1754 1350 1825 loquendi
1389 1754 1575 1823 figura.
1606 1750 1723 1807 lam
1754 1751 1952 1821 quippe

363 1865 471 1904 non
504 1850 641 1903 ultra
676 1848 868 1902 falcem
906 1846 1197 1910 volantem,
1241 1862 1345 1900 non
1391 1860 1573 1913 sepem
1602 1843 1951 1909 destructam,

369 1960 476 1999 non
504 1943 869 1997 conculcatam
917 1941 1150 2003 vineam,
1193 1953 1415 1993 cernere
1442 1947 1557 2001 est;
1588 1935 1683 1991 sed
1722 1934 1953 1990 securim

361 2037 647 2093 admodum
672 2043 972 2096 exacutam.
1001 2033 1250 2104 quodque
1269 2032 1502 2101 gravius,
1530 2030 1642 2099 jam
1668 2029 1732 2082 ad
1757 2028 1952 2097 januas

364 2130 613 2199 positam.
661 2126 795 2193 Quia
832 2126 973 2180 enim
1016 2124 1296 2193 prophetis
1343 2138 1448 2177 non
1476 2122 1779 2186 credentes,
1812 2134 1955 2188 saepe

361 2221 610 2275 dicebant
644 2237 655 2271 :
690 2217 789 2271 Ubi
817 2227 890 2271 est
931 2216 1038 2270 dies
1065 2214 1315 2268 Domini?
1357 2224 1431 2279 et,
1471 2212 1644 2265 Veniat
1684 2211 1951 2265 consilium

360 2312 522 2365 sancti
557 2309 738 2374 Israel,
785 2318 839 2363 ut
880 2310 1101 2363 sciamus
1143 2307 1293 2379 (Isai.
1326 2308 1378 2362 5.
1412 2305 1501 2377 l9)
1529 2324 1540 2358 :
1570 2321 1637 2360 eo
1678 2304 1819 2375 quod
1864 2319 1951 2371 ea,

360 2420 479 2474 qua:
503 2403 952 2475 prcedieebantur,
986 2410 1108 2471 post
1148 2400 1345 2454 multos
1372 2413 1544 2453 annos
1570 2412 1715 2467 smpe
1738 2397 1951 2452 accide-

361 2506 523 2551 rent:
557 2506 615 2550 ut
660 2494 761 2550 bac
816 2494 938 2549 illos
990 2492 1359 2548 consolatione
1414 2492 1666 2560 privaret,
1723 2489 1951 2543 vicinam

361 2589 490 2659 ipsis
525 2588 878 2643 calamitatem
932 2586 1228 2641 constituit.
1283 2583 1415 2638 Illud
1457 2598 1617 2653 porro
1662 2581 1951 2636 declaravit

362 2681 478 2735 brae
500 2695 627 2746 vox,
655 2679 776 2733 1am
799 2695 818 2743 ;
844 2677 1043 2733 indicat
1070 2679 1217 2739 item,
1246 2676 1387 2746 quod
1417 2676 1524 2744 jam
1556 2674 1759 2729 securis
1786 2672 1951 2728 radici

360 2770 575 2826 admota
617 2770 705 2825 sit.
736 2769 872 2824 Nihil
900 2770 1042 2824 enim
1092 2767 1461 2823 intermedium
1490 2776 1593 2831 est,
1624 2766 1815 2834 inquit,
1857 2764 1953 2820 sed

359 2862 468 2932 jam
498 2862 664 2918 radici
694 2863 874 2917 inStat.
907 2861 1022 2915 Non
1048 2861 1200 2927 dixit,
1245 2860 1447 2923 llamis,
1482 2874 1606 2922 non,
1638 2857 1949 2923 Fructibus,

360 2955 480 3024 sed,
510 2955 731 3020 Radici;
762 2952 1053 3009 ostendens
1080 2953 1242 3023 ipsos,
1287 2952 1331 3007 si
1361 2951 1596 3021 segniter
1636 2958 1815 3021 agant,
1848 2949 1952 3004 im-

363 3047 698 3102 medicabilia
727 3047 863 3100 mala
910 3060 1162 3115 passuros
1190 3059 1332 3109 esse,
1384 3044 1503 3098 sine
1532 3043 1635 3097 ulla
1674 3057 1770 3113 spe
1798 3056 1955 3097 cura-

364 3141 549 3195 tionis.
575 3139 758 3209 Neque
783 3139 924 3193 euim
953 3153 1141 3193 servus
1165 3149 1247 3191 cst
1273 3137 1317 3189 is
1339 3137 1425 3203 qui
1450 3135 1685 3201 advenit,
1718 3145 1775 3191 ut
1805 3136 1838 3188 ii
1862 3137 1951 3205 qui

361 3241 554 3297 antea;
601 3231 697 3287 sed
742 3231 857 3301 ipse
906 3230 1277 3285 universorum
1322 3229 1599 3293 Dominus,
1650 3227 1738 3298 qui
1787 3224 1951 3282 vehe-

361 3336 596 3381 mentem
638 3335 691 3380 et
716 3324 1087 3397 gravissimam
1132 3322 1323 3392 inﬂigit
1347 3320 1654 3375 vindictam.
1701 3321 1950 3374 Attamen

363 3427 640 3486 postquam
682 3416 803 3470 illos
832 3415 1113 3481 exterruit,
1145 3429 1249 3469 non
1276 3413 1405 3469 sinit
1440 3413 1492 3466 in
1518 3411 1950 3482 desperationem

362 3509 633 3573 incidere;
690 3508 784 3563 sed
813 3507 1264 3579 quemadmodum
1295 3522 1456 3577 supra
1501 3522 1607 3561 non
1638 3507 1793 3570 dixit,
1844 3505 1949 3559 Sn-

361 3600 595 3665 seitavit,
622 3599 740 3666 sed,
772 3598 947 3654 Potest
973 3600 1220 3653 suscitare
1258 3599 1393 3667 ﬁlios
1417 3599 1654 3661 Abrahae,
1692 3607 1950 3653 terrorem

361 3690 521 3748 simul
560 3700 613 3748 et
642 3693 1075 3750 consolationem
1106 3690 1399 3747 immittens
1430 3706 1443 3740 :
1472 3690 1551 3743 sic
1594 3698 1649 3743 et
1696 3689 1799 3744 hoc
1835 3688 1953 3743 loco

361 3796 467 3838 non
502 3784 662 3848 dixit,
698 3785 951 3839 Radicem
1000 3785 1196 3854 attigit,
1239 3783 1355 3851 sed,
1404 3783 1482 3837 Ad
1524 3780 1743 3837 redirent
1788 3781 1952 3855 posita

360 3886 455 3942 est,
483 3891 577 3931 seu
606 3875 772 3931 radici
802 3877 1013 3932 admota
1039 3887 1156 3942 est;
1186 3887 1241 3931 et
1266 3877 1463 3931 nullam
1491 3876 1606 3932 fore
1640 3876 1949 3931 dilationem

359 3969 615 4025 ostendit.
662 3969 933 4025 Craterum
984 3970 1083 4023 etsi
1127 3970 1271 4024 illam
1312 3970 1382 4024 ita
1424 3984 1589 4039 prope
1631 3968 1949 4034 admoverit,

358 4063 651 4117 sectionem
681 4061 734 4117 in
766 4070 946 4117 vestro
974 4061 1123 4132 ponit
1162 4062 1405 4117 arbitrio.
1436 4062 1566 4116 Nam
1601 4063 1643 4115 si
1670 4071 1952 4117 converta-

357 4154 510 4219 mini,
546 4162 602 4207 et
642 4154 698 4209 in
727 4153 916 4208 melius
960 4153 1261 4219 mulemini,
1294 4153 1424 4208 nihil
1473 4162 1692 4225 operata
1744 4152 1949 4208 securis

358 4245 753 4309 removebitur;
795 4246 842 4300 si
888 4254 1067 4300 autem
1106 4247 1157 4300 in
1203 4246 1389 4300 iisdem
1436 4247 1628 4302 studiis
1656 4246 1942 4311 maneatis,

357 4338 617 4393 radicitus
644 4337 892 4392 arborem
929 4338 1142 4393 avellet.
1178 4337 1302 4393 ideo
1327 4338 1535 4394 securis
1578 4353 1680 4393 nec
1706 4353 1734 4391 a
1765 4338 1944 4394 radice

356 4439 659 4495 amovetur,
718 4445 896 4499 neque
922 4439 1069 4484 secat
1112 4430 1349 4495 admota,
1406 4439 1517 4483 tum
1555 4446 1622 4485 ne
1666 4430 1946 4495 decidatis,

358 4531 469 4576 tum
516 4529 576 4575 ut
614 4520 854 4587 discetis,
893 4535 1052 4591 posse
1099 4535 1193 4574 vos
1236 4520 1383 4575 brevi
1430 4528 1671 4589 tempore
1714 4530 1948 4577 mutatos

356 4615 587 4669 salutem
633 4613 913 4681 consequi.
954 4610 1079 4667 Ideo
1117 4611 1350 4681 undique
1389 4610 1637 4667 timorem
1676 4621 1857 4682 auget,
1892 4622 1949 4668 ut

346 4708 553 4763 excitet
593 4706 739 4775 ipsos
764 4703 1111 4774 impellatque
1139 4703 1204 4759 ad
1232 4703 1777 4774 pmnitentiam._Nam
1802 4704 1949 4760 etab

354 4814 576 4855 avorum
607 4798 862 4869 dignitate
903 4796 1174 4863 excidere,
1207 4806 1261 4851 et
1298 4796 1433 4850 alios
1461 4795 1512 4850 in
1545 4796 1626 4849 sui
1659 4796 1832 4849 locum
1861 4796 1945 4850 in-

356 4894 547 4948 ductos
574 4907 816 4955 cernere,
848 4900 905 4945 et
927 4890 1061 4946 mala
1092 4892 1143 4945 in
1160 4890 1340 4960 januis
1369 4903 1511 4953 esse,
1544 4898 1599 4944 et
1637 4888 1947 4943 intolerabi-

358 4984 427 5037 lia
472 4981 607 5036 mala
658 4982 875 5043 instare,
926 4998 1045 5051 qua:
1085 4992 1309 5052 utraque
1355 4995 1449 5050 per
1488 4979 1721 5034 radicem
1770 4989 1819 5034 et
1850 4994 1946 5049 per

356 5072 586 5129 securim
610 5070 886 5134 indicavit;
914 5072 1049 5140 haec,
1082 5075 1317 5144 inquam,
1349 5082 1616 5143 poterant,
1647 5072 1730 5127 vel
1758 5072 1946 5129 admo-

356 5168 487 5222 dum
517 5166 568 5219 in
611 5164 911 5219 socordiam
956 5165 1134 5235 lapsos
1159 5168 1417 5228 excitare.
1450 5175 1505 5220 et
1527 5166 1791 5221 sollicitos
1819 5166 1944 5221 red-

354 5261 502 5316 dere.
547 5258 657 5313 Hoc
683 5258 860 5328 itaque
885 5258 1163 5313 declarans
1184 5259 1398 5325 Paulus,
1427 5260 1641 5316 dicebat
1669 5278 1683 5314 :
1718 5259 1943 5314 Verbum

355 5353 699 5407 abbreviatum
743 5352 893 5422 faciet
936 5350 1187 5405 Dominus
1232 5371 1384 5421 super
1439 5356 1724 5408 universum
1772 5354 1941 5408 orbem

362 5441 535 5507 (Rom.
563 5444 618 5499 9.
645 5443 758 5513 ‘28).
810 5442 916 5498 Sed
959 5458 1027 5498 ne
1061 5444 1280 5506 timeas;
1324 5445 1431 5499 imo
1462 5448 1637 5515 potius
1682 5447 1808 5500 time
1835 5446 1945 5515 qui-

354 5536 502 5599 dem,
530 5534 622 5590 sed
663 5550 730 5590 ne
755 5534 1030 5604 desperes.
1064 5534 1195 5589 Nam
1239 5534 1415 5590 adhuc
1451 5552 1601 5606 spem
1634 5538 1945 5592 mutationis

357 5627 556 5685 babes:
590 5645 764 5698 neque
792 5629 933 5681 enim
975 5628 1241 5683 sententia
1286 5628 1335 5681 in
1363 5644 1496 5698 opus
1537 5630 1737 5698 prodit,
1770 5644 1942 5699 neque

358 5717 562 5769 securis
588 5718 651 5770 ad
677 5716 963 5771 secandum
997 5718 1161 5772 venit.
1192 5716 1325 5781 Quid
1348 5719 1490 5772 enim
1519 5736 1585 5775 ne
1615 5730 1823 5776 secaret
1852 5721 1944 5776 im-

369 5799 617 5865 pediebat
650 5809 795 5862 illam
843 5809 1003 5863 radici
1048 5809 1359 5864 admotam?
1399 5810 1502 5865 Sed
1546 5822 1601 5868 ut
1652 5825 1705 5869 te
1745 5814 1935 5869 timore

1096 347 1151 403 S.
1195 346 1472 403 JO.\NN|S
1519 340 1990 401 CllRYSUSTOMi
2035 339 2353 397 ARCIIIEP.
2396 341 2933 403 CONST.\NTI.\'0P.

3554 353 3656 409 ωε

2074 458 2350 513 meliorem
2391 460 2655 526 redderet,
2687 478 2741 517 et
2760 463 2825 517 ad
2858 462 3134 517 ferendum
3165 463 3393 519 fructum
3425 474 3654 532 artaret,

2070 549 2283 603 admota
2316 552 2427 605 fuit.
2469 552 2594 606 Ideo
2624 554 2800 607 intulit
2832 573 2843 608 :
2878 554 3056 608 Omnis
3087 561 3237 608 arbor
3263 572 3376 625 qua:
3401 573 3502 609 non
3539 557 3660 624 facit

2070 647 2289 714 fructum
2322 646 2505 698 bonum
2551 648 2829 709 excidetur,
2877 658 2922 701 et
2959 649 3013 701 in
3052 650 3217 718 ignem
3249 650 3494 702 mittetur.
3524 649 3658 703 Cum

2071 751 2231 804 porro
2255 735 2402 800 dicit,
2430 735 2628 802 Omnis,
2653 748 2865 791 amovet
2891 754 3103 793 omnem
3135 741 3428 794 nobilitatis
3454 756 3657 810 praero-

2068 828 2317 897 gativam.
2353 829 2571 883 Etiamsi
2599 830 2740 883 enim
2772 829 2939 898 ips-ins
2970 830 3199 884 Abralize
3230 846 3398 899 nepos
3442 832 3540 894 sis,
3574 831 3658 884 in-

2069 922 2204 991 quit,
2236 922 2443 975 etiamsi
2478 922 2616 976 inter
2642 936 2771 975 avos
2803 923 3000 975 multos
3020 938 3336 976 enumerare
3370 924 3540 989 possis
3565 939 3657 991 pa—

2069 1014 2347 1081 triarchas,
2382 1016 2579 1085 duplex
2602 1016 2920 1085 supplicium
2952 1016 3086 1078 lues,
3116 1016 3157 1068 si
3188 1016 3301 1069 sine
3333 1015 3507 1069 fructu
3538 1032 3659 1067 ma»

2068 1123 2218 1163 neas.
2254 1108 2347 1163 llis
2374 1109 2548 1163 verbis
2575 1109 2885 1178 publicanos
2914 1108 3123 1171 terruit,
3158 1108 3383 1161 militum
3416 1108 3657 1161 animum

2066 1204 2373 1267 commovit,
2417 1217 2522 1258 non
2561 1203 2612 1257 in
2640 1202 3071 1273 desperationem
3101 1202 3416 1269 COIIjiClt‘llS,
3450 1201 3544 1255 sed
3587 1202 3657 1254 ab

2067 1296 2213 1350 omni
2256 1297 2481 1366 segnitie
2506 1296 2817 1353 detrudens.
2865 1296 2997 1352 Nam
3041 1297 3092 1352 id
3123 1296 3264 1367 quod
3294 1296 3495 1350 dictum
3539 1304 3660 1350 erat

2066 1403 2187 1442 cum
2218 1388 2409 1443 timore
2449 1404 2695 1459 magnam
2720 1389 3030 1459 adjunctam
3060 1389 3291 1443 habebat
3329 1389 3659 1443 Consolatio-

2068 1495 2210 1534 nem.
2240 1479 2375 1534 Cum
2404 1480 2540 1534 dixit
2566 1480 2732 1543 enim,
2768 1481 2895 1547 Qua:
2920 1498 3020 1534 non
3040 1481 3162 1550 facit
3192 1482 3414 1551 fructum
3442 1482 3654 1545 bonum,

2067 1570 2301 1625 ostendit
2347 1572 2514 1633 illam,
2556 1587 2675 1641 quin
2726 1571 2955 1625 fructum
2997 1572 3195 1625 bonum
3248 1572 3468 1641 profert,
3521 1571 3656 1626 nulli

2066 1662 2327 1733 supplicio
2352 1679 2471 1717 esse
2494 1664 2798 1718 obnoxiam.

2136 1755 2191 1809 4.
2219 1754 2578 1823 thuomotlo,
2596 1755 2821 1824 inquies,
2843 1753 3067 1808 fructum
3086 1753 3224 1807 ferre
3244 1753 3556 1823 poterimus,
3576 1753 3653 1808 in-

2066 1854 2239 1900 stante
2251 1846 2507 1907 sectione,
2522 1856 2569 1899 et
2589 1845 2639 1898 in
2656 1855 2759 1899 tam
2773 1854 2995 1915 angusto
3010 1854 3275 1911 tempore,
3290 1859 3411 1899 cum
3423 1853 3655 1899 statutus

2067 1940 2325 1993 terminus
2350 1940 2418 1993 sit
2444 1939 2511 1992 ita
2542 1939 2853 2007 proximus?
2879 1937 3107 2003 Poteris,
3134 1938 3335 2007 inquit;
3371 1952 3475 1993 non
3508 1939 3650 1993 enim

2068 2030 2188 2085 talis
2207 2039 2290 2084 est
2311 2030 2417 2095 ille,
2435 2030 2606 2099 qualis
2620 2030 2870 2084 arborum
2889 2027 3202 2099 fructus,qui
3224 2020 3447 2083 multum
3472 2040 3657 2099 postu-

2066 2120 2139 2175 lat
2155 2131 2382 2189 tempus,
2398 2130 2451 2176 et
2467 2131 2547 2176 est
2562 2122 2686 2175 anni
2706 2112 3106 2189 tempestatibus
3124 2121 3386 2183 subditus,
3406 2137 3467 2175 ac
3484 2121 3652 2176 multa

2065 2220 2186 2280 eget
2200 2212 2535 2280 operatione;
2555 2211 2646 2266 sed
2664 2211 2855 2265 sufficit
2870 2212 3027 2275 velle,
3045 2222 3096 2265 ct
3109 2212 3283 2265 statim
3300 2211 3451 2267 ﬂoret
3468 2212 3649 2267 arbor.

2064 2302 2247 2372 Neque
2267 2304 2407 2356 enim
2428 2304 2619 2357 radicis
2642 2313 2827 2357 natura
2852 2313 3074 2369 tantum,
3103 2304 3195 2357 scd
3217 2305 3376 2358 etiam
3399 2318 3487 2358 ars
3505 2305 3650 2373 agri-

2064 2396 2196 2450 cola:
2217 2395 2281 2449 ad
2301 2395 2528 2450 fructum
2550 2395 2824 2450 ferendum
2845 2397 3072 2451 maxime
3079 2397 3248 2466 juvat.
3272 2396 3469 2452 Idcirco
3490 2414 3556 2450 ne
3572 2397 3657 2450 die

2063 2496 2249 2544 cercnt
2267 2507 2279 2541 :
2297 2488 2405 2543 Nos
2427 2489 2627 2555 turbas,
2644 2504 2821 2557 urges,
2840 2489 3003 2558 cogis,
3026 2488 3238 2543 admota
3262 2491 3433 2544 securi
3457 2490 3656 2543 sectio-

2064 2598 2185 2638 nem
2212 2582 2609 2648 comminando,
2630 2592 2685 2638 et
2706 2584 2757 2637 in
2783 2583 2898 2652 ipso
2918 2582 3162 2652 supplicii
3189 2594 3427 2652 tempore
3449 2581 3658 2639 fructus

2064 2683 2382 2743 proventum
2406 2674 2608 2745 exigis;
2634 2673 2928 2744 subjnnxit,
2952 2673 3241 2728 ostendens
3261 2673 3515 2729 afferendi
3540 2674 3656 2728 fru-

2062 2773 2181 2820 ctus
2201 2765 2508 2820 facilitatem
2529 2782 2542 2820 :
2563 2768 2582 2820 l
2601 2767 2645 2820 ι.
2670 2764 2779 2836 Ego
2801 2782 2885 2821 vos
2905 2765 3104 2835 baptizo
3126 2766 3178 2819 in
3203 2782 3333 2836 aqua
3348 2783 3366 2819 :
3383 2766 3467 2838 qui
3482 2776 3655 2821 autem

2065 2868 2175 2927 post
2196 2875 2272 2911 me
2292 2859 2441 2921 venit,
2471 2860 2651 2929 fortior
2668 2876 2744 2911 me
2762 2867 2854 2923 est,
2879 2859 3023 2929 cujus
3040 2874 3141 2912 non
3158 2874 3269 2911 sum
3285 2858 3469 2928 dignus
3489 2859 3656 2912 corri-

2062 2951 2199 3021 giam
2226 2950 2549 3004 calceamcuti
2574 2951 2780 3003 solvere.
2813 2947 2936 3019 Ipse
2960 2967 3045 3003 vos
3074 2949 3343 3019 baptizabit
3370 2950 3421 3001 in
3452 2946 3659 3018 Spiritu

2062 3052 2236 3095 sancto
2265 3051 2310 3095 et
2336 3043 2387 3095 in
2412 3043 2560 3113 igne:
2582 3042 2664 3097 bis
2693 3041 2972 3097 declarans
3002 3042 3274 3096 voluntate
3300 3042 3454 3095 simul
3476 3051 3530 3095 et
3549 3042 3655 3095 fide

2062 3147 2198 3203 Opus
2216 3149 2359 3201 esse,
2382 3152 2485 3190 non
2505 3136 2773 3190 laboribus
2793 3134 3215 3205 sudoribusque;
3237 3145 3399 3204 atque
3427 3144 3481 3189 ut
3496 3132 3657 3191 facile

2063 3236 2147 3280 est
2165 3227 2439 3296 baptizari,
2460 3228 2528 3282 ita
2550 3227 2704 3283 facile
2728 3244 2845 3283 esse
2866 3226 3102 3281 converti
3129 3234 3181 3281 et
3202 3227 3452 3281 meliores
3469 3225 3652 3281 evade-

2060 3334 2139 3375 re.
2161 3319 2447 3390 Postquam
2465 3321 2625 3390 igitur
2641 3320 2850 3373 illorum
2869 3320 3075 3372 animos
3086 3327 3448 3373 commoverat
3463 3319 3655 3372 timore

2055 3411 2238 3480 judicii
2253 3412 2717 3482 etexspectatione
2729 3410 2995 3480 supplicii,
3017 3412 3218 3466 securis
3237 3412 3471 3475 nomine,
3492 3412 3656 3479 majn-

2063 3520 2179 3559 rum
2218 3505 2530 3570 amissione,
2568 3504 2796 3557 aliorum
2837 3503 3141 3559 inductione
3171 3504 3422 3570 filiorum,
3454 3503 3651 3574 duplici

2060 3596 2343 3665 supplicio,
2368 3596 2625 3650 sectiouis
2653 3606 2707 3651 et
2736 3596 2988 3661 incendii,
3018 3604 3071 3650 et
3096 3606 3276 3665 postea
3311 3595 3500 3649 horum
3530 3611 3650 3648 om-

2060 3688 2206 3741 ninm
2220 3688 2466 3742 duritiem
2479 3690 2928 3758 asperitatemque
2945 3688 3297 3757 mitigaverat,
3312 3700 3374 3740 ac
3387 3686 3651 3740 malorum

2060 3776 2389 3851 depulsionis
2401 3779 2719 3835 desiderium
2737 3778 3017 3836 induxerat
3032 3795 3045 3832 :
3063 3787 3185 3835 tunc
3197 3776 3411 3834 demum
3424 3776 3652 3831 tleCliri-

2060 3886 2145 3932 sto
2166 3874 2326 3929 verba
2351 3875 2492 3938 facit,
2527 3892 2631 3929 non
2658 3875 2994 3945 simpliciter,
3024 3874 3117 3928 sed
3140 3873 3509 3929 excellentiam
3531 3873 3650 3942 ejus

2042 3969 2351 4033 extollens;
2370 3967 2563 4023 deinde
2580 3978 2835 4037 quantum
2855 3968 3120 4023 intervalli
3136 3978 3279 4023 esset
3296 3969 3434 4024 inter
3450 3984 3509 4023 se
3523 3980 3578 4023 et
3595 3970 3650 4023 il-

2061 4062 2170 4117 lum
2199 4061 2500 4125 declarans,
2527 4076 2594 4115 ne
2622 4062 2898 4117 videretur
2922 4062 2969 4115 id
3004 4062 3070 4116 ad
3098 4064 3324 4131 gratiam
3353 4062 3555 4126 dicere,
3579 4079 3644 4116 ex

2058 4155 2460 4223 comparatione
2481 4153 2743 4207 donorum
2768 4169 2886 4221 qua:
2920 4152 2987 4205 ab
3017 4163 3239 4222 utroque
3264 4165 3563 4219 manarent,
3594 4156 3644 4209 id

2060 4246 2281 4315 peragit.
2297 4244 2411 4299 Non
2424 4247 2566 4301 enim
2584 4246 2760 4298 statim
2775 4244 2925 4309 dixit,
2938 4244 3095 4315 Cujus
3108 4262 3206 4299 non
3219 4261 3326 4299 sum
3340 4247 3523 4317 dignus
3534 4264 3650 4299 cor-

2056 4341 2237 4410 rigiam
2263 4338 2588 4392 calceameuti
2611 4340 2821 4405 solvere,
2847 4339 2940 4394 sed
2979 4350 3257 4409 postquam
3287 4340 3533 4408 baptismi
3562 4341 3646 4395 sui

2055 4431 2447 4501 simplicitatem
2481 4431 2677 4499 posuit.
2708 4439 2762 4484 et
2791 4431 3025 4485 ostendit
3064 4431 3210 4484 illum
3241 4430 3371 4485 nihil
3400 4432 3517 4501 plus
3545 4431 3643 4486 ha-

2054 4523 2203 4588 bere,
2223 4538 2381 4592 quam
2402 4521 2545 4592 quod
2568 4522 2634 4576 ad
2659 4522 3021 4593 pwnitentiaut
3053 4524 3197 4592 ipsos
3216 4522 3503 4576 deduceret
3524 4524 3645 4592 (ne-

2053 4631 2159 4685 que
2186 4616 2329 4670 enim
2354 4615 2510 4677 dixit,
2564 4613 2620 4667 In
2658 4629 2792 4683 aqua
2824 4613 3176 4676 remissionis,
3220 4612 3338 4678 sed,
3370 4612 3645 4668 Paeniten-

2054 4706 2187 4778 tiaz),
2216 4705 2412 4761 Christi
2457 4707 2776 4776 baptismum
2821 4705 2970 4774 ponit
3009 4704 3264 4760 ineffabili
3306 4704 3449 4759 dono
3475 4705 3646 4761 refer-

2053 4807 2186 4853 tum.
2228 4798 2326 4864 Ne,
2357 4799 2547 4869 inquit,
2577 4812 2699 4852 cum
2737 4797 2910 4860 audis,
2957 4798 3128 4865 ipsmn
3156 4806 3277 4867 post
3317 4812 3406 4853 me
3432 4796 3638 4865 venire,

2052 4891 2201 4945 illum
2228 4890 2517 4960 despicias,
2558 4890 2699 4960 quod
2730 4901 3039 4958 postremus
3068 4888 3275 4942 venerit
3304 4906 3317 4941 :
3346 4889 3494 4944 disce
3532 4891 3639 4944 vim

2051 4985 2177 5040 doni
2216 4984 2405 5055 ipsius,
2446 4994 2499 5039 et
2534 4983 2679 5038 clare
2706 4984 2844 5037 scies
2888 4999 2972 5037 me
3003 4998 3101 5036 nec
3130 4982 3340 5052 dignius
3368 4982 3641 5053 quidpiam

2053 5080 2132 5134 vel
2164 5094 2413 5149 magnum
2444 5078 2754 5147 protulisse,
2788 5092 2907 5129 cum
2939 5076 3070 5139 dixi,
3103 5074 3263 5146 Cujus
3292 5092 3391 5128 non
3417 5092 3531 5128 sum
3550 5076 3636 5130 di-

2049 5190 2180 5244 gnus
2206 5172 2471 5242 corrigiam
2501 5168 2825 5224 calceamenti
2850 5169 3060 5222 solvere.
3095 5168 3275 5237 Itaque
3303 5182 3423 5221 cum
3452 5171 3637 5224 audie-

2050 5267 2125 5320 ris
2147 5267 2316 5334 ipsum
2337 5263 2609 5317 fortiorem
2637 5276 2723 5316 me
2744 5276 2885 5326 esse,
2911 5277 2977 5316 ne
3004 5269 3157 5331 putes
3186 5261 3234 5313 id
3261 5276 3347 5315 me
3371 5276 3469 5330 per
3491 5277 3642 5317 com-

2050 5359 2380 5427 parationem
2402 5356 2619 5410 dixisse.
2643 5354 2823 5423 Neque
2848 5356 2987 5408 enim
3011 5354 3205 5423 dignus
3227 5370 3344 5408 sum
3370 5356 3507 5407 inter
3530 5369 3639 5406 ser-

2052 5463 2147 5501 vos
2161 5449 2276 5516 ejus
2297 5446 2617 5516 computari,
2647 5444 2754 5500 imo
2777 5460 2844 5500 ne
2865 5445 3003 5500 inter
3026 5444 3241 5499 ultimos
3261 5459 3447 5499 servos
3470 5458 3641 5514 neque

2051 5539 2349 5593 ministeriis
2376 5540 2461 5593 vel
2490 5538 2798 5593 vilissimam
2829 5547 3032 5605 partem
3076 5536 3246 5592 obire.
3280 5537 3640 5605 Quamobrem

2048 5647 2157 5686 non
2190 5631 2502 5700 simpliciter
2523 5630 2675 5695 dixit,
2707 5626 3101 5695 Calceamenta,
3130 5628 3446 5699 sed,Neque
3470 5629 3643 5683 corri-

2049 5725 2212 5796 giam,
2242 5726 2382 5795 quod
2409 5734 2707 5780 extremum
2735 5725 2975 5779 omnium
3001 5724 3213 5780 videtur
3239 5740 3381 5780 esse.
3413 5723 3639 5789 Deinde,

2052 5831 2120 5873 ne
2148 5824 2303 5888 putes
2327 5816 2441 5872 hac
2472 5832 2571 5888 per
2605 5816 2955 5873 humilitatem
2994 5816 3156 5873 fuisse
3180 5816 3342 5886 dicta,
3380 5832 3445 5873 ex
3474 5815 3638 5873 rebus
