4052 6436
306 514 404 570 197

306 632 435 693 ipsis
491 632 1008 694 demonstrationem
1059 637 1286 709 adjicit:
1336 654 1458 695 nam
1501 640 1596 708 ait,
1652 638 1772 710 Ipse
1806 656 1895 696 vos

306 724 581 794 baptizabit
606 726 662 782 in
683 726 884 798 Spiritu
908 739 1081 783 saneto
1110 740 1157 784 et
1176 731 1231 785 in
1249 733 1383 802 igne.
1406 730 1594 787 Viden’
1613 741 1807 803 quanta
1824 732 1895 788 sit

305 815 561 884 Baptista:
597 819 897 887 sapientia?
921 820 1145 888 Quando
1174 823 1286 894 ipse
1328 823 1601 895 praedicat,
1633 826 1888 881 terribilia

303 908 480 962 omnia
504 907 726 978 przefcrt
754 927 873 980 qua:
894 912 946 966 in
968 914 1295 970 anxietatem
1320 915 1647 985 conjiciunt;
1678 917 1893 988 quando

303 1008 487 1053 autem
522 999 588 1053 ad
615 999 888 1057 Christum
916 1004 1098 1071 mittit,
1130 1006 1267 1061 bona
1290 1009 1591 1075 annuntiat,
1621 1026 1738 1081 quae
1776 1012 1894 1067 ani-

301 1104 418 1144 mos
456 1091 664 1160 possint
708 1107 975 1150 recreare.
1020 1094 1204 1166 Neque
1245 1099 1389 1153 enim
1433 1100 1686 1167 securim,
1716 1118 1891 1174 neque

299 1181 538 1237 excisam
563 1182 835 1252 arborem,
858 1186 941 1240 vel
976 1187 1308 1242 combustam
1340 1199 1391 1245 et
1423 1189 1478 1244 in
1505 1192 1679 1262 ignem
1707 1195 1892 1268 conje-

299 1282 466 1334 ctam,
502 1291 678 1344 neque
721 1276 952 1333 futuram
981 1280 1114 1334 iram
1161 1280 1213 1335 in
1255 1282 1489 1337 medium
1530 1284 1766 1351 adducit,
1794 1286 1888 1342 sed

300 1375 645 1436 peccatorum
702 1357 1103 1440 remissionem,
1151 1375 1396 1445 supplicii
1449 1378 1685 1445 veniam,
1733 1378 1889 1448 justi—

300 1458 450 1524 tiam,
501 1459 998 1528 sanctilicationem,
1040 1464 1488 1536 redemptionem,
1517 1469 1884 1540 adoptionem,

298 1549 720 1617 fraternitatem,
780 1551 1093 1610 hereditatis
1133 1559 1463 1614 consortium
1489 1600 1505 1627 ,
1557 1570 1611 1616 et
1655 1561 1887 1632 Spiritus

297 1643 469 1699 sancti
498 1643 771 1712 capiosam
794 1644 1149 1715 largitionem.
1180 1648 1305 1703 Haec
1327 1651 1503 1704 omnia
1530 1652 1886 1709 subiudicavit

297 1735 507 1799 dicens,
550 1735 840 1804 Baptizubit
882 1753 968 1792 vos
995 1738 1049 1792 in
1079 1738 1281 1809 Spiritu
1325 1753 1522 1807 sancto,
1556 1743 1667 1811 ipsa
1715 1757 1885 1799 meta-

294 1828 466 1897 phora
483 1830 667 1898 gratiae
683 1830 892 1899 copiam
917 1831 1215 1887 declarans.
1243 1832 1361 1889 Non
1387 1835 1529 1889 enim
1551 1836 1705 1902 dixit,
1731 1838 1885 1894 Dabit

293 1920 447 1976 vobis
472 1920 731 1990 Spiritum
760 1932 1042 1990 sanctum;
1073 1926 1189 1992 sed,
1220 1924 1510 1996 Baptizabit
1548 1945 1634 1983 vos
1670 1934 1722 1983 tn
1750 1930 1879 2000 Spi-

209 2044 221 2050 -
291 2009 396 2063 ritu
422 2020 633 2074 sancto;
657 2021 714 2066 et
739 2012 876 2082 ignis
898 2015 1172 2072 additione
1195 2017 1593 2075 vehementiam
1624 2031 1678 2074 et
1702 2021 1881 2077 efﬁca-

292 2100 431 2154 ciam
454 2103 637 2172 gratia:
658 2105 1055 2162 demonstrans.

361 2191 417 2246 5.
462 2191 737 2261 Perpende
778 2195 934 2266 igitur
971 2212 1078 2267 quo
1115 2199 1293 2255 animo
1323 2202 1607 2260 verisimile
1633 2215 1717 2260 est
1755 2214 1880 2262 tunc

288 2282 460 2341 fuisse
486 2286 788 2353 auditores,
816 2291 1110 2360 cogitantes
1135 2307 1195 2347 se
1233 2292 1437 2349 similes
1465 2297 1736 2366 pr0phetis
1768 2314 1881 2352 ma-

288 2376 514 2446 gnisque
553 2377 656 2432 illis
685 2379 812 2435 viris
843 2397 965 2435 mox
1008 2382 1211 2438 futuros
1245 2399 1383 2441 esse.
1416 2385 1539 2441 ideo
1569 2388 1711 2442 enim
1743 2388 1878 2459 ignis

288 2471 613 2526 mentionem
642 2473 797 2540 fecit,
826 2484 882 2529 ut
911 2475 1016 2531 illis
1046 2476 1281 2547 ipsorum
1311 2480 1623 2536 memoriam
1653 2496 1875 2537 revoca-

288 2573 393 2619 ret.
433 2565 564 2621 Nam
604 2568 834 2623 maxima
863 2562 988 2637 pars
1011 2584 1194 2625 earum
1214 2611 1230 2637 ,
1264 2587 1399 2640 quas
1426 2572 1680 2639 habuere,
1714 2573 1877 2629 visio-

288 2673 419 2713 num
440 2699 454 2723 ,
485 2672 582 2727 per
612 2659 784 2729 ignem
809 2674 1143 2729 apparuere:
1168 2662 1246 2718 sic
1264 2663 1427 2735 Moysi
1451 2666 1502 2718 in
1525 2666 1660 2722 rubo
1685 2668 1875 2739 loquu-

288 2760 376 2804 tus
405 2759 491 2805 est
517 2750 691 2816 Deus,
734 2752 811 2807 sic
847 2755 993 2807 onmi
1037 2755 1232 2823 populo
1271 2756 1322 2810 itt
1366 2769 1547 2813 monte
1591 2759 1748 2825 Sina;
1797 2762 1877 2817 sic

286 2838 558 2897 Ezechieli
586 2858 706 2897 cum
746 2844 1085 2901 Cberubiuis.
1123 2848 1505 2922 Animadverte
1548 2868 1706 2921 porro
1744 2869 1876 2922 quo-

285 2932 452 2987 modo
477 2934 772 2989 auditorem
806 2937 1036 3002 excitet,
1082 2939 1309 3007 primum
1358 2952 1598 2997 statuens
1638 2943 1689 2997 id
1732 2945 1875 3014 quod

285 3033 410 3094 post
438 3026 539 3079 alia
568 3028 743 3082 omnia
777 3027 1008 3084 futurum
1033 3041 1167 3086 erat.
1195 3032 1489 3102 Oportebat
1514 3038 1655 3092 enim
1686 3039 1874 3095 immo-

285 3115 384 3171 lari
408 3118 635 3189 Agnum,
656 3129 710 3175 et
732 3134 1009 3191 peccatum
1032 3123 1219 3200 deleri,
1251 3125 1578 3183 inimicitiam
1605 3130 1762 3196 solvi,
1788 3147 1878 3188 se-

284 3207 554 3276 pulturam
583 3213 871 3268 succedere
889 3225 941 3269 et
968 3217 1437 3282 resurrectionem,
1466 3228 1520 3272 et
1545 3230 1730 3290 postea
1755 3222 1879 3291 Spi-

283 3298 448 3354 ritum
478 3310 717 3358 sanctum
753 3305 1025 3361 advenire.
1072 3309 1139 3361 At
1176 3324 1361 3363 eorum
1402 3309 1533 3364 nihil
1572 3312 1733 3379 dicit;
1777 3312 1875 3369 sed

281 3389 431 3459 quod
461 3398 785 3460 postremum
814 3405 959 3461 erat,
992 3397 1222 3467 primum
1251 3400 1456 3467 posuit,
1488 3412 1706 3471 propter
1728 3404 1871 3474 quod

282 3489 482 3537 cattera
512 3484 692 3540 omnia
719 3485 856 3543 facta
885 3498 1010 3542 sunt
1028 3529 1045 3555 ,
1088 3491 1338 3561 quodque
1364 3495 1597 3549 maxime
1622 3495 1870 3552 idoneum

282 3572 495 3627 eratad
519 3574 637 3644 ejus
664 3578 1054 3645 plaudit-undam
1087 3581 1398 3652 dignitatem
1429 3603 1442 3639 :
1476 3595 1534 3639 ut
1568 3601 1689 3640 cum
1730 3588 1872 3642 didi-

281 3664 419 3717 cerit
449 3665 679 3730 auditor,
710 3682 771 3723 se
798 3676 999 3724 tantum
1039 3671 1293 3741 Spiritum
1332 3687 1671 3745 accepturum
1710 3694 1829 3736 esse
1854 3724 1869 3747 ,

282 3765 491 3826 quturat
525 3759 663 3827 apud
690 3763 1036 3831 semetipsum
1061 3766 1328 3835 quomodo
1368 3767 1419 3822 id
1461 3770 1695 3827 futurum
1731 3784 1875 3829 esset

284 3856 506 3914 peccato
534 3849 638 3905 late
665 3862 951 3922 regnante;
983 3865 1041 3910 ut
1069 3856 1214 3910 illum
1246 3870 1427 3927 postea
1457 3862 1730 3929 reperiens
1760 3866 1873 3920 sol-

285 3938 526 4006 licitutn,
557 3951 610 3997 et
645 3943 712 3997 ad
753 3945 1073 4001 audiendum
1117 3961 1393 4019 paratum,
1425 3952 1502 4008 sic
1531 3954 1598 4009 de
1630 3957 1874 4024 passione

283 4046 593 4088 sermonem
621 4034 927 4104 induceret,
957 4040 1169 4095 nemine
1194 4052 1374 4110 postea
1403 4044 1454 4097 itt
1493 4045 1871 4102 oﬂ‘endiculum

285 4124 500 4181 labente
516 4127 586 4182 ob
604 4128 907 4184 diuturnam
932 4130 1056 4187 doni
1080 4132 1378 4203 hujusmodi
1399 4139 1869 4205 exspectationem.

285 4214 416 4270 Ideo
460 4232 670 4273 rursum
708 4221 973 4276 clamabat
1020 4240 1034 4276 :
1077 4223 1210 4278 Ecce
1246 4242 1410 4296 agnus
1450 4226 1583 4294 Dei,
1640 4231 1727 4299 qui
1779 4232 1873 4286 toto

284 4307 345 4361 tit
374 4317 633 4376 peccatum
675 4312 853 4365 mundi
888 4311 1073 4383 (Joan.
1101 4315 1152 4369 1.
1174 4314 1301 4387 29).
1332 4317 1447 4374 Non
1476 4318 1640 4386 dixit,
1668 4321 1769 4390 Qui
1793 4339 1878 4378 re-

285 4399 486 4466 mittit,
516 4400 610 4456 sed
639 4401 781 4470 quod
809 4403 1025 4473 majoris
1064 4416 1181 4461 erat
1213 4424 1360 4464 cura:
1392 4425 1458 4466 ac
1495 4414 1871 4482 providentiae,

289 4489 396 4555 Qui
438 4489 591 4543 tollit.
635 4489 754 4545 Non
793 4493 936 4547 enim
964 4494 1191 4565 idipsum
1220 4509 1305 4554 est
1345 4501 1657 4572 simpliciter
1694 4505 1878 4565 remit-

287 4589 440 4644 tere,
478 4587 535 4635 et
577 4591 760 4649 postea
801 4598 1096 4641 resumere.
1154 4588 1286 4644 Nam
1330 4591 1459 4646 illud
1506 4593 1626 4650 sine
1667 4596 1877 4665 pericu-

287 4670 343 4724 lo
386 4668 580 4735 (iebat,
621 4671 725 4727 hoc
753 4684 930 4730 autem
962 4694 1058 4744 per
1096 4689 1321 4735 mortem
1362 4680 1461 4755 (a).
1506 4683 1711 4742 Rursus
1746 4702 1878 4743 vero

284 4761 536 4830 dicebat,
583 4763 727 4833 quod
763 4764 930 4822 Filius
975 4768 1068 4824 Dei
1106 4782 1249 4828 esset
1276 4772 1441 4841 (Ibid.
1465 4792 1515 4831 υ.
1539 4778 1654 4849 54).
1677 4778 1876 4837 Verum

348 5003 424 5068 (α)
450 5003 533 5054 Sic
567 5004 746 5056 Latine
764 4984 967 5069 nonut;
1016 5008 1187 5060 Graece
1229 5016 1435 5060 autem:
1491 5014 1565 5062 Οὐ
1604 5015 1692 5075 γάρ
1735 5017 1864 5065 ἐστιν

280 5067 395 5115 tam
431 5066 615 5115 ἀφεῖναι
637 5069 819 5115 ἁπλῶς.
839 5070 920 5115 καὶ
962 5070 1045 5115 τὸν
1092 5072 1234 5115 αὐτὸν
1255 5073 1523 5115 ἀναλαϐεῖν-
1572 5076 1640 5115 Τὸ
1668 5077 1751 5115 ultu
1774 5080 1863 5115 vim

303 5082 395 5115 σαν

248 5116 249 5119 Ἴ
279 5127 376 5182 ιεευ
396 5116 611 5202 κινδύνῳ
643 5116 848 5202 tygggéé,
1580 5116 1863 5199 sier-extim

279 5200 385 5268 Ean
408 5194 650 5268 possunt:
690 5191 955 5268 Nqn‘idem
1079 5193 1375 5268 simpliciter.
1400 5191 1646 5268 remittere
1667 5191 1863 5268 etcum-

278 5248 397 5322 diem
410 5246 461 5322 1t.
467 5246 518 5322 id
537 5258 626 5322 est
655 5251 998 5322 remittentem
1055 5246 1300 5322 assumere
1360 5258 1511 5317 (quod
1559 5246 1858 5322 remittitur).

279 5306 549 5384 gignit!“
564 5308 674 5384 sine.
684 5312 900 5384 periculo
919 5306 1080 5377 ﬁebat,
1088 5330 1153 5368 ea:
1161 5306 1251 5367 hoc
1434 5306 1569 5384 more
1577 5306 1864 5384 seminat;

282 5370 634 5441 (adlitteram,
655 5370 745 5441 hoc
782 5370 941 5426 autem
959 5370 1078 5427 cum"
1106 5381 1302 5441 morte).
1340 5380 1478 5438 Quod
1504 5381 1565 5436 si,
1598 5370 1862 5434 multorum

280 5433 508 5505 codicum
526 5438 870 5505 auctoritatem
892 5442 1068 5505 secuti,
1091 5433 1477 5505 legatnt'tsct‘firév
1489 5433 1676 5505 prorov
1699 5433 1861 5505 αὐτόν,

277 5497 357 5563 sic
408 5491 884 5571 interpretabimur:
949 5491 1067 5571 Non
1103 5491 1407 5571 enimidem
1447 5491 1518 5552 est
1570 5491 1860 5569 (Christum;

276 5553 585 5634 ⁸ίζπνίξ⁰ί⁸εζ
608 5557 860 5634 (mactata)
874 5553 1173 5634 ‘fetlliuere,
1205 5570 1252 5634 et
1274 5562 1451 5634 ipsum
1483 5553 1866 5634 assumeret};

276 5615 479 5689 inissa):
538 5615 902 5689 .lir'r'atdiontf.
934 5627 1062 5689 dum
1110 5615 1322 5687 conjicit'
1364 5624 1566 5689 rescribi
1601 5615 1746 5687 posse
1764 5615 1864 5689 ’ἑὴν

463 5678 679 5748 (scilicet
697 5682 949 5748 dpapriuv)
972 5678 1243 5748 ᾁναὶαϐεἰῖρ,
1273 5692 1327 5735 el.
1368 5678 1720 5748 interpzet'ari:
1753 5678 1865 5743 No};

274 5737 584 5814 est
605 5737 852 5803 peccdtu'm
873 5737 1117 5814 dimittere
1135 5754 1182 5814 et
1209 5737 1367 5814 ipsum
1388 5737 1862 5814 “pangendi;

277 5802 411 5850 hunc
437 5804 570 5916 ciam
598 5802 800 5855 sensum
822 5808 1027 5858 minime
1067 5802 1244 5862 licebai
1272 5808 1418 5861 verbo
1441 5808 1690 5861 ἀναλαϐεῖν
1727 5802 1866 5865 ama;

277 5874 421 5916 gere.
542 5879 605 5914 tr.

269 5874 421 5927 gere.
467 5874 605 5916 Ευιτ.

1418 517 1484 575 IN
1512 516 1918 575 MATTHASUH
1957 516 2188 576 IIOMIL.
2230 522 2322 579 Xl.

498 5066 615 5143 εἶναι
637 5069 819 5146 (ξπξῶς,
839 5070 927 5146 πιιά⁵
952 5066 1045 5146 ἰερν
1092 5072 1234 5146 adeo»;
1255 5073 1523 5146 ἇςναλαϐξςν.
1572 5066 1643 5146 Τῆ
1668 5066 1751 5138 ξιὲν
1918 5094 1931 5103 ⁸

3495 555 3592 608 198

1999 649 2174 735 neque
2202 639 2333 695 illud
2367 643 2512 700 clare
2538 645 2850 718 dignitatem
2882 654 3022 709 illius
3049 659 3386 717 audientibus
3416 669 3594 735 expri-

2000 728 2197 784 mebat.
2237 731 2484 791 Nondum
2511 740 2654 794 enim
2684 742 2924 800 sciebant
2952 747 3124 816 ipsum
3146 768 3267 809 esse
3294 728 3588 825 genuinum

1997 817 2190 876 Filium
2224 841 2237 877 :
2265 838 2333 879 ex
2361 825 2502 883 dbno
2529 838 2705 887 autem
2737 832 2966 904 Spiritus
3008 844 3177 896 sancti
3231 844 3281 899 id
3296 817 3415 916 jam
3456 864 3591 904 con~

1996 911 2191 968 stabat.
2238 914 2469 989 Ideoque
2512 921 2671 978 Pater
2719 925 2978 984 Joannem
3021 932 3270 1000 mittens,
3306 911 3589 1009 dignitatis

1996 1001 2134 1093 ejus,
2163 1005 2254 1076 qui
2282 1008 2616 1079 adveniebat,
2648 1015 2749 1072 hoc
2775 1031 3147 1090 argumentum
3171 1026 3338 1093 dedit,
3361 1001 3584 1089 dicens:

1996 1092 2164 1179 Super
2189 1114 2337 1166 quem
2372 1105 2554 1159 videris
2592 1105 2844 1179 Spiritum
2881 1113 3259 1173 descendentem
3298 1132 3345 1176 et
3373 1139 3585 1179 manen-

1994 1174 2113 1253 tem,
2131 1187 2214 1242 hic
2237 1200 2310 1245 est
2327 1193 2416 1263 qui
2439 1174 2660 1263 baptiza-t
2688 1201 2741 1255 in
2767 1201 2967 1272 Spiritu
2995 1220 3171 1263 sancto
3191 1174 3584 1287 (humi—55).

1993 1274 2327 1350 QuaprOpter
2346 1292 2400 1338 et
2425 1285 2538 1355 ipse
2562 1288 2690 1344 dicit
2719 1311 2731 1345 :
2759 1291 2868 1362 Ego
2893 1297 2996 1350 vidi
3023 1309 3069 1352 et
3098 1274 3441 1360 testimonium
3464 1274 3588 1379 per-

1993 1365 2134 1463 hibui
2157 1373 2276 1438 quia
2296 1373 2378 1426 hic
2397 1388 2467 1428 eu
2487 1374 2657 1434 Filius
2681 1379 2777 1437 Dei
2797 1382 2959 1450 (Ibid.
2990 1404 3036 1440 υ.
3067 1388 3136 1444 54
3151 1390 3193 1460 ),
3222 1394 3373 1463 quasi
3394 1365 3587 1454 ex'hoc

1992 1466 2048 1513 et
2074 1457 2204 1515 illud
2234 1478 2447 1533 quoque
2480 1468 2590 1535 jam
2620 1471 2823 1527 clarum
2863 1457 3412 1549 evaderetaDeinde,
3458 1489 3583 1556 quia

1992 1548 2128 1604 bona
2147 1551 2308 1620 dixit,
2332 1555 2736 1629 auditoremque
2756 1565 2959 1619 remisit
2978 1578 3138 1638 atque
3158 1570 3372 1642 laxavit,
3397 1591 3583 1633 rursus

1990 1640 2140 1696 illum
2172 1646 2472 1718 restringit,
2518 1666 2585 1705 ne
2614 1652 2664 1705 in
2701 1653 2958 1710 desidiam
3000 1659 3173 1715 cadat.
3218 1640 3583 1736 Talequippe

1988 1743 2098 1788 erat
2128 1733 2435 1794 Judtrorum
2464 1756 2630 1810 genus
2661 1762 2674 1797 :
2705 1759 2768 1798 ex
2797 1750 3068 1816 prOSperis
3095 1752 3202 1806 cito
3240 1733 3581 1813 emollieban-

1992 1830 2096 1890 tur,
2122 1825 2528 1900 deterioresque
2557 1831 2776 1891 ﬁebant.
2824 1836 3055 1908 Ideoque
3092 1857 3278 1897 rursus
3322 1848 3579 1905 terribilia

1988 1914 2192 1971 inducit
2235 1917 2316 1973 his
2359 1922 2531 1977 verbis
2567 1941 2581 1978 :
2617 1925 2704 1979 l2.
2747 1926 2908 1994 Cuius
2950 1933 3280 1989 ventilabrum
3323 1939 3376 1991 in
3427 1956 3582 1996 manu

1985 2021 2097 2059 sua.
2129 2008 2384 2077 Superius
2409 2012 2518 2082 jam
2545 2016 2863 2085 supplicium
2888 2036 3304 2092 memoraverat;
3344 2028 3429 2085 hic
3451 2046 3579 2087 vero

1983 2098 2225 2155 Judicem
2253 2103 2473 2171 inducit,
2500 2106 2908 2180 immortaleque
2928 2116 3247 2185 supplicium
3280 2137 3292 2174 :
3320 2137 3440 2175 nam
3467 2125 3578 2180 ait:

1984 2188 2251 2247 Comburet
2281 2194 2454 2264 paleas
2482 2198 2597 2267 igne
2632 2199 3046 2273 iuexstinguibili.
3082 2207 3237 2263 Vides
3279 2210 3450 2284 ipsum
3497 2231 3579 2268 re—

1984 2299 2101 2336 rum
2130 2286 2368 2369 omnium
2403 2287 2684 2345 Dominum
2720 2295 3004 2363 agricolam
3032 2313 3156 2355 esse
3198 2320 3212 2355 :
3254 2317 3575 2375 quamquam

1983 2375 2196 2434 Patrem
2228 2360 2328 2434 huc
2350 2382 2521 2451 ipsum
2551 2400 2672 2439 esse
2697 2386 2821 2441 alibi
2853 2389 3047 2445 dixerit
3076 2411 3089 2445 :
3125 2392 3281 2447 Pater
3309 2413 3469 2461 utens,
3505 2400 3579 2453 in.

1982 2470 2131 2538 quit,
2160 2472 2385 2542 agricola
2412 2484 2487 2528 est
2510 2474 2689 2546 (Ibid.
2720 2477 2852 2533 15.1
2882 2480 2900 2550 )
2951 2481 3081 2548 Quia
3114 2483 3255 2539 enim
3284 2485 3446 2554 dixit,
3478 2489 3577 2545 Se-

1981 2562 2149 2628 curis,
2182 2578 2250 2618 ne
2279 2574 2491 2633 putares
2519 2582 2632 2621 rem
2665 2569 2848 2625 labore
2876 2588 3011 2640 opus
3038 2575 3254 2644 habere,
3297 2595 3395 2636 nec
3420 2582 3576 2640 facile

1983 2651 2210 2707 discerni
2240 2668 2395 2723 posse
2417 2696 2432 2720 ,
2462 2657 2566 2710 alio
2592 2660 2838 2729 exemplo
2868 2662 3173 2721 facilitatem
3207 2668 3438 2738 inducit,
3478 2689 3573 2728 οε-

1984 2744 2207 2799 tendens
2233 2746 2485 2800 mundum
2510 2757 2679 2803 totum
2706 2749 2847 2807 illius
2867 2769 2987 2809 esse
3014 2771 3029 2808 :
3060 2773 3164 2812 non
3191 2761 3332 2814 enim
3363 2765 3576 2831 puniret

1981 2833 2207 2892 alienos.
2227 2836 2374 2892 Nunc
2393 2854 2521 2893 vero
2541 2841 2715 2895 omnia
2739 2846 3001 2914 permixta
3021 2861 3162 2904 sunt.
3187 2851 3410 2909 Etiamsi
3428 2857 3571 2912 enim

1981 2925 2301 2981 frumentum
2328 2928 2520 2995 luceat,
2544 2941 2775 2987 attamen
2798 2950 2919 2989 cum
2942 2938 3094 3007 palea
3119 2942 3347 3009 positum
3370 2955 3471 3006 est.
3492 2957 3574 3002 ut.-

1982 3025 2108 3084 pote
2133 3016 2185 3070 in
2213 3032 2336 3072 area
2360 3060 2374 3084 ,
2403 3034 2509 3074 non
2541 3021 2595 3075 in
2628 3021 2842 3079 horreo.
2876 3025 3027 3082 Tunc
3051 3042 3229 3085 autem
3260 3037 3438 3089 omnia
3465 3037 3574 3092 dis-

1979 3116 2290 3162 cernentur.
2321 3108 2419 3165 Ubi
2450 3127 2594 3167 nunc
2618 3127 2745 3169 sunt
2772 3116 2844 3170 illi
2872 3120 2960 3188 qui
2987 3121 3287 3190 gehennam
3318 3141 3441 3183 esse
3465 3144 3570 3184 non

1978 3198 2247 3254 credunt?
2275 3200 2484 3257 Etenim
2512 3203 2619 3260 duo
2650 3209 2845 3275 posuit,
2876 3218 2930 3265 et
2956 3211 3344 3282 baptizaturum
3373 3234 3493 3275 esse
3518 3222 3569 3276 in

1978 3287 2181 3357 Spiritu
2221 3302 2441 3359 sancto,
2489 3305 2543 3348 et
2583 3297 2985 3355 combusturum
3030 3318 3136 3358 non
3182 3307 3483 3366 credentes.
3515 3313 3570 3367 Si

1978 3381 2137 3451 igitur
2166 3383 2293 3439 illud
2323 3386 2679 3455 credendum,
2721 3401 2774 3445 et
2820 3392 2921 3447 hoc
2959 3396 3120 3451 etiam
3164 3414 3403 3467 prorsus.
3428 3404 3563 3460 Pro-

1976 3483 2095 3542 pter
2151 3474 2252 3529 hoc
2306 3475 2452 3531 enim
2512 3486 2793 3550 utrumque
2844 3485 3128 3553 prtedixit,
3181 3499 3238 3544 ut
3288 3491 3358 3547 ab
3409 3494 3568 3552 unius

1977 3562 2336 3632 prtedictionis
2363 3578 2592 3631 eventu,
2625 3570 2779 3626 alteri
2813 3572 2945 3627 fides
2971 3590 3076 3631 non
3104 3591 3407 3650 negaretur.
3436 3584 3570 3642 Nam

1977 3663 2032 3708 ct
2058 3653 2302 3710 Christus
2331 3656 2384 3711 id
2413 3672 2519 3713 non
2548 3675 2670 3714 raro
2696 3660 2819 3717 facit
2847 3682 2860 3718 :
2892 3674 3035 3735 satpe
3062 3668 3112 3722 in
3146 3671 3209 3725 iis
3236 3672 3365 3742 ipsis
3387 3676 3565 3743 rebus,

1976 3759 2121 3812 saepe
2149 3746 2308 3800 etiam
2343 3748 2393 3800 iu
2421 3751 2702 3805 contrariis
2722 3794 2738 3819 ,
2769 3753 2901 3810 duas
2926 3771 3202 3826 apponens
3226 3766 3567 3835 pr0phetias,

1977 3851 2201 3905 quarum
2229 3852 2386 3892 ttnatn
2415 3840 2633 3897 exhibet
2658 3844 2926 3914 itttpletam
2947 3889 2961 3912 ,
2994 3850 3218 3906 alteram
3243 3854 3566 3925 implendam

1978 3927 2270 3995 promittit,
2302 3938 2357 3982 ut
2385 3930 2452 3985 ab
2476 3946 2539 3986 ea
2560 3973 2574 3996 ,
2604 3949 2722 4003 quae
2740 3935 2851 4003 jam
2892 3940 3103 4006 evenit,
3146 3942 3365 4000 alteram
3390 3989 3406 4014 ,
3451 3965 3570 4019 qua:

1979 4020 2212 4074 nondum
2251 4024 2448 4087 evenit,
2480 4024 2565 4078 vel
2610 4030 3054 4085 contentiosiores
3080 4034 3320 4090 credant.
3355 4038 3567 4096 Etenim

1978 4111 2044 4165 iis
2065 4111 2151 4179 qui
2182 4121 2399 4182 propter
2421 4114 2591 4183 ipsum
2622 4117 2800 4172 omnia
2825 4120 3152 4191 reliquerint,
3176 4131 3484 4198 centuplum
3514 4133 3567 4186 in

1981 4202 2229 4269 pta-senti
2255 4203 2453 4259 sacculo
2477 4220 2538 4259 se
2566 4206 2812 4262 daturum
2854 4211 3119 4280 pollicitus
3156 4227 3271 4284 est,
3314 4231 3370 4275 et
3408 4222 3567 4277 vitam

1979 4302 2232 4347 aeternam
2266 4294 2316 4348 itt
2350 4293 2528 4350 futuro
2557 4296 2765 4366 (Marc.
2799 4302 2884 4356 l0.
2915 4303 3024 4373 50)
3048 4346 3062 4370 ,
3090 4321 3157 4362 ex
3202 4309 3295 4373 iis,
3338 4326 3455 4383 qua:
3484 4316 3570 4371 hic

1978 4382 2193 4449 dantur,
2226 4382 2399 4442 futura
2424 4386 2529 4442 ﬁde
2548 4388 2705 4460 digna
2739 4392 2989 4448 reddens.
3014 4396 3068 4450 Id
3092 4402 3232 4467 quod
3255 4382 3414 4457 etiam
3446 4406 3572 4463 fecit

1979 4477 2213 4534 Joannes
2235 4519 2251 4545 ,
2282 4489 2566 4551 utrumqtte
2593 4498 2827 4553 ponens,
2866 4496 2922 4542 et
2950 4491 3089 4559 quod
3120 4492 3352 4563 baptizet
3373 4498 3426 4552 in
3447 4500 3570 4570 Spi-

1981 4569 2083 4623 ritu
2110 4579 2314 4634 sancto,
2345 4579 2403 4626 et
2428 4573 2878 4663 quod’combttrat
2909 4579 3028 4649 igne
3058 4582 3494 4657 inexstinguihili.

2051 4662 2104 4716 6.
2147 4662 2201 4718 Si
2249 4664 2424 4734 itaque
2456 4662 2569 4719 nou
2591 4667 2876 4736 baptizavit
2923 4671 2973 4724 in
3016 4671 3216 4742 Spiritu
3261 4681 3567 4749 apostolos,

1983 4767 2155 4822 neque
2185 4754 2331 4818 illos,
2374 4757 2462 4825 qui
2508 4759 2744 4825 quotidie
2785 4759 3037 4829 baptizari
3078 4765 3305 4833 vellent,
3350 4770 3419 4824 de
3464 4770 3569 4828 illis

1980 4846 2141 4901 etiam
2168 4847 2440 4902 dubitandi
2473 4850 2647 4905 locum
2678 4852 2936 4917 haberes;
2964 4856 3006 4907 si
3039 4871 3166 4909 vero
3195 4858 3246 4911 id
3276 4862 3417 4929 quod
3451 4881 3568 4919 tua-

1977 4938 2065 5006 jus
2108 4948 2162 4994 et
2203 4938 2471 4997 dil‘licilius
2507 4957 2628 4997 esse
2667 4943 2961 5011 videbatur,
3003 4955 3057 5002 et
3097 4949 3236 5017 quod
3264 4967 3567 5013 sermonem

1981 5045 2195 5084 omnem
2225 5040 2440 5100 superat
2463 5072 2478 5095 ,
2518 5043 2571 5086 et
2602 5031 2797 5088 factum
2834 5044 2943 5094 est.
2984 5050 3041 5096 et
3060 5039 3299 5112 quotidie
3319 5042 3567 5110 edicitur,

1981 5122 2106 5193 quid
2135 5137 2310 5179 causa:
2336 5133 2423 5178 est
2448 5139 2544 5179 cur
2568 5125 2619 5180 id
2644 5125 2785 5195 quod
2817 5127 2970 5183 facile
2998 5140 3052 5184 et
3077 5133 3369 5189 secundum
3404 5141 3570 5194 ratio-

1983 5230 2106 5269 nem
2143 5222 2256 5281 est,
2286 5229 2471 5270 verum
2514 5231 2620 5270 non
2662 5230 2782 5271 esse
2814 5216 3000 5273 dicas?
3024 5221 3158 5287 Quia
3206 5226 3350 5279 enim
3387 5227 3522 5282 dixit
3554 5273 3566 5284 .

1980 5303 2265 5373 Baptizabit
2293 5307 2346 5359 in
2375 5306 2575 5376 Spiritu
2599 5317 2775 5362 sancto
2799 5317 2846 5362 et
2882 5309 2936 5363 in
2976 5311 3124 5381 igne,
3163 5322 3218 5369 ct
3256 5330 3445 5385 magna
3485 5319 3572 5373 hic

1983 5396 2230 5465 promisit
2256 5395 2426 5464 bona,
2455 5411 2524 5451 ne
2563 5396 2746 5452 animo
2790 5401 3121 5466 concideres.
3155 5406 3421 5473 prioribus
3448 5425 3568 5463 om-

1983 5487 2142 5541 nibus
2169 5486 2445 5555 neglectis,
2469 5488 2820 5543 ventilabrum
2846 5489 3072 5557 induxit,
3096 5503 3152 5547 et
3170 5493 3429 5564 judicium
3455 5499 3572 5554 sive

1984 5580 2248 5635 delectum
2277 5595 2377 5650 per
2402 5579 2505 5635 hoc
2534 5580 2647 5635 ﬁeri
2673 5583 2912 5637 solitum.
2942 5583 3020 5638 Ne
3049 5587 3245 5654 putetis
3272 5589 3416 5643 enim
3438 5631 3453 5654 ,
3485 5596 3570 5645 iu-

1983 5673 2126 5743 quit,
2153 5673 2472 5742 baptismum
2496 5673 2746 5729 sulticere
2763 5715 2778 5738 ,
2807 5675 2851 5729 si
2879 5677 3106 5746 improbi
3133 5691 3313 5748 postea
3342 5682 3568 5750 fueritis;

1985 5782 2117 5833 opus
2143 5765 2339 5835 quippe
2359 5764 2517 5821 nobis
2540 5775 2623 5821 est
2644 5775 2698 5822 et
2722 5768 2917 5824 virtute
2940 5780 2994 5823 et
3022 5771 3182 5825 multa
3213 5775 3569 5846 philosophia.

1982 5852 2268 5926 Propterea
2310 5858 2578 5913 lavacrum
2605 5858 2657 5913 in
2683 5860 2908 5928 gratiam
2940 5860 3085 5931 ipsos
3111 5876 3140 5915 a
3171 5866 3344 5920 securi
3374 5868 3457 5922 illa
3488 5871 3569 5926 do
