  <div class='ocr_page' id='page_1' title='image "/cluster/home/n/w/nwhite01/storage/ocr_20150623/57:no.7:pt.1/coo.31924054869577/127.png"; bbox 0 0 4052 6434; ppageno 0'>
   <div class='ocr_carea' id='block_1_1' title="bbox 452 498 553 554">
    <p class='ocr_par' dir='ltr' id='par_1_1' title="bbox 452 498 553 554">
     <span class='ocr_line' id='line_1_1' title="bbox 452 498 553 554; baseline 0.01 -1"><span class='ocrx_word' id='word_1_1' title='bbox 452 498 553 554; x_wconf 62' lang='grc'><strong>899</strong></span> 
     </span>
    </p>
   </div>
   <div class='ocr_carea' id='block_1_2' title="bbox 449 577 2035 687">
    <p class='ocr_par' dir='ltr' id='par_1_2' title="bbox 449 577 2035 687">
     <span class='ocr_line' id='line_1_2' title="bbox 449 577 2035 687; baseline -0.026 -16"><span class='ocrx_word' id='word_1_2' title='bbox 449 615 600 687; x_wconf 85' lang='lat' dir='ltr'><strong>pellit</strong></span> <span class='ocrx_word' id='word_1_3' title='bbox 628 611 705 685; x_wconf 89' lang='lat' dir='ltr'><strong>(a)</strong></span> <span class='ocrx_word' id='word_1_4' title='bbox 731 619 786 666; x_wconf 89' lang='lat' dir='ltr'><strong>et</strong></span> <span class='ocrx_word' id='word_1_5' title='bbox 814 604 1065 663; x_wconf 93' lang='lat' dir='ltr'><strong>transfert</strong></span> <span class='ocrx_word' id='word_1_6' title='bbox 1091 615 1105 652; x_wconf 89' lang='lat'><strong>:</strong></span> <span class='ocrx_word' id='word_1_7' title='bbox 1142 607 1261 669; x_wconf 86' lang='lat' dir='ltr'><strong>post</strong></span> <span class='ocrx_word' id='word_1_8' title='bbox 1285 594 1509 668; x_wconf 88' lang='lat' dir='ltr'><strong>gratiam</strong></span> <span class='ocrx_word' id='word_1_9' title='bbox 1547 597 1725 643; x_wconf 91' lang='lat' dir='ltr'><strong>autem</strong></span> <span class='ocrx_word' id='word_1_10' title='bbox 1751 598 1784 639; x_wconf 88' lang='lat' dir='ltr'><strong>a</strong></span> <span class='ocrx_word' id='word_1_11' title='bbox 1814 577 2035 687; x_wconf 49' lang='lat' dir='ltr'><strong>ventila-</strong></span> 
     </span>
    </p>
   </div>
   <div class='ocr_carea' id='block_1_3' title="bbox 450 667 2037 772">
    <p class='ocr_par' dir='ltr' id='par_1_3' title="bbox 450 667 2037 772">
     <span class='ocr_line' id='line_1_3' title="bbox 450 667 2037 772; baseline -0.028 -9"><span class='ocrx_word' id='word_1_12' title='bbox 450 667 551 762; x_wconf 71' lang='lat' dir='ltr'><strong>bro</strong></span> <span class='ocrx_word' id='word_1_13' title='bbox 577 667 781 772; x_wconf 49' lang='lat' dir='ltr'><strong>et‘igne</strong></span> <span class='ocrx_word' id='word_1_14' title='bbox 808 667 1221 763; x_wconf 79' lang='lat' dir='ltr'><strong>incxstinguibili</strong></span> <span class='ocrx_word' id='word_1_15' title='bbox 1253 667 1451 748; x_wconf 84' lang='lat' dir='ltr'><strong>terret,</strong></span> <span class='ocrx_word' id='word_1_16' title='bbox 1483 690 1539 736; x_wconf 90' lang='lat' dir='ltr'><strong>et</strong></span> <span class='ocrx_word' id='word_1_17' title='bbox 1559 678 1755 733; x_wconf 89' lang='lat' dir='ltr'><strong>nullam</strong></span> <span class='ocrx_word' id='word_1_18' title='bbox 1778 670 1902 727; x_wconf 82' lang='lat' dir='ltr'><strong>facit</strong></span> <span class='ocrx_word' id='word_1_19' title='bbox 1923 667 2037 772; x_wconf 54' lang='lat' dir='ltr'><strong>dis:</strong></span> 
     </span>
    </p>
   </div>
   <div class='ocr_carea' id='block_1_4' title="bbox 450 755 2038 854">
    <p class='ocr_par' dir='ltr' id='par_1_4' title="bbox 450 755 2038 854">
     <span class='ocr_line' id='line_1_4' title="bbox 450 755 2038 854; baseline -0.026 -2"><span class='ocrx_word' id='word_1_20' title='bbox 450 755 765 852; x_wconf 50' lang='lat' dir='ltr'><strong>tinctionEm</strong></span> <span class='ocrx_word' id='word_1_21' title='bbox 808 802 995 846; x_wconf 90' lang='lat' dir='ltr'><strong>eorum</strong></span> <span class='ocrx_word' id='word_1_22' title='bbox 1040 784 1132 854; x_wconf 87' lang='lat' dir='ltr'><strong>qui</strong></span> <span class='ocrx_word' id='word_1_23' title='bbox 1175 778 1410 836; x_wconf 92' lang='lat' dir='ltr'><strong>nondum</strong></span> <span class='ocrx_word' id='word_1_24' title='bbox 1452 766 1701 843; x_wconf 85' lang='lat' dir='ltr'><strong>baptizati</strong></span> <span class='ocrx_word' id='word_1_25' title='bbox 1736 772 1897 828; x_wconf 88' lang='lat' dir='ltr'><strong>sunt,</strong></span> <span class='ocrx_word' id='word_1_26' title='bbox 1946 755 2038 812; x_wconf 89' lang='lat' dir='ltr'><strong>scd</strong></span> 
     </span>
    </p>
   </div>
   <div class='ocr_carea' id='block_1_5' title="bbox 453 855 2039 957">
    <p class='ocr_par' dir='ltr' id='par_1_5' title="bbox 453 855 2039 957">
     <span class='ocr_line' id='line_1_5' title="bbox 453 855 2039 957; baseline -0.028 -13"><span class='ocrx_word' id='word_1_27' title='bbox 453 885 773 957; x_wconf 80' lang='lat' dir='ltr'><strong>generaliter</strong></span> <span class='ocrx_word' id='word_1_28' title='bbox 814 882 885 935; x_wconf 93' lang='lat' dir='ltr'><strong>ait</strong></span> <span class='ocrx_word' id='word_1_29' title='bbox 917 895 931 932; x_wconf 88' lang='lat'>:</span> <span class='ocrx_word' id='word_1_30' title='bbox 969 876 1147 931; x_wconf 74' lang='lat' dir='ltr'><strong>Omnia</strong></span> <span class='ocrx_word' id='word_1_31' title='bbox 1170 872 1338 933; x_wconf 88' lang='lat' dir='ltr'><strong>arbor,</strong></span> <span class='ocrx_word' id='word_1_32' title='bbox 1369 880 1483 934; x_wconf 81' lang='lat' dir='ltr'><strong>qua:</strong></span> <span class='ocrx_word' id='word_1_33' title='bbox 1509 878 1610 916; x_wconf 84' lang='lat' dir='ltr'><strong>non</strong></span> <span class='ocrx_word' id='word_1_34' title='bbox 1652 855 1774 930; x_wconf 73' lang='lat' dir='ltr'><strong>facit</strong></span> <span class='ocrx_word' id='word_1_35' title='bbox 1821 859 2039 926; x_wconf 78' lang='lat' dir='ltr'><strong>fructum</strong></span> 
     </span>
    </p>
   </div>
   <div class='ocr_carea' id='block_1_6' title="bbox 453 944 2043 1042">
    <p class='ocr_par' dir='ltr' id='par_1_6' title="bbox 453 944 2043 1042">
     <span class='ocr_line' id='line_1_6' title="bbox 453 944 2043 1042; baseline -0.025 -8"><span class='ocrx_word' id='word_1_36' title='bbox 453 944 639 1033; x_wconf 57' lang='lat' dir='ltr'><strong>zonum</strong></span> <span class='ocrx_word' id='word_1_37' title='bbox 658 1018 673 1042; x_wconf 94' lang='lat'><strong>,</strong></span> <span class='ocrx_word' id='word_1_38' title='bbox 704 972 980 1037; x_wconf 69' lang='lat' dir='ltr'><strong>excidatur,</strong></span> <span class='ocrx_word' id='word_1_39' title='bbox 1007 965 1247 1023; x_wconf 90' lang='lat' dir='ltr'><strong>infideles</strong></span> <span class='ocrx_word' id='word_1_40' title='bbox 1273 972 1461 1016; x_wconf 91' lang='lat' dir='ltr'><strong>omnes</strong></span> <span class='ocrx_word' id='word_1_41' title='bbox 1486 953 1752 1042; x_wconf 59' lang='lat' dir='ltr'><strong>puniens;</strong></span> <span class='ocrx_word' id='word_1_42' title='bbox 1769 954 1892 1042; x_wconf 84' lang='lat' dir='ltr'><strong>post</strong></span> <span class='ocrx_word' id='word_1_43' title='bbox 1914 944 2043 1042; x_wconf 83' lang='lat' dir='ltr'><strong>bap-</strong></span> 
     </span>
    </p>
   </div>
   <div class='ocr_carea' id='block_1_7' title="bbox 455 1032 2042 1126">
    <p class='ocr_par' dir='ltr' id='par_1_7' title="bbox 455 1032 2042 1126">
     <span class='ocr_line' id='line_1_7' title="bbox 455 1032 2042 1126; baseline -0.026 1"><span class='ocrx_word' id='word_1_44' title='bbox 455 1074 611 1126; x_wconf 90' lang='lat' dir='ltr'><strong>tisma</strong></span> <span class='ocrx_word' id='word_1_45' title='bbox 657 1064 835 1122; x_wconf 85' lang='lat' dir='ltr'><strong>autem</strong></span> <span class='ocrx_word' id='word_1_46' title='bbox 876 1059 1282 1118; x_wconf 82' lang='lat' dir='ltr'><strong>distinctionem</strong></span> <span class='ocrx_word' id='word_1_47' title='bbox 1334 1046 1617 1122; x_wconf 85' lang='lat' dir='ltr'><strong>quamdam</strong></span> <span class='ocrx_word' id='word_1_48' title='bbox 1672 1039 1869 1103; x_wconf 88' lang='lat' dir='ltr'><strong>efficit;</strong></span> <span class='ocrx_word' id='word_1_49' title='bbox 1922 1032 2042 1105; x_wconf 91' lang='lat' dir='ltr'><strong>quia</strong></span> 
     </span>
    </p>
   </div>
   <div class='ocr_carea' id='block_1_8' title="bbox 459 1227 2042 1313">
    <p class='ocr_par' dir='ltr' id='par_1_8' title="bbox 459 1227 2042 1313">
     <span class='ocr_line' id='line_1_8' title="bbox 459 1227 2042 1313; baseline -0.023 -3"><span class='ocrx_word' id='word_1_50' title='bbox 459 1256 595 1311; x_wconf 83' lang='lat' dir='ltr'><strong>cturi</strong></span> <span class='ocrx_word' id='word_1_51' title='bbox 615 1261 786 1308; x_wconf 90' lang='lat' dir='ltr'><strong>erant.</strong></span> <span class='ocrx_word' id='word_1_52' title='bbox 810 1248 978 1306; x_wconf 80' lang='lat' dir='ltr'><strong>Nemo</strong></span> <span class='ocrx_word' id='word_1_53' title='bbox 996 1249 1173 1313; x_wconf 85' lang='lat' dir='ltr'><strong>itaque</strong></span> <span class='ocrx_word' id='word_1_54' title='bbox 1195 1240 1343 1311; x_wconf 86' lang='lat' dir='ltr'><strong>palea</strong></span> <span class='ocrx_word' id='word_1_55' title='bbox 1365 1235 1476 1298; x_wconf 87' lang='lat' dir='ltr'><strong>fiat,</strong></span> <span class='ocrx_word' id='word_1_56' title='bbox 1497 1244 1654 1286; x_wconf 87' lang='lat' dir='ltr'><strong>nemo</strong></span> <span class='ocrx_word' id='word_1_57' title='bbox 1674 1229 1743 1283; x_wconf 91' lang='lat' dir='ltr'><strong>sit</strong></span> <span class='ocrx_word' id='word_1_58' title='bbox 1762 1227 2042 1283; x_wconf 87' lang='lat' dir='ltr'><strong>fluctuans,</strong></span> 
     </span>
    </p>
   </div>
   <div class='ocr_carea' id='block_1_9' title="bbox 459 1312 2051 1415">
    <p class='ocr_par' dir='ltr' id='par_1_9' title="bbox 459 1312 2051 1415">
     <span class='ocr_line' id='line_1_9' title="bbox 459 1312 2051 1415; baseline -0.023 -15"><span class='ocrx_word' id='word_1_59' title='bbox 459 1358 633 1415; x_wconf 87' lang='lat' dir='ltr'><strong>neque</strong></span> <span class='ocrx_word' id='word_1_60' title='bbox 663 1340 842 1413; x_wconf 84' lang='lat' dir='ltr'><strong>pravis</strong></span> <span class='ocrx_word' id='word_1_61' title='bbox 868 1312 1243 1406; x_wconf 80' lang='lat' dir='ltr'><strong>cupiditatibus</strong></span> <span class='ocrx_word' id='word_1_62' title='bbox 1269 1330 1340 1384; x_wconf 90' lang='lat' dir='ltr'><strong>sit</strong></span> <span class='ocrx_word' id='word_1_63' title='bbox 1366 1326 1608 1381; x_wconf 88' lang='lat' dir='ltr'><strong>addictus</strong></span> <span class='ocrx_word' id='word_1_64' title='bbox 1627 1362 1640 1385; x_wconf 92' lang='lat'><strong>,</strong></span> <span class='ocrx_word' id='word_1_65' title='bbox 1669 1319 1819 1373; x_wconf 90' lang='lat' dir='ltr'><strong>itaut</strong></span> <span class='ocrx_word' id='word_1_66' title='bbox 1842 1314 1909 1370; x_wconf 87' lang='lat' dir='ltr'><strong>ab</strong></span> <span class='ocrx_word' id='word_1_67' title='bbox 1942 1312 2051 1367; x_wconf 83' lang='lat' dir='ltr'><strong>illis</strong></span> 
     </span>
    </p>
   </div>
   <div class='ocr_carea' id='block_1_10' title="bbox 461 1415 2047 1501">
    <p class='ocr_par' dir='ltr' id='par_1_10' title="bbox 461 1415 2047 1501">
     <span class='ocr_line' id='line_1_10' title="bbox 461 1415 2047 1501; baseline -0.023 -10"><span class='ocrx_word' id='word_1_68' title='bbox 461 1437 617 1491; x_wconf 84' lang='lat' dir='ltr'><strong>facile</strong></span> <span class='ocrx_word' id='word_1_69' title='bbox 644 1433 876 1501; x_wconf 85' lang='lat' dir='ltr'><strong>undique</strong></span> <span class='ocrx_word' id='word_1_70' title='bbox 897 1429 1144 1499; x_wconf 83' lang='lat' dir='ltr'><strong>jactctur.</strong></span> <span class='ocrx_word' id='word_1_71' title='bbox 1172 1422 1227 1477; x_wconf 90' lang='lat' dir='ltr'><strong>Si</strong></span> <span class='ocrx_word' id='word_1_72' title='bbox 1253 1420 1393 1476; x_wconf 86' lang='lat' dir='ltr'><strong>enim</strong></span> <span class='ocrx_word' id='word_1_73' title='bbox 1434 1417 1756 1471; x_wconf 84' lang='lat' dir='ltr'><strong>frumentum</strong></span> <span class='ocrx_word' id='word_1_74' title='bbox 1794 1415 2047 1465; x_wconf 84' lang='lat' dir='ltr'><strong>maneas,</strong></span> 
     </span>
    </p>
   </div>
   <div class='ocr_carea' id='block_1_11' title="bbox 462 1508 2049 1588">
    <p class='ocr_par' dir='ltr' id='par_1_11' title="bbox 462 1508 2049 1588">
     <span class='ocr_line' id='line_1_11' title="bbox 462 1508 2049 1588; baseline -0.02 -6"><span class='ocrx_word' id='word_1_75' title='bbox 462 1526 670 1582; x_wconf 86' lang='lat' dir='ltr'><strong>etiamsi</strong></span> <span class='ocrx_word' id='word_1_76' title='bbox 702 1521 923 1578; x_wconf 91' lang='lat' dir='ltr'><strong>teutatio</strong></span> <span class='ocrx_word' id='word_1_77' title='bbox 950 1521 1180 1588; x_wconf 79' lang='lat' dir='ltr'><strong>ingruat,</strong></span> <span class='ocrx_word' id='word_1_78' title='bbox 1211 1511 1341 1567; x_wconf 86' lang='lat' dir='ltr'><strong>nihil</strong></span> <span class='ocrx_word' id='word_1_79' title='bbox 1370 1508 1492 1563; x_wconf 89' lang='lat' dir='ltr'><strong>mali</strong></span> <span class='ocrx_word' id='word_1_80' title='bbox 1520 1515 1772 1574; x_wconf 80' lang='lat' dir='ltr'><strong>passurus</strong></span> <span class='ocrx_word' id='word_1_81' title='bbox 1799 1513 1860 1553; x_wconf 86' lang='lat' dir='ltr'><strong>es</strong></span> <span class='ocrx_word' id='word_1_82' title='bbox 1885 1515 1899 1551; x_wconf 89' lang='lat'><strong>:</strong></span> <span class='ocrx_word' id='word_1_83' title='bbox 1927 1511 2049 1551; x_wconf 89' lang='lat' dir='ltr'><strong>nam</strong></span> 
     </span>
    </p>
   </div>
   <div class='ocr_carea' id='block_1_12' title="bbox 463 1591 2047 1673">
    <p class='ocr_par' dir='ltr' id='par_1_12' title="bbox 463 1591 2047 1673">
     <span class='ocr_line' id='line_1_12' title="bbox 463 1591 2047 1673; baseline -0.022 1"><span class='ocrx_word' id='word_1_84' title='bbox 463 1620 517 1673; x_wconf 89' lang='lat' dir='ltr'><strong>in</strong></span> <span class='ocrx_word' id='word_1_85' title='bbox 546 1632 672 1672; x_wconf 88' lang='lat' dir='ltr'><strong>area</strong></span> <span class='ocrx_word' id='word_1_86' title='bbox 714 1625 849 1669; x_wconf 70' lang='lat' dir='ltr'><strong>rotze</strong></span> <span class='ocrx_word' id='word_1_87' title='bbox 894 1626 1085 1665; x_wconf 90' lang='lat' dir='ltr'><strong>currus</strong></span> <span class='ocrx_word' id='word_1_88' title='bbox 1128 1602 1369 1659; x_wconf 90' lang='lat' dir='ltr'><strong>sulcandi</strong></span> <span class='ocrx_word' id='word_1_89' title='bbox 1409 1597 1713 1653; x_wconf 84' lang='lat' dir='ltr'><strong>facultatem</strong></span> <span class='ocrx_word' id='word_1_90' title='bbox 1758 1591 2047 1654; x_wconf 86' lang='lat' dir='ltr'><strong>habentes,</strong></span> 
     </span>
    </p>
   </div>
   <div class='ocr_carea' id='block_1_13' title="bbox 463 1683 2054 1765">
    <p class='ocr_par' dir='ltr' id='par_1_13' title="bbox 463 1683 2054 1765">
     <span class='ocr_line' id='line_1_13' title="bbox 463 1683 2054 1765; baseline -0.021 1"><span class='ocrx_word' id='word_1_91' title='bbox 463 1712 789 1765; x_wconf 87' lang='lat' dir='ltr'><strong>frumentum</strong></span> <span class='ocrx_word' id='word_1_92' title='bbox 811 1719 917 1760; x_wconf 93' lang='lat' dir='ltr'><strong>non</strong></span> <span class='ocrx_word' id='word_1_93' title='bbox 942 1700 1221 1761; x_wconf 91' lang='lat' dir='ltr'><strong>scindunt;</strong></span> <span class='ocrx_word' id='word_1_94' title='bbox 1245 1696 1291 1750; x_wconf 88' lang='lat' dir='ltr'><strong>si</strong></span> <span class='ocrx_word' id='word_1_95' title='bbox 1316 1708 1442 1749; x_wconf 82' lang='lat' dir='ltr'><strong>vero</strong></span> <span class='ocrx_word' id='word_1_96' title='bbox 1465 1692 1516 1745; x_wconf 90' lang='lat' dir='ltr'><strong>in</strong></span> <span class='ocrx_word' id='word_1_97' title='bbox 1543 1683 2054 1760; x_wconf 78' lang='lat' dir='ltr'><strong>palcchragilitatcm</strong></span> 
     </span>
    </p>
   </div>
   <div class='ocr_carea' id='block_1_14' title="bbox 466 1773 2056 1861">
    <p class='ocr_par' dir='ltr' id='par_1_14' title="bbox 466 1773 2056 1861">
     <span class='ocr_line' id='line_1_14' title="bbox 466 1773 2056 1861; baseline -0.021 -5"><span class='ocrx_word' id='word_1_98' title='bbox 466 1798 753 1861; x_wconf 88' lang='lat' dir='ltr'><strong>incideris,</strong></span> <span class='ocrx_word' id='word_1_99' title='bbox 798 1805 852 1849; x_wconf 90' lang='lat' dir='ltr'><strong>et</strong></span> <span class='ocrx_word' id='word_1_100' title='bbox 895 1794 983 1848; x_wconf 89' lang='lat' dir='ltr'><strong>hic</strong></span> <span class='ocrx_word' id='word_1_101' title='bbox 1023 1785 1354 1845; x_wconf 84' lang='lat' dir='ltr'><strong>intoleranda</strong></span> <span class='ocrx_word' id='word_1_102' title='bbox 1406 1781 1654 1853; x_wconf 90' lang='lat' dir='ltr'><strong>patieris,</strong></span> <span class='ocrx_word' id='word_1_103' title='bbox 1699 1778 1766 1831; x_wconf 89' lang='lat' dir='ltr'><strong>ab</strong></span> <span class='ocrx_word' id='word_1_104' title='bbox 1806 1773 2056 1829; x_wconf 90' lang='lat' dir='ltr'><strong>omnibus</strong></span> 
     </span>
    </p>
   </div>
   <div class='ocr_carea' id='block_1_15' title="bbox 467 1862 2055 1957">
    <p class='ocr_par' dir='ltr' id='par_1_15' title="bbox 467 1862 2055 1957">
     <span class='ocr_line' id='line_1_15' title="bbox 467 1862 2055 1957; baseline -0.022 -7"><span class='ocrx_word' id='word_1_105' title='bbox 467 1895 736 1957; x_wconf 84' lang='lat' dir='ltr'><strong>concisus,</strong></span> <span class='ocrx_word' id='word_1_106' title='bbox 766 1902 821 1945; x_wconf 89' lang='lat' dir='ltr'><strong>et</strong></span> <span class='ocrx_word' id='word_1_107' title='bbox 853 1887 961 1943; x_wconf 91' lang='lat' dir='ltr'><strong>illic</strong></span> <span class='ocrx_word' id='word_1_108' title='bbox 988 1881 1303 1953; x_wconf 86' lang='lat' dir='ltr'><strong>supplicium</strong></span> <span class='ocrx_word' id='word_1_109' title='bbox 1336 1879 1449 1932; x_wconf 86' lang='lat' dir='ltr'><strong>lues</strong></span> <span class='ocrx_word' id='word_1_110' title='bbox 1474 1884 1752 1929; x_wconf 76' lang='lat' dir='ltr'><strong>:etcrnum.</strong></span> <span class='ocrx_word' id='word_1_111' title='bbox 1781 1867 1882 1936; x_wconf 87' lang='lat' dir='ltr'><strong>Qui</strong></span> <span class='ocrx_word' id='word_1_112' title='bbox 1911 1862 2055 1919; x_wconf 89' lang='lat' dir='ltr'><strong>enim</strong></span> 
     </span>
    </p>
   </div>
   <div class='ocr_carea' id='block_1_16' title="bbox 470 1958 2055 2050">
    <p class='ocr_par' dir='ltr' id='par_1_16' title="bbox 470 1958 2055 2050">
     <span class='ocr_line' id='line_1_16' title="bbox 470 1958 2055 2050; baseline -0.021 -9"><span class='ocrx_word' id='word_1_113' title='bbox 470 1986 607 2041; x_wconf 88' lang='lat' dir='ltr'><strong>tales</strong></span> <span class='ocrx_word' id='word_1_114' title='bbox 630 1992 788 2047; x_wconf 88' lang='lat' dir='ltr'><strong>sunt,</strong></span> <span class='ocrx_word' id='word_1_115' title='bbox 810 1989 1096 2050; x_wconf 86' lang='lat' dir='ltr'><strong>antequam</strong></span> <span class='ocrx_word' id='word_1_116' title='bbox 1119 1974 1388 2029; x_wconf 89' lang='lat' dir='ltr'><strong>fornacem</strong></span> <span class='ocrx_word' id='word_1_117' title='bbox 1418 1969 1561 2023; x_wconf 83' lang='lat' dir='ltr'><strong>illam</strong></span> <span class='ocrx_word' id='word_1_118' title='bbox 1586 1966 1812 2018; x_wconf 87' lang='lat' dir='ltr'><strong>futuram</strong></span> <span class='ocrx_word' id='word_1_119' title='bbox 1840 1958 2055 2022; x_wconf 87' lang='lat' dir='ltr'><strong>adeant,</strong></span> 
     </span>
    </p>
   </div>
   <div class='ocr_carea' id='block_1_17' title="bbox 472 2056 2058 2132">
    <p class='ocr_par' dir='ltr' id='par_1_17' title="bbox 472 2056 2058 2132">
     <span class='ocr_line' id='line_1_17' title="bbox 472 2056 2058 2132; baseline -0.019 0"><span class='ocrx_word' id='word_1_120' title='bbox 472 2073 915 2132; x_wconf 88' lang='lat' dir='ltr'><strong>irrationabilium</strong></span> <span class='ocrx_word' id='word_1_121' title='bbox 941 2070 1223 2125; x_wconf 79' lang='lat' dir='ltr'><strong>affectuum</strong></span> <span class='ocrx_word' id='word_1_122' title='bbox 1253 2064 1341 2118; x_wconf 85' lang='lat' dir='ltr'><strong>hic</strong></span> <span class='ocrx_word' id='word_1_123' title='bbox 1368 2076 1488 2116; x_wconf 91' lang='lat' dir='ltr'><strong>esca</strong></span> <span class='ocrx_word' id='word_1_124' title='bbox 1515 2056 1837 2117; x_wconf 85' lang='lat' dir='ltr'><strong>efficiuntur,</strong></span> <span class='ocrx_word' id='word_1_125' title='bbox 1861 2058 1921 2105; x_wconf 90' lang='lat' dir='ltr'><strong>ut</strong></span> <span class='ocrx_word' id='word_1_126' title='bbox 1961 2063 2058 2119; x_wconf 88' lang='lat' dir='ltr'><strong>pa-</strong></span> 
     </span>
    </p>
   </div>
   <div class='ocr_carea' id='block_1_18' title="bbox 474 2142 2052 2224">
    <p class='ocr_par' dir='ltr' id='par_1_18' title="bbox 474 2142 2052 2224">
     <span class='ocr_line' id='line_1_18' title="bbox 474 2142 2052 2224; baseline -0.019 0"><span class='ocrx_word' id='word_1_127' title='bbox 474 2169 573 2224; x_wconf 63' lang='lat' dir='ltr'><strong>lea:</strong></span> <span class='ocrx_word' id='word_1_128' title='bbox 590 2174 714 2223; x_wconf 87' lang='lat' dir='ltr'><strong>sunt</strong></span> <span class='ocrx_word' id='word_1_129' title='bbox 740 2165 1014 2219; x_wconf 89' lang='lat' dir='ltr'><strong>brulorum</strong></span> <span class='ocrx_word' id='word_1_130' title='bbox 1037 2159 1190 2214; x_wconf 87' lang='lat' dir='ltr'><strong>cibus</strong></span> <span class='ocrx_word' id='word_1_131' title='bbox 1219 2175 1231 2210; x_wconf 90' lang='lat'><strong>:</strong></span> <span class='ocrx_word' id='word_1_132' title='bbox 1262 2165 1315 2209; x_wconf 92' lang='lat' dir='ltr'><strong>et</strong></span> <span class='ocrx_word' id='word_1_133' title='bbox 1342 2153 1450 2207; x_wconf 92' lang='lat' dir='ltr'><strong>illic</strong></span> <span class='ocrx_word' id='word_1_134' title='bbox 1467 2164 1652 2205; x_wconf 89' lang='lat' dir='ltr'><strong>rursus</strong></span> <span class='ocrx_word' id='word_1_135' title='bbox 1668 2144 1888 2201; x_wconf 88' lang='lat' dir='ltr'><strong>materia</strong></span> <span class='ocrx_word' id='word_1_136' title='bbox 1903 2151 1957 2197; x_wconf 90' lang='lat' dir='ltr'><strong>et</strong></span> <span class='ocrx_word' id='word_1_137' title='bbox 1971 2142 2052 2195; x_wconf 89' lang='lat' dir='ltr'><strong>ci-</strong></span> 
     </span>
    </p>
   </div>
   <div class='ocr_carea' id='block_1_19' title="bbox 476 2235 2062 2332">
    <p class='ocr_par' dir='ltr' id='par_1_19' title="bbox 476 2235 2062 2332">
     <span class='ocr_line' id='line_1_19' title="bbox 476 2235 2062 2332; baseline -0.018 -13"><span class='ocrx_word' id='word_1_138' title='bbox 476 2264 577 2318; x_wconf 89' lang='lat' dir='ltr'><strong>bus</strong></span> <span class='ocrx_word' id='word_1_139' title='bbox 606 2260 742 2332; x_wconf 81' lang='lat' dir='ltr'><strong>ignis</strong></span> <span class='ocrx_word' id='word_1_140' title='bbox 771 2267 947 2315; x_wconf 91' lang='lat' dir='ltr'><strong>erunt.</strong></span> <span class='ocrx_word' id='word_1_141' title='bbox 979 2255 1033 2311; x_wconf 88' lang='lat' dir='ltr'><strong>Si</strong></span> <span class='ocrx_word' id='word_1_142' title='bbox 1061 2253 1236 2309; x_wconf 84' lang='lat' dir='ltr'><strong>statim</strong></span> <span class='ocrx_word' id='word_1_143' title='bbox 1268 2250 1491 2305; x_wconf 85' lang='lat' dir='ltr'><strong>dixisset</strong></span> <span class='ocrx_word' id='word_1_144' title='bbox 1523 2264 1535 2299; x_wconf 83' lang='lat'><strong>2</strong></span> <span class='ocrx_word' id='word_1_145' title='bbox 1568 2244 1687 2314; x_wconf 91' lang='lat' dir='ltr'><strong>Ipse</strong></span> <span class='ocrx_word' id='word_1_146' title='bbox 1712 2238 1971 2311; x_wconf 88' lang='lat' dir='ltr'><strong>judicabit</strong></span> <span class='ocrx_word' id='word_1_147' title='bbox 1994 2235 2062 2290; x_wconf 91' lang='lat' dir='ltr'><strong>de</strong></span> 
     </span>
    </p>
   </div>
   <div class='ocr_carea' id='block_1_20' title="bbox 474 2329 2059 2415">
    <p class='ocr_par' dir='ltr' id='par_1_20' title="bbox 474 2329 2059 2415">
     <span class='ocr_line' id='line_1_20' title="bbox 474 2329 2059 2415; baseline -0.018 -5"><span class='ocrx_word' id='word_1_148' title='bbox 474 2329 717 2415; x_wconf 80' lang='lat' dir='ltr'><strong>actibus;</strong></span> <span class='ocrx_word' id='word_1_149' title='bbox 750 2362 1057 2405; x_wconf 87' lang='lat' dir='ltr'><strong>sermonem</strong></span> <span class='ocrx_word' id='word_1_150' title='bbox 1101 2360 1206 2398; x_wconf 88' lang='lat' dir='ltr'><strong>non</strong></span> <span class='ocrx_word' id='word_1_151' title='bbox 1239 2344 1311 2395; x_wconf 89' lang='lat' dir='ltr'><strong>ita</strong></span> <span class='ocrx_word' id='word_1_152' title='bbox 1342 2336 1670 2410; x_wconf 89' lang='lat' dir='ltr'><strong>probabilem</strong></span> <span class='ocrx_word' id='word_1_153' title='bbox 1701 2329 2017 2388; x_wconf 86' lang='lat' dir='ltr'><strong>reddidisset</strong></span> <span class='ocrx_word' id='word_1_154' title='bbox 2045 2344 2059 2393; x_wconf 91' lang='lat'><strong>;</strong></span> 
     </span>
    </p>
   </div>
   <div class='ocr_carea' id='block_1_21' title="bbox 474 2420 2063 2510">
    <p class='ocr_par' dir='ltr' id='par_1_21' title="bbox 474 2420 2063 2510">
     <span class='ocr_line' id='line_1_21' title="bbox 474 2420 2063 2510; baseline -0.018 -9"><span class='ocrx_word' id='word_1_155' title='bbox 474 2461 595 2501; x_wconf 86' lang='lat' dir='ltr'><strong>cum</strong></span> <span class='ocrx_word' id='word_1_156' title='bbox 622 2451 799 2498; x_wconf 91' lang='lat' dir='ltr'><strong>autem</strong></span> <span class='ocrx_word' id='word_1_157' title='bbox 832 2437 1135 2510; x_wconf 91' lang='lat' dir='ltr'><strong>parabolam</strong></span> <span class='ocrx_word' id='word_1_158' title='bbox 1163 2432 1477 2495; x_wconf 85' lang='lat' dir='ltr'><strong>admiscuit,</strong></span> <span class='ocrx_word' id='word_1_159' title='bbox 1517 2437 1571 2484; x_wconf 94' lang='lat' dir='ltr'><strong>et</strong></span> <span class='ocrx_word' id='word_1_160' title='bbox 1610 2442 1703 2497; x_wconf 88' lang='lat' dir='ltr'><strong>per</strong></span> <span class='ocrx_word' id='word_1_161' title='bbox 1730 2440 1848 2480; x_wconf 90' lang='lat' dir='ltr'><strong>eam</strong></span> <span class='ocrx_word' id='word_1_162' title='bbox 1886 2420 2063 2477; x_wconf 87' lang='lat' dir='ltr'><strong>omnia</strong></span> 
     </span>
    </p>
   </div>
   <div class='ocr_carea' id='block_1_22' title="bbox 478 2519 2062 2606">
    <p class='ocr_par' dir='ltr' id='par_1_22' title="bbox 478 2519 2062 2606">
     <span class='ocr_line' id='line_1_22' title="bbox 478 2519 2062 2606; baseline -0.018 -15"><span class='ocrx_word' id='word_1_163' title='bbox 478 2533 831 2606; x_wconf 80' lang='lat' dir='ltr'><strong>dispensavit,</strong></span> <span class='ocrx_word' id='word_1_164' title='bbox 863 2530 915 2586; x_wconf 88' lang='lat' dir='ltr'><strong>id</strong></span> <span class='ocrx_word' id='word_1_165' title='bbox 944 2527 1010 2583; x_wconf 92' lang='lat' dir='ltr'><strong>ad</strong></span> <span class='ocrx_word' id='word_1_166' title='bbox 1040 2521 1469 2599; x_wconf 88' lang='lat' dir='ltr'><strong>persuadendum</strong></span> <span class='ocrx_word' id='word_1_167' title='bbox 1494 2519 1663 2588; x_wconf 86' lang='lat' dir='ltr'><strong>magis</strong></span> <span class='ocrx_word' id='word_1_168' title='bbox 1699 2524 1878 2585; x_wconf 86' lang='lat' dir='ltr'><strong>aptum</strong></span> <span class='ocrx_word' id='word_1_169' title='bbox 1919 2521 2062 2576; x_wconf 90' lang='lat' dir='ltr'><strong>erat;</strong></span> 
     </span>
    </p>
   </div>
   <div class='ocr_carea' id='block_1_23' title="bbox 478 2601 2068 2694">
    <p class='ocr_par' dir='ltr' id='par_1_23' title="bbox 478 2601 2068 2694">
     <span class='ocr_line' id='line_1_23' title="bbox 478 2601 2068 2694; baseline -0.018 -11"><span class='ocrx_word' id='word_1_170' title='bbox 478 2636 534 2682; x_wconf 91' lang='lat' dir='ltr'><strong>et</strong></span> <span class='ocrx_word' id='word_1_171' title='bbox 561 2601 681 2681; x_wconf 79' lang='lat' dir='ltr'><strong>cum</strong></span> <span class='ocrx_word' id='word_1_172' title='bbox 722 2621 911 2694; x_wconf 81' lang='lat' dir='ltr'><strong>majori</strong></span> <span class='ocrx_word' id='word_1_173' title='bbox 952 2617 1323 2676; x_wconf 85' lang='lat' dir='ltr'><strong>consolatione</strong></span> <span class='ocrx_word' id='word_1_174' title='bbox 1359 2612 1658 2668; x_wconf 88' lang='lat' dir='ltr'><strong>auditorem</strong></span> <span class='ocrx_word' id='word_1_175' title='bbox 1688 2606 1950 2662; x_wconf 84' lang='lat' dir='ltr'><strong>trahebat.</strong></span> <span class='ocrx_word' id='word_1_176' title='bbox 1986 2601 2068 2656; x_wconf 88' lang='lat' dir='ltr'><strong>ld-</strong></span> 
     </span>
    </p>
   </div>
   <div class='ocr_carea' id='block_1_24' title="bbox 478 2705 2067 2784">
    <p class='ocr_par' dir='ltr' id='par_1_24' title="bbox 478 2705 2067 2784">
     <span class='ocr_line' id='line_1_24' title="bbox 478 2705 2067 2784; baseline -0.016 -9"><span class='ocrx_word' id='word_1_177' title='bbox 478 2720 624 2775; x_wconf 91' lang='lat' dir='ltr'><strong>circo</strong></span> <span class='ocrx_word' id='word_1_178' title='bbox 652 2716 772 2772; x_wconf 90' lang='lat' dir='ltr'><strong>illos</strong></span> <span class='ocrx_word' id='word_1_179' title='bbox 799 2728 943 2784; x_wconf 67' lang='lat' dir='ltr'><strong>saepe</strong></span> <span class='ocrx_word' id='word_1_180' title='bbox 971 2712 1072 2767; x_wconf 85' lang='lat' dir='ltr'><strong>hac</strong></span> <span class='ocrx_word' id='word_1_181' title='bbox 1097 2710 1306 2766; x_wconf 88' lang='lat' dir='ltr'><strong>ratione</strong></span> <span class='ocrx_word' id='word_1_182' title='bbox 1330 2705 1636 2775; x_wconf 88' lang='lat' dir='ltr'><strong>alloquitur,</strong></span> <span class='ocrx_word' id='word_1_183' title='bbox 1677 2714 1886 2762; x_wconf 83' lang='lat' dir='ltr'><strong>aream,</strong></span> <span class='ocrx_word' id='word_1_184' title='bbox 1928 2711 2067 2751; x_wconf 87' lang='lat' dir='ltr'><strong>mes-</strong></span> 
     </span>
    </p>
   </div>
   <div class='ocr_carea' id='block_1_25' title="bbox 481 2790 2068 2875">
    <p class='ocr_par' dir='ltr' id='par_1_25' title="bbox 481 2790 2068 2875">
     <span class='ocr_line' id='line_1_25' title="bbox 481 2790 2068 2875; baseline -0.016 -9"><span class='ocrx_word' id='word_1_185' title='bbox 481 2826 594 2866; x_wconf 88' lang='lat' dir='ltr'><strong>sem</strong></span> <span class='ocrx_word' id='word_1_186' title='bbox 619 2849 635 2873; x_wconf 90' lang='lat'><strong>,</strong></span> <span class='ocrx_word' id='word_1_187' title='bbox 687 2809 929 2875; x_wconf 90' lang='lat' dir='ltr'><strong>vineam,</strong></span> <span class='ocrx_word' id='word_1_188' title='bbox 973 2803 1228 2868; x_wconf 90' lang='lat' dir='ltr'><strong>torcular,</strong></span> <span class='ocrx_word' id='word_1_189' title='bbox 1272 2813 1457 2871; x_wconf 88' lang='lat' dir='ltr'><strong>agrum</strong></span> <span class='ocrx_word' id='word_1_190' title='bbox 1477 2837 1493 2864; x_wconf 95' lang='lat'><strong>,</strong></span> <span class='ocrx_word' id='word_1_191' title='bbox 1526 2808 1810 2866; x_wconf 89' lang='lat' dir='ltr'><strong>sagenam,</strong></span> <span class='ocrx_word' id='word_1_192' title='bbox 1841 2790 2068 2861; x_wconf 89' lang='lat' dir='ltr'><strong>piscium</strong></span> 
     </span>
    </p>
   </div>
   <div class='ocr_carea' id='block_1_26' title="bbox 482 2881 2073 2971">
    <p class='ocr_par' dir='ltr' id='par_1_26' title="bbox 482 2881 2073 2971">
     <span class='ocr_line' id='line_1_26' title="bbox 482 2881 2073 2971; baseline -0.014 -14"><span class='ocrx_word' id='word_1_193' title='bbox 482 2910 785 2971; x_wconf 90' lang='lat' dir='ltr'><strong>capturam,</strong></span> <span class='ocrx_word' id='word_1_194' title='bbox 816 2907 869 2954; x_wconf 91' lang='lat' dir='ltr'><strong>et</strong></span> <span class='ocrx_word' id='word_1_195' title='bbox 895 2895 1073 2951; x_wconf 92' lang='lat' dir='ltr'><strong>omnia</strong></span> <span class='ocrx_word' id='word_1_196' title='bbox 1100 2910 1218 2963; x_wconf 75' lang='lat' dir='ltr'><strong>qua:</strong></span> <span class='ocrx_word' id='word_1_197' title='bbox 1244 2894 1296 2947; x_wconf 91' lang='lat' dir='ltr'><strong>in</strong></span> <span class='ocrx_word' id='word_1_198' title='bbox 1336 2905 1432 2945; x_wconf 90' lang='lat' dir='ltr'><strong>usu</strong></span> <span class='ocrx_word' id='word_1_199' title='bbox 1468 2896 1657 2953; x_wconf 83' lang='lat' dir='ltr'><strong>erant,</strong></span> <span class='ocrx_word' id='word_1_200' title='bbox 1700 2894 1753 2940; x_wconf 91' lang='lat' dir='ltr'><strong>et</strong></span> <span class='ocrx_word' id='word_1_201' title='bbox 1794 2884 1846 2937; x_wconf 91' lang='lat' dir='ltr'><strong>in</strong></span> <span class='ocrx_word' id='word_1_202' title='bbox 1880 2881 2073 2953; x_wconf 86' lang='lat' dir='ltr'><strong>quibus</strong></span> 
     </span>
    </p>
   </div>
   <div class='ocr_carea' id='block_1_27' title="bbox 483 2977 2072 3059">
    <p class='ocr_par' dir='ltr' id='par_1_27' title="bbox 483 2977 2072 3059">
     <span class='ocr_line' id='line_1_27' title="bbox 483 2977 2072 3059; baseline -0.011 -12"><span class='ocrx_word' id='word_1_203' title='bbox 483 2994 858 3059; x_wconf 81' lang='lat' dir='ltr'><strong>versabantur,</strong></span> <span class='ocrx_word' id='word_1_204' title='bbox 886 2989 1065 3045; x_wconf 79' lang='lat' dir='ltr'><strong>verbis</strong></span> <span class='ocrx_word' id='word_1_205' title='bbox 1106 2988 1218 3043; x_wconf 89' lang='lat' dir='ltr'><strong>suis</strong></span> <span class='ocrx_word' id='word_1_206' title='bbox 1258 2984 1580 3040; x_wconf 82' lang='lat' dir='ltr'><strong>admiscens.</strong></span> <span class='ocrx_word' id='word_1_207' title='bbox 1633 2981 1688 3036; x_wconf 93' lang='lat' dir='ltr'><strong>ld</strong></span> <span class='ocrx_word' id='word_1_208' title='bbox 1734 2977 1875 3050; x_wconf 88' lang='lat' dir='ltr'><strong>quod</strong></span> <span class='ocrx_word' id='word_1_209' title='bbox 1911 2977 2072 3033; x_wconf 90' lang='lat' dir='ltr'><strong>etiam</strong></span> 
     </span>
    </p>
   </div>
   <div class='ocr_carea' id='block_1_28' title="bbox 485 3071 2075 3154">
    <p class='ocr_par' dir='ltr' id='par_1_28' title="bbox 485 3071 2075 3154">
     <span class='ocr_line' id='line_1_28' title="bbox 485 3071 2075 3154; baseline -0.013 -13"><span class='ocrx_word' id='word_1_210' title='bbox 485 3085 720 3154; x_wconf 83' lang='lat' dir='ltr'><strong>Baptista</strong></span> <span class='ocrx_word' id='word_1_211' title='bbox 751 3082 838 3137; x_wconf 87' lang='lat' dir='ltr'><strong>hic</strong></span> <span class='ocrx_word' id='word_1_212' title='bbox 865 3081 1006 3145; x_wconf 86' lang='lat' dir='ltr'><strong>fecit,</strong></span> <span class='ocrx_word' id='word_1_213' title='bbox 1031 3079 1401 3146; x_wconf 87' lang='lat' dir='ltr'><strong>dictorumque</strong></span> <span class='ocrx_word' id='word_1_214' title='bbox 1427 3072 1709 3129; x_wconf 80' lang='lat' dir='ltr'><strong>maximam</strong></span> <span class='ocrx_word' id='word_1_215' title='bbox 1738 3071 2075 3125; x_wconf 83' lang='lat' dir='ltr'><strong>demonstra-</strong></span> 
     </span>
    </p>
   </div>
   <div class='ocr_carea' id='block_1_29' title="bbox 486 3160 2073 3245">
    <p class='ocr_par' dir='ltr' id='par_1_29' title="bbox 486 3160 2073 3245">
     <span class='ocr_line' id='line_1_29' title="bbox 486 3160 2073 3245; baseline -0.011 -15"><span class='ocrx_word' id='word_1_216' title='bbox 486 3177 685 3230; x_wconf 88' lang='lat' dir='ltr'><strong>tionem</strong></span> <span class='ocrx_word' id='word_1_217' title='bbox 729 3174 987 3245; x_wconf 86' lang='lat' dir='ltr'><strong>protulit,</strong></span> <span class='ocrx_word' id='word_1_218' title='bbox 1035 3172 1266 3241; x_wconf 89' lang='lat' dir='ltr'><strong>Spiritus</strong></span> <span class='ocrx_word' id='word_1_219' title='bbox 1309 3168 1477 3223; x_wconf 89' lang='lat' dir='ltr'><strong>sancti</strong></span> <span class='ocrx_word' id='word_1_220' title='bbox 1525 3166 1743 3219; x_wconf 90' lang='lat' dir='ltr'><strong>donum.</strong></span> <span class='ocrx_word' id='word_1_221' title='bbox 1786 3162 1886 3230; x_wconf 90' lang='lat' dir='ltr'><strong>Qui</strong></span> <span class='ocrx_word' id='word_1_222' title='bbox 1930 3160 2073 3214; x_wconf 89' lang='lat' dir='ltr'><strong>enim</strong></span> 
     </span>
    </p>
   </div>
   <div class='ocr_carea' id='block_1_30' title="bbox 487 3251 2074 3337">
    <p class='ocr_par' dir='ltr' id='par_1_30' title="bbox 487 3251 2074 3337">
     <span class='ocr_line' id='line_1_30' title="bbox 487 3251 2074 3337; baseline -0.011 -16"><span class='ocrx_word' id='word_1_223' title='bbox 487 3275 690 3321; x_wconf 89' lang='lat' dir='ltr'><strong>tantum</strong></span> <span class='ocrx_word' id='word_1_224' title='bbox 718 3273 931 3337; x_wconf 86' lang='lat' dir='ltr'><strong>posset,</strong></span> <span class='ocrx_word' id='word_1_225' title='bbox 961 3272 1018 3318; x_wconf 89' lang='lat' dir='ltr'><strong>ut</strong></span> <span class='ocrx_word' id='word_1_226' title='bbox 1046 3263 1205 3316; x_wconf 88' lang='lat' dir='ltr'><strong>etiam</strong></span> <span class='ocrx_word' id='word_1_227' title='bbox 1234 3266 1449 3329; x_wconf 87' lang='lat' dir='ltr'><strong>peccata</strong></span> <span class='ocrx_word' id='word_1_228' title='bbox 1477 3257 1789 3319; x_wconf 82' lang='lat' dir='ltr'><strong>dimitteret,</strong></span> <span class='ocrx_word' id='word_1_229' title='bbox 1823 3262 1877 3308; x_wconf 89' lang='lat' dir='ltr'><strong>et</strong></span> <span class='ocrx_word' id='word_1_230' title='bbox 1904 3251 2074 3321; x_wconf 86' lang='lat' dir='ltr'><strong>Spiri-</strong></span> 
     </span>
    </p>
   </div>
   <div class='ocr_carea' id='block_1_31' title="bbox 487 3343 2072 3423">
    <p class='ocr_par' dir='ltr' id='par_1_31' title="bbox 487 3343 2072 3423">
     <span class='ocr_line' id='line_1_31' title="bbox 487 3343 2072 3423; baseline -0.011 -9"><span class='ocrx_word' id='word_1_231' title='bbox 487 3370 598 3414; x_wconf 91' lang='lat' dir='ltr'><strong>tum</strong></span> <span class='ocrx_word' id='word_1_232' title='bbox 626 3358 799 3423; x_wconf 89' lang='lat' dir='ltr'><strong>daret,</strong></span> <span class='ocrx_word' id='word_1_233' title='bbox 835 3359 946 3411; x_wconf 80' lang='lat' dir='ltr'><strong>lucc</strong></span> <span class='ocrx_word' id='word_1_234' title='bbox 978 3353 1147 3411; x_wconf 90' lang='lat' dir='ltr'><strong>multo</strong></span> <span class='ocrx_word' id='word_1_235' title='bbox 1184 3352 1352 3422; x_wconf 82' lang='lat' dir='ltr'><strong>magis</strong></span> <span class='ocrx_word' id='word_1_236' title='bbox 1395 3350 1569 3404; x_wconf 87' lang='lat' dir='ltr'><strong>facere</strong></span> <span class='ocrx_word' id='word_1_237' title='bbox 1596 3346 1829 3417; x_wconf 88' lang='lat' dir='ltr'><strong>poterit,</strong></span> <span class='ocrx_word' id='word_1_238' title='bbox 1877 3343 2072 3399; x_wconf 84' lang='lat' dir='ltr'><strong>aiebat.</strong></span> 
     </span>
    </p>
   </div>
   <div class='ocr_carea' id='block_1_32' title="bbox 487 3437 2078 3521">
    <p class='ocr_par' dir='ltr' id='par_1_32' title="bbox 487 3437 2078 3521">
     <span class='ocr_line' id='line_1_32' title="bbox 487 3437 2078 3521; baseline -0.013 -13"><span class='ocrx_word' id='word_1_239' title='bbox 487 3452 675 3508; x_wconf 68' lang='lat' dir='ltr'><strong>Viden‘</strong></span> <span class='ocrx_word' id='word_1_240' title='bbox 698 3448 967 3521; x_wconf 88' lang='lat' dir='ltr'><strong>quomodo</strong></span> <span class='ocrx_word' id='word_1_241' title='bbox 987 3447 1097 3518; x_wconf 88' lang='lat' dir='ltr'><strong>jam</strong></span> <span class='ocrx_word' id='word_1_242' title='bbox 1126 3443 1537 3515; x_wconf 69' lang='lat' dir='ltr'><strong>praemitteretur</strong></span> <span class='ocrx_word' id='word_1_243' title='bbox 1555 3437 1873 3510; x_wconf 82' lang='lat' dir='ltr'><strong>mysterium</strong></span> <span class='ocrx_word' id='word_1_244' title='bbox 1899 3449 2078 3489; x_wconf 85' lang='lat' dir='ltr'><strong>resur-</strong></span> 
     </span>
    </p>
   </div>
   <div class='ocr_carea' id='block_1_33' title="bbox 488 3529 2079 3608">
    <p class='ocr_par' dir='ltr' id='par_1_33' title="bbox 488 3529 2079 3608">
     <span class='ocr_line' id='line_1_33' title="bbox 488 3529 2079 3608; baseline -0.013 -8"><span class='ocrx_word' id='word_1_245' title='bbox 488 3543 742 3600; x_wconf 87' lang='lat' dir='ltr'><strong>rectionis</strong></span> <span class='ocrx_word' id='word_1_246' title='bbox 769 3552 822 3595; x_wconf 91' lang='lat' dir='ltr'><strong>et</strong></span> <span class='ocrx_word' id='word_1_247' title='bbox 851 3539 1075 3608; x_wconf 79' lang='lat' dir='ltr'><strong>judicii?</strong></span> <span class='ocrx_word' id='word_1_248' title='bbox 1104 3536 1172 3591; x_wconf 90' lang='lat' dir='ltr'><strong>Et</strong></span> <span class='ocrx_word' id='word_1_249' title='bbox 1196 3548 1299 3606; x_wconf 89' lang='lat' dir='ltr'><strong>qua</strong></span> <span class='ocrx_word' id='word_1_250' title='bbox 1338 3532 1407 3587; x_wconf 88' lang='lat' dir='ltr'><strong>de</strong></span> <span class='ocrx_word' id='word_1_251' title='bbox 1444 3546 1603 3586; x_wconf 89' lang='lat' dir='ltr'><strong>causa</strong></span> <span class='ocrx_word' id='word_1_252' title='bbox 1623 3571 1637 3597; x_wconf 92' lang='lat'><strong>,</strong></span> <span class='ocrx_word' id='word_1_253' title='bbox 1684 3529 1927 3599; x_wconf 88' lang='lat' dir='ltr'><strong>inquies,</strong></span> <span class='ocrx_word' id='word_1_254' title='bbox 1972 3540 2079 3581; x_wconf 92' lang='lat' dir='ltr'><strong>non</strong></span> 
     </span>
    </p>
   </div>
   <div class='ocr_carea' id='block_1_34' title="bbox 492 3618 2078 3707">
    <p class='ocr_par' dir='ltr' id='par_1_34' title="bbox 492 3618 2078 3707">
     <span class='ocr_line' id='line_1_34' title="bbox 492 3618 2078 3707; baseline -0.013 -15"><span class='ocrx_word' id='word_1_255' title='bbox 492 3636 737 3707; x_wconf 73' lang='lat' dir='ltr'><strong>pra&#39;dixit</strong></span> <span class='ocrx_word' id='word_1_256' title='bbox 754 3650 816 3689; x_wconf 85' lang='lat' dir='ltr'><strong>ea</strong></span> <span class='ocrx_word' id='word_1_257' title='bbox 840 3647 956 3701; x_wconf 83' lang='lat' dir='ltr'><strong>quae</strong></span> <span class='ocrx_word' id='word_1_258' title='bbox 979 3645 1099 3685; x_wconf 86' lang='lat' dir='ltr'><strong>mox</strong></span> <span class='ocrx_word' id='word_1_259' title='bbox 1125 3628 1193 3683; x_wconf 86' lang='lat' dir='ltr'><strong>ab</strong></span> <span class='ocrx_word' id='word_1_260' title='bbox 1218 3628 1310 3683; x_wconf 90' lang='lat' dir='ltr'><strong>illo</strong></span> <span class='ocrx_word' id='word_1_261' title='bbox 1331 3624 1535 3681; x_wconf 89' lang='lat' dir='ltr'><strong>edenda</strong></span> <span class='ocrx_word' id='word_1_262' title='bbox 1556 3630 1712 3678; x_wconf 82' lang='lat' dir='ltr'><strong>erant</strong></span> <span class='ocrx_word' id='word_1_263' title='bbox 1731 3622 1881 3691; x_wconf 87' lang='lat' dir='ltr'><strong>signa</strong></span> <span class='ocrx_word' id='word_1_264' title='bbox 1901 3628 1955 3674; x_wconf 89' lang='lat' dir='ltr'><strong>et</strong></span> <span class='ocrx_word' id='word_1_265' title='bbox 1979 3618 2078 3672; x_wconf 89' lang='lat' dir='ltr'><strong>mi-</strong></span> 
     </span>
    </p>
   </div>
   <div class='ocr_carea' id='block_1_35' title="bbox 491 3721 2082 3797">
    <p class='ocr_par' dir='ltr' id='par_1_35' title="bbox 491 3721 2082 3797">
     <span class='ocr_line' id='line_1_35' title="bbox 491 3721 2082 3797; baseline -0.011 -13"><span class='ocrx_word' id='word_1_266' title='bbox 491 3729 708 3785; x_wconf 88' lang='lat' dir='ltr'><strong>racula?</strong></span> <span class='ocrx_word' id='word_1_267' title='bbox 734 3728 869 3797; x_wconf 88' lang='lat' dir='ltr'><strong>Quia</strong></span> <span class='ocrx_word' id='word_1_268' title='bbox 901 3727 1003 3781; x_wconf 89' lang='lat' dir='ltr'><strong>hoc</strong></span> <span class='ocrx_word' id='word_1_269' title='bbox 1033 3726 1098 3780; x_wconf 93' lang='lat' dir='ltr'><strong>iis</strong></span> <span class='ocrx_word' id='word_1_270' title='bbox 1124 3724 1369 3780; x_wconf 91' lang='lat' dir='ltr'><strong>omnibus</strong></span> <span class='ocrx_word' id='word_1_271' title='bbox 1397 3721 1566 3788; x_wconf 86' lang='lat' dir='ltr'><strong>majus</strong></span> <span class='ocrx_word' id='word_1_272' title='bbox 1592 3726 1710 3773; x_wconf 89' lang='lat' dir='ltr'><strong>erat</strong></span> <span class='ocrx_word' id='word_1_273' title='bbox 1727 3758 1743 3783; x_wconf 89' lang='lat'><strong>,</strong></span> <span class='ocrx_word' id='word_1_274' title='bbox 1771 3726 1826 3772; x_wconf 88' lang='lat' dir='ltr'><strong>et</strong></span> <span class='ocrx_word' id='word_1_275' title='bbox 1866 3722 2082 3785; x_wconf 87' lang='lat' dir='ltr'><strong>propter</strong></span> 
     </span>
    </p>
   </div>
   <div class='ocr_carea' id='block_1_36' title="bbox 494 3813 2080 3878">
    <p class='ocr_par' dir='ltr' id='par_1_36' title="bbox 494 3813 2080 3878">
     <span class='ocr_line' id='line_1_36' title="bbox 494 3813 2080 3878; baseline -0.013 -1"><span class='ocrx_word' id='word_1_276' title='bbox 494 3822 597 3877; x_wconf 92' lang='lat' dir='ltr'><strong>hoc</strong></span> <span class='ocrx_word' id='word_1_277' title='bbox 620 3821 708 3875; x_wconf 92' lang='lat' dir='ltr'><strong>illa</strong></span> <span class='ocrx_word' id='word_1_278' title='bbox 734 3819 912 3876; x_wconf 90' lang='lat' dir='ltr'><strong>omnia</strong></span> <span class='ocrx_word' id='word_1_279' title='bbox 944 3818 1083 3873; x_wconf 87' lang='lat' dir='ltr'><strong>edita</strong></span> <span class='ocrx_word' id='word_1_280' title='bbox 1113 3824 1258 3871; x_wconf 91' lang='lat' dir='ltr'><strong>sunt.</strong></span> <span class='ocrx_word' id='word_1_281' title='bbox 1285 3813 1417 3868; x_wconf 83' lang='lat' dir='ltr'><strong>Nam</strong></span> <span class='ocrx_word' id='word_1_282' title='bbox 1461 3826 1581 3865; x_wconf 91' lang='lat' dir='ltr'><strong>eum</strong></span> <span class='ocrx_word' id='word_1_283' title='bbox 1621 3818 1780 3878; x_wconf 89' lang='lat' dir='ltr'><strong>caput</strong></span> <span class='ocrx_word' id='word_1_284' title='bbox 1822 3813 2080 3877; x_wconf 87' lang='lat' dir='ltr'><strong>poneret,</strong></span> 
     </span>
    </p>
   </div>
   <div class='ocr_carea' id='block_1_37' title="bbox 492 3902 2082 3979">
    <p class='ocr_par' dir='ltr' id='par_1_37' title="bbox 492 3902 2082 3979">
     <span class='ocr_line' id='line_1_37' title="bbox 492 3902 2082 3979; baseline -0.013 -11"><span class='ocrx_word' id='word_1_285' title='bbox 492 3913 671 3968; x_wconf 90' lang='lat' dir='ltr'><strong>omnia</strong></span> <span class='ocrx_word' id='word_1_286' title='bbox 700 3909 1181 3979; x_wconf 83' lang='lat' dir='ltr'><strong>complectebatur,</strong></span> <span class='ocrx_word' id='word_1_287' title='bbox 1215 3904 1402 3960; x_wconf 88' lang='lat' dir='ltr'><strong>mortis</strong></span> <span class='ocrx_word' id='word_1_288' title='bbox 1439 3902 1761 3957; x_wconf 85' lang='lat' dir='ltr'><strong>solutionem</strong></span> <span class='ocrx_word' id='word_1_289' title='bbox 1783 3941 1798 3965; x_wconf 93' lang='lat'><strong>,</strong></span> <span class='ocrx_word' id='word_1_290' title='bbox 1841 3904 2082 3968; x_wconf 85' lang='lat' dir='ltr'><strong>peccato-</strong></span> 
     </span>
    </p>
   </div>
   <div class='ocr_carea' id='block_1_38' title="bbox 493 3989 2085 4069">
    <p class='ocr_par' dir='ltr' id='par_1_38' title="bbox 493 3989 2085 4069">
     <span class='ocr_line' id='line_1_38' title="bbox 493 3989 2085 4069; baseline -0.011 -9"><span class='ocrx_word' id='word_1_291' title='bbox 493 4020 610 4060; x_wconf 89' lang='lat' dir='ltr'><strong>rum</strong></span> <span class='ocrx_word' id='word_1_292' title='bbox 636 4002 1092 4069; x_wconf 82' lang='lat' dir='ltr'><strong>destructionem;</strong></span> <span class='ocrx_word' id='word_1_293' title='bbox 1118 3996 1505 4054; x_wconf 89' lang='lat' dir='ltr'><strong>maledictionis</strong></span> <span class='ocrx_word' id='word_1_294' title='bbox 1527 3994 1851 4048; x_wconf 82' lang='lat' dir='ltr'><strong>amotionetn</strong></span> <span class='ocrx_word' id='word_1_295' title='bbox 1868 4032 1883 4057; x_wconf 93' lang='lat'><strong>,</strong></span> <span class='ocrx_word' id='word_1_296' title='bbox 1909 4005 1939 4044; x_wconf 90' lang='lat' dir='ltr'><strong>a</strong></span> <span class='ocrx_word' id='word_1_297' title='bbox 1966 3989 2085 4043; x_wconf 93' lang='lat' dir='ltr'><strong>diu-</strong></span> 
     </span>
    </p>
   </div>
   <div class='ocr_carea' id='block_1_39' title="bbox 496 4083 2081 4160">
    <p class='ocr_par' dir='ltr' id='par_1_39' title="bbox 496 4083 2081 4160">
     <span class='ocr_line' id='line_1_39' title="bbox 496 4083 2081 4160; baseline -0.013 -6"><span class='ocrx_word' id='word_1_298' title='bbox 496 4099 667 4154; x_wconf 91' lang='lat' dir='ltr'><strong>turnis</strong></span> <span class='ocrx_word' id='word_1_299' title='bbox 694 4098 846 4153; x_wconf 90' lang='lat' dir='ltr'><strong>bellis</strong></span> <span class='ocrx_word' id='word_1_300' title='bbox 874 4095 1243 4150; x_wconf 85' lang='lat' dir='ltr'><strong>liberationem</strong></span> <span class='ocrx_word' id='word_1_301' title='bbox 1269 4131 1284 4155; x_wconf 93' lang='lat'><strong>,</strong></span> <span class='ocrx_word' id='word_1_302' title='bbox 1328 4090 1624 4160; x_wconf 84' lang='lat' dir='ltr'><strong>ingressum</strong></span> <span class='ocrx_word' id='word_1_303' title='bbox 1659 4086 1710 4140; x_wconf 94' lang='lat' dir='ltr'><strong>in</strong></span> <span class='ocrx_word' id='word_1_304' title='bbox 1738 4083 2039 4154; x_wconf 84' lang='lat' dir='ltr'><strong>paradisum</strong></span> <span class='ocrx_word' id='word_1_305' title='bbox 2066 4123 2081 4147; x_wconf 91' lang='lat'><strong>,</strong></span> 
     </span>
    </p>
   </div>
   <div class='ocr_carea' id='block_1_40' title="bbox 495 4176 2081 4251">
    <p class='ocr_par' dir='ltr' id='par_1_40' title="bbox 495 4176 2081 4251">
     <span class='ocr_line' id='line_1_40' title="bbox 495 4176 2081 4251; baseline -0.013 -6"><span class='ocrx_word' id='word_1_306' title='bbox 495 4206 774 4247; x_wconf 86' lang='lat' dir='ltr'><strong>ascensum</strong></span> <span class='ocrx_word' id='word_1_307' title='bbox 802 4190 854 4244; x_wconf 91' lang='lat' dir='ltr'><strong>in</strong></span> <span class='ocrx_word' id='word_1_308' title='bbox 881 4187 1107 4251; x_wconf 65' lang='lat' dir='ltr'><strong>caelum,</strong></span> <span class='ocrx_word' id='word_1_309' title='bbox 1150 4185 1312 4238; x_wconf 88' lang='lat' dir='ltr'><strong>vitam</strong></span> <span class='ocrx_word' id='word_1_310' title='bbox 1350 4197 1471 4237; x_wconf 93' lang='lat' dir='ltr'><strong>eum</strong></span> <span class='ocrx_word' id='word_1_311' title='bbox 1510 4179 1713 4249; x_wconf 85' lang='lat' dir='ltr'><strong>angelis</strong></span> <span class='ocrx_word' id='word_1_312' title='bbox 1746 4176 2081 4238; x_wconf 87' lang='lat' dir='ltr'><strong>ducendam,</strong></span> 
     </span>
    </p>
   </div>
   <div class='ocr_carea' id='block_1_41' title="bbox 498 4267 2085 4339">
    <p class='ocr_par' dir='ltr' id='par_1_41' title="bbox 498 4267 2085 4339">
     <span class='ocr_line' id='line_1_41' title="bbox 498 4267 2085 4339; baseline -0.012 -1"><span class='ocrx_word' id='word_1_313' title='bbox 498 4284 797 4339; x_wconf 89' lang='lat' dir='ltr'><strong>futurorum</strong></span> <span class='ocrx_word' id='word_1_314' title='bbox 847 4278 1108 4333; x_wconf 83' lang='lat' dir='ltr'><strong>bonorum</strong></span> <span class='ocrx_word' id='word_1_315' title='bbox 1152 4272 1502 4329; x_wconf 89' lang='lat' dir='ltr'><strong>consortium.</strong></span> <span class='ocrx_word' id='word_1_316' title='bbox 1546 4270 1679 4324; x_wconf 82' lang='lat' dir='ltr'><strong>Nam</strong></span> <span class='ocrx_word' id='word_1_317' title='bbox 1725 4268 1827 4321; x_wconf 89' lang='lat' dir='ltr'><strong>hoc</strong></span> <span class='ocrx_word' id='word_1_318' title='bbox 1874 4267 2085 4320; x_wconf 86' lang='lat' dir='ltr'><strong>illorum</strong></span> 
     </span>
    </p>
   </div>
   <div class='ocr_carea' id='block_1_42' title="bbox 500 4359 2087 4445">
    <p class='ocr_par' dir='ltr' id='par_1_42' title="bbox 500 4359 2087 4445">
     <span class='ocr_line' id='line_1_42' title="bbox 500 4359 2087 4445; baseline -0.011 -17"><span class='ocrx_word' id='word_1_319' title='bbox 500 4376 690 4445; x_wconf 85' lang='lat' dir='ltr'><strong>pignus</strong></span> <span class='ocrx_word' id='word_1_320' title='bbox 717 4382 819 4427; x_wconf 89' lang='lat' dir='ltr'><strong>est.</strong></span> <span class='ocrx_word' id='word_1_321' title='bbox 853 4369 984 4424; x_wconf 88' lang='lat' dir='ltr'><strong>Cum</strong></span> <span class='ocrx_word' id='word_1_322' title='bbox 1015 4383 1143 4437; x_wconf 83' lang='lat' dir='ltr'><strong>ergo</strong></span> <span class='ocrx_word' id='word_1_323' title='bbox 1173 4364 1303 4420; x_wconf 85' lang='lat' dir='ltr'><strong>illud</strong></span> <span class='ocrx_word' id='word_1_324' title='bbox 1333 4363 1587 4424; x_wconf 82' lang='lat' dir='ltr'><strong>dixisset,</strong></span> <span class='ocrx_word' id='word_1_325' title='bbox 1618 4360 1752 4414; x_wconf 75' lang='lat' dir='ltr'><strong>dixit</strong></span> <span class='ocrx_word' id='word_1_326' title='bbox 1779 4359 1939 4414; x_wconf 89' lang='lat' dir='ltr'><strong>etiam</strong></span> <span class='ocrx_word' id='word_1_327' title='bbox 1969 4372 2087 4412; x_wconf 92' lang='lat' dir='ltr'><strong>cor-</strong></span> 
     </span>
    </p>
   </div>
   <div class='ocr_carea' id='block_1_43' title="bbox 501 4453 2086 4537">
    <p class='ocr_par' dir='ltr' id='par_1_43' title="bbox 501 4453 2086 4537">
     <span class='ocr_line' id='line_1_43' title="bbox 501 4453 2086 4537; baseline -0.011 -16"><span class='ocrx_word' id='word_1_328' title='bbox 501 4480 692 4537; x_wconf 87' lang='lat' dir='ltr'><strong>porum</strong></span> <span class='ocrx_word' id='word_1_329' title='bbox 732 4460 1218 4522; x_wconf 88' lang='lat' dir='ltr'><strong>resurrectionem,</strong></span> <span class='ocrx_word' id='word_1_330' title='bbox 1248 4456 1396 4524; x_wconf 87' lang='lat' dir='ltr'><strong>signa</strong></span> <span class='ocrx_word' id='word_1_331' title='bbox 1424 4454 1508 4507; x_wconf 89' lang='lat' dir='ltr'><strong>hic</strong></span> <span class='ocrx_word' id='word_1_332' title='bbox 1548 4453 1720 4514; x_wconf 84' lang='lat' dir='ltr'><strong>edita,</strong></span> <span class='ocrx_word' id='word_1_333' title='bbox 1762 4453 1909 4522; x_wconf 84' lang='lat' dir='ltr'><strong>regni</strong></span> <span class='ocrx_word' id='word_1_334' title='bbox 1953 4465 2086 4505; x_wconf 86' lang='lat' dir='ltr'><strong>con-</strong></span> 
     </span>
    </p>
   </div>
   <div class='ocr_carea' id='block_1_44' title="bbox 501 4544 2088 4624">
    <p class='ocr_par' dir='ltr' id='par_1_44' title="bbox 501 4544 2088 4624">
     <span class='ocr_line' id='line_1_44' title="bbox 501 4544 2088 4624; baseline -0.011 -9"><span class='ocrx_word' id='word_1_335' title='bbox 501 4558 723 4615; x_wconf 83' lang='lat' dir='ltr'><strong>sortium</strong></span> <span class='ocrx_word' id='word_1_336' title='bbox 746 4600 760 4624; x_wconf 89' lang='lat'><strong>,</strong></span> <span class='ocrx_word' id='word_1_337' title='bbox 789 4566 843 4611; x_wconf 92' lang='lat' dir='ltr'><strong>et</strong></span> <span class='ocrx_word' id='word_1_338' title='bbox 869 4556 1005 4609; x_wconf 89' lang='lat' dir='ltr'><strong>bona</strong></span> <span class='ocrx_word' id='word_1_339' title='bbox 1028 4594 1044 4617; x_wconf 93' lang='lat'><strong>,</strong></span> <span class='ocrx_word' id='word_1_340' title='bbox 1083 4552 1211 4619; x_wconf 74' lang='lat' dir='ltr'><strong>Qua:</strong></span> <span class='ocrx_word' id='word_1_341' title='bbox 1250 4550 1426 4603; x_wconf 80' lang='lat' dir='ltr'><strong>oculus</strong></span> <span class='ocrx_word' id='word_1_342' title='bbox 1464 4564 1566 4602; x_wconf 83' lang='lat' dir='ltr'><strong>non</strong></span> <span class='ocrx_word' id='word_1_343' title='bbox 1609 4546 1767 4611; x_wconf 75' lang='lat' dir='ltr'><strong>uidit,</strong></span> <span class='ocrx_word' id='word_1_344' title='bbox 1812 4544 1950 4598; x_wconf 76' lang='lat' dir='ltr'><strong>auris</strong></span> <span class='ocrx_word' id='word_1_345' title='bbox 1988 4558 2088 4597; x_wconf 84' lang='lat' dir='ltr'><strong>non</strong></span> 
     </span>
    </p>
   </div>
   <div class='ocr_carea' id='block_1_45' title="bbox 501 4635 2087 4715">
    <p class='ocr_par' dir='ltr' id='par_1_45' title="bbox 501 4635 2087 4715">
     <span class='ocr_line' id='line_1_45' title="bbox 501 4635 2087 4715; baseline -0.011 -9"><span class='ocrx_word' id='word_1_346' title='bbox 501 4650 714 4715; x_wconf 75' lang='lat' dir='ltr'><strong>audivit,</strong></span> <span class='ocrx_word' id='word_1_347' title='bbox 736 4658 785 4704; x_wconf 88' lang='lat' dir='ltr'><strong>et</strong></span> <span class='ocrx_word' id='word_1_348' title='bbox 808 4648 861 4701; x_wconf 84' lang='lat' dir='ltr'><strong>in</strong></span> <span class='ocrx_word' id='word_1_349' title='bbox 879 4662 966 4700; x_wconf 86' lang='lat' dir='ltr'><strong>cor</strong></span> <span class='ocrx_word' id='word_1_350' title='bbox 982 4642 1198 4697; x_wconf 75' lang='lat' dir='ltr'><strong>hominis</strong></span> <span class='ocrx_word' id='word_1_351' title='bbox 1218 4657 1317 4694; x_wconf 82' lang='lat' dir='ltr'><strong>non</strong></span> <span class='ocrx_word' id='word_1_352' title='bbox 1336 4638 1665 4694; x_wconf 73' lang='lat' dir='ltr'><strong>ascenderunt</strong></span> <span class='ocrx_word' id='word_1_353' title='bbox 1686 4639 1763 4706; x_wconf 74' lang='grc'><strong>(1.</strong></span> <span class='ocrx_word' id='word_1_354' title='bbox 1789 4636 1905 4689; x_wconf 82' lang='lat' dir='ltr'><strong>Cor.</strong></span> <span class='ocrx_word' id='word_1_355' title='bbox 1928 4635 1983 4689; x_wconf 73' lang='grc'><strong>2.</strong></span> <span class='ocrx_word' id='word_1_356' title='bbox 2009 4635 2087 4703; x_wconf 87' lang='lat'><strong>9).</strong></span> 
     </span>
    </p>
   </div>
   <div class='ocr_carea' id='block_1_46' title="bbox 504 4725 2088 4812">
    <p class='ocr_par' dir='ltr' id='par_1_46' title="bbox 504 4725 2088 4812">
     <span class='ocr_line' id='line_1_46' title="bbox 504 4725 2088 4812; baseline -0.015 -13"><span class='ocrx_word' id='word_1_357' title='bbox 504 4744 630 4798; x_wconf 72' lang='lat' dir='ltr'><strong>llzec</strong></span> <span class='ocrx_word' id='word_1_358' title='bbox 658 4742 854 4812; x_wconf 89' lang='lat' dir='ltr'><strong>quippe</strong></span> <span class='ocrx_word' id='word_1_359' title='bbox 879 4736 1057 4792; x_wconf 85' lang='lat' dir='ltr'><strong>omnia</strong></span> <span class='ocrx_word' id='word_1_360' title='bbox 1088 4749 1185 4804; x_wconf 88' lang='lat' dir='ltr'><strong>per</strong></span> <span class='ocrx_word' id='word_1_361' title='bbox 1211 4733 1411 4786; x_wconf 88' lang='lat' dir='ltr'><strong>donum</strong></span> <span class='ocrx_word' id='word_1_362' title='bbox 1450 4729 1577 4784; x_wconf 92' lang='lat' dir='ltr'><strong>illud</strong></span> <span class='ocrx_word' id='word_1_363' title='bbox 1621 4727 1774 4783; x_wconf 92' lang='lat' dir='ltr'><strong>nobis</strong></span> <span class='ocrx_word' id='word_1_364' title='bbox 1803 4725 2088 4795; x_wconf 68' lang='lat' dir='ltr'><strong>prrebebat.</strong></span> 
     </span>
    </p>
   </div>
   <div class='ocr_carea' id='block_1_47' title="bbox 501 4816 2088 4904">
    <p class='ocr_par' dir='ltr' id='par_1_47' title="bbox 501 4816 2088 4904">
     <span class='ocr_line' id='line_1_47' title="bbox 501 4816 2088 4904; baseline -0.013 -13"><span class='ocrx_word' id='word_1_365' title='bbox 501 4832 842 4904; x_wconf 86' lang='lat' dir='ltr'><strong>Superfluum</strong></span> <span class='ocrx_word' id='word_1_366' title='bbox 874 4831 1050 4897; x_wconf 86' lang='lat' dir='ltr'><strong>itaque</strong></span> <span class='ocrx_word' id='word_1_367' title='bbox 1078 4832 1194 4880; x_wconf 90' lang='lat' dir='ltr'><strong>erat</strong></span> <span class='ocrx_word' id='word_1_368' title='bbox 1220 4823 1287 4878; x_wconf 89' lang='lat' dir='ltr'><strong>de</strong></span> <span class='ocrx_word' id='word_1_369' title='bbox 1314 4822 1477 4891; x_wconf 88' lang='lat' dir='ltr'><strong>signis</strong></span> <span class='ocrx_word' id='word_1_370' title='bbox 1515 4819 1658 4889; x_wconf 91' lang='lat' dir='ltr'><strong>loqui</strong></span> <span class='ocrx_word' id='word_1_371' title='bbox 1697 4832 1821 4872; x_wconf 88' lang='lat' dir='ltr'><strong>mox</strong></span> <span class='ocrx_word' id='word_1_372' title='bbox 1864 4816 2054 4871; x_wconf 91' lang='lat' dir='ltr'><strong>futuris</strong></span> <span class='ocrx_word' id='word_1_373' title='bbox 2074 4856 2088 4882; x_wconf 92' lang='lat'><strong>,</strong></span> 
     </span>
    </p>
   </div>
   <div class='ocr_carea' id='block_1_48' title="bbox 502 4910 2093 4993">
    <p class='ocr_par' dir='ltr' id='par_1_48' title="bbox 502 4910 2093 4993">
     <span class='ocr_line' id='line_1_48' title="bbox 502 4910 2093 4993; baseline -0.015 -8"><span class='ocrx_word' id='word_1_374' title='bbox 502 4941 557 4985; x_wconf 91' lang='lat' dir='ltr'><strong>et</strong></span> <span class='ocrx_word' id='word_1_375' title='bbox 585 4928 860 4983; x_wconf 91' lang='lat' dir='ltr'><strong>oculorum</strong></span> <span class='ocrx_word' id='word_1_376' title='bbox 888 4921 1090 4993; x_wconf 85' lang='lat' dir='ltr'><strong>judicio</strong></span> <span class='ocrx_word' id='word_1_377' title='bbox 1118 4917 1436 4990; x_wconf 72' lang='lat' dir='ltr'><strong>prolmndis;</strong></span> <span class='ocrx_word' id='word_1_378' title='bbox 1483 4913 1577 4969; x_wconf 89' lang='lat' dir='ltr'><strong>sed</strong></span> <span class='ocrx_word' id='word_1_379' title='bbox 1606 4911 1675 4966; x_wconf 90' lang='lat' dir='ltr'><strong>de</strong></span> <span class='ocrx_word' id='word_1_380' title='bbox 1716 4910 1822 4965; x_wconf 88' lang='lat' dir='ltr'><strong>illis</strong></span> <span class='ocrx_word' id='word_1_381' title='bbox 1859 4919 1975 4965; x_wconf 89' lang='lat' dir='ltr'><strong>erat</strong></span> <span class='ocrx_word' id='word_1_382' title='bbox 2016 4910 2093 4961; x_wconf 86' lang='lat' dir='ltr'><strong>lo-</strong></span> 
     </span>
    </p>
   </div>
   <div class='ocr_carea' id='block_1_49' title="bbox 505 4999 2096 5091">
    <p class='ocr_par' dir='ltr' id='par_1_49' title="bbox 505 4999 2096 5091">
     <span class='ocr_line' id='line_1_49' title="bbox 505 4999 2096 5091; baseline -0.014 -15"><span class='ocrx_word' id='word_1_383' title='bbox 505 5020 777 5091; x_wconf 88' lang='lat' dir='ltr'><strong>quendum</strong></span> <span class='ocrx_word' id='word_1_384' title='bbox 800 5017 868 5072; x_wconf 92' lang='lat' dir='ltr'><strong>de</strong></span> <span class='ocrx_word' id='word_1_385' title='bbox 890 5016 1083 5085; x_wconf 78' lang='lat' dir='ltr'><strong>quibus</strong></span> <span class='ocrx_word' id='word_1_386' title='bbox 1107 5009 1420 5066; x_wconf 88' lang='lat' dir='ltr'><strong>dubitabant</strong></span> <span class='ocrx_word' id='word_1_387' title='bbox 1442 5005 1551 5069; x_wconf 89' lang='lat' dir='ltr'><strong>illi;</strong></span> <span class='ocrx_word' id='word_1_388' title='bbox 1580 5017 1802 5072; x_wconf 88' lang='lat' dir='ltr'><strong>nempe,</strong></span> <span class='ocrx_word' id='word_1_389' title='bbox 1840 4999 1981 5071; x_wconf 90' lang='lat' dir='ltr'><strong>quod</strong></span> <span class='ocrx_word' id='word_1_390' title='bbox 2009 4999 2096 5054; x_wconf 85' lang='lat' dir='ltr'><strong>Fi-</strong></span> 
     </span>
    </p>
   </div>
   <div class='ocr_carea' id='block_1_50' title="bbox 508 5091 2095 5177">
    <p class='ocr_par' dir='ltr' id='par_1_50' title="bbox 508 5091 2095 5177">
     <span class='ocr_line' id='line_1_50' title="bbox 508 5091 2095 5177; baseline -0.015 -10"><span class='ocrx_word' id='word_1_391' title='bbox 508 5113 613 5167; x_wconf 90' lang='lat' dir='ltr'><strong>lius</strong></span> <span class='ocrx_word' id='word_1_392' title='bbox 641 5110 734 5165; x_wconf 87' lang='lat' dir='ltr'><strong>Dei</strong></span> <span class='ocrx_word' id='word_1_393' title='bbox 761 5117 933 5171; x_wconf 88' lang='lat' dir='ltr'><strong>esset,</strong></span> <span class='ocrx_word' id='word_1_394' title='bbox 963 5104 1105 5177; x_wconf 88' lang='lat' dir='ltr'><strong>quod</strong></span> <span class='ocrx_word' id='word_1_395' title='bbox 1132 5102 1393 5159; x_wconf 77' lang='lat' dir='ltr'><strong>Joannem</strong></span> <span class='ocrx_word' id='word_1_396' title='bbox 1421 5096 1538 5151; x_wconf 87' lang='lat' dir='ltr'><strong>sine</strong></span> <span class='ocrx_word' id='word_1_397' title='bbox 1564 5094 1668 5147; x_wconf 90' lang='lat' dir='ltr'><strong>ulla</strong></span> <span class='ocrx_word' id='word_1_398' title='bbox 1698 5091 2095 5162; x_wconf 80' lang='lat' dir='ltr'><strong>comparatione</strong></span> 
     </span>
    </p>
   </div>
   <div class='ocr_carea' id='block_1_51' title="bbox 509 5184 2098 5275">
    <p class='ocr_par' dir='ltr' id='par_1_51' title="bbox 509 5184 2098 5275">
     <span class='ocr_line' id='line_1_51' title="bbox 509 5184 2098 5275; baseline -0.015 -14"><span class='ocrx_word' id='word_1_399' title='bbox 509 5202 838 5275; x_wconf 72' lang='lat' dir='ltr'><strong>prmcederet</strong></span> <span class='ocrx_word' id='word_1_400' title='bbox 856 5240 874 5267; x_wconf 90' lang='lat'><strong>,</strong></span> <span class='ocrx_word' id='word_1_401' title='bbox 904 5198 1044 5269; x_wconf 91' lang='lat' dir='ltr'><strong>quod</strong></span> <span class='ocrx_word' id='word_1_402' title='bbox 1073 5195 1283 5250; x_wconf 83' lang='lat' dir='ltr'><strong>tolleret</strong></span> <span class='ocrx_word' id='word_1_403' title='bbox 1312 5196 1586 5261; x_wconf 80' lang='lat' dir='ltr'><strong>peccatum</strong></span> <span class='ocrx_word' id='word_1_404' title='bbox 1616 5185 1821 5252; x_wconf 87' lang='lat' dir='ltr'><strong>mundi,</strong></span> <span class='ocrx_word' id='word_1_405' title='bbox 1851 5184 1993 5254; x_wconf 92' lang='lat' dir='ltr'><strong>quod</strong></span> <span class='ocrx_word' id='word_1_406' title='bbox 2031 5184 2098 5238; x_wconf 91' lang='lat' dir='ltr'><strong>de</strong></span> 
     </span>
    </p>
   </div>
   <div class='ocr_carea' id='block_1_52' title="bbox 504 5277 2095 5367">
    <p class='ocr_par' dir='ltr' id='par_1_52' title="bbox 504 5277 2095 5367">
     <span class='ocr_line' id='line_1_52' title="bbox 504 5277 2095 5367; baseline -0.014 -16"><span class='ocrx_word' id='word_1_407' title='bbox 504 5296 766 5367; x_wconf 84' lang='lat' dir='ltr'><strong>operibus</strong></span> <span class='ocrx_word' id='word_1_408' title='bbox 796 5290 1058 5345; x_wconf 87' lang='lat' dir='ltr'><strong>rationem</strong></span> <span class='ocrx_word' id='word_1_409' title='bbox 1086 5295 1371 5342; x_wconf 79' lang='lat' dir='ltr'><strong>exacturus</strong></span> <span class='ocrx_word' id='word_1_410' title='bbox 1396 5289 1574 5344; x_wconf 77' lang='lat' dir='ltr'><strong>esset,</strong></span> <span class='ocrx_word' id='word_1_411' title='bbox 1606 5277 1749 5347; x_wconf 86' lang='lat' dir='ltr'><strong>quod</strong></span> <span class='ocrx_word' id='word_1_412' title='bbox 1776 5284 1956 5331; x_wconf 89' lang='lat' dir='ltr'><strong>nostra</strong></span> <span class='ocrx_word' id='word_1_413' title='bbox 1992 5291 2095 5329; x_wconf 93' lang='lat' dir='ltr'><strong>non</strong></span> 
     </span>
    </p>
   </div>
   <div class='ocr_carea' id='block_1_53' title="bbox 509 5367 2099 5457">
    <p class='ocr_par' dir='ltr' id='par_1_53' title="bbox 509 5367 2099 5457">
     <span class='ocr_line' id='line_1_53' title="bbox 509 5367 2099 5457; baseline -0.016 -12"><span class='ocrx_word' id='word_1_414' title='bbox 509 5398 695 5445; x_wconf 89' lang='lat' dir='ltr'><strong>essent</strong></span> <span class='ocrx_word' id='word_1_415' title='bbox 720 5383 1075 5457; x_wconf 57' lang='lat' dir='ltr'><strong>praesentibus</strong></span> <span class='ocrx_word' id='word_1_416' title='bbox 1098 5378 1259 5433; x_wconf 87' lang='lat' dir='ltr'><strong>rebus</strong></span> <span class='ocrx_word' id='word_1_417' title='bbox 1287 5371 1708 5440; x_wconf 86' lang='lat' dir='ltr'><strong>circumscripta,</strong></span> <span class='ocrx_word' id='word_1_418' title='bbox 1734 5367 1829 5423; x_wconf 87' lang='lat' dir='ltr'><strong>sed</strong></span> <span class='ocrx_word' id='word_1_419' title='bbox 1864 5368 1971 5422; x_wconf 89' lang='lat' dir='ltr'><strong>illic</strong></span> <span class='ocrx_word' id='word_1_420' title='bbox 1989 5367 2099 5421; x_wconf 91' lang='lat' dir='ltr'><strong>sin-</strong></span> 
     </span>
    </p>
   </div>
   <div class='ocr_carea' id='block_1_54' title="bbox 511 5459 2100 5553">
    <p class='ocr_par' dir='ltr' id='par_1_54' title="bbox 511 5459 2100 5553">
     <span class='ocr_line' id='line_1_54' title="bbox 511 5459 2100 5553; baseline -0.014 -16"><span class='ocrx_word' id='word_1_421' title='bbox 511 5483 620 5553; x_wconf 88' lang='lat' dir='ltr'><strong>guli</strong></span> <span class='ocrx_word' id='word_1_422' title='bbox 671 5481 889 5550; x_wconf 86' lang='lat' dir='ltr'><strong>dignum</strong></span> <span class='ocrx_word' id='word_1_423' title='bbox 937 5470 1251 5544; x_wconf 84' lang='lat' dir='ltr'><strong>supplicium</strong></span> <span class='ocrx_word' id='word_1_424' title='bbox 1300 5466 1481 5521; x_wconf 90' lang='lat' dir='ltr'><strong>luituri</strong></span> <span class='ocrx_word' id='word_1_425' title='bbox 1524 5472 1730 5521; x_wconf 85' lang='lat' dir='ltr'><strong>essent.</strong></span> <span class='ocrx_word' id='word_1_426' title='bbox 1781 5462 1908 5518; x_wconf 71' lang='lat' dir='ltr'><strong>[hec</strong></span> <span class='ocrx_word' id='word_1_427' title='bbox 1953 5459 2100 5516; x_wconf 88' lang='lat' dir='ltr'><strong>enim</strong></span> 
     </span>
    </p>
   </div>
   <div class='ocr_carea' id='block_1_55' title="bbox 513 5558 1506 5637">
    <p class='ocr_par' dir='ltr' id='par_1_55' title="bbox 513 5558 1506 5637">
     <span class='ocr_line' id='line_1_55' title="bbox 513 5558 1506 5637; baseline -0.018 -7"><span class='ocrx_word' id='word_1_428' title='bbox 513 5575 684 5629; x_wconf 86' lang='lat' dir='ltr'><strong>oculis</strong></span> <span class='ocrx_word' id='word_1_429' title='bbox 711 5569 979 5637; x_wconf 80' lang='lat' dir='ltr'><strong>subjicere</strong></span> <span class='ocrx_word' id='word_1_430' title='bbox 1008 5575 1134 5620; x_wconf 90' lang='lat' dir='ltr'><strong>tunc</strong></span> <span class='ocrx_word' id='word_1_431' title='bbox 1160 5577 1266 5617; x_wconf 89' lang='lat' dir='ltr'><strong>non</strong></span> <span class='ocrx_word' id='word_1_432' title='bbox 1297 5558 1506 5614; x_wconf 86' lang='lat' dir='ltr'><strong>licebat.</strong></span> 
     </span>
    </p>
   </div>
   <div class='ocr_carea' id='block_1_56' title="bbox 585 5642 2101 5719">
    <p class='ocr_par' dir='ltr' id='par_1_56' title="bbox 585 5642 2101 5719">
     <span class='ocr_line' id='line_1_56' title="bbox 585 5642 2101 5719; baseline -0.012 -3"><span class='ocrx_word' id='word_1_433' title='bbox 585 5665 638 5717; x_wconf 82' lang='lat'><strong>7.</strong></span> <span class='ocrx_word' id='word_1_434' title='bbox 678 5656 897 5715; x_wconf 72' lang='lat' dir='ltr'><strong>Marciis</strong></span> <span class='ocrx_word' id='word_1_435' title='bbox 926 5655 1240 5717; x_wconf 72' lang='lat' dir='ltr'><strong>exhortatio;</strong></span> <span class='ocrx_word' id='word_1_436' title='bbox 1285 5651 1527 5704; x_wconf 81' lang='lat' dir='ltr'><strong>bonorum</strong></span> <span class='ocrx_word' id='word_1_437' title='bbox 1568 5649 1732 5719; x_wconf 76' lang='lat' dir='ltr'><strong>gratia</strong></span> <span class='ocrx_word' id='word_1_438' title='bbox 1764 5646 1898 5701; x_wconf 72' lang='lat' dir='ltr'><strong>Deus</strong></span> <span class='ocrx_word' id='word_1_439' title='bbox 1940 5642 2101 5698; x_wconf 79' lang='lat' dir='ltr'><strong>malos</strong></span> 
     </span>
    </p>
   </div>
   <div class='ocr_carea' id='block_1_57' title="bbox 546 5828 2101 5913">
    <p class='ocr_par' dir='ltr' id='par_1_57' title="bbox 546 5828 2101 5913">
     <span class='ocr_line' id='line_1_57' title="bbox 546 5828 2101 5913; baseline -0.014 -19"><span class='ocrx_word' id='word_1_440' title='bbox 546 5903 555 5913; x_wconf 87' lang='lat'>_</span> <span class='ocrx_word' id='word_1_441' title='bbox 581 5845 652 5905; x_wconf 79' lang='lat' dir='ltr'><strong>(a)</strong></span> <span class='ocrx_word' id='word_1_442' title='bbox 692 5852 954 5911; x_wconf 73' lang='lat' dir='ltr'><strong>Lavach</strong></span> <span class='ocrx_word' id='word_1_443' title='bbox 975 5857 1005 5893; x_wconf 88' lang='lat' dir='ltr'><strong>a</strong></span> <span class='ocrx_word' id='word_1_444' title='bbox 1030 5839 1190 5893; x_wconf 80' lang='lat' dir='ltr'><strong>securi</strong></span> <span class='ocrx_word' id='word_1_445' title='bbox 1225 5834 1421 5901; x_wconf 82' lang='lat' dir='ltr'><strong>depellit</strong></span> <span class='ocrx_word' id='word_1_446' title='bbox 1444 5846 1555 5893; x_wconf 86' lang='lat' dir='ltr'><strong>eos,</strong></span> <span class='ocrx_word' id='word_1_447' title='bbox 1590 5831 1636 5881; x_wconf 86' lang='lat' dir='ltr'><strong>id</strong></span> <span class='ocrx_word' id='word_1_448' title='bbox 1670 5838 1767 5891; x_wconf 80' lang='lat' dir='ltr'><strong>est,</strong></span> <span class='ocrx_word' id='word_1_449' title='bbox 1791 5840 1820 5877; x_wconf 93' lang='lat' dir='ltr'><strong>a</strong></span> <span class='ocrx_word' id='word_1_450' title='bbox 1840 5828 2101 5878; x_wconf 89' lang='lat' dir='ltr'><strong>commina-</strong></span> 
     </span>
    </p>
   </div>
   <div class='ocr_carea' id='block_1_58' title="bbox 518 5902 897 5954">
    <p class='ocr_par' dir='ltr' id='par_1_58' title="bbox 518 5902 897 5954">
     <span class='ocr_line' id='line_1_58' title="bbox 518 5902 897 5954; baseline 0 -2"><span class='ocrx_word' id='word_1_451' title='bbox 518 5902 655 5954; x_wconf 73' lang='lat' dir='ltr'><strong>tione</strong></span> <span class='ocrx_word' id='word_1_452' title='bbox 687 5902 897 5952; x_wconf 75' lang='lat' dir='ltr'><strong>securis.</strong></span> 
     </span>
    </p>
   </div>
   <div class='ocr_carea' id='block_1_59' title="bbox 1150 445 2971 539">
    <p class='ocr_par' dir='ltr' id='par_1_59' title="bbox 1150 445 2971 539">
     <span class='ocr_line' id='line_1_59' title="bbox 1150 445 2971 539; baseline -0.021 0"><span class='ocrx_word' id='word_1_453' title='bbox 1150 483 1208 539; x_wconf 89' lang='lat' dir='ltr'><strong>S.</strong></span> <span class='ocrx_word' id='word_1_454' title='bbox 1246 474 1526 538; x_wconf 73' lang='lat' dir='ltr'><strong>JOANNIS</strong></span> <span class='ocrx_word' id='word_1_455' title='bbox 1561 459 2036 528; x_wconf 75' lang='lat' dir='ltr'><strong>CHRYSOSTOMI</strong></span> <span class='ocrx_word' id='word_1_456' title='bbox 2075 453 2395 513; x_wconf 77' lang='lat' dir='ltr'><strong>ARClllEP.</strong></span> <span class='ocrx_word' id='word_1_457' title='bbox 2436 445 2971 507; x_wconf 73' lang='lat' dir='ltr'><strong>CONSTANTINOP.</strong></span> 
     </span>
    </p>
   </div>
   <div class='ocr_carea' id='block_1_60' title="bbox 3628 442 3731 497">
    <p class='ocr_par' dir='ltr' id='par_1_60' title="bbox 3628 442 3731 497">
     <span class='ocr_line' id='line_1_60' title="bbox 3628 442 3731 497; baseline 0.01 -1"><span class='ocrx_word' id='word_1_458' title='bbox 3628 442 3731 497; x_wconf 70' lang='lat'><strong>200</strong></span> 
     </span>
    </p>
   </div>
   <div class='ocr_carea' id='block_1_61' title="bbox 2144 558 3727 641">
    <p class='ocr_par' dir='ltr' id='par_1_61' title="bbox 2144 558 3727 641">
     <span class='ocr_line' id='line_1_61' title="bbox 2144 558 3727 641; baseline -0.008 -17"><span class='ocrx_word' id='word_1_459' title='bbox 2144 574 2243 641; x_wconf 79' lang='lat' dir='ltr'><strong>fert</strong></span> <span class='ocrx_word' id='word_1_460' title='bbox 2283 569 2551 638; x_wconf 79' lang='lat' dir='ltr'><strong>patienter.</strong></span> <span class='ocrx_word' id='word_1_461' title='bbox 2583 596 2656 605; x_wconf 92' lang='lat'><strong><em>—</em></strong></span> <span class='ocrx_word' id='word_1_462' title='bbox 2684 565 2808 619; x_wconf 79' lang='lat' dir='ltr'><strong>llaec</strong></span> <span class='ocrx_word' id='word_1_463' title='bbox 2836 564 3010 631; x_wconf 84' lang='lat' dir='ltr'><strong>itaque</strong></span> <span class='ocrx_word' id='word_1_464' title='bbox 3034 574 3153 616; x_wconf 92' lang='lat' dir='ltr'><strong>cum</strong></span> <span class='ocrx_word' id='word_1_465' title='bbox 3182 558 3413 614; x_wconf 83' lang='lat' dir='ltr'><strong>sciamus</strong></span> <span class='ocrx_word' id='word_1_466' title='bbox 3436 596 3452 622; x_wconf 93' lang='lat'><strong>,</strong></span> <span class='ocrx_word' id='word_1_467' title='bbox 3476 574 3727 627; x_wconf 83' lang='lat' dir='ltr'><strong>magnum</strong></span> 
     </span>
    </p>
   </div>
   <div class='ocr_carea' id='block_1_62' title="bbox 2144 647 3727 717">
    <p class='ocr_par' dir='ltr' id='par_1_62' title="bbox 2144 647 3727 717">
     <span class='ocr_line' id='line_1_62' title="bbox 2144 647 3727 717; baseline -0.012 -1"><span class='ocrx_word' id='word_1_468' title='bbox 2144 660 2492 715; x_wconf 84' lang='lat' dir='ltr'><strong>adhibeamus</strong></span> <span class='ocrx_word' id='word_1_469' title='bbox 2521 657 2773 717; x_wconf 87' lang='lat' dir='ltr'><strong>studium,</strong></span> <span class='ocrx_word' id='word_1_470' title='bbox 2794 656 2918 708; x_wconf 88' lang='lat' dir='ltr'><strong>dmn</strong></span> <span class='ocrx_word' id='word_1_471' title='bbox 2944 655 2995 707; x_wconf 93' lang='lat' dir='ltr'><strong>in</strong></span> <span class='ocrx_word' id='word_1_472' title='bbox 3018 666 3140 706; x_wconf 90' lang='lat' dir='ltr'><strong>area</strong></span> <span class='ocrx_word' id='word_1_473' title='bbox 3166 664 3350 704; x_wconf 85' lang='lat' dir='ltr'><strong>sumus</strong></span> <span class='ocrx_word' id='word_1_474' title='bbox 3383 666 3398 701; x_wconf 90' lang='lat'><strong>:</strong></span> <span class='ocrx_word' id='word_1_475' title='bbox 3431 647 3556 702; x_wconf 89' lang='lat' dir='ltr'><strong>licet</strong></span> <span class='ocrx_word' id='word_1_476' title='bbox 3584 647 3727 700; x_wconf 89' lang='lat' dir='ltr'><strong>enim</strong></span> 
     </span>
    </p>
   </div>
   <div class='ocr_carea' id='block_1_63' title="bbox 2146 736 3729 819">
    <p class='ocr_par' dir='ltr' id='par_1_63' title="bbox 2146 736 3729 819">
     <span class='ocr_line' id='line_1_63' title="bbox 2146 736 3729 819; baseline -0.011 -11"><span class='ocrx_word' id='word_1_477' title='bbox 2146 752 2233 808; x_wconf 86' lang='lat' dir='ltr'><strong>hic</strong></span> <span class='ocrx_word' id='word_1_478' title='bbox 2250 752 2585 808; x_wconf 87' lang='lat' dir='ltr'><strong>versantibus</strong></span> <span class='ocrx_word' id='word_1_479' title='bbox 2605 765 2672 803; x_wconf 81' lang='lat' dir='ltr'><strong>ex</strong></span> <span class='ocrx_word' id='word_1_480' title='bbox 2692 749 2842 819; x_wconf 89' lang='lat' dir='ltr'><strong>palea</strong></span> <span class='ocrx_word' id='word_1_481' title='bbox 2866 748 2916 800; x_wconf 94' lang='lat' dir='ltr'><strong>in</strong></span> <span class='ocrx_word' id='word_1_482' title='bbox 2943 744 3171 800; x_wconf 88' lang='lat' dir='ltr'><strong>tritiemn</strong></span> <span class='ocrx_word' id='word_1_483' title='bbox 3196 740 3456 804; x_wconf 85' lang='lat' dir='ltr'><strong>converti,</strong></span> <span class='ocrx_word' id='word_1_484' title='bbox 3477 736 3729 808; x_wconf 89' lang='lat' dir='ltr'><strong>quemad-</strong></span> 
     </span>
    </p>
   </div>
   <div class='ocr_carea' id='block_1_64' title="bbox 2149 831 3735 909">
    <p class='ocr_par' dir='ltr' id='par_1_64' title="bbox 2149 831 3735 909">
     <span class='ocr_line' id='line_1_64' title="bbox 2149 831 3735 909; baseline -0.01 -9"><span class='ocrx_word' id='word_1_485' title='bbox 2149 846 2363 902; x_wconf 87' lang='lat' dir='ltr'><strong>modum</strong></span> <span class='ocrx_word' id='word_1_486' title='bbox 2395 860 2461 899; x_wconf 90' lang='lat' dir='ltr'><strong>ex</strong></span> <span class='ocrx_word' id='word_1_487' title='bbox 2493 843 2667 897; x_wconf 90' lang='lat' dir='ltr'><strong>tritico</strong></span> <span class='ocrx_word' id='word_1_488' title='bbox 2711 841 2861 895; x_wconf 91' lang='lat' dir='ltr'><strong>multi</strong></span> <span class='ocrx_word' id='word_1_489' title='bbox 2901 838 3048 909; x_wconf 87' lang='lat' dir='ltr'><strong>palea</strong></span> <span class='ocrx_word' id='word_1_490' title='bbox 3088 845 3212 890; x_wconf 91' lang='lat' dir='ltr'><strong>sunt</strong></span> <span class='ocrx_word' id='word_1_491' title='bbox 3249 835 3394 887; x_wconf 89' lang='lat' dir='ltr'><strong>facti.</strong></span> <span class='ocrx_word' id='word_1_492' title='bbox 3439 831 3519 887; x_wconf 86' lang='lat' dir='ltr'><strong>Ne</strong></span> <span class='ocrx_word' id='word_1_493' title='bbox 3557 831 3735 898; x_wconf 85' lang='lat' dir='ltr'><strong>itaque</strong></span> 
     </span>
    </p>
   </div>
   <div class='ocr_carea' id='block_1_65' title="bbox 2148 925 3737 1005">
    <p class='ocr_par' dir='ltr' id='par_1_65' title="bbox 2148 925 3737 1005">
     <span class='ocr_line' id='line_1_65' title="bbox 2148 925 3737 1005; baseline -0.013 -10"><span class='ocrx_word' id='word_1_494' title='bbox 2148 939 2513 1001; x_wconf 89' lang='lat' dir='ltr'><strong>concidamus,</strong></span> <span class='ocrx_word' id='word_1_495' title='bbox 2539 950 2709 1005; x_wconf 88' lang='lat' dir='ltr'><strong>neque</strong></span> <span class='ocrx_word' id='word_1_496' title='bbox 2730 932 2873 987; x_wconf 89' lang='lat' dir='ltr'><strong>omni</strong></span> <span class='ocrx_word' id='word_1_497' title='bbox 2902 939 3061 985; x_wconf 91' lang='lat' dir='ltr'><strong>vento</strong></span> <span class='ocrx_word' id='word_1_498' title='bbox 3082 925 3536 984; x_wconf 87' lang='lat' dir='ltr'><strong>circumferamur,</strong></span> <span class='ocrx_word' id='word_1_499' title='bbox 3564 937 3737 991; x_wconf 85' lang='lat' dir='ltr'><strong>neque</strong></span> 
     </span>
    </p>
   </div>
   <div class='ocr_carea' id='block_1_66' title="bbox 2151 1015 3739 1086">
    <p class='ocr_par' dir='ltr' id='par_1_66' title="bbox 2151 1015 3739 1086">
     <span class='ocr_line' id='line_1_66' title="bbox 2151 1015 3739 1086; baseline -0.012 -1"><span class='ocrx_word' id='word_1_500' title='bbox 2151 1030 2499 1085; x_wconf 91' lang='lat' dir='ltr'><strong>scindamura</strong></span> <span class='ocrx_word' id='word_1_501' title='bbox 2524 1025 2773 1079; x_wconf 90' lang='lat' dir='ltr'><strong>fratribus</strong></span> <span class='ocrx_word' id='word_1_502' title='bbox 2798 1022 3016 1085; x_wconf 89' lang='lat' dir='ltr'><strong>nostris,</strong></span> <span class='ocrx_word' id='word_1_503' title='bbox 3044 1020 3167 1073; x_wconf 90' lang='lat' dir='ltr'><strong>licet</strong></span> <span class='ocrx_word' id='word_1_504' title='bbox 3183 1018 3355 1086; x_wconf 76' lang='lat' dir='ltr'><strong>exigui</strong></span> <span class='ocrx_word' id='word_1_505' title='bbox 3378 1025 3432 1068; x_wconf 90' lang='lat' dir='ltr'><strong>et</strong></span> <span class='ocrx_word' id='word_1_506' title='bbox 3457 1015 3591 1069; x_wconf 83' lang='lat' dir='ltr'><strong>viles</strong></span> <span class='ocrx_word' id='word_1_507' title='bbox 3621 1028 3739 1066; x_wconf 82' lang='lat' dir='ltr'><strong>esse</strong></span> 
     </span>
    </p>
   </div>
   <div class='ocr_carea' id='block_1_67' title="bbox 2151 1108 3742 1178">
    <p class='ocr_par' dir='ltr' id='par_1_67' title="bbox 2151 1108 3742 1178">
     <span class='ocr_line' id='line_1_67' title="bbox 2151 1108 3742 1178; baseline -0.013 -2"><span class='ocrx_word' id='word_1_508' title='bbox 2151 1120 2451 1176; x_wconf 85' lang='lat' dir='ltr'><strong>videantur.</strong></span> <span class='ocrx_word' id='word_1_509' title='bbox 2476 1116 2607 1172; x_wconf 79' lang='lat' dir='ltr'><strong>Nam</strong></span> <span class='ocrx_word' id='word_1_510' title='bbox 2637 1124 2692 1168; x_wconf 92' lang='lat' dir='ltr'><strong>ct</strong></span> <span class='ocrx_word' id='word_1_511' title='bbox 2724 1115 3045 1168; x_wconf 88' lang='lat' dir='ltr'><strong>frumentum</strong></span> <span class='ocrx_word' id='word_1_512' title='bbox 3072 1110 3218 1178; x_wconf 86' lang='lat' dir='ltr'><strong>palea</strong></span> <span class='ocrx_word' id='word_1_513' title='bbox 3252 1108 3428 1161; x_wconf 90' lang='lat' dir='ltr'><strong>minus</strong></span> <span class='ocrx_word' id='word_1_514' title='bbox 3453 1112 3554 1167; x_wconf 71' lang='lat' dir='ltr'><strong>ost,</strong></span> <span class='ocrx_word' id='word_1_515' title='bbox 3575 1120 3742 1173; x_wconf 90' lang='lat' dir='ltr'><strong>quan-</strong></span> 
     </span>
    </p>
   </div>
   <div class='ocr_carea' id='block_1_68' title="bbox 2155 1201 3741 1274">
    <p class='ocr_par' dir='ltr' id='par_1_68' title="bbox 2155 1201 3741 1274">
     <span class='ocr_line' id='line_1_68' title="bbox 2155 1201 3741 1274; baseline -0.011 -8"><span class='ocrx_word' id='word_1_516' title='bbox 2155 1222 2265 1267; x_wconf 92' lang='lat' dir='ltr'><strong>tum</strong></span> <span class='ocrx_word' id='word_1_517' title='bbox 2296 1210 2365 1265; x_wconf 90' lang='lat' dir='ltr'><strong>ad</strong></span> <span class='ocrx_word' id='word_1_518' title='bbox 2396 1222 2719 1271; x_wconf 89' lang='lat' dir='ltr'><strong>mensuram,</strong></span> <span class='ocrx_word' id='word_1_519' title='bbox 2743 1214 2995 1274; x_wconf 89' lang='lat' dir='ltr'><strong>quantum</strong></span> <span class='ocrx_word' id='word_1_520' title='bbox 3024 1201 3088 1256; x_wconf 89' lang='lat' dir='ltr'><strong>ad</strong></span> <span class='ocrx_word' id='word_1_521' title='bbox 3120 1209 3363 1255; x_wconf 89' lang='lat' dir='ltr'><strong>naturam</strong></span> <span class='ocrx_word' id='word_1_522' title='bbox 3391 1207 3591 1258; x_wconf 90' lang='lat' dir='ltr'><strong>autem,</strong></span> <span class='ocrx_word' id='word_1_523' title='bbox 3624 1212 3741 1249; x_wconf 89' lang='lat' dir='ltr'><strong>me-</strong></span> 
     </span>
    </p>
   </div>
   <div class='ocr_carea' id='block_1_69' title="bbox 2154 1286 3745 1366">
    <p class='ocr_par' dir='ltr' id='par_1_69' title="bbox 2154 1286 3745 1366">
     <span class='ocr_line' id='line_1_69' title="bbox 2154 1286 3745 1366; baseline -0.013 -9"><span class='ocrx_word' id='word_1_524' title='bbox 2154 1303 2277 1357; x_wconf 90' lang='lat' dir='ltr'><strong>lius.</strong></span> <span class='ocrx_word' id='word_1_525' title='bbox 2316 1301 2392 1355; x_wconf 84' lang='lat' dir='ltr'><strong>Ne</strong></span> <span class='ocrx_word' id='word_1_526' title='bbox 2417 1298 2597 1354; x_wconf 63' lang='lat' dir='ltr'><strong>saeculi</strong></span> <span class='ocrx_word' id='word_1_527' title='bbox 2626 1311 2848 1366; x_wconf 89' lang='lat' dir='ltr'><strong>pompas</strong></span> <span class='ocrx_word' id='word_1_528' title='bbox 2878 1290 3131 1362; x_wconf 89' lang='lat' dir='ltr'><strong>respicias</strong></span> <span class='ocrx_word' id='word_1_529' title='bbox 3164 1308 3176 1343; x_wconf 92' lang='lat'>:</span> <span class='ocrx_word' id='word_1_530' title='bbox 3209 1305 3331 1343; x_wconf 90' lang='lat' dir='ltr'><strong>nam</strong></span> <span class='ocrx_word' id='word_1_531' title='bbox 3360 1287 3462 1341; x_wconf 78' lang='lat' dir='ltr'><strong>illa:</strong></span> <span class='ocrx_word' id='word_1_532' title='bbox 3485 1286 3591 1355; x_wconf 91' lang='lat' dir='ltr'><strong>igni</strong></span> <span class='ocrx_word' id='word_1_533' title='bbox 3621 1293 3745 1339; x_wconf 91' lang='lat' dir='ltr'><strong>sunt</strong></span> 
     </span>
    </p>
   </div>
   <div class='ocr_carea' id='block_1_70' title="bbox 2155 1376 3743 1467">
    <p class='ocr_par' dir='ltr' id='par_1_70' title="bbox 2155 1376 3743 1467">
     <span class='ocr_line' id='line_1_70' title="bbox 2155 1376 3743 1467; baseline -0.014 -17"><span class='ocrx_word' id='word_1_534' title='bbox 2155 1404 2385 1467; x_wconf 69' lang='lat' dir='ltr'><strong>paratm;</strong></span> <span class='ocrx_word' id='word_1_535' title='bbox 2418 1392 2514 1447; x_wconf 90' lang='lat' dir='ltr'><strong>sed</strong></span> <span class='ocrx_word' id='word_1_536' title='bbox 2544 1405 2663 1446; x_wconf 89' lang='lat' dir='ltr'><strong>eam</strong></span> <span class='ocrx_word' id='word_1_537' title='bbox 2690 1404 2807 1459; x_wconf 68' lang='lat' dir='ltr'><strong>qum</strong></span> <span class='ocrx_word' id='word_1_538' title='bbox 2835 1385 3129 1442; x_wconf 89' lang='lat' dir='ltr'><strong>secundum</strong></span> <span class='ocrx_word' id='word_1_539' title='bbox 3160 1382 3326 1438; x_wconf 87' lang='lat' dir='ltr'><strong>Deum</strong></span> <span class='ocrx_word' id='word_1_540' title='bbox 3352 1389 3435 1434; x_wconf 90' lang='lat' dir='ltr'><strong>est</strong></span> <span class='ocrx_word' id='word_1_541' title='bbox 3471 1376 3743 1431; x_wconf 59' lang='lat' dir='ltr'><strong>humilita-</strong></span> 
     </span>
    </p>
   </div>
   <div class='ocr_carea' id='block_1_71' title="bbox 2155 1470 3740 1550">
    <p class='ocr_par' dir='ltr' id='par_1_71' title="bbox 2155 1470 3740 1550">
     <span class='ocr_line' id='line_1_71' title="bbox 2155 1470 3740 1550; baseline -0.015 -7"><span class='ocrx_word' id='word_1_542' title='bbox 2155 1496 2265 1543; x_wconf 88' lang='lat' dir='ltr'><strong>tem</strong></span> <span class='ocrx_word' id='word_1_543' title='bbox 2289 1526 2304 1550; x_wconf 88' lang='lat'><strong>,</strong></span> <span class='ocrx_word' id='word_1_544' title='bbox 2336 1483 2560 1539; x_wconf 88' lang='lat' dir='ltr'><strong>solidam</strong></span> <span class='ocrx_word' id='word_1_545' title='bbox 2589 1480 2736 1536; x_wconf 91' lang='lat' dir='ltr'><strong>illam</strong></span> <span class='ocrx_word' id='word_1_546' title='bbox 2756 1522 2771 1546; x_wconf 90' lang='lat'><strong>,</strong></span> <span class='ocrx_word' id='word_1_547' title='bbox 2811 1476 3226 1534; x_wconf 90' lang='lat' dir='ltr'><strong>indissolubilem</strong></span> <span class='ocrx_word' id='word_1_548' title='bbox 3250 1515 3265 1539; x_wconf 92' lang='lat'><strong>,</strong></span> <span class='ocrx_word' id='word_1_549' title='bbox 3298 1489 3418 1543; x_wconf 63' lang='lat' dir='ltr'><strong>quae</strong></span> <span class='ocrx_word' id='word_1_550' title='bbox 3449 1470 3618 1524; x_wconf 86' lang='lat' dir='ltr'><strong>scindi</strong></span> <span class='ocrx_word' id='word_1_551' title='bbox 3648 1485 3740 1521; x_wconf 85' lang='lat' dir='ltr'><strong>ne-</strong></span> 
     </span>
    </p>
   </div>
   <div class='ocr_carea' id='block_1_72' title="bbox 2158 1562 3745 1648">
    <p class='ocr_par' dir='ltr' id='par_1_72' title="bbox 2158 1562 3745 1648">
     <span class='ocr_line' id='line_1_72' title="bbox 2158 1562 3745 1648; baseline -0.013 -15"><span class='ocrx_word' id='word_1_552' title='bbox 2158 1586 2351 1648; x_wconf 89' lang='lat' dir='ltr'><strong>queat,</strong></span> <span class='ocrx_word' id='word_1_553' title='bbox 2394 1589 2567 1643; x_wconf 87' lang='lat' dir='ltr'><strong>neque</strong></span> <span class='ocrx_word' id='word_1_554' title='bbox 2610 1572 2676 1625; x_wconf 92' lang='lat' dir='ltr'><strong>ab</strong></span> <span class='ocrx_word' id='word_1_555' title='bbox 2720 1572 2841 1640; x_wconf 86' lang='lat' dir='ltr'><strong>igne</strong></span> <span class='ocrx_word' id='word_1_556' title='bbox 2880 1568 3143 1623; x_wconf 88' lang='lat' dir='ltr'><strong>comburi.</strong></span> <span class='ocrx_word' id='word_1_557' title='bbox 3194 1565 3416 1634; x_wconf 80' lang='lat' dir='ltr'><strong>Propter</strong></span> <span class='ocrx_word' id='word_1_558' title='bbox 3460 1562 3557 1616; x_wconf 89' lang='lat' dir='ltr'><strong>hos</strong></span> <span class='ocrx_word' id='word_1_559' title='bbox 3601 1562 3745 1615; x_wconf 91' lang='lat' dir='ltr'><strong>enim</strong></span> 
     </span>
    </p>
   </div>
   <div class='ocr_carea' id='block_1_73' title="bbox 2160 1653 3748 1741">
    <p class='ocr_par' dir='ltr' id='par_1_73' title="bbox 2160 1653 3748 1741">
     <span class='ocr_line' id='line_1_73' title="bbox 2160 1653 3748 1741; baseline -0.013 -15"><span class='ocrx_word' id='word_1_560' title='bbox 2160 1671 2343 1741; x_wconf 88' lang='lat' dir='ltr'><strong>paleas</strong></span> <span class='ocrx_word' id='word_1_561' title='bbox 2369 1668 2633 1737; x_wconf 90' lang='lat' dir='ltr'><strong>patienter</strong></span> <span class='ocrx_word' id='word_1_562' title='bbox 2650 1663 2768 1727; x_wconf 89' lang='lat' dir='ltr'><strong>fert,</strong></span> <span class='ocrx_word' id='word_1_563' title='bbox 2788 1672 2843 1717; x_wconf 93' lang='lat' dir='ltr'><strong>ut</strong></span> <span class='ocrx_word' id='word_1_564' title='bbox 2868 1678 2931 1716; x_wconf 89' lang='lat' dir='ltr'><strong>ex</strong></span> <span class='ocrx_word' id='word_1_565' title='bbox 2966 1660 3176 1714; x_wconf 90' lang='lat' dir='ltr'><strong>illorum</strong></span> <span class='ocrx_word' id='word_1_566' title='bbox 3197 1656 3469 1712; x_wconf 66' lang='lat' dir='ltr'><strong>consortio</strong></span> <span class='ocrx_word' id='word_1_567' title='bbox 3498 1653 3748 1708; x_wconf 87' lang='lat' dir='ltr'><strong>meliores</strong></span> 
     </span>
    </p>
   </div>
   <div class='ocr_carea' id='block_1_74' title="bbox 2162 1745 3752 1823">
    <p class='ocr_par' dir='ltr' id='par_1_74' title="bbox 2162 1745 3752 1823">
     <span class='ocr_line' id='line_1_74' title="bbox 2162 1745 3752 1823; baseline -0.011 -9"><span class='ocrx_word' id='word_1_568' title='bbox 2162 1762 2307 1815; x_wconf 88' lang='lat' dir='ltr'><strong>fiant.</strong></span> <span class='ocrx_word' id='word_1_569' title='bbox 2352 1760 2475 1815; x_wconf 91' lang='lat' dir='ltr'><strong>ldeo</strong></span> <span class='ocrx_word' id='word_1_570' title='bbox 2520 1756 2754 1812; x_wconf 92' lang='lat' dir='ltr'><strong>nondum</strong></span> <span class='ocrx_word' id='word_1_571' title='bbox 2793 1754 3052 1823; x_wconf 89' lang='lat' dir='ltr'><strong>judicium</strong></span> <span class='ocrx_word' id='word_1_572' title='bbox 3090 1760 3208 1815; x_wconf 68' lang='lat' dir='ltr'><strong>est,</strong></span> <span class='ocrx_word' id='word_1_573' title='bbox 3252 1758 3307 1801; x_wconf 90' lang='lat' dir='ltr'><strong>ut</strong></span> <span class='ocrx_word' id='word_1_574' title='bbox 3336 1760 3523 1801; x_wconf 88' lang='lat' dir='ltr'><strong>omnes</strong></span> <span class='ocrx_word' id='word_1_575' title='bbox 3554 1745 3752 1815; x_wconf 85' lang='lat' dir='ltr'><strong>pariter</strong></span> 
     </span>
    </p>
   </div>
   <div class='ocr_carea' id='block_1_75' title="bbox 2161 1838 3749 1916">
    <p class='ocr_par' dir='ltr' id='par_1_75' title="bbox 2161 1838 3749 1916">
     <span class='ocr_line' id='line_1_75' title="bbox 2161 1838 3749 1916; baseline -0.013 -9"><span class='ocrx_word' id='word_1_576' title='bbox 2161 1865 2514 1916; x_wconf 89' lang='lat' dir='ltr'><strong>coronemur,</strong></span> <span class='ocrx_word' id='word_1_577' title='bbox 2554 1857 2611 1901; x_wconf 92' lang='lat' dir='ltr'><strong>ut</strong></span> <span class='ocrx_word' id='word_1_578' title='bbox 2646 1862 2675 1899; x_wconf 90' lang='lat' dir='ltr'><strong>a</strong></span> <span class='ocrx_word' id='word_1_579' title='bbox 2711 1844 2945 1914; x_wconf 81' lang='lat' dir='ltr'><strong>nequitia</strong></span> <span class='ocrx_word' id='word_1_580' title='bbox 2976 1841 3125 1895; x_wconf 88' lang='lat' dir='ltr'><strong>multi</strong></span> <span class='ocrx_word' id='word_1_581' title='bbox 3156 1838 3222 1893; x_wconf 91' lang='lat' dir='ltr'><strong>ad</strong></span> <span class='ocrx_word' id='word_1_582' title='bbox 3250 1838 3494 1891; x_wconf 86' lang='lat' dir='ltr'><strong>virtutem</strong></span> <span class='ocrx_word' id='word_1_583' title='bbox 3522 1849 3749 1889; x_wconf 77' lang='lat' dir='ltr'><strong>conver-</strong></span> 
     </span>
    </p>
   </div>
   <div class='ocr_carea' id='block_1_76' title="bbox 2164 1928 3751 2006">
    <p class='ocr_par' dir='ltr' id='par_1_76' title="bbox 2164 1928 3751 2006">
     <span class='ocr_line' id='line_1_76' title="bbox 2164 1928 3751 2006; baseline -0.011 -10"><span class='ocrx_word' id='word_1_584' title='bbox 2164 1953 2359 1997; x_wconf 91' lang='lat' dir='ltr'><strong>tantur.</strong></span> <span class='ocrx_word' id='word_1_585' title='bbox 2394 1941 2822 1995; x_wconf 88' lang='lat' dir='ltr'><strong>lnhorrescamus</strong></span> <span class='ocrx_word' id='word_1_586' title='bbox 2843 1937 3018 2006; x_wconf 83' lang='lat' dir='ltr'><strong>igitur,</strong></span> <span class='ocrx_word' id='word_1_587' title='bbox 3041 1933 3178 1986; x_wconf 89' lang='lat' dir='ltr'><strong>hanc</strong></span> <span class='ocrx_word' id='word_1_588' title='bbox 3205 1928 3506 2000; x_wconf 81' lang='lat' dir='ltr'><strong>parabolam</strong></span> <span class='ocrx_word' id='word_1_589' title='bbox 3530 1928 3751 1981; x_wconf 89' lang='lat' dir='ltr'><strong>audien-</strong></span> 
     </span>
    </p>
   </div>
   <div class='ocr_carea' id='block_1_77' title="bbox 2166 2019 3752 2100">
    <p class='ocr_par' dir='ltr' id='par_1_77' title="bbox 2166 2019 3752 2100">
     <span class='ocr_line' id='line_1_77' title="bbox 2166 2019 3752 2100; baseline -0.012 -9"><span class='ocrx_word' id='word_1_590' title='bbox 2166 2046 2265 2092; x_wconf 89' lang='lat' dir='ltr'><strong>tes.</strong></span> <span class='ocrx_word' id='word_1_591' title='bbox 2295 2034 2505 2089; x_wconf 86' lang='lat' dir='ltr'><strong>Etenim</strong></span> <span class='ocrx_word' id='word_1_592' title='bbox 2530 2029 2973 2100; x_wconf 85' lang='lat' dir='ltr'><strong>inexstinguibilis</strong></span> <span class='ocrx_word' id='word_1_593' title='bbox 2990 2033 3071 2080; x_wconf 90' lang='lat' dir='ltr'><strong>est</strong></span> <span class='ocrx_word' id='word_1_594' title='bbox 3096 2025 3182 2079; x_wconf 90' lang='lat' dir='ltr'><strong>ille</strong></span> <span class='ocrx_word' id='word_1_595' title='bbox 3210 2022 3364 2093; x_wconf 82' lang='lat' dir='ltr'><strong>ignis.</strong></span> <span class='ocrx_word' id='word_1_596' title='bbox 3392 2020 3456 2075; x_wconf 83' lang='lat' dir='ltr'><strong>Et</strong></span> <span class='ocrx_word' id='word_1_597' title='bbox 3480 2019 3752 2090; x_wconf 68' lang='lat' dir='ltr'><strong>quomodo</strong></span> 
     </span>
    </p>
   </div>
   <div class='ocr_carea' id='block_1_78' title="bbox 2166 2096 3811 2197">
    <p class='ocr_par' dir='ltr' id='par_1_78' title="bbox 2166 2096 3811 2197">
     <span class='ocr_line' id='line_1_78' title="bbox 2166 2096 3811 2197; baseline -0.013 -13"><span class='ocrx_word' id='word_1_598' title='bbox 2166 2123 2647 2197; x_wconf 83' lang='lat' dir='ltr'><strong>inexstinguibilis?</strong></span> <span class='ocrx_word' id='word_1_599' title='bbox 2698 2096 2921 2191; x_wconf 80' lang='lat' dir='ltr'><strong>inquies.</strong></span> <span class='ocrx_word' id='word_1_600' title='bbox 2969 2120 3160 2173; x_wconf 84' lang='lat' dir='ltr'><strong>Annon</strong></span> <span class='ocrx_word' id='word_1_601' title='bbox 3201 2113 3351 2169; x_wconf 83' lang='lat' dir='ltr'><strong>vides</strong></span> <span class='ocrx_word' id='word_1_602' title='bbox 3401 2112 3541 2166; x_wconf 91' lang='lat' dir='ltr'><strong>hunc</strong></span> <span class='ocrx_word' id='word_1_603' title='bbox 3583 2110 3753 2163; x_wconf 86' lang='lat' dir='ltr'><strong>solem</strong></span> <span class='ocrx_word' id='word_1_604' title='bbox 3808 2096 3811 2097; x_wconf 31' lang='grc'><strong><em>⁷</em></strong></span> 
     </span>
    </p>
   </div>
   <div class='ocr_carea' id='block_1_79' title="bbox 2167 2204 3755 2288">
    <p class='ocr_par' dir='ltr' id='par_1_79' title="bbox 2167 2204 3755 2288">
     <span class='ocr_line' id='line_1_79' title="bbox 2167 2204 3755 2288; baseline -0.013 -12"><span class='ocrx_word' id='word_1_605' title='bbox 2167 2234 2379 2288; x_wconf 89' lang='lat' dir='ltr'><strong>semper</strong></span> <span class='ocrx_word' id='word_1_606' title='bbox 2405 2218 2713 2280; x_wconf 89' lang='lat' dir='ltr'><strong>ardentem,</strong></span> <span class='ocrx_word' id='word_1_607' title='bbox 2751 2222 2805 2268; x_wconf 91' lang='lat' dir='ltr'><strong>et</strong></span> <span class='ocrx_word' id='word_1_608' title='bbox 2849 2225 3135 2279; x_wconf 88' lang='lat' dir='ltr'><strong>numquam</strong></span> <span class='ocrx_word' id='word_1_609' title='bbox 3178 2204 3536 2261; x_wconf 79' lang='lat' dir='ltr'><strong>exstinctum?</strong></span> <span class='ocrx_word' id='word_1_610' title='bbox 3573 2217 3755 2256; x_wconf 90' lang='lat' dir='ltr'><strong>annon</strong></span> 
     </span>
    </p>
   </div>
   <div class='ocr_carea' id='block_1_80' title="bbox 2168 2295 3757 2371">
    <p class='ocr_par' dir='ltr' id='par_1_80' title="bbox 2168 2295 3757 2371">
     <span class='ocr_line' id='line_1_80' title="bbox 2168 2295 3757 2371; baseline -0.012 -3"><span class='ocrx_word' id='word_1_611' title='bbox 2168 2313 2344 2368; x_wconf 85' lang='lat' dir='ltr'><strong>vidisti</strong></span> <span class='ocrx_word' id='word_1_612' title='bbox 2374 2310 2562 2366; x_wconf 89' lang='lat' dir='ltr'><strong>rubum</strong></span> <span class='ocrx_word' id='word_1_613' title='bbox 2589 2307 2865 2363; x_wconf 90' lang='lat' dir='ltr'><strong>ardentem</strong></span> <span class='ocrx_word' id='word_1_614' title='bbox 2888 2347 2903 2371; x_wconf 92' lang='lat'><strong>,</strong></span> <span class='ocrx_word' id='word_1_615' title='bbox 2934 2312 2987 2358; x_wconf 88' lang='lat' dir='ltr'><strong>et</strong></span> <span class='ocrx_word' id='word_1_616' title='bbox 3018 2317 3122 2356; x_wconf 89' lang='lat' dir='ltr'><strong>non</strong></span> <span class='ocrx_word' id='word_1_617' title='bbox 3147 2298 3522 2355; x_wconf 73' lang='lat' dir='ltr'><strong>COIIIINISllHl]?</strong></span> <span class='ocrx_word' id='word_1_618' title='bbox 3557 2295 3615 2351; x_wconf 79' lang='lat' dir='ltr'><strong>Si</strong></span> <span class='ocrx_word' id='word_1_619' title='bbox 3655 2297 3757 2349; x_wconf 89' lang='lat' dir='ltr'><strong>ita-</strong></span> 
     </span>
    </p>
   </div>
   <div class='ocr_carea' id='block_1_81' title="bbox 2169 2387 3758 2476">
    <p class='ocr_par' dir='ltr' id='par_1_81' title="bbox 2169 2387 3758 2476">
     <span class='ocr_line' id='line_1_81' title="bbox 2169 2387 3758 2476; baseline -0.013 -16"><span class='ocrx_word' id='word_1_620' title='bbox 2169 2422 2272 2476; x_wconf 85' lang='lat' dir='ltr'><strong>que</strong></span> <span class='ocrx_word' id='word_1_621' title='bbox 2308 2416 2363 2460; x_wconf 90' lang='lat' dir='ltr'><strong>et</strong></span> <span class='ocrx_word' id='word_1_622' title='bbox 2400 2404 2511 2472; x_wconf 89' lang='lat' dir='ltr'><strong>ipse</strong></span> <span class='ocrx_word' id='word_1_623' title='bbox 2538 2404 2619 2456; x_wconf 88' lang='lat' dir='ltr'><strong>vis</strong></span> <span class='ocrx_word' id='word_1_624' title='bbox 2655 2400 2921 2455; x_wconf 84' lang='lat' dir='ltr'><strong>ﬂammam</strong></span> <span class='ocrx_word' id='word_1_625' title='bbox 2965 2393 3231 2464; x_wconf 77' lang='lat' dir='ltr'><strong>effugere,</strong></span> <span class='ocrx_word' id='word_1_626' title='bbox 3278 2387 3758 2446; x_wconf 86' lang='lat' dir='ltr'><strong>immisericordem</strong></span> 
     </span>
    </p>
   </div>
   <div class='ocr_carea' id='block_1_82' title="bbox 2170 2479 3761 2566">
    <p class='ocr_par' dir='ltr' id='par_1_82' title="bbox 2170 2479 3761 2566">
     <span class='ocr_line' id='line_1_82' title="bbox 2170 2479 3761 2566; baseline -0.014 -14"><span class='ocrx_word' id='word_1_627' title='bbox 2170 2510 2291 2552; x_wconf 81' lang='lat' dir='ltr'><strong>esse</strong></span> <span class='ocrx_word' id='word_1_628' title='bbox 2317 2494 2461 2566; x_wconf 89' lang='lat' dir='ltr'><strong>prius</strong></span> <span class='ocrx_word' id='word_1_629' title='bbox 2487 2493 2680 2547; x_wconf 90' lang='lat' dir='ltr'><strong>desiste</strong></span> <span class='ocrx_word' id='word_1_630' title='bbox 2705 2532 2720 2557; x_wconf 94' lang='lat'><strong>,</strong></span> <span class='ocrx_word' id='word_1_631' title='bbox 2761 2488 2943 2558; x_wconf 83' lang='lat' dir='ltr'><strong>sicque</strong></span> <span class='ocrx_word' id='word_1_632' title='bbox 2986 2484 3185 2539; x_wconf 89' lang='lat' dir='ltr'><strong>nullum</strong></span> <span class='ocrx_word' id='word_1_633' title='bbox 3217 2496 3395 2536; x_wconf 87' lang='lat' dir='ltr'><strong>smnes</strong></span> <span class='ocrx_word' id='word_1_634' title='bbox 3437 2480 3573 2550; x_wconf 88' lang='lat' dir='ltr'><strong>ignis</strong></span> <span class='ocrx_word' id='word_1_635' title='bbox 3618 2479 3761 2533; x_wconf 82' lang='lat' dir='ltr'><strong>illius</strong></span> 
     </span>
    </p>
   </div>
   <div class='ocr_carea' id='block_1_83' title="bbox 2171 2570 3762 2657">
    <p class='ocr_par' dir='ltr' id='par_1_83' title="bbox 2171 2570 3762 2657">
     <span class='ocr_line' id='line_1_83' title="bbox 2171 2570 3762 2657; baseline -0.013 -14"><span class='ocrx_word' id='word_1_636' title='bbox 2171 2590 2614 2657; x_wconf 81' lang='lat' dir='ltr'><strong>experimentum.</strong></span> <span class='ocrx_word' id='word_1_637' title='bbox 2642 2582 2772 2636; x_wconf 86' lang='lat' dir='ltr'><strong>Nam</strong></span> <span class='ocrx_word' id='word_1_638' title='bbox 2799 2580 2843 2634; x_wconf 91' lang='lat' dir='ltr'><strong>si</strong></span> <span class='ocrx_word' id='word_1_639' title='bbox 2878 2578 2962 2633; x_wconf 91' lang='lat' dir='ltr'><strong>hic</strong></span> <span class='ocrx_word' id='word_1_640' title='bbox 2990 2591 3050 2631; x_wconf 89' lang='lat' dir='ltr'><strong>ea</strong></span> <span class='ocrx_word' id='word_1_641' title='bbox 3074 2590 3193 2646; x_wconf 69' lang='lat' dir='ltr'><strong>qua:</strong></span> <span class='ocrx_word' id='word_1_642' title='bbox 3220 2573 3490 2635; x_wconf 86' lang='lat' dir='ltr'><strong>dicuntur,</strong></span> <span class='ocrx_word' id='word_1_643' title='bbox 3513 2570 3762 2625; x_wconf 87' lang='lat' dir='ltr'><strong>credide-</strong></span> 
     </span>
    </p>
   </div>
   <div class='ocr_carea' id='block_1_84' title="bbox 2176 2660 3758 2744">
    <p class='ocr_par' dir='ltr' id='par_1_84' title="bbox 2176 2660 3758 2744">
     <span class='ocr_line' id='line_1_84' title="bbox 2176 2660 3758 2744; baseline -0.013 -11"><span class='ocrx_word' id='word_1_644' title='bbox 2176 2679 2271 2744; x_wconf 91' lang='lat' dir='ltr'><strong>ris,</strong></span> <span class='ocrx_word' id='word_1_645' title='bbox 2300 2693 2420 2732; x_wconf 90' lang='lat' dir='ltr'><strong>cum</strong></span> <span class='ocrx_word' id='word_1_646' title='bbox 2448 2676 2570 2730; x_wconf 92' lang='lat' dir='ltr'><strong>illuc</strong></span> <span class='ocrx_word' id='word_1_647' title='bbox 2598 2668 2997 2739; x_wconf 85' lang='lat' dir='ltr'><strong>transmigrabis</strong></span> <span class='ocrx_word' id='word_1_648' title='bbox 3018 2709 3031 2732; x_wconf 92' lang='lat'><strong>,</strong></span> <span class='ocrx_word' id='word_1_649' title='bbox 3064 2664 3334 2721; x_wconf 88' lang='lat' dir='ltr'><strong>fornacem</strong></span> <span class='ocrx_word' id='word_1_650' title='bbox 3368 2679 3471 2718; x_wconf 91' lang='lat' dir='ltr'><strong>non</strong></span> <span class='ocrx_word' id='word_1_651' title='bbox 3503 2660 3712 2715; x_wconf 86' lang='lat' dir='ltr'><strong>videbis</strong></span> <span class='ocrx_word' id='word_1_652' title='bbox 3743 2678 3758 2713; x_wconf 91' lang='lat'><strong>:</strong></span> 
     </span>
    </p>
   </div>
   <div class='ocr_carea' id='block_1_85' title="bbox 2174 2753 3761 2827">
    <p class='ocr_par' dir='ltr' id='par_1_85' title="bbox 2174 2753 3761 2827">
     <span class='ocr_line' id='line_1_85' title="bbox 2174 2753 3761 2827; baseline -0.011 -3"><span class='ocrx_word' id='word_1_653' title='bbox 2174 2771 2218 2824; x_wconf 91' lang='lat' dir='ltr'><strong>si</strong></span> <span class='ocrx_word' id='word_1_654' title='bbox 2245 2778 2425 2823; x_wconf 89' lang='lat' dir='ltr'><strong>autem</strong></span> <span class='ocrx_word' id='word_1_655' title='bbox 2453 2767 2539 2821; x_wconf 90' lang='lat' dir='ltr'><strong>hic</strong></span> <span class='ocrx_word' id='word_1_656' title='bbox 2564 2782 2667 2820; x_wconf 91' lang='lat' dir='ltr'><strong>non</strong></span> <span class='ocrx_word' id='word_1_657' title='bbox 2689 2762 3003 2826; x_wconf 89' lang='lat' dir='ltr'><strong>credideris,</strong></span> <span class='ocrx_word' id='word_1_658' title='bbox 3029 2760 3138 2815; x_wconf 90' lang='lat' dir='ltr'><strong>illic</strong></span> <span class='ocrx_word' id='word_1_659' title='bbox 3160 2765 3411 2827; x_wconf 79' lang='lat' dir='ltr'><strong>expertus</strong></span> <span class='ocrx_word' id='word_1_660' title='bbox 3431 2765 3577 2810; x_wconf 84' lang='lat' dir='ltr'><strong>certo</strong></span> <span class='ocrx_word' id='word_1_661' title='bbox 3596 2753 3761 2819; x_wconf 84' lang='lat' dir='ltr'><strong>scies,</strong></span> 
     </span>
    </p>
   </div>
   <div class='ocr_carea' id='block_1_86' title="bbox 2176 2848 3766 2931">
    <p class='ocr_par' dir='ltr' id='par_1_86' title="bbox 2176 2848 3766 2931">
     <span class='ocr_line' id='line_1_86' title="bbox 2176 2848 3766 2931; baseline -0.01 -18"><span class='ocrx_word' id='word_1_662' title='bbox 2176 2860 2387 2931; x_wconf 90' lang='lat' dir='ltr'><strong>quando</strong></span> <span class='ocrx_word' id='word_1_663' title='bbox 2415 2858 2645 2929; x_wconf 80' lang='lat' dir='ltr'><strong>effugere</strong></span> <span class='ocrx_word' id='word_1_664' title='bbox 2669 2856 2802 2910; x_wconf 84' lang='lat' dir='ltr'><strong>ultra</strong></span> <span class='ocrx_word' id='word_1_665' title='bbox 2828 2870 2932 2908; x_wconf 89' lang='lat' dir='ltr'><strong>non</strong></span> <span class='ocrx_word' id='word_1_666' title='bbox 2955 2852 3171 2923; x_wconf 89' lang='lat' dir='ltr'><strong>poteris.</strong></span> <span class='ocrx_word' id='word_1_667' title='bbox 3204 2848 3508 2904; x_wconf 86' lang='lat' dir='ltr'><strong>lnevitabile</strong></span> <span class='ocrx_word' id='word_1_668' title='bbox 3532 2860 3766 2915; x_wconf 90' lang='lat' dir='ltr'><strong>namque</strong></span> 
     </span>
    </p>
   </div>
   <div class='ocr_carea' id='block_1_87' title="bbox 2177 2938 3761 3022">
    <p class='ocr_par' dir='ltr' id='par_1_87' title="bbox 2177 2938 3761 3022">
     <span class='ocr_line' id='line_1_87' title="bbox 2177 2938 3761 3022; baseline -0.014 -14"><span class='ocrx_word' id='word_1_669' title='bbox 2177 2951 2495 3022; x_wconf 90' lang='lat' dir='ltr'><strong>supplicium</strong></span> <span class='ocrx_word' id='word_1_670' title='bbox 2536 2958 2618 3004; x_wconf 90' lang='lat' dir='ltr'><strong>est</strong></span> <span class='ocrx_word' id='word_1_671' title='bbox 2660 2949 2724 3001; x_wconf 91' lang='lat' dir='ltr'><strong>iis</strong></span> <span class='ocrx_word' id='word_1_672' title='bbox 2763 2945 2852 3017; x_wconf 90' lang='lat' dir='ltr'><strong>qui</strong></span> <span class='ocrx_word' id='word_1_673' title='bbox 2890 2952 3036 3000; x_wconf 89' lang='lat' dir='ltr'><strong>recte</strong></span> <span class='ocrx_word' id='word_1_674' title='bbox 3074 2944 3235 2997; x_wconf 86' lang='lat' dir='ltr'><strong>vitam</strong></span> <span class='ocrx_word' id='word_1_675' title='bbox 3263 2956 3366 2995; x_wconf 91' lang='lat' dir='ltr'><strong>non</strong></span> <span class='ocrx_word' id='word_1_676' title='bbox 3399 2938 3761 2992; x_wconf 88' lang='lat' dir='ltr'><strong>instituerunt.</strong></span> 
     </span>
    </p>
   </div>
   <div class='ocr_carea' id='block_1_88' title="bbox 2178 3028 3768 3114">
    <p class='ocr_par' dir='ltr' id='par_1_88' title="bbox 2178 3028 3768 3114">
     <span class='ocr_line' id='line_1_88' title="bbox 2178 3028 3768 3114; baseline -0.012 -14"><span class='ocrx_word' id='word_1_677' title='bbox 2178 3045 2361 3114; x_wconf 75' lang='lat' dir='ltr'><strong>Neque</strong></span> <span class='ocrx_word' id='word_1_678' title='bbox 2398 3043 2538 3097; x_wconf 92' lang='lat' dir='ltr'><strong>enim</strong></span> <span class='ocrx_word' id='word_1_679' title='bbox 2580 3038 2775 3094; x_wconf 89' lang='lat' dir='ltr'><strong>sufficit</strong></span> <span class='ocrx_word' id='word_1_680' title='bbox 2815 3045 3016 3091; x_wconf 89' lang='lat' dir='ltr'><strong>tantum</strong></span> <span class='ocrx_word' id='word_1_681' title='bbox 3060 3032 3309 3097; x_wconf 87' lang='lat' dir='ltr'><strong>credere;</strong></span> <span class='ocrx_word' id='word_1_682' title='bbox 3339 3046 3460 3084; x_wconf 91' lang='lat' dir='ltr'><strong>nam</strong></span> <span class='ocrx_word' id='word_1_683' title='bbox 3490 3028 3768 3082; x_wconf 65' lang='lat' dir='ltr'><strong>dmmones</strong></span> 
     </span>
    </p>
   </div>
   <div class='ocr_carea' id='block_1_89' title="bbox 2183 3119 3769 3194">
    <p class='ocr_par' dir='ltr' id='par_1_89' title="bbox 2183 3119 3769 3194">
     <span class='ocr_line' id='line_1_89' title="bbox 2183 3119 3769 3194; baseline -0.012 -5"><span class='ocrx_word' id='word_1_684' title='bbox 2183 3137 2346 3190; x_wconf 81' lang='lat' dir='ltr'><strong>Deum</strong></span> <span class='ocrx_word' id='word_1_685' title='bbox 2378 3134 2657 3187; x_wconf 87' lang='lat' dir='ltr'><strong>horrentes</strong></span> <span class='ocrx_word' id='word_1_686' title='bbox 2687 3132 2910 3194; x_wconf 90' lang='lat' dir='ltr'><strong>timent,</strong></span> <span class='ocrx_word' id='word_1_687' title='bbox 2942 3127 3035 3181; x_wconf 89' lang='lat' dir='ltr'><strong>sed</strong></span> <span class='ocrx_word' id='word_1_688' title='bbox 3068 3123 3418 3178; x_wconf 87' lang='lat' dir='ltr'><strong>nihilominus</strong></span> <span class='ocrx_word' id='word_1_689' title='bbox 3442 3119 3769 3175; x_wconf 85' lang='lat' dir='ltr'><strong>cruciabtm-</strong></span> 
     </span>
    </p>
   </div>
   <div class='ocr_carea' id='block_1_90' title="bbox 2182 3206 3768 3293">
    <p class='ocr_par' dir='ltr' id='par_1_90' title="bbox 2182 3206 3768 3293">
     <span class='ocr_line' id='line_1_90' title="bbox 2182 3206 3768 3293; baseline -0.015 -11"><span class='ocrx_word' id='word_1_690' title='bbox 2182 3239 2284 3282; x_wconf 89' lang='lat' dir='ltr'><strong>tur.</strong></span> <span class='ocrx_word' id='word_1_691' title='bbox 2334 3224 2693 3293; x_wconf 88' lang='lat' dir='ltr'><strong>Quamobrem</strong></span> <span class='ocrx_word' id='word_1_692' title='bbox 2736 3221 2899 3275; x_wconf 91' lang='lat' dir='ltr'><strong>multa</strong></span> <span class='ocrx_word' id='word_1_693' title='bbox 2940 3216 3098 3272; x_wconf 88' lang='lat' dir='ltr'><strong>nobis</strong></span> <span class='ocrx_word' id='word_1_694' title='bbox 3136 3213 3404 3284; x_wconf 86' lang='lat' dir='ltr'><strong>diligentia</strong></span> <span class='ocrx_word' id='word_1_695' title='bbox 3431 3221 3513 3264; x_wconf 91' lang='lat' dir='ltr'><strong>est</strong></span> <span class='ocrx_word' id='word_1_696' title='bbox 3538 3223 3673 3277; x_wconf 90' lang='lat' dir='ltr'><strong>opus</strong></span> <span class='ocrx_word' id='word_1_697' title='bbox 3698 3206 3768 3261; x_wconf 89' lang='lat' dir='ltr'><strong>ad</strong></span> 
     </span>
    </p>
   </div>
   <div class='ocr_carea' id='block_1_91' title="bbox 2183 3302 3772 3376">
    <p class='ocr_par' dir='ltr' id='par_1_91' title="bbox 2183 3302 3772 3376">
     <span class='ocr_line' id='line_1_91' title="bbox 2183 3302 3772 3376; baseline -0.013 -5"><span class='ocrx_word' id='word_1_698' title='bbox 2183 3319 2342 3373; x_wconf 86' lang='lat' dir='ltr'><strong>vitam</strong></span> <span class='ocrx_word' id='word_1_699' title='bbox 2371 3313 2769 3370; x_wconf 89' lang='lat' dir='ltr'><strong>instituendam.</strong></span> <span class='ocrx_word' id='word_1_700' title='bbox 2805 3310 2930 3364; x_wconf 89' lang='lat' dir='ltr'><strong>ldeo</strong></span> <span class='ocrx_word' id='word_1_701' title='bbox 2958 3323 3188 3376; x_wconf 86' lang='lat' dir='ltr'><strong>namque</strong></span> <span class='ocrx_word' id='word_1_702' title='bbox 3215 3305 3299 3358; x_wconf 93' lang='lat' dir='ltr'><strong>hic</strong></span> <span class='ocrx_word' id='word_1_703' title='bbox 3331 3317 3428 3355; x_wconf 83' lang='lat' dir='ltr'><strong>vos</strong></span> <span class='ocrx_word' id='word_1_704' title='bbox 3463 3302 3772 3369; x_wconf 72' lang='lat' dir='ltr'><strong>frequenter</strong></span> 
     </span>
    </p>
   </div>
   <div class='ocr_carea' id='block_1_92' title="bbox 2182 3388 3771 3478">
    <p class='ocr_par' dir='ltr' id='par_1_92' title="bbox 2182 3388 3771 3478">
     <span class='ocr_line' id='line_1_92' title="bbox 2182 3388 3771 3478; baseline -0.015 -14"><span class='ocrx_word' id='word_1_705' title='bbox 2182 3419 2587 3478; x_wconf 75' lang='lat' dir='ltr'><strong>congregamus,</strong></span> <span class='ocrx_word' id='word_1_706' title='bbox 2625 3419 2731 3456; x_wconf 89' lang='lat' dir='ltr'><strong>non</strong></span> <span class='ocrx_word' id='word_1_707' title='bbox 2764 3409 2822 3455; x_wconf 94' lang='lat' dir='ltr'><strong>ut</strong></span> <span class='ocrx_word' id='word_1_708' title='bbox 2860 3400 2965 3453; x_wconf 87' lang='lat' dir='ltr'><strong>huc</strong></span> <span class='ocrx_word' id='word_1_709' title='bbox 3006 3393 3374 3466; x_wconf 88' lang='lat' dir='ltr'><strong>ingrediamini</strong></span> <span class='ocrx_word' id='word_1_710' title='bbox 3414 3401 3641 3454; x_wconf 91' lang='lat' dir='ltr'><strong>tantum,</strong></span> <span class='ocrx_word' id='word_1_711' title='bbox 3670 3388 3771 3442; x_wconf 84' lang='lat' dir='ltr'><strong>sed</strong></span> 
     </span>
    </p>
   </div>
   <div class='ocr_carea' id='block_1_93' title="bbox 2185 3480 3773 3560">
    <p class='ocr_par' dir='ltr' id='par_1_93' title="bbox 2185 3480 3773 3560">
     <span class='ocr_line' id='line_1_93' title="bbox 2185 3480 3773 3560; baseline -0.014 -4"><span class='ocrx_word' id='word_1_712' title='bbox 2185 3511 2242 3556; x_wconf 91' lang='lat' dir='ltr'><strong>ut</strong></span> <span class='ocrx_word' id='word_1_713' title='bbox 2283 3515 2350 3555; x_wconf 91' lang='lat' dir='ltr'><strong>ex</strong></span> <span class='ocrx_word' id='word_1_714' title='bbox 2396 3498 2495 3552; x_wconf 90' lang='lat' dir='ltr'><strong>hac</strong></span> <span class='ocrx_word' id='word_1_715' title='bbox 2534 3496 2763 3551; x_wconf 85' lang='lat' dir='ltr'><strong>statione</strong></span> <span class='ocrx_word' id='word_1_716' title='bbox 2803 3491 3034 3560; x_wconf 90' lang='lat' dir='ltr'><strong>aliquem</strong></span> <span class='ocrx_word' id='word_1_717' title='bbox 3073 3486 3298 3541; x_wconf 85' lang='lat' dir='ltr'><strong>fructum</strong></span> <span class='ocrx_word' id='word_1_718' title='bbox 3344 3481 3691 3551; x_wconf 74' lang='lat' dir='ltr'><strong>percipiatis:</strong></span> <span class='ocrx_word' id='word_1_719' title='bbox 3726 3480 3773 3533; x_wconf 91' lang='lat' dir='ltr'><strong>si</strong></span> 
     </span>
    </p>
   </div>
   <div class='ocr_carea' id='block_1_94' title="bbox 2188 3572 3771 3659">
    <p class='ocr_par' dir='ltr' id='par_1_94' title="bbox 2188 3572 3771 3659">
     <span class='ocr_line' id='line_1_94' title="bbox 2188 3572 3771 3659; baseline -0.014 -13"><span class='ocrx_word' id='word_1_720' title='bbox 2188 3608 2315 3647; x_wconf 84' lang='lat' dir='ltr'><strong>vero</strong></span> <span class='ocrx_word' id='word_1_721' title='bbox 2340 3604 2553 3659; x_wconf 88' lang='lat' dir='ltr'><strong>semper</strong></span> <span class='ocrx_word' id='word_1_722' title='bbox 2589 3585 2876 3650; x_wconf 85' lang='lat' dir='ltr'><strong>acccdatis,</strong></span> <span class='ocrx_word' id='word_1_723' title='bbox 2908 3597 2971 3637; x_wconf 88' lang='lat' dir='ltr'><strong>ac</strong></span> <span class='ocrx_word' id='word_1_724' title='bbox 2991 3582 3107 3636; x_wconf 90' lang='lat' dir='ltr'><strong>sine</strong></span> <span class='ocrx_word' id='word_1_725' title='bbox 3148 3578 3255 3633; x_wconf 90' lang='lat' dir='ltr'><strong>ullo</strong></span> <span class='ocrx_word' id='word_1_726' title='bbox 3279 3577 3449 3630; x_wconf 84' lang='lat' dir='ltr'><strong>fructu</strong></span> <span class='ocrx_word' id='word_1_727' title='bbox 3486 3572 3771 3636; x_wconf 83' lang='lat' dir='ltr'><strong>recedatis,</strong></span> 
     </span>
    </p>
   </div>
   <div class='ocr_carea' id='block_1_95' title="bbox 2187 3661 3775 3751">
    <p class='ocr_par' dir='ltr' id='par_1_95' title="bbox 2187 3661 3775 3751">
     <span class='ocr_line' id='line_1_95' title="bbox 2187 3661 3775 3751; baseline -0.014 -14"><span class='ocrx_word' id='word_1_728' title='bbox 2187 3683 2319 3738; x_wconf 88' lang='lat' dir='ltr'><strong>nihil</strong></span> <span class='ocrx_word' id='word_1_729' title='bbox 2345 3697 2409 3736; x_wconf 84' lang='lat' dir='ltr'><strong>ex</strong></span> <span class='ocrx_word' id='word_1_730' title='bbox 2439 3681 2680 3751; x_wconf 90' lang='lat' dir='ltr'><strong>ingressu</strong></span> <span class='ocrx_word' id='word_1_731' title='bbox 2710 3686 2763 3732; x_wconf 86' lang='lat' dir='ltr'><strong>et</strong></span> <span class='ocrx_word' id='word_1_732' title='bbox 2789 3686 3045 3729; x_wconf 88' lang='lat' dir='ltr'><strong>consessu</strong></span> <span class='ocrx_word' id='word_1_733' title='bbox 3072 3670 3223 3725; x_wconf 89' lang='lat' dir='ltr'><strong>vobis</strong></span> <span class='ocrx_word' id='word_1_734' title='bbox 3249 3666 3377 3722; x_wconf 90' lang='lat' dir='ltr'><strong>lucri</strong></span> <span class='ocrx_word' id='word_1_735' title='bbox 3407 3663 3643 3720; x_wconf 89' lang='lat' dir='ltr'><strong>accedet.</strong></span> <span class='ocrx_word' id='word_1_736' title='bbox 3680 3661 3775 3716; x_wconf 82' lang='lat' dir='ltr'><strong>Et-</strong></span> 
     </span>
    </p>
   </div>
   <div class='ocr_carea' id='block_1_96' title="bbox 2187 3752 3777 3839">
    <p class='ocr_par' dir='ltr' id='par_1_96' title="bbox 2187 3752 3777 3839">
     <span class='ocr_line' id='line_1_96' title="bbox 2187 3752 3777 3839; baseline -0.014 -10"><span class='ocrx_word' id='word_1_737' title='bbox 2187 3775 2329 3830; x_wconf 89' lang='lat' dir='ltr'><strong>enim</strong></span> <span class='ocrx_word' id='word_1_738' title='bbox 2356 3772 2400 3826; x_wconf 88' lang='lat' dir='ltr'><strong>si</strong></span> <span class='ocrx_word' id='word_1_739' title='bbox 2420 3786 2539 3826; x_wconf 90' lang='lat' dir='ltr'><strong>cum</strong></span> <span class='ocrx_word' id='word_1_740' title='bbox 2564 3783 2755 3839; x_wconf 89' lang='lat' dir='ltr'><strong>pueros</strong></span> <span class='ocrx_word' id='word_1_741' title='bbox 2771 3766 2837 3820; x_wconf 89' lang='lat' dir='ltr'><strong>ad</strong></span> <span class='ocrx_word' id='word_1_742' title='bbox 2855 3762 3249 3833; x_wconf 81' lang='lat' dir='ltr'><strong>ludimagistros</strong></span> <span class='ocrx_word' id='word_1_743' title='bbox 3272 3758 3550 3816; x_wconf 86' lang='lat' dir='ltr'><strong>mittimus,</strong></span> <span class='ocrx_word' id='word_1_744' title='bbox 3569 3753 3612 3807; x_wconf 91' lang='lat' dir='ltr'><strong>si</strong></span> <span class='ocrx_word' id='word_1_745' title='bbox 3644 3752 3777 3807; x_wconf 89' lang='lat' dir='ltr'><strong>nihil</strong></span> 
     </span>
    </p>
   </div>
   <div class='ocr_carea' id='block_1_97' title="bbox 2189 3847 3775 3920">
    <p class='ocr_par' dir='ltr' id='par_1_97' title="bbox 2189 3847 3775 3920">
     <span class='ocr_line' id='line_1_97' title="bbox 2189 3847 3775 3920; baseline -0.015 0"><span class='ocrx_word' id='word_1_746' title='bbox 2189 3881 2282 3920; x_wconf 81' lang='lat' dir='ltr'><strong>eos</strong></span> <span class='ocrx_word' id='word_1_747' title='bbox 2307 3864 2430 3918; x_wconf 87' lang='lat' dir='ltr'><strong>inde</strong></span> <span class='ocrx_word' id='word_1_748' title='bbox 2461 3862 2664 3916; x_wconf 91' lang='lat' dir='ltr'><strong>fruetus</strong></span> <span class='ocrx_word' id='word_1_749' title='bbox 2691 3858 2894 3914; x_wconf 89' lang='lat' dir='ltr'><strong>referre</strong></span> <span class='ocrx_word' id='word_1_750' title='bbox 2919 3854 3194 3909; x_wconf 88' lang='lat' dir='ltr'><strong>videamus</strong></span> <span class='ocrx_word' id='word_1_751' title='bbox 3213 3892 3227 3915; x_wconf 89' lang='lat'><strong>,</strong></span> <span class='ocrx_word' id='word_1_752' title='bbox 3258 3847 3652 3916; x_wconf 86' lang='lat' dir='ltr'><strong>ludimagistros</strong></span> <span class='ocrx_word' id='word_1_753' title='bbox 3678 3858 3775 3898; x_wconf 81' lang='lat' dir='ltr'><strong>ve-</strong></span> 
     </span>
    </p>
   </div>
   <div class='ocr_carea' id='block_1_98' title="bbox 2191 3938 3773 4015">
    <p class='ocr_par' dir='ltr' id='par_1_98' title="bbox 2191 3938 3773 4015">
     <span class='ocr_line' id='line_1_98' title="bbox 2191 3938 3773 4015; baseline -0.016 -4"><span class='ocrx_word' id='word_1_754' title='bbox 2191 3959 2468 4011; x_wconf 88' lang='lat' dir='ltr'><strong>hementer</strong></span> <span class='ocrx_word' id='word_1_755' title='bbox 2512 3954 2852 4015; x_wconf 87' lang='lat' dir='ltr'><strong>incusamus,</strong></span> <span class='ocrx_word' id='word_1_756' title='bbox 2895 3956 2945 4003; x_wconf 90' lang='lat' dir='ltr'><strong>et</strong></span> <span class='ocrx_word' id='word_1_757' title='bbox 2991 3945 3059 4000; x_wconf 90' lang='lat' dir='ltr'><strong>ad</strong></span> <span class='ocrx_word' id='word_1_758' title='bbox 3100 3944 3234 3998; x_wconf 90' lang='lat' dir='ltr'><strong>alios</strong></span> <span class='ocrx_word' id='word_1_759' title='bbox 3281 3953 3425 4010; x_wconf 71' lang='lat' dir='ltr'><strong>smpe</strong></span> <span class='ocrx_word' id='word_1_760' title='bbox 3467 3938 3728 3993; x_wconf 89' lang='lat' dir='ltr'><strong>mittimus</strong></span> <span class='ocrx_word' id='word_1_761' title='bbox 3756 3952 3773 3986; x_wconf 89' lang='lat'><strong>:</strong></span> 
     </span>
    </p>
   </div>
   <div class='ocr_carea' id='block_1_99' title="bbox 2190 4026 3779 4119">
    <p class='ocr_par' dir='ltr' id='par_1_99' title="bbox 2190 4026 3779 4119">
     <span class='ocr_line' id='line_1_99' title="bbox 2190 4026 3779 4119; baseline -0.016 -16"><span class='ocrx_word' id='word_1_762' title='bbox 2190 4062 2348 4119; x_wconf 89' lang='lat' dir='ltr'><strong>quam</strong></span> <span class='ocrx_word' id='word_1_763' title='bbox 2384 4044 2780 4102; x_wconf 80' lang='lat' dir='ltr'><strong>excusationem</strong></span> <span class='ocrx_word' id='word_1_764' title='bbox 2823 4037 3175 4109; x_wconf 90' lang='lat' dir='ltr'><strong>proferemus,</strong></span> <span class='ocrx_word' id='word_1_765' title='bbox 3214 4034 3257 4087; x_wconf 93' lang='lat' dir='ltr'><strong>si</strong></span> <span class='ocrx_word' id='word_1_766' title='bbox 3302 4047 3406 4086; x_wconf 91' lang='lat' dir='ltr'><strong>non</strong></span> <span class='ocrx_word' id='word_1_767' title='bbox 3449 4027 3691 4084; x_wconf 91' lang='lat' dir='ltr'><strong>eamdem</strong></span> <span class='ocrx_word' id='word_1_768' title='bbox 3721 4026 3779 4079; x_wconf 88' lang='lat' dir='ltr'><strong>in</strong></span> 
     </span>
    </p>
   </div>
   <div class='ocr_carea' id='block_1_100' title="bbox 2191 4118 3781 4209">
    <p class='ocr_par' dir='ltr' id='par_1_100' title="bbox 2191 4118 3781 4209">
     <span class='ocr_line' id='line_1_100' title="bbox 2191 4118 3781 4209; baseline -0.018 -13"><span class='ocrx_word' id='word_1_769' title='bbox 2191 4118 2404 4207; x_wconf 77' lang='lat' dir='ltr'><strong>virtute,</strong></span> <span class='ocrx_word' id='word_1_770' title='bbox 2450 4153 2608 4209; x_wconf 88' lang='lat' dir='ltr'><strong>quam</strong></span> <span class='ocrx_word' id='word_1_771' title='bbox 2649 4136 2703 4189; x_wconf 93' lang='lat' dir='ltr'><strong>in</strong></span> <span class='ocrx_word' id='word_1_772' title='bbox 2736 4132 2961 4187; x_wconf 91' lang='lat' dir='ltr'><strong>terrenis</strong></span> <span class='ocrx_word' id='word_1_773' title='bbox 2997 4127 3157 4183; x_wconf 90' lang='lat' dir='ltr'><strong>rebus</strong></span> <span class='ocrx_word' id='word_1_774' title='bbox 3182 4123 3529 4179; x_wconf 82' lang='lat' dir='ltr'><strong>adhibeamus</strong></span> <span class='ocrx_word' id='word_1_775' title='bbox 3557 4118 3781 4187; x_wconf 87' lang='lat' dir='ltr'><strong>diligen-</strong></span> 
     </span>
    </p>
   </div>
   <div class='ocr_carea' id='block_1_101' title="bbox 2194 4206 3781 4299">
    <p class='ocr_par' dir='ltr' id='par_1_101' title="bbox 2194 4206 3781 4299">
     <span class='ocr_line' id='line_1_101' title="bbox 2194 4206 3781 4299; baseline -0.016 -13"><span class='ocrx_word' id='word_1_776' title='bbox 2194 4235 2341 4299; x_wconf 88' lang='lat' dir='ltr'><strong>tiam,</strong></span> <span class='ocrx_word' id='word_1_777' title='bbox 2361 4231 2454 4285; x_wconf 88' lang='lat' dir='ltr'><strong>sed</strong></span> <span class='ocrx_word' id='word_1_778' title='bbox 2478 4242 2670 4283; x_wconf 87' lang='lat' dir='ltr'><strong>vacuas</strong></span> <span class='ocrx_word' id='word_1_779' title='bbox 2695 4238 2909 4292; x_wconf 88' lang='lat' dir='ltr'><strong>semper</strong></span> <span class='ocrx_word' id='word_1_780' title='bbox 2938 4218 3143 4274; x_wconf 90' lang='lat' dir='ltr'><strong>tabulas</strong></span> <span class='ocrx_word' id='word_1_781' title='bbox 3162 4215 3378 4270; x_wconf 88' lang='lat' dir='ltr'><strong>domum</strong></span> <span class='ocrx_word' id='word_1_782' title='bbox 3402 4219 3739 4280; x_wconf 76' lang='lat' dir='ltr'><strong>reponemus</strong></span> <span class='ocrx_word' id='word_1_783' title='bbox 3754 4206 3781 4260; x_wconf 69' lang='grc' dir='ltr'><strong>’ἒ</strong></span> 
     </span>
    </p>
   </div>
   <div class='ocr_carea' id='block_1_102' title="bbox 2192 4297 3782 4391">
    <p class='ocr_par' dir='ltr' id='par_1_102' title="bbox 2192 4297 3782 4391">
     <span class='ocr_line' id='line_1_102' title="bbox 2192 4297 3782 4391; baseline -0.018 -13"><span class='ocrx_word' id='word_1_784' title='bbox 2192 4297 2522 4391; x_wconf 86' lang='lat' dir='ltr'><strong>Quamquam</strong></span> <span class='ocrx_word' id='word_1_785' title='bbox 2550 4318 2730 4388; x_wconf 86' lang='lat' dir='ltr'><strong>plures</strong></span> <span class='ocrx_word' id='word_1_786' title='bbox 2752 4321 2807 4368; x_wconf 90' lang='lat' dir='ltr'><strong>et</strong></span> <span class='ocrx_word' id='word_1_787' title='bbox 2830 4311 3059 4381; x_wconf 87' lang='lat' dir='ltr'><strong>majores</strong></span> <span class='ocrx_word' id='word_1_788' title='bbox 3090 4307 3175 4362; x_wconf 91' lang='lat' dir='ltr'><strong>hic</strong></span> <span class='ocrx_word' id='word_1_789' title='bbox 3203 4302 3441 4373; x_wconf 81' lang='lat' dir='ltr'><strong>magistri</strong></span> <span class='ocrx_word' id='word_1_790' title='bbox 3470 4307 3612 4355; x_wconf 90' lang='lat' dir='ltr'><strong>sunt.</strong></span> <span class='ocrx_word' id='word_1_791' title='bbox 3644 4297 3782 4351; x_wconf 84' lang='lat' dir='ltr'><strong>Nam</strong></span> 
     </span>
    </p>
   </div>
   <div class='ocr_carea' id='block_1_103' title="bbox 2197 4396 3785 4487">
    <p class='ocr_par' dir='ltr' id='par_1_103' title="bbox 2197 4396 3785 4487">
     <span class='ocr_line' id='line_1_103' title="bbox 2197 4396 3785 4487; baseline -0.018 -17"><span class='ocrx_word' id='word_1_792' title='bbox 2197 4415 2483 4487; x_wconf 85' lang='lat' dir='ltr'><strong>prophetas</strong></span> <span class='ocrx_word' id='word_1_793' title='bbox 2508 4420 2563 4466; x_wconf 87' lang='lat' dir='ltr'><strong>et</strong></span> <span class='ocrx_word' id='word_1_794' title='bbox 2589 4408 2859 4479; x_wconf 86' lang='lat' dir='ltr'><strong>apostolos</strong></span> <span class='ocrx_word' id='word_1_795' title='bbox 2889 4415 2942 4459; x_wconf 88' lang='lat' dir='ltr'><strong>et</strong></span> <span class='ocrx_word' id='word_1_796' title='bbox 2963 4401 3311 4473; x_wconf 85' lang='lat' dir='ltr'><strong>patriarchas,</strong></span> <span class='ocrx_word' id='word_1_797' title='bbox 3328 4405 3382 4450; x_wconf 88' lang='lat' dir='ltr'><strong>et</strong></span> <span class='ocrx_word' id='word_1_798' title='bbox 3398 4396 3571 4465; x_wconf 86' lang='lat' dir='ltr'><strong>justos</strong></span> <span class='ocrx_word' id='word_1_799' title='bbox 3590 4404 3785 4445; x_wconf 86' lang='lat' dir='ltr'><strong>omnes</strong></span> 
     </span>
    </p>
   </div>
   <div class='ocr_carea' id='block_1_104' title="bbox 2198 4481 3785 4574">
    <p class='ocr_par' dir='ltr' id='par_1_104' title="bbox 2198 4481 3785 4574">
     <span class='ocr_line' id='line_1_104' title="bbox 2198 4481 3785 4574; baseline -0.018 -13"><span class='ocrx_word' id='word_1_800' title='bbox 2198 4481 2252 4561; x_wconf 85' lang='lat' dir='ltr'><strong>in</strong></span> <span class='ocrx_word' id='word_1_801' title='bbox 2280 4481 2505 4574; x_wconf 78' lang='lat' dir='ltr'><strong>singulis</strong></span> <span class='ocrx_word' id='word_1_802' title='bbox 2529 4498 2877 4555; x_wconf 83' lang='lat' dir='ltr'><strong>conventibus</strong></span> <span class='ocrx_word' id='word_1_803' title='bbox 2904 4494 3237 4548; x_wconf 88' lang='lat' dir='ltr'><strong>adhibemus.</strong></span> <span class='ocrx_word' id='word_1_804' title='bbox 3280 4490 3349 4542; x_wconf 82' lang='lat' dir='ltr'><strong>At</strong></span> <span class='ocrx_word' id='word_1_805' title='bbox 3374 4500 3439 4540; x_wconf 90' lang='lat' dir='ltr'><strong>ne</strong></span> <span class='ocrx_word' id='word_1_806' title='bbox 3459 4486 3536 4538; x_wconf 90' lang='lat' dir='ltr'><strong>sic</strong></span> <span class='ocrx_word' id='word_1_807' title='bbox 3565 4481 3785 4554; x_wconf 88' lang='lat' dir='ltr'><strong>quidem</strong></span> 
     </span>
    </p>
   </div>
   <div class='ocr_carea' id='block_1_105' title="bbox 2198 4574 3787 4666">
    <p class='ocr_par' dir='ltr' id='par_1_105' title="bbox 2198 4574 3787 4666">
     <span class='ocr_line' id='line_1_105' title="bbox 2198 4574 3787 4666; baseline -0.016 -16"><span class='ocrx_word' id='word_1_808' title='bbox 2198 4596 2389 4666; x_wconf 73' lang='lat' dir='ltr'><strong>aliquis</strong></span> <span class='ocrx_word' id='word_1_809' title='bbox 2427 4591 2696 4663; x_wconf 87' lang='lat' dir='ltr'><strong>profectus</strong></span> <span class='ocrx_word' id='word_1_810' title='bbox 2725 4584 3175 4658; x_wconf 89' lang='lat' dir='ltr'><strong>deprehenditur;</strong></span> <span class='ocrx_word' id='word_1_811' title='bbox 3210 4580 3303 4635; x_wconf 90' lang='lat' dir='ltr'><strong>sed</strong></span> <span class='ocrx_word' id='word_1_812' title='bbox 3339 4588 3616 4646; x_wconf 86' lang='lat' dir='ltr'><strong>postquam</strong></span> <span class='ocrx_word' id='word_1_813' title='bbox 3647 4574 3787 4627; x_wconf 84' lang='lat' dir='ltr'><strong>duos</strong></span> 
     </span>
    </p>
   </div>
   <div class='ocr_carea' id='block_1_106' title="bbox 2199 4664 3790 4754">
    <p class='ocr_par' dir='ltr' id='par_1_106' title="bbox 2199 4664 3790 4754">
     <span class='ocr_line' id='line_1_106' title="bbox 2199 4664 3790 4754; baseline -0.018 -12"><span class='ocrx_word' id='word_1_814' title='bbox 2199 4698 2375 4742; x_wconf 76' lang='lat' dir='ltr'><strong>tresve</strong></span> <span class='ocrx_word' id='word_1_815' title='bbox 2415 4684 2649 4754; x_wconf 88' lang='lat' dir='ltr'><strong>psalmos</strong></span> <span class='ocrx_word' id='word_1_816' title='bbox 2686 4675 3057 4735; x_wconf 90' lang='lat' dir='ltr'><strong>suecinueritis</strong></span> <span class='ocrx_word' id='word_1_817' title='bbox 3079 4715 3095 4741; x_wconf 94' lang='lat'><strong>,</strong></span> <span class='ocrx_word' id='word_1_818' title='bbox 3127 4680 3180 4728; x_wconf 92' lang='lat' dir='ltr'><strong>et</strong></span> <span class='ocrx_word' id='word_1_819' title='bbox 3203 4677 3485 4725; x_wconf 82' lang='lat' dir='ltr'><strong>consuetas</strong></span> <span class='ocrx_word' id='word_1_820' title='bbox 3514 4664 3790 4718; x_wconf 89' lang='lat' dir='ltr'><strong>orationes</strong></span> 
     </span>
    </p>
   </div>
   <div class='ocr_carea' id='block_1_107' title="bbox 2198 4750 3790 4850">
    <p class='ocr_par' dir='ltr' id='par_1_107' title="bbox 2198 4750 3790 4850">
     <span class='ocr_line' id='line_1_107' title="bbox 2198 4750 3790 4850; baseline -0.019 -17"><span class='ocrx_word' id='word_1_821' title='bbox 2198 4750 2557 4850; x_wconf 79' lang='lat' dir='ltr'><strong>perfunctorie</strong></span> <span class='ocrx_word' id='word_1_822' title='bbox 2584 4770 2889 4833; x_wconf 86' lang='lat' dir='ltr'><strong>emiseritis,</strong></span> <span class='ocrx_word' id='word_1_823' title='bbox 2912 4764 3113 4837; x_wconf 86' lang='lat' dir='ltr'><strong>egressi</strong></span> <span class='ocrx_word' id='word_1_824' title='bbox 3141 4759 3354 4824; x_wconf 89' lang='lat' dir='ltr'><strong>deinde,</strong></span> <span class='ocrx_word' id='word_1_825' title='bbox 3386 4756 3583 4827; x_wconf 81' lang='lat' dir='ltr'><strong>putatis</strong></span> <span class='ocrx_word' id='word_1_826' title='bbox 3614 4750 3663 4808; x_wconf 90' lang='lat' dir='ltr'><strong>id</strong></span> <span class='ocrx_word' id='word_1_827' title='bbox 3692 4768 3790 4805; x_wconf 79' lang='lat' dir='ltr'><strong>vo-</strong></span> 
     </span>
    </p>
   </div>
   <div class='ocr_carea' id='block_1_108' title="bbox 2200 4844 3789 4925">
    <p class='ocr_par' dir='ltr' id='par_1_108' title="bbox 2200 4844 3789 4925">
     <span class='ocr_line' id='line_1_108' title="bbox 2200 4844 3789 4925; baseline -0.019 -1"><span class='ocrx_word' id='word_1_828' title='bbox 2200 4844 2284 4925; x_wconf 76' lang='lat' dir='ltr'><strong>bis</strong></span> <span class='ocrx_word' id='word_1_829' title='bbox 2312 4866 2378 4921; x_wconf 87' lang='lat' dir='ltr'><strong>ad</strong></span> <span class='ocrx_word' id='word_1_830' title='bbox 2409 4865 2631 4921; x_wconf 90' lang='lat' dir='ltr'><strong>salutem</strong></span> <span class='ocrx_word' id='word_1_831' title='bbox 2674 4875 2796 4916; x_wconf 87' lang='lat' dir='ltr'><strong>esse</strong></span> <span class='ocrx_word' id='word_1_832' title='bbox 2837 4857 2985 4912; x_wconf 88' lang='lat' dir='ltr'><strong>satis.</strong></span> <span class='ocrx_word' id='word_1_833' title='bbox 3027 4856 3140 4909; x_wconf 87' lang='lat' dir='ltr'><strong>Non</strong></span> <span class='ocrx_word' id='word_1_834' title='bbox 3185 4850 3409 4906; x_wconf 86' lang='lat' dir='ltr'><strong>audistis</strong></span> <span class='ocrx_word' id='word_1_835' title='bbox 3448 4844 3789 4915; x_wconf 83' lang='lat' dir='ltr'><strong>prophetam,</strong></span> 
     </span>
    </p>
   </div>
   <div class='ocr_carea' id='block_1_109' title="bbox 2202 4936 3791 5025">
    <p class='ocr_par' dir='ltr' id='par_1_109' title="bbox 2202 4936 3791 5025">
     <span class='ocr_line' id='line_1_109' title="bbox 2202 4936 3791 5025; baseline -0.017 -11"><span class='ocrx_word' id='word_1_836' title='bbox 2202 4963 2309 5014; x_wconf 92' lang='lat' dir='ltr'><strong>imo</strong></span> <span class='ocrx_word' id='word_1_837' title='bbox 2342 4958 2506 5012; x_wconf 86' lang='lat' dir='ltr'><strong>Deum</strong></span> <span class='ocrx_word' id='word_1_838' title='bbox 2538 4971 2629 5025; x_wconf 86' lang='lat' dir='ltr'><strong>per</strong></span> <span class='ocrx_word' id='word_1_839' title='bbox 2657 4950 2970 5023; x_wconf 85' lang='lat' dir='ltr'><strong>prophetam</strong></span> <span class='ocrx_word' id='word_1_840' title='bbox 2998 4948 3264 5002; x_wconf 89' lang='lat' dir='ltr'><strong>dicentem</strong></span> <span class='ocrx_word' id='word_1_841' title='bbox 3292 4961 3305 4997; x_wconf 89' lang='lat'>:</span> <span class='ocrx_word' id='word_1_842' title='bbox 3338 4939 3572 5011; x_wconf 77' lang='lat' dir='ltr'><strong>Populus</strong></span> <span class='ocrx_word' id='word_1_843' title='bbox 3600 4938 3680 4989; x_wconf 82' lang='lat' dir='ltr'><strong>hic</strong></span> <span class='ocrx_word' id='word_1_844' title='bbox 3708 4936 3791 4989; x_wconf 81' lang='lat' dir='ltr'><strong>fa-</strong></span> 
     </span>
    </p>
   </div>
   <div class='ocr_carea' id='block_1_110' title="bbox 2203 5025 3792 5105">
    <p class='ocr_par' dir='ltr' id='par_1_110' title="bbox 2203 5025 3792 5105">
     <span class='ocr_line' id='line_1_110' title="bbox 2203 5025 3792 5105; baseline -0.017 0"><span class='ocrx_word' id='word_1_845' title='bbox 2203 5052 2297 5105; x_wconf 66' lang='lat' dir='ltr'><strong>bii;</strong></span> <span class='ocrx_word' id='word_1_846' title='bbox 2320 5067 2397 5103; x_wconf 87' lang='lat' dir='ltr'><strong>me</strong></span> <span class='ocrx_word' id='word_1_847' title='bbox 2416 5050 2630 5101; x_wconf 76' lang='lat' dir='ltr'><strong>honorat</strong></span> <span class='ocrx_word' id='word_1_848' title='bbox 2653 5060 2671 5097; x_wconf 91' lang='lat'><strong><em>:</em></strong></span> <span class='ocrx_word' id='word_1_849' title='bbox 2691 5061 2778 5097; x_wconf 86' lang='lat' dir='ltr'><strong>cor</strong></span> <span class='ocrx_word' id='word_1_850' title='bbox 2796 5051 2962 5095; x_wconf 79' lang='lat' dir='ltr'><strong>autem</strong></span> <span class='ocrx_word' id='word_1_851' title='bbox 2985 5054 3157 5093; x_wconf 79' lang='lat' dir='ltr'><strong>eorum</strong></span> <span class='ocrx_word' id='word_1_852' title='bbox 3176 5038 3324 5105; x_wconf 82' lang='lat' dir='ltr'><strong>longe</strong></span> <span class='ocrx_word' id='word_1_853' title='bbox 3346 5042 3420 5087; x_wconf 74' lang='lat' dir='ltr'><strong>est</strong></span> <span class='ocrx_word' id='word_1_854' title='bbox 3449 5048 3481 5083; x_wconf 83' lang='grc' dir='ltr'><strong>α</strong></span> <span class='ocrx_word' id='word_1_855' title='bbox 3506 5046 3584 5083; x_wconf 80' lang='lat' dir='ltr'><strong>me</strong></span> <span class='ocrx_word' id='word_1_856' title='bbox 3614 5028 3635 5096; x_wconf 84' lang='lat'>(</span> <span class='ocrx_word' id='word_1_857' title='bbox 3658 5025 3792 5080; x_wconf 78' lang='lat' dir='ltr'><strong>Isai.</strong></span> 
     </span>
    </p>
   </div>
   <div class='ocr_carea' id='block_1_111' title="bbox 2204 5117 3797 5207">
    <p class='ocr_par' dir='ltr' id='par_1_111' title="bbox 2204 5117 3797 5207">
     <span class='ocr_line' id='line_1_111' title="bbox 2204 5117 3797 5207; baseline -0.018 -10"><span class='ocrx_word' id='word_1_858' title='bbox 2204 5142 2293 5198; x_wconf 71' lang='lat'><strong>29.</strong></span> <span class='ocrx_word' id='word_1_859' title='bbox 2328 5142 2440 5207; x_wconf 80' lang='grc'><strong>15).</strong></span> <span class='ocrx_word' id='word_1_860' title='bbox 2467 5138 2545 5193; x_wconf 90' lang='lat' dir='ltr'><strong>Ne</strong></span> <span class='ocrx_word' id='word_1_861' title='bbox 2573 5136 2731 5207; x_wconf 85' lang='lat' dir='ltr'><strong>igitur</strong></span> <span class='ocrx_word' id='word_1_862' title='bbox 2758 5131 2887 5187; x_wconf 87' lang='lat' dir='ltr'><strong>illud</strong></span> <span class='ocrx_word' id='word_1_863' title='bbox 2914 5131 3075 5184; x_wconf 89' lang='lat' dir='ltr'><strong>etiam</strong></span> <span class='ocrx_word' id='word_1_864' title='bbox 3098 5126 3255 5181; x_wconf 87' lang='lat' dir='ltr'><strong>nobis</strong></span> <span class='ocrx_word' id='word_1_865' title='bbox 3278 5122 3504 5187; x_wconf 89' lang='lat' dir='ltr'><strong>accidat,</strong></span> <span class='ocrx_word' id='word_1_866' title='bbox 3525 5119 3645 5174; x_wconf 89' lang='lat' dir='ltr'><strong>dele</strong></span> <span class='ocrx_word' id='word_1_867' title='bbox 3672 5117 3797 5171; x_wconf 79' lang='lat' dir='ltr'><strong>lite-</strong></span> 
     </span>
    </p>
   </div>
   <div class='ocr_carea' id='block_1_112' title="bbox 2205 5210 3795 5297">
    <p class='ocr_par' dir='ltr' id='par_1_112' title="bbox 2205 5210 3795 5297">
     <span class='ocr_line' id='line_1_112' title="bbox 2205 5210 3795 5297; baseline -0.017 -9"><span class='ocrx_word' id='word_1_868' title='bbox 2205 5248 2311 5297; x_wconf 91' lang='lat' dir='ltr'><strong>ras,</strong></span> <span class='ocrx_word' id='word_1_869' title='bbox 2340 5233 2453 5286; x_wconf 90' lang='lat' dir='ltr'><strong>sive</strong></span> <span class='ocrx_word' id='word_1_870' title='bbox 2484 5228 2661 5297; x_wconf 85' lang='lat' dir='ltr'><strong>potius</strong></span> <span class='ocrx_word' id='word_1_871' title='bbox 2690 5225 3051 5288; x_wconf 85' lang='lat' dir='ltr'><strong>characteres,</strong></span> <span class='ocrx_word' id='word_1_872' title='bbox 3081 5233 3218 5289; x_wconf 88' lang='lat' dir='ltr'><strong>quos</strong></span> <span class='ocrx_word' id='word_1_873' title='bbox 3242 5214 3489 5271; x_wconf 86' lang='lat' dir='ltr'><strong>diabolus</strong></span> <span class='ocrx_word' id='word_1_874' title='bbox 3517 5210 3795 5281; x_wconf 84' lang='lat' dir='ltr'><strong>impressit</strong></span> 
     </span>
    </p>
   </div>
   <div class='ocr_carea' id='block_1_113' title="bbox 2208 5303 3799 5387">
    <p class='ocr_par' dir='ltr' id='par_1_113' title="bbox 2208 5303 3799 5387">
     <span class='ocr_line' id='line_1_113' title="bbox 2208 5303 3799 5387; baseline -0.014 -6"><span class='ocrx_word' id='word_1_875' title='bbox 2208 5325 2259 5381; x_wconf 93' lang='lat' dir='ltr'><strong>in</strong></span> <span class='ocrx_word' id='word_1_876' title='bbox 2286 5324 2460 5380; x_wconf 91' lang='lat' dir='ltr'><strong>anima</strong></span> <span class='ocrx_word' id='word_1_877' title='bbox 2492 5330 2601 5387; x_wconf 87' lang='lat' dir='ltr'><strong>tua,</strong></span> <span class='ocrx_word' id='word_1_878' title='bbox 2621 5328 2674 5375; x_wconf 89' lang='lat' dir='ltr'><strong>et</strong></span> <span class='ocrx_word' id='word_1_879' title='bbox 2693 5318 2825 5371; x_wconf 78' lang='lat' dir='ltr'><strong>affer</strong></span> <span class='ocrx_word' id='word_1_880' title='bbox 2843 5315 2969 5369; x_wconf 88' lang='lat' dir='ltr'><strong>mihi</strong></span> <span class='ocrx_word' id='word_1_881' title='bbox 2993 5329 3086 5369; x_wconf 91' lang='lat' dir='ltr'><strong>cor</strong></span> <span class='ocrx_word' id='word_1_882' title='bbox 3106 5308 3453 5367; x_wconf 62' lang='lat' dir='ltr'><strong>sa&#39;cuiaribus</strong></span> <span class='ocrx_word' id='word_1_883' title='bbox 3479 5303 3799 5359; x_wconf 90' lang='lat' dir='ltr'><strong>tumultibus</strong></span> 
     </span>
    </p>
   </div>
   <div class='ocr_carea' id='block_1_114' title="bbox 2207 5395 3798 5480">
    <p class='ocr_par' dir='ltr' id='par_1_114' title="bbox 2207 5395 3798 5480">
     <span class='ocr_line' id='line_1_114' title="bbox 2207 5395 3798 5480; baseline -0.013 -13"><span class='ocrx_word' id='word_1_884' title='bbox 2207 5430 2430 5470; x_wconf 86' lang='lat' dir='ltr'><strong>vacuum</strong></span> <span class='ocrx_word' id='word_1_885' title='bbox 2452 5453 2468 5479; x_wconf 96' lang='lat'><strong>,</strong></span> <span class='ocrx_word' id='word_1_886' title='bbox 2499 5421 2557 5465; x_wconf 89' lang='lat' dir='ltr'><strong>ut</strong></span> <span class='ocrx_word' id='word_1_887' title='bbox 2582 5426 2679 5480; x_wconf 90' lang='lat' dir='ltr'><strong>pro</strong></span> <span class='ocrx_word' id='word_1_888' title='bbox 2708 5408 2878 5462; x_wconf 91' lang='lat' dir='ltr'><strong>lubito</strong></span> <span class='ocrx_word' id='word_1_889' title='bbox 2904 5422 3023 5476; x_wconf 81' lang='lat' dir='ltr'><strong>quae</strong></span> <span class='ocrx_word' id='word_1_890' title='bbox 3048 5402 3180 5459; x_wconf 89' lang='lat' dir='ltr'><strong>mihi</strong></span> <span class='ocrx_word' id='word_1_891' title='bbox 3206 5401 3453 5470; x_wconf 87' lang='lat' dir='ltr'><strong>placeant</strong></span> <span class='ocrx_word' id='word_1_892' title='bbox 3484 5395 3798 5451; x_wconf 81' lang='lat' dir='ltr'><strong>inscribam.</strong></span> 
     </span>
    </p>
   </div>
   <div class='ocr_carea' id='block_1_115' title="bbox 2208 5482 3803 5573">
    <p class='ocr_par' dir='ltr' id='par_1_115' title="bbox 2208 5482 3803 5573">
     <span class='ocr_line' id='line_1_115' title="bbox 2208 5482 3803 5573; baseline -0.018 -12"><span class='ocrx_word' id='word_1_893' title='bbox 2208 5506 2359 5562; x_wconf 85' lang='lat' dir='ltr'><strong>Nunc</strong></span> <span class='ocrx_word' id='word_1_894' title='bbox 2388 5508 2585 5573; x_wconf 88' lang='lat' dir='ltr'><strong>quippe</strong></span> <span class='ocrx_word' id='word_1_895' title='bbox 2609 5499 2740 5555; x_wconf 92' lang='lat' dir='ltr'><strong>nihil</strong></span> <span class='ocrx_word' id='word_1_896' title='bbox 2767 5498 2837 5553; x_wconf 90' lang='lat' dir='ltr'><strong>ibi</strong></span> <span class='ocrx_word' id='word_1_897' title='bbox 2864 5496 3004 5550; x_wconf 91' lang='lat' dir='ltr'><strong>aliud</strong></span> <span class='ocrx_word' id='word_1_898' title='bbox 3030 5491 3245 5564; x_wconf 89' lang='lat' dir='ltr'><strong>agnosci</strong></span> <span class='ocrx_word' id='word_1_899' title='bbox 3277 5497 3489 5560; x_wconf 79' lang='lat' dir='ltr'><strong>potest,</strong></span> <span class='ocrx_word' id='word_1_900' title='bbox 3519 5482 3803 5573; x_wconf 13' lang='lat' dir='ltr'><strong>nisiiillins</strong></span> 
     </span>
    </p>
   </div>
   <div class='ocr_carea' id='block_1_116' title="bbox 2208 5572 3805 5662">
    <p class='ocr_par' dir='ltr' id='par_1_116' title="bbox 2208 5572 3805 5662">
     <span class='ocr_line' id='line_1_116' title="bbox 2208 5572 3805 5662; baseline -0.017 -11"><span class='ocrx_word' id='word_1_901' title='bbox 2208 5572 2618 5662; x_wconf 26' lang='lat' dir='ltr'><strong>literararapina:</strong></span> <span class='ocrx_word' id='word_1_902' title='bbox 2630 5586 2895 5654; x_wconf 88' lang='lat' dir='ltr'><strong>videlicet,</strong></span> <span class='ocrx_word' id='word_1_903' title='bbox 2914 5584 3155 5647; x_wconf 88' lang='lat' dir='ltr'><strong>avaritia,</strong></span> <span class='ocrx_word' id='word_1_904' title='bbox 3176 5579 3392 5645; x_wconf 89' lang='lat' dir='ltr'><strong>invidia,</strong></span> <span class='ocrx_word' id='word_1_905' title='bbox 3413 5578 3568 5632; x_wconf 86' lang='lat' dir='ltr'><strong>livor.</strong></span> <span class='ocrx_word' id='word_1_906' title='bbox 3594 5572 3805 5628; x_wconf 85' lang='lat' dir='ltr'><strong>Idcirco</strong></span> 
     </span>
    </p>
   </div>
   <div class='ocr_carea' id='block_1_117' title="bbox 2208 5668 3802 5748">
    <p class='ocr_par' dir='ltr' id='par_1_117' title="bbox 2208 5668 3802 5748">
     <span class='ocr_line' id='line_1_117' title="bbox 2208 5668 3802 5748; baseline -0.018 -5"><span class='ocrx_word' id='word_1_907' title='bbox 2208 5704 2329 5743; x_wconf 89' lang='lat' dir='ltr'><strong>cum</strong></span> <span class='ocrx_word' id='word_1_908' title='bbox 2352 5685 2560 5742; x_wconf 84' lang='lat' dir='ltr'><strong>tabulas</strong></span> <span class='ocrx_word' id='word_1_909' title='bbox 2575 5691 2779 5738; x_wconf 85' lang='lat' dir='ltr'><strong>vestras</strong></span> <span class='ocrx_word' id='word_1_910' title='bbox 2799 5678 3022 5748; x_wconf 89' lang='lat' dir='ltr'><strong>accipio,</strong></span> <span class='ocrx_word' id='word_1_911' title='bbox 3040 5690 3106 5729; x_wconf 87' lang='lat' dir='ltr'><strong>ne</strong></span> <span class='ocrx_word' id='word_1_912' title='bbox 3123 5674 3299 5743; x_wconf 82' lang='lat' dir='ltr'><strong>legere</strong></span> <span class='ocrx_word' id='word_1_913' title='bbox 3318 5668 3533 5740; x_wconf 91' lang='lat' dir='ltr'><strong>quidem</strong></span> <span class='ocrx_word' id='word_1_914' title='bbox 3557 5677 3802 5736; x_wconf 85' lang='lat' dir='ltr'><strong>possum.</strong></span> 
     </span>
    </p>
   </div>
   <div class='ocr_carea' id='block_1_118' title="bbox 2211 5752 3807 5848">
    <p class='ocr_par' dir='ltr' id='par_1_118' title="bbox 2211 5752 3807 5848">
     <span class='ocr_line' id='line_1_118' title="bbox 2211 5752 3807 5848; baseline -0.019 -12"><span class='ocrx_word' id='word_1_915' title='bbox 2211 5779 2394 5848; x_wconf 88' lang='lat' dir='ltr'><strong>Neque</strong></span> <span class='ocrx_word' id='word_1_916' title='bbox 2420 5765 2562 5832; x_wconf 78' lang='lat' dir='ltr'><strong>enim</strong></span> <span class='ocrx_word' id='word_1_917' title='bbox 2592 5774 2710 5829; x_wconf 88' lang='lat' dir='ltr'><strong>illas</strong></span> <span class='ocrx_word' id='word_1_918' title='bbox 2736 5771 2805 5827; x_wconf 92' lang='lat' dir='ltr'><strong>ibi</strong></span> <span class='ocrx_word' id='word_1_919' title='bbox 2834 5766 3049 5825; x_wconf 85' lang='lat' dir='ltr'><strong>invenio</strong></span> <span class='ocrx_word' id='word_1_920' title='bbox 3084 5766 3265 5819; x_wconf 89' lang='lat' dir='ltr'><strong>literas</strong></span> <span class='ocrx_word' id='word_1_921' title='bbox 3286 5803 3300 5828; x_wconf 93' lang='lat'><strong>,</strong></span> <span class='ocrx_word' id='word_1_922' title='bbox 3330 5774 3464 5832; x_wconf 91' lang='lat' dir='ltr'><strong>quas</strong></span> <span class='ocrx_word' id='word_1_923' title='bbox 3490 5771 3585 5813; x_wconf 90' lang='lat' dir='ltr'><strong>nos</strong></span> <span class='ocrx_word' id='word_1_924' title='bbox 3610 5752 3807 5810; x_wconf 80' lang='lat' dir='ltr'><strong>diebus</strong></span> 
     </span>
    </p>
   </div>
   <div class='ocr_carea' id='block_1_119' title="bbox 2215 5848 3811 5929">
    <p class='ocr_par' dir='ltr' id='par_1_119' title="bbox 2215 5848 3811 5929">
     <span class='ocr_line' id='line_1_119' title="bbox 2215 5848 3811 5929; baseline -0.018 -1"><span class='ocrx_word' id='word_1_925' title='bbox 2215 5870 2495 5929; x_wconf 85' lang='lat' dir='ltr'><strong>dominicis</strong></span> <span class='ocrx_word' id='word_1_926' title='bbox 2526 5866 2881 5924; x_wconf 89' lang='lat' dir='ltr'><strong>inscribentes</strong></span> <span class='ocrx_word' id='word_1_927' title='bbox 2909 5862 2979 5918; x_wconf 91' lang='lat' dir='ltr'><strong>ibi</strong></span> <span class='ocrx_word' id='word_1_928' title='bbox 3008 5856 3391 5929; x_wconf 89' lang='lat' dir='ltr'><strong>relinquimus;</strong></span> <span class='ocrx_word' id='word_1_929' title='bbox 3420 5853 3515 5909; x_wconf 90' lang='lat' dir='ltr'><strong>scd</strong></span> <span class='ocrx_word' id='word_1_930' title='bbox 3543 5848 3672 5903; x_wconf 86' lang='lat' dir='ltr'><strong>alias</strong></span> <span class='ocrx_word' id='word_1_931' title='bbox 3703 5860 3811 5915; x_wconf 75' lang='lat' dir='ltr'><strong>pro</strong></span> 
     </span>
    </p>
   </div>
  </div>
