4052 6434
365 370 470 427 199

362 486 501 557 βίον·
534 486 582 523 ³⁸
607 489 816 561 Μηδεὶς
837 493 1019 547 τοίνυν
1051 492 1285 564 γινέσθω
1315 492 1538 563 ἄχυρον,
1574 492 1764 562 μηδεὶς
1793 489 1941 561 εὑρί-

361 587 556 637 πιστος
595 573 760 637 έστω,
806 577 944 646 μηδὲ
985 580 1107 641 ταῖς
1151 579 1416 647 πονηράς
1452 575 1770 645 ἐπιθυμίαις
1801 590 1940 645 προ·

361 655 588 720 κείσθω,
614 659 895 729 πανταχοῦ
928 656 1127 732 ῥᾳδίως
1166 659 1259 714 ὑπ’
1292 657 1475 712 αὐτῶν
1506 656 1938 731 ἀναρριπιζόμε-

360 756 471 803 νος.
508 740 608 794 Ἂν
643 741 745 812 μὲν
774 744 886 815 7&9
926 745 1115 817 μείνῃς
1145 746 1326 807 σῖτος,
1365 741 1470 796 κᾶν
1504 740 1812 812 πειρασμὸς
1845 743 1944 795 ἐπ-

358 822 579 894 ενεχθῇ,
597 822 753 877 οὐδὲν
773 826 935 897 πείσῃ
957 826 1129 880 δεινόν
1147 844 1160 858 ·
1183 820 1404 897 καὶγὰρ
1426 824 1571 878 κατὰ
1589 823 1690 894 τήν
1706 823 1821 877 ἀλω
1844 824 1942 893 τῆς

356 904 579 976 ἀμάξης
603 907 654 960 οί
683 909 870 980 τροχοί¹
901 909 952 963 οί
982 909 1416 981 πριστηροειδεῖς
1444 908 1540 962 τὸν
1560 912 1705 962 σῖτον
1738 909 1800 961 οὐ
1821 907 1941 960 δια-

358 989 659 1059 τέμνουσιν
679 1006 694 1021 ’
717 990 785 1044 ἂν
804 991 864 1044 δὲ
892 994 973 1056 είς
994 991 1199 1065 ἀχύρου
1227 992 1545 1063 μεταπέσης
1560 991 1602 1023 ⁸³
1630 990 1939 1056 ἀσθένειαν,

357 1072 458 1126 καὶ
488 1072 725 1126 ἐνταῦθα
773 1075 1051 1145 ἀνήκεστα
1096 1075 1260 1146 πείσῃ
1301 1074 1635 1145 κοπτόμενος
1669 1073 1776 1126 ὑπὸ
1804 1072 1943 1127 πάν-

356 1171 489 1217 των,
508 1155 606 1207 καὶ
624 1157 744 1211 ἐκεῖ
760 1156 860 1227 τὴν
879 1156 1148 1212 ἀθάνατον
1169 1158 1457 1230 ὑποστήσῃ
1476 1157 1717 1211 κόλασιν.
1743 1157 1807 1209 Οἱ
1831 1156 1942 1227 γὰρ

355 1236 597 1291 τοιοῦτοι
630 1232 834 1303 πάντες
858 1242 954 1293 καὶ
987 1241 1096 1312 πρὸ
1125 1241 1228 1311 τῆς
1249 1242 1367 1294 ἐκεῖ
1381 1240 1615 1311 καμίνου
1635 1241 1812 1313 τροφὴ
1828 1243 1941 1303 τοῖς

355 1319 577 1388 ἀλόγοις
609 1322 852 1391 γίνονται
880 1324 1113 1378 ἐνταῦθα
1146 1325 1398 1387 πάθεσιν,
1425 1323 1615 1396 ὥσπερ
1645 1325 1708 1378 τὸ
1739 1325 1942 1396 ἄχυρον

353 1405 471 1467 τοῖς
498 1403 713 1473 ἀλόγοις
732 1406 921 1471 ζώοις
952 1408 1048 1463 καὶ
1071 1409 1189 1461 ἐκεῖ
1218 1408 1382 1463 πάλιν
1405 1407 1505 1479 ὕλη
1534 1409 1630 1462 καὶ
1661 1408 1836 1480 τροφὴ
1862 1408 1942 1480 τῷ

355 1486 512 1558 πυρί.
545 1488 622 1541 Τὸ
640 1489 740 1559 μὲν
760 1485 855 1543 οὖν
876 1492 1051 1544 εἰπεῖν
1079 1490 1141 1554 ἐξ
1160 1490 1398 1555 εὐθείας,
1425 1491 1510 1544 δτι
1532 1490 1705 1554 Αὐτὸς
1730 1490 1941 1545 δικάσει

354 1571 473 1632 τοῖς
502 1568 830 1640 γινομένοις,
855 1572 953 1642 οὐχ
981 1570 1154 1636 οὕτως
1184 1572 1359 1626 ἐποίει
1396 1572 1804 1643 εὑπαράδεκτον
1846 1571 1941 1626 τὸν

354 1651 546 1721 λόγον’
574 1654 635 1706 τὸ
659 1653 717 1709 δὲ
742 1653 1003 1724 ἀναμῖξαι
1025 1656 1125 1725 τήν
1158 1655 1494 1727 παραϐολὴν,
1519 1656 1613 1709 καὶ
1632 1654 1721 1709 διά
1737 1654 1942 1726 ταύτης

353 1736 774 1790 κατασκευάσαι
799 1736 861 1789 τὸ
880 1739 1010 1797 πᾶν,
1040 1737 1240 1808 μᾶλλον
1263 1736 1471 1800 ἔπειθε,
1489 1739 1585 1791 καὶ
1606 1738 1745 1810 μετά
1763 1737 1942 1791 πλείο-

351 1834 449 1881 νος
494 1819 854 1889 παραμυθίας
904 1819 1189 1888 ἐφείλκετο
1239 1819 1330 1872 τὸν
1372 1821 1668 1892 ἀκροατήν.
1713 1820 1804 1873 Διὸ
1845 1820 1942 1873 xal

350 1902 428 1954 τά
450 1900 672 1955 πλείονα
703 1900 878 1964 οὕτως
899 1902 1083 1965 αὐτοῖς
1101 1902 1266 1967 αὐτὸς
1289 1904 1337 1936 ³¹
1362 1902 1690 1973 διαλέγὲται,
1734 1904 1936 1967 ἀλωνα,

354 1983 456 2037 καὶ
485 1983 719 2055 ἀμητὸν,
752 1984 850 2038 καὶ
878 1984 1202 2055 ἀμπελῶνα,
1236 1985 1333 2039 καὶ
1345 1985 1527 2056 ληνὸν,
1550 1987 1645 2040 καὶ
1673 1986 1937 2059 ἄρουραν,

354 2070 456 2122 xal
484 2069 750 2138 σαγήνην,
775 2069 868 2122 καὶ
898 2068 1053 2140 [157]
1092 2070 1300 2134 ἀλείαν,
1317 2071 1413 2124 καὶ
1437 2071 1615 2125 πάντα
1639 2071 1710 2124 τὰ
1732 2070 1937 2143 συνήθη

358 2150 458 2203 καὶ
486 2151 545 2203 ἐν
573 2144 657 2213 οἷς
681 2151 1030 2222 ἐστρέφοντο,
1052 2154 1168 2215 τοῖς
1189 2152 1369 2221 λόγοις
1396 2153 1589 2223 μιγνὺς
1606 2156 1719 2216 τοῖς
1747 2154 1935 2208 αὐτοῦ.

355 2235 541 2305 Ὅπερ
573 2231 667 2289 οὖν
700 2237 796 2289 xal
832 2237 862 2288 6
900 2236 1215 2307 Βαπτιστὴς
1253 2235 1489 2290 ἐνταῦθα
1517 2238 1811 2310 πεποίηκε,
1845 2239 1941 2292 καὶ

351 2318 635 2383 ἀπόδειξιν
674 2317 941 2390 μεγίστην
974 2319 1280 2391 παρέσχετο
1316 2320 1428 2374 τῶν
1467 2321 1796 2393 είρημένων,
1837 2322 1938 2394 τὴν

348 2399 450 2453 :06
475 2400 793 2471 Πνεύματος
817 2400 984 2455 δόσιν.
1031 2402 1093 2454 '0
1130 2403 1241 2474 7&9
1260 2402 1500 2457 τοσαῦτα
1525 2403 1842 2475 δυνάμενος,
1862 2404 1938 2469 ὡς

358 2485 464 2537 καὶ
500 2485 878 2556 ἁμαρτήματα
913 2485 1153 2555 ἀφεῖναι,
1201 2487 1298 2540 xal
1340 2488 1567 2559 Πνεῦμα
1601 2489 1809 2553 δοῦναι,
1842 2490 1939 2543 καὶ

347 2566 529 2622 ταῦτα
568 2567 751 2638 πολλῷ
800 2567 1000 2639 μᾶλλον
1047 2569 1361 2639 δυνήσεται,
1399 2570 1587 2640 φησίν.
1638 2567 1792 2634 Εἶδες
1818 2571 1937 2635 πῶς

356 2651 462 2723 ήδη
492 2651 553 2705 τὸ
578 2652 875 2722 μυστήριον
906 2652 1214 2714 ἀκολούθως
1247 2654 1718 2725 προκατεϐάλλετο
1747 2656 1794 2687 ³³
1836 2658 1936 2725 τῆς

349 2734 710 2797 ἀναστάσεως
759 2734 854 2787 καὶ
903 2733 1006 2805 τῆς
1062 2735 1332 2806 κρίσεως;
1381 2735 1492 2790 Καὶ
1537 2735 1682 2799 τίνος
1721 2736 1930 2801 ἕνεκεν,

351 2818 542 2886 φησὶν,
572 2818 674 2870 οὑκ
711 2813 831 2870 εἶπε
866 2816 936 2871 τά
967 2816 1174 2881 εὐθέως
1201 2817 1437 2888 ἐσόμενα
1466 2819 1599 2890 παρ’
1636 2818 1799 2873 αὐτοῦ
1840 2836 1937 2889 ση-

354 2902 486 2971 μεῖα
511 2902 607 2953 καὶ
628 2900 834 2970 τέρατα
859 2917 874 2966 ;
906 2901 1030 2954 Ὀτι
1054 2900 1214 2954 τοῦτο
1242 2901 1428 2972 μεῖζον
1450 2902 1704 2957 ἁπάντων
1725 2898 1816 2974 ἦν,
1843 2904 1936 2957 καὶ

345 2983 441 3038 διά
461 2983 619 3037 τοῦτο
646 2983 692 3015 ³⁸
716 2984 898 3038 πάντα
918 2985 1104 3038 ἐκεῖνα
1133 2985 1363 3053 ἐγίνετο.
1396 2985 1471 3038 Τὸ
1499 2986 1609 3057 7&9
1642 2986 1935 3056 κεφάλαιον

348 3065 490 3130 θεὶς,
520 3066 697 3119 πάντα
718 3066 1011 3136 περιέλαϐε
1033 3084 1048 3098 ·
1073 3067 1304 3122 θανάτου
1321 3067 1495 3132 λύσιν,
1520 3070 1935 3141 ἁμαρτημάτων

346 3149 656 3220 ἀναίρεσιν,
677 3152 922 3222 κατάρας
949 3149 1278 3222 ἀφανισμὸν,
1301 3152 1409 3205 τῶν
1429 3152 1658 3222 χρονίων
1685 3153 1936 3224 πολέμων

347 3231 675 3304 ἀπαλλαγὴν
696 3274 711 3298 ,
750 3233 850 3303 τὴν
886 3234 969 3296 είς
1003 3233 1097 3287 τὸν
1123 3233 1455 3305 παράδεισον
1474 3235 1700 3299 εἴσοδον,
1730 3236 1832 3307 τὴν
1854 3238 1936 3300 είς

346 3318 613 3387 οὐρανοὺς
635 3316 820 3371 ἄνοδον
842 3316 910 3381 ³⁸,
929 3316 1030 3390 τὴν
1062 3317 1201 3389 μετά
1226 3317 1476 3387 ἀγγέλων
1500 3319 1799 3383 πολιτείαν,
1829 3320 1930 3390 τὴν

346 3399 463 3453 τῶν
512 3400 814 3469 μελλόντων
857 3399 1084 3470 ἀγαθῶν
1128 3402 1446 3455 κοινωνίαν·
1484 3402 1579 3455 καὶ
1626 3401 1736 3473 γὰρ
1781 3395 1936 3467 οὗτος

346 3482 609 3553 αρῤαϐὼν
659 3483 884 3537 ἐκείνων
932 3483 1103 3538 ἐστίν.
1152 3483 1338 3537 Είπὼν
1363 3483 1544 3537 τοίνυν
1580 3483 1759 3548 τοῦτο,
1813 3482 1935 3539 εἷπε

349 3564 451 3618 καὶ
475 3563 576 3636 τὴν
604 3565 715 3619 τῶν
761 3565 1035 3635 σωμάτων
1065 3566 1384 3633 ἀνάστασιν,
1428 3567 1522 3620 καὶ
1566 3566 1669 3636 τὴν
1709 3567 1819 3620 τῶν
1848 3569 1936 3621 ἐν·

342 3646 528 3702 ταῦθα
559 3648 801 3719 σημείων
829 3647 1114 3717 ἐπίδειξιν,
1148 3649 1244 3703 καὶ
1268 3650 1367 3722 τὴν
1387 3649 1486 3720 τῆς
1518 3650 1794 3722 βασιλείας
1820 3669 1935 3705 κοι-

344 3731 569 3795 νωνίαν,
594 3731 689 3784 καὶ
710 3731 780 3784 τὰ
808 3731 1010 3801 ἀγαθὰ,
1049 3734 1117 3786 Ἀ
1153 3732 1467 3802 ὀφθαλμὸς
1498 3735 1609 3788 οὐκ
1644 3730 1785 3799 εἶδε,
1833 3736 1933 3790 καὶ

347 3810 468 3881 οὖς
497 3816 610 3868 οὐκ
634 3814 888 3884 ἤκουσε,
923 3816 1022 3869 καὶ
1047 3815 1149 3868 ἐπὶ
1187 3816 1444 3884 καρδίαν
1475 3817 1795 3886 ἀνθρώπου
1823 3820 1935 3873 οὐκ

345 3896 557 3965 ἀνέϐη.
590 3898 774 3952 Πάντα
795 3898 905 3970 γὰρ
924 3898 1098 3952 ταῦτα
1125 3898 1193 3952 δι’
1229 3899 1440 3952 ἐκείνου
1466 3900 1561 3953 τοῦ
1597 3901 1935 3971 χαρίσματος

344 3984 380 4051 ή
392 3982 487 4048 μίν
527 3981 857 4053 παρέσχετο.
904 3981 1171 4051 Περιττὸν
1215 3982 1399 4036 τοίνυν
1424 3978 1494 4053 ἦν
1532 3984 1662 4056 περὶ
1703 3984 1814 4038 τῶν
1841 4001 1935 4054 ση-

349 4062 525 4135 μείων
561 4065 738 4116 είπείν
768 4063 881 4117 τῶν
908 4065 1115 4128 εὐθέως
1144 4063 1555 4134 ἐκϐησομένων,
1587 4066 1684 4120 καὶ
1706 4069 1772 4136 τῇ
1812 4064 1935 4135 δψει

346 4145 690 4217 κρινομένων
709 4161 723 4175 ’
756 4146 872 4200 ἀλλ’
899 4147 1041 4219 ὑπὲρ
1064 4147 1290 4201 ἐκείνων
1324 4147 1433 4201 ἔδει
1457 4147 1829 4219 διαλεχθῆναι,
1858 4143 1935 4203 ὧν

343 4229 726 4300 ἀμφέϐαλλονο
750 4224 886 4292 οἷον,
908 4231 992 4284 δτι
1018 4230 1146 4294 Υἱὸς
1173 4229 1310 4284 Θεοῦ
1336 4231 1503 4288 ἐστιν.
1534 4231 1617 4284 ὅτι
1651 4231 1935 4302 ὑπερέχων

343 4311 445 4367 τοῦ
496 4311 743 4367 Ἰωάννου
781 4313 1154 4384 ἀσυγκρίτως,
1204 4313 1288 4367 ὅτι
1337 4314 1486 4386 αίρει
1524 4314 1625 4387 τὴν
1657 4316 1934 4388 ἁμαρτίαν

343 4395 448 4452 τοῦ
475 4396 705 4468 κόσμου,
739 4397 823 4451 ὅτι
855 4397 1013 4467 δίκην
1035 4398 1334 4470 ἀπαιτήσει
1366 4398 1477 4451 τῶν
1502 4400 1931 4470 πεπραγμένων,

346 4480 437 4534 ὅτι
467 4478 532 4532 ού
572 4477 739 4551 μέχρι
784 4479 879 4532 τοῦ
929 4480 1201 4551 παρόντος
1231 4481 1301 4535 τά
1350 4478 1612 4554 ἡμέτερα,
1657 4481 1772 4535 ἀλλ’
1821 4484 1938 4536 ἐκεῖ

348 4560 452 4633 τὴν
470 4560 627 4629 ἀξίαν
651 4561 885 4626 ἕκαστος
913 4563 1281 4634 ὑποστήσεται
1302 4570 1592 4636 τιμωρίαν.
1625 4563 1809 4620 Ταῦτα
1827 4564 1936 4636 7&9

345 4644 474 4714 ὕψει
508 4646 862 4717 παραστῆσαι
900 4646 1040 4710 τέως
1077 4647 1178 4700 οὐκ
1201 4642 1291 4717 ἦν.

423 4725 490 4794 ζ’.
512 4728 558 4760 ³⁸
580 4727 749 4785 Ταῦτ’
777 4725 871 4782 οὖν
894 4729 1118 4793 εἰδότες,
1143 4729 1312 4801 πολλῇ
1336 4732 1399 4800 τῇ
1420 4730 1623 4802 σπουδῇ
1650 4729 1933 4801 χρώμεθα,

344 4809 457 4875 ἕως
486 4803 719 4881 ἂνῶμεν
741 4812 803 4864 ὲν
823 4814 893 4882 τῇ
917 4811 1080 4865 ἆλωνι
1100 4827 1115 4841 ·
1144 4814 1241 4865 καὶ
1268 4812 1378 4881 7&9
1399 4812 1610 4877 ἔξεστιν
1631 4814 1866 4867 ἐνταῦθα
1888 4814 1932 4845 ³⁷

343 4888 473 4946 οὖσι
504 4895 600 4948 καὶ
623 4893 683 4958 ἐξ
714 4894 924 4965 ἀχύρου
950 4895 1352 4965 μεταϐαλέσθαι
1375 4896 1421 4926 ³⁸
1444 4898 1526 4959 είς
1556 4899 1720 4962 σῖτον,
1744 4896 1937 4968 ὥσπερ

344 4972 449 5033 οὖν
479 4978 573 5032 καὶ
598 4979 709 5033 ἀπὸ
746 4980 897 5033 σίτου
928 4979 1120 5035 πολλοὶ
1139 4980 1430 5051 γεγόνασιν
1463 4980 1688 5052 ἄχυρον.
1720 4981 1812 5052 Μὴ
1831 4982 1937 5035 τοί-

345 5076 447 5116 νυν
469 5061 855 5132 ἀναπέσωμεν,
898 5062 1036 5133 μηδὲ
1073 5062 1261 5133 ἀνέμῳ
1294 5064 1458 5117 παντὶ
1486 5063 1934 5135 περιφερώμεθα,

346 5143 490 5216 μηδὲ
507 5143 619 5199 τῶν
643 5145 892 5215 ἀδελφῶν
917 5145 1349 5216 ἀποηιζιῦμεθα
1370 5146 1481 5200 τῶν
1501 5146 1809 5217 ἡμετέρων,
1831 5147 1937 5201 κᾶν

346 5228 545 5301 μικροὶ
568 5227 804 5282 δοκῶσιν
831 5224 971 5284 εἷναι
1007 5229 1103 5284 καὶ
1137 5228 1377 5291 εὐτελεῖς
1403 5245 1417 5260 ο
1454 5230 1578 5283 ἐπεὶ
1606 5230 1701 5283 καὶ
1732 5230 1764 5283 ό
1791 5234 1936 5295 σῖτος

342 5309 447 5366 τοῦ
479 5310 687 5382 ἀχύρου
711 5315 856 5365 κατά
901 5313 1002 5383 μὲν
1041 5311 1104 5366 τὸ
1141 5313 1342 5383 μέτρον
1371 5311 1637 5377 ἐλάττων,
1689 5314 1836 5367 κατά
1879 5314 1938 5367 δὲ

342 5392 449 5465 τὴν
463 5393 628 5464 φύσιν
650 5394 896 5466 βελτίων.
917 5396 1007 5467 Μὴ
1022 5395 1088 5467 δὴ
1108 5396 1209 5460 τὰς
1227 5395 1429 5461 ἔξωθεν
1449 5398 1757 5467 φαντασίας
1784 5398 1900 5469 ἴδῃς
1918 5413 1932 5428 ⁸

343 5476 429 5549 τῷ
466 5477 600 5549 πυρὶ
626 5479 735 5549 γάρ
768 5480 878 5532 εἰσι
905 5480 1421 5553 παρεσκευασμέναι
1442 5492 1457 5510 ⁸
1491 5480 1631 5536 ἀλλά
1659 5480 1762 5554 τὴν
1789 5478 1936 5535 κατὰ

423 5639 468 5672 ⁸⁸
494 5639 781 5693 ΗΘΙΚΟΝ.
810 5639 948 5710 Περὶ
980 5640 1215 5711 κρίσεως
1253 5642 1321 5696 Δ.
1388 5641 1433 5676 ³⁸
1468 5642 1761 5765 καταπέσῃ

423 5726 461 5763 ιι
487 5708 586 5765 Ge.
627 5709 674 5742 ⁸⁸
694 5709 1134 5765 ποοκατεϐάλετο
1163 5713 1230 5765 Δ.
1261 5711 1325 5765 Β.
1346 5710 1395 5745 ³⁸
1420 5713 1609 5765 τούτου
1630 5713 1696 5765 Δ.

343 5712 461 5782 ips;
487 5708 586 5782 Ge,
627 5708 1134 5782 "ARROM‘iSGdiEtO
1163 5713 1230 5766 Δ.
1261 5711 1325 5765 Β.
1346 5710 1395 5745 ³⁸
1420 5713 1609 5767 τούτου
1630 5713 1696 5766 Δ.

1495 370 1564 427 ΙΝ
1602 368 2022 426 MATTIIIEUM
2062 368 2299 427 IIO‘HIL.
2339 371 2429 428 XI.

1756 5643 1939 5783 ξᾶτὴ

3519 375 3625 431 m
3647 400 3654 407 .

2043 487 2180 540 Θεὸν
2200 491 2588 561 ταπεινότητα,
2612 492 2711 565 τὴν
2731 492 2968 564 στερρὰν
2989 491 3193 562 ταύτην
3206 492 3299 545 xal
3318 491 3622 561 ἀδιάλυτον,

2043 572 2137 625 καὶ
2162 572 2441 644 τμηθῆναι
2490 574 2567 646 μὴ
2605 574 2932 646 δυναμένην,
2983 575 3119 646 μηδέ
3162 574 3268 630 ὑπὸ
3314 575 3410 627 :06
3454 575 3628 648 πυίὸς

2000 676 2007 683 ο
2043 656 2362 725 καιομένην.
2394 657 2494 711 Διά
2523 656 2634 727 γὰρ
2652 658 2876 722 τούτους
2901 659 2997 715 καὶ
3019 658 3098 729 τῷ
3125 658 3315 730 ἀχύρῳ
3349 658 3629 730 μακροθυ-

2047 741 2156 809 μεῖ,
2192 739 2279 792 ἵνα
2310 739 2417 793 ἀπὸ
2461 742 2560 811 τῆς
2608 742 2744 813 πρὸς
2770 742 2969 805 αὐτοὺς
3006 742 3225 812 ὁμιλίας
3269 740 3514 811 βελτίους
3544 742 3628 810 γέ-

2042 837 2259 875 νωνται.
2311 822 2409 875 Διά
2452 823 2612 875 τοῦτο
2643 821 2796 877 οὔπω
2841 822 3044 894 κρίσις,
3094 824 3181 880 ἵνα
3225 826 3378 896 κοινῇ
3424 824 3626 888 πάντες
3716 860 3722 868 -

2045 904 2506 976 στεφανωθῶμεν,
2541 905 2627 960 ἵνα
2658 907 2768 961 ἀπὸ
2809 908 3073 980 πονηρίας
3127 908 3313 962 πολλοὶ
3353 908 3626 980 μεταϐλη-

2043 986 2213 1039 θῶσιν
2238 987 2283 1020 ³⁸
2299 990 2379 1052 είς
2404 990 2627 1061 ἀρετήν.
2654 990 2938 1062 Φρίξωμεν
2958 991 3157 1055 τοίνυν,
3182 992 3282 1063 τῆς
3312 991 3626 1064 παραϐολῆς

2041 1068 2250 1140 ταύτης
2274 1070 2587 1135 ἀκούοντες.
2622 1073 2734 1127 Καὶ
2755 1073 2865 1144 γὰρ
2898 1072 3163 1128 ἀσϐεστόν
3188 1076 3337 1127 ἐστιν
3362 1076 3541 1128 ἐκεῖνο
3565 1075 3627 1128 τὸ

2042 1152 2175 1222 πῦρ.
2214 1153 2326 1207 Καὶ
2353 1154 2495 1217 πῶς.
2538 1155 2725 1226 φησὶν,
2754 1155 3052 1223 άσϐεστονς
3097 1158 3211 1229 Οὐχ
3238 1159 3373 1230 δρᾷς
3416 1159 3629 1210 τουτονὶ

2043 1234 2134 1288 τὸν
2164 1234 2319 1305 ἥλιον
2341 1237 2631 1308 καιόμενον
2660 1237 2769 1303 ἀεὶ,
2804 1238 2900 1293 καὶ
2926 1239 3199 1309 μηδέποτε
3232 1240 3625 1311 σϐεννύμενονς

2042 1318 2146 1371 οὐκ
2173 1315 2312 1383 εἶδες
2344 1319 2444 1389 τὴν
2479 1319 2641 1390 βάτον
2867 1323 3187 1394 καιομένην,
3218 1324 3315 1379 καὶ
3349 1324 3425 1395 μὴ
3455 1341 3624 1378 κατα-

2044 1401 2379 1474 καιομένην;
2404 1404 2467 1456 El
2496 1403 2678 1458 τοίνυν
2708 1405 2805 1457 καὶ
2830 1405 2997 1468 αὐτὸς
3019 1405 3196 1476 βούλει
3222 1406 3503 1477 διαφυγεῖν
3528 1408 3628 1479 τὴν

2044 1484 2241 1552 φλόγα,
2273 1485 2374 1557 τὴν
2408 1485 2784 1558 ἐλεημοσύνην
2814 1488 2861 1520 ⁸⁸
2888 1490 3201 1560 προαπόθου
3233 1490 3299 1554 ⁵⁸,
3337 1491 3431 1546 καὶ
3451 1489 3628 1555 οὕτως

2040 1565 2164 1618 οὐδὲ
2192 1569 2389 1639 πεῖραν
2428 1567 2573 1641 λήψῃ
2613 1569 2709 1623 τοῦ
2750 1570 2921 1642 πυρὸς
2963 1573 3192 1626 ἐκείνου.
3233 1573 3332 1626 Ἂν
3368 1573 3468 1645 μὲν
3515 1572 3627 1644 7&9

2044 1648 2280 1703 ἐνταῦθα
2305 1651 2606 1723 πιστεύσῃς
2624 1654 2737 1715 τοῖς
2767 1653 3103 1725 λεγομένοις,
3128 1656 3250 1710 οὑδὲ
3269 1656 3391 1727 δψει
3407 1655 3505 1727 τὴν
3526 1657 3625 1711 κά-

2047 1749 2204 1804 μινον
2246 1732 2473 1804 ταύτην,
2523 1734 2778 1789 ἀπελθὼν
2829 1737 3042 1791 ἐκεῖσε’
3093 1739 3188 1792 ἐὰν
3218 1738 3277 1792 δὲ
3313 1741 3625 1811 ἀπιστήσῃς

2044 1815 2182 1886 αὐτῇ
2204 1814 2321 1880 νῦν,
2351 1816 2469 1870 ἐκεῖ
2485 1816 2575 1871 διά
2589 1818 2689 1889 τῆς
2718 1818 2915 1889 πείρας
2950 1820 3073 1895 εἴσῃ
3098 1821 3300 1885 καλῶς,
3323 1822 3411 1875 ὅτε
3434 1823 3556 1875 ούδέ
3576 1824 3623 1853 δ’

2041 1896 2325 1968 διαφυγεῖν
2353 1899 2600 1955 δυνατόν.
2632 1901 2744 1955 Kal
2789 1902 2899 1972 7&9
2928 1904 3305 1976 ἀπαραίτητος
3336 1906 3369 1976 η
3402 1905 3624 1969 κόλασις

2042 1982 2157 2045 τοῖς
2192 1983 2296 2035 οὑκ
2332 1982 2494 2054 ὀρθὸν
2522 1983 2981 2056 ἐπιδεδειγμένοις
3007 1986 3143 2057 βίον.
3175 1987 3311 2041 υύδὲ
3332 1989 3443 2060 γὰρ
3465 1991 3628 2061 ἀρκεῖ

2039 2063 2104 2115 τὸ
2136 2064 2425 2119 πιστεῦσαι
2454 2066 2636 2138 μόνον’
2670 2067 2794 2120 ἐπεὶ
2822 2069 2918 2122 καὶ
2951 2068 3203 2141 δαίμονες
3232 2072 3517 2143 φρίττουσι
3530 2072 3626 2126 τὸν

2040 2147 2197 2212 Θεὸν,
2255 2149 2393 2204 ἀλλὰ
2427 2151 2520 2204 καὶ
2547 2150 2692 2205 οὕτω
2736 2153 3235 2224 τιμωρηθήσονται.
3285 2155 3377 2209 Διὸ
3424 2157 3623 2228 πολλῆς

2041 2232 2174 2302 ἡμῖν
2199 2233 2299 2303 τῆς
2326 2234 2469 2288 κατὰ
2491 2234 2583 2287 τὸν
2606 2234 2718 2305 βίον
2748 2234 3066 2307 ἐπιμελείας
3089 2237 3186 2291 δεῖ.
3211 2238 3309 2291 Διά
3327 2238 3435 2310 7&9
3463 2240 3626 2293 τοῦτο

2041 2316 2136 2366 καὶ
2166 2316 2403 2370 ἐνταῦθα
2432 2319 2576 2388 ὑμᾶς
2604 2318 2846 2388 συνεχῶς
2863 2320 3189 2389 συνάγομεν,
3207 2322 3306 2391 οὐχ
3328 2322 3413 2375 ἴνα
3443 2323 3623 2376 εἰσέλ-

2040 2395 2171 2467 θητε
2201 2398 2381 2469 μόνον,
2412 2399 2527 2453 ἀλλ’
2560 2400 2647 2454 ίνα
2675 2418 2727 2454 τι
2772 2401 2869 2454 καὶ
2914 2401 3282 2474 καρπώσησθε
3308 2404 3407 2475 τῆς
3448 2405 3497 2437 ⁸³
3531 2407 3621 2458 ἐν-

2038 2478 2213 2534 ταῦθα
2241 2480 2523 2554 διατριϐῆς
2546 2500 2560 2513 ν
2595 2482 2663 2535 ἂν
2690 2482 2748 2536 δὲ
2774 2484 3152 2554 παραγίνησθε
3177 2485 3277 2555 μὲν
3304 2486 3412 2547 ἀεὶ,
3451 2486 3622 2557 μηδὲν

2038 2562 2097 2615 δὲ
2134 2563 2389 2617 ἐντεῦθεν
2441 2563 2817 2637 καρπούμενοι
2863 2567 3183 2638 ἀναχωρῆτε
3214 2567 3282 2632 ⁸⁸,
3328 2568 3482 2621 οὐδὲν
3520 2569 3621 2638 τῆς

2037 2645 2275 2699 ἐνταῦθα
2311 2647 2520 2700 εἰσόδου
2555 2649 2651 2701 καὶ
2679 2649 3038 2721 προσεδρείας
3072 2648 3227 2703 ἔσται
3263 2667 3318 2704 τι
3353 2650 3533 2705 πλέον.
3560 2652 3622 2705 Εἰ

2037 2727 2148 2798 7&9
2175 2728 2362 2783 παιδία
2397 2730 2536 2801 πρὸς
2564 2730 2918 2795 διδασκάλους
2953 2731 3287 2802 πέμποντες.
3319 2734 3386 2788 ἂν
3424 2734 3622 2804 ἴδωμεν

2038 2811 2247 2864 ἐκεῖθεν
2295 2812 2464 2884 μηδὲν
2495 2814 2875 2885 καρπούμενα,
2915 2815 3137 2886 σφοδροὶ¹
3168 2817 3463 2888 κατήγοροι
3511 2816 3623 2869 τῶν

2037 2894 2375 2949 διδασκάλων
2412 2896 2700 2969 γινόμεθα,
2747 2898 2843 2952 καὶ
2887 2899 3025 2969 πρὸς
3062 2899 3285 2971 ἐτέρους
3324 2900 3466 2955 αύτά
3494 2904 3624 2973 μεθ-

2042 2976 2271 3049 ίσταμεν
2294 2978 2341 3011 ⁸⁸
2389 2979 2687 3045 πολλάκις·
2720 2981 2846 3035 τίνα
2889 2981 3083 3052 ἕξομεν
3115 2983 3433 3052 ἀπολογίαν,
3487 2985 3624 3055 μηδέ

2037 3061 2172 3132 ὅσην
2198 3063 2383 3126 ἐντοῖς
2401 3065 2609 3135 γηῖνοις
2635 3063 2866 3129 τούτοις,
2894 3065 3165 3137 τοσαύτην
3189 3068 3256 3139 τῇ
3286 3067 3455 3138 ἀρετῇ
3480 3083 3626 3140 παρ-

2038 3144 2257 3214 έχοντες
2303 3146 2404 3219 τὴν
2448 3146 2707 3217 σπουδὴν,
2753 3148 2891 3201 ἀλλά
2938 3148 3101 3213 κενάς
3142 3150 3231 3203 ἀεὶ
3275 3150 3376 3214 τὰς
3406 3151 3624 3216 δέλτους

2035 3228 2220 3283 οἴκαδε
2266 3232 2554 3301 φέροντες;
2603 3232 2798 3285 Καίτοι
2854 3232 2950 3286 καὶ
2998 3232 3218 3299 πλείους
3260 3235 3354 3287 καὶ
3405 3236 3624 3305 μείζους

2036 3312 2274 3367 ἐνταῦθα
2304 3314 2353 3366 οί
2389 3313 2721 3367 διδάσκαλοι.
2755 3315 2868 3368 Kal
2893 3315 3002 3386 7&9
3033 3318 3341 3387 προφήτας,
3375 3319 3469 3372 καί
3490 3320 3624 3372 ἀπο-

2037 3394 2277 3457 στόλους,
2305 3395 2399 3447 καὶ
2428 3396 2794 3467 πατριάρχας,
2834 3398 2931 3451 καὶ
2960 3398 3201 3462 δικαίους
3229 3397 3474 3464 ἅπαντας
3502 3399 3623 3454 καθ’

2036 3478 2276 3547 ἑκάστην
2309 3478 2439 3547 ὑμῖν
2469 3480 2515 3510 ⁸⁸
2553 3479 2864 3550 ἐφιστῶμεν
2897 3481 3196 3551 ἐκκλησίαν
3242 3482 3620 3547 διδασκάλους.

2038 3562 2149 3615 Kal
2170 3561 2291 3615 οὐδὲ
2316 3561 2461 3616 οὕτω
2489 3562 2765 3631 γίνεταίτι
2790 3563 2952 3618 πλέον
2973 3581 2987 3596 ’
3018 3565 3154 3619 ἀλλὰ
3176 3567 3241 3621 ἀν
3267 3566 3360 3619 δύο
3374 3566 3623 3638 ψαλμοὺς

2039 3643 2073 3715 ἢ
2110 3647 2262 3716 τρεῖς
2287 3645 2694 3716 ὑπηχήσαντες,
2727 3647 2942 3712 καὶτὰς
2972 3648 3223 3721 συνήθεις
3246 3649 3413 3721 εὐχὰς
3436 3650 3623 3714 ἁπλῶς

2036 3726 2132 3780 xal
2159 3726 2236 3791 ὼς
2257 3727 2414 3799 ἔτυχε
2445 3728 2759 3799 ποιούμενοι
2786 3728 3099 3801 διαλυθῆτε,
3131 3732 3386 3803 νομίζετε
3426 3734 3623 3805 ἀρκεῖν

2035 3810 2198 3863 τοῦτο
2220 3812 2303 3877 είς
2337 3814 2613 3883 σωτηρίαν
2641 3813 2790 3883 ὑμῖν.
2829 3815 2946 3867 υὺκ
2977 3814 3248 3884 ἠκούσατε
3278 3814 3372 3869 τοῦ
3406 3819 3623 3888 προφή-

2034 3910 2132 3946 του
2164 3893 2438 3963 λέγοντος.
2482 3894 2684 3966 μᾶλλον
2716 3895 2773 3949 δὲ
2799 3896 2894 3949 τού
2915 3896 3050 3950 Θεοῦ
3077 3897 3166 3950 διὰ
3192 3898 3284 3951 :06
3320 3903 3623 3969 προφήτου,

2034 3978 2118 4031 ὅτι
2159 3976 2223 4029 '0
2258 3978 2412 4044 λαὸς
2461 3975 2640 4044 οὗτος
2678 3979 2805 4045 τοῖς
2854 3982 3093 4049 χείλεσι
3132 3999 3205 4049 με
3245 3980 3405 4050 τιμᾷ,
3464 3984 3503 4052 ἡ
3555 3983 3624 4037 δὲ

2035 4058 2253 4126 καρδία
2292 4058 2495 4113 αὐτῶν
2535 4060 2736 4130 πόῤῥω
2784 4062 2996 4132 ἀπέχει
3031 4063 3133 4117 ἀπ’
3166 4064 3348 4131 ἐμοῦ;
3383 4067 3480 4118 "lv‘
3528 4062 3624 4121 οὖν
3672 4101 3685 4107 -

2034 4141 2191 4194 τοῦτο
2229 4142 2303 4212 μὴ
2332 4142 2560 4225 γένηται
2589 4144 2685 4196 καὶ
2717 4143 2803 4211 ἐφ’
2830 4144 3008 4215 ήμῶν,
3036 4145 3316 4217 ἐξάλειψον
3343 4149 3412 4204 τά
3437 4151 3621 4225 γράμ-

2040 4241 2210 4296 ματα,
2264 4224 2465 4295 μᾶλλον
2502 4225 2562 4280 δέ
2609 4228 2678 4281 τὰ
2705 4228 3062 4299 χαράγματα,
3107 4232 3253 4305 ἀπερ
3300 4236 3329 4287 ό
3378 4235 3624 4301 διάϐολος

2038 4308 2349 4362 ἐνετύπωσε
2385 4326 2477 4363 σου
2509 4313 2580 4382 τῇ
2607 4311 2779 4384 ψυχῇ,
2818 4314 2914 4366 καὶ
2942 4315 3076 4387 φέρε
3110 4334 3199 4387 μοι
3227 4318 3457 4390 καρδίαν
3490 4319 3623 4391 βιωο

2036 4392 2207 4477 τικῶν
2241 4392 2675 4467 ἀπηλλαγμένην
2707 4396 2976 4468 θορύϐων,
3036 4399 3123 4454 ἵνα
3170 4402 3313 4477 μετά
3362 4404 3547 4470 ἁδείας
3588 4407 3623 4461 ἃ

2039 4474 2303 4547 βούλομαι
2329 4478 2613 4549 ἐγγράφω.
2662 4480 2750 4544 Ὠς
2776 4481 2872 4534 νῦν
2908 4499 2970 4549 γε
2991 4484 3147 4539 ούδέν
3185 4474 3372 4556 ἔτερόν
3396 4488 3514 4543 ἐστι
3540 4506 3627 4559 γι-

2035 4558 2290 4622 νὼσκειν,
2323 4559 2357 4630 ἦ
2398 4560 2468 4614 τὰ
2497 4563 2706 4616 ἐκείνου
2733 4565 3039 4636 γράμματα
3060 4607 3075 4630 ,
3104 4569 3364 4639 ἀρπαγάς
3387 4609 3401 4635 ,
3434 4558 3623 4627 πλεονο

2035 4641 2215 4708 εξίας,
2258 4641 2474 4712 φθόνον,
2509 4644 2832 4715 βασκανίαν.
2868 4650 2967 4703 Διά
3008 4649 3073 4721 δὴ
3115 4652 3296 4718 τοῦτο,
3344 4655 3473 4707 ὅταν
3527 4657 3626 4720 τὰς

2035 4726 2259 4790 δέλτους
2280 4726 2432 4781 λάϐω
2452 4728 2495 4759 ⁸⁷
2521 4729 2622 4792 τὰς
2648 4729 2942 4801 ὑμετέρας,
2974 4734 3097 4786 οὐδὲ
3128 4735 3440 4804 ἀναγνῶναι
3465 4737 3622 4791 δύνα-

2041 4826 2160 4880 μαι.
2209 4810 2284 4863 Οὐ
2331 4810 2443 4880 7&9
2496 4812 2738 4882 εὑρίσκω
2779 4814 2851 4866 τά
2896 4815 3224 4886 γράμματα,
3271 4816 3416 4889 ἆπερ
3458 4822 3622 4889 ἡμεῖς

2038 4890 2183 4975 κατά
2200 4890 2482 4965 Κυριακὴν
2498 4893 2876 4966 ἐγγράφοντες
2899 4897 3028 4968 ὑμῖν
3049 4899 3283 4969 ἀφίεμεν
3296 4916 3311 4931 ·
3330 4901 3446 4954 ἀλλ’
3459 4903 3624 4975 ἕτερα

2038 4966 2157 5029 ἀνθ⁵
2188 4975 2415 5046 ἐτέρων,
2456 4976 2650 5049 ἄσημα
2688 4979 2783 5031 καὶ
2824 4966 3256 5052 διεστραμμένα.
3300 4980 3457 5048 Εἶτα,
3494 4966 3623 5041 ὅταν

2036 5055 2419 5129 ἐξαλείψαντες
2437 5059 2576 5113 αὐτὰ
2591 5059 2893 5132 γράψωμεν
2929 5063 2998 5116 τά
3018 5063 3129 5117 ἀπὸ
3159 5065 3255 5119 τοῦ
3282 5067 3620 5140 Πνεύματος,

2038 5140 2366 5205 ἀπελθόντες
2404 5143 2584 5212 ὑμεῖς,
2632 5144 2727 5197 καὶ
2770 5147 2895 5208 ταῖς
2939 5146 3276 5213 διαϐολικαίς
3318 5150 3622 5222 ἐνεργείαις

2036 5223 2219 5288 δόντες
2248 5225 2345 5289 τὰς
2378 5226 2605 5297 καρδίας
2637 5226 2814 5298 ὑμῶν,
2841 5230 3117 5300 παρέχετε
3140 5232 3336 5306 ἐκείνῳ
3364 5236 3532 5291 πάλιν
3551 5235 3622 5291 τὰ

2037 5306 2232 5361 ἑαυτοῦ
2281 5309 2687 5380 ἀντεγγράφειν
2709 5310 2859 5382 ύμῖν.
2909 5312 2974 5366 Τί
3004 5310 3099 5369 οὖν
3130 5315 3286 5370 ἐσται
3320 5317 3525 5370 τούτων
3559 5318 3623 5372 τὸ

2037 5388 2235 5462 πέρας,
2266 5388 2370 5445 κᾶν
2395 5391 2507 5461 ἐγὼ
2537 5393 2613 5465 μὴ
2634 5392 2794 5460 λέξω,
2823 5396 2885 5450 τὸ
2913 5397 3147 5452 ἑκάστου
3186 5401 3426 5465 συνειδὸς
3454 5397 3617 5457 οἶδεν.

2051 5473 2197 5545 Ἐγὼ
2221 5475 2320 5547 μὲν
2349 5475 2459 5548 7&9
2480 5476 2543 5530 ού
2568 5477 2851 5548 παύσομαι
2875 5481 2937 5535 τὸ
2954 5483 3193 5553 ἐμαυτοῦ
3218 5484 3408 5548 ποιῶν,
3432 5487 3529 5540 καὶ
3555 5488 3625 5541 τὰ

1859 5682 1873 5696 .
1912 5712 1923 5720 _
1945 5641 1993 5677 ³¹
2013 5642 2177 5720 αύτός
2197 5643 2432 5720 om._A.__
2448 5644 2695 5720 Ρίαύτὸς
2724 5647 2753 5701 ὁ
2777 5647 3012 5720 Χριστός
3036 5648 3094 5703 Β.
3129 5648 3384 5703 Dominus
3421 5666 3625 5720 quoque

1944 5730 1974 5766 ν
2004 5715 2083 5778 είς
2112 5714 2376 5778 οὐρανοὺς
2403 5716 2587 5769 ἄνοδον
2619 5733 2731 5772 om.
2759 5714 2920 5772 ΑᾙΒ.
2953 5718 3011 5772 1³⁷.
3037 5721 3107 5770 «ιι»
3134 5714 3619 5775 Ιιυιιιωυιοιὶειιιὸιι.

347 5779 399 5815 ⁸⁷⁸
429 5779 619 5860 lnpipj}
638 5780 700 5860 τὸ
715 5779 905 5860 ἠθικόν
924 5781 1077 5860 Arn}.
1100 5782 1312 5860 Sav._"’
1331 5782 1589 5860 ἐνταῦθα]
1616 5783 1711 5860 καὶ
1732 5779 1937 5860 ἐνταύθῖ

2037 5783 2130 5860 d_d_.
2174 5779 2215 5817 ³⁸
2229 5785 2319 5840 Sic
2346 5785 2406 5839 Β.
2436 5784 2691 5860 _F._vulgo
2714 5788 3165 5860 μεταϐάλλεσθαι.
3208 5789 3253 5821 ³⁸
3276 5791 3627 5860 μεταϐληὼῦο

350 5869 456 5924 μεν
474 5850 627 5932 Β.
644 5850 707 5905 C.
780 5853 861 5913 εἰς
880 5851 1080 5932 ἀρετήν
1092 5867 1202 5932 ορ».
1221 5852 1287 5932 _C.
1392 5850 1937 5932 ἐλεημόσύνηνλβίοκι

2037 5855 2216 5932 ui_da_n_1
2255 5874 2273 5905 ι
2311 5856 2452 5932 apth
2484 5850 3074 5932 Benfljdncipeplipps
3124 5850 3359 5932 Ιιιιρισίιρ.
3402 5850 3628 5932 ἀνελεη-

346 5920 813 6001 μοσύνηνοιηῖιεξ
846 5920 951 6001 ωιίξ
972 5920 1258 6001 cu;m_l§d.d.
1330 5920 1738 6001 δξπροᾶτῖὸθου]
1764 5920 1866 6001 Sig
1896 5922 1937 6001 ΡΞ

2047 5925 2291 6001 ⁵*ἀπόθουΔ
2310 5920 2848 6001 ηξοίψριτοιοιςΑηιιιιί
2869 5928 3091 5983 ἀπώοου
3118 5920 3446 5986 Ιιαυοί.”ίύεῑ
3481 5933 3535 5986 h.
3569 5920 3621 5986 ν.

341 5989 430 6048 {sic
457 5991 741 6062 continual
771 5989 961 6062 ἢκαὶ
997 5992 1075 6062 ούΔ
1094 5991 1263 6062 λήψει
1295 5989 1491 6062 πεῖραν
1503 5993 1596 6044 :06
1621 6012 1677 6047 π.
1697 5989 1742 6048 ἐξ

1884 5993 2012 6074 ούτε
2046 5993 2230 6074 ΕΜ.-
2249 5996 2293 6029 ⁵³
2316 5993 2573 6074 τῇςΙ-’άπὸ
2600 5998 2699 6074 τῆς
2732 5993 2868 6074 Είίά.
2955 6000 2996 6032 ιθ
3022 6002 3356 6074 ἀναχωρείτε
3387 6002 3451 6057 D.
3476 6001 3536 6059 F.
3570 6013 3624 6060 et

344 6075 435 6131 pr.
463 6061 860 6135 ϋ.ούδὲν]ούδέ
892 6060 1034 6117 15.0.
1060 6060 1124 6116 Ε.
1160 6060 1212 6095 ⁷η
1240 6060 1579 6134 μεθιστῶμεν
1610 6063 1670 6119 B.
1702 6064 1765 6123 ι’.
1808 6065 1870 6138 ,δι
1905 6065 2037 6135 ὑμῖν
2059 6082 2169 6122 om.
2194 6065 2256 6123 D.
2329 6060 2558 6142 δτλᾶδω]
2580 6060 2817 6142 φέρωλ.
