4052 6418
247 355 344 411 2M
1386 350 1450 406 ΙΝ
1487 346 1835 405 MATTIMZU

1945 348 2160 404 IIOMIL.
2206 349 2318 407 ΧΗ.

249 465 389 532 aliis,
413 465 677 523 informes
702 475 757 523 et
785 466 1052 522 distortas.
1087 463 1286 518 Deinde
1313 478 1458 527 eum,
1492 462 1596 516 illis
1621 461 1831 522 deletis,

255 562 433 616 literas
475 577 544 617 ex
592 561 794 631 Spiritu
843 560 1103 630 profectas
1149 559 1550 630 inscripsimus,
1580 559 1836 612 abeuntes

253 669 369 718 vos,
400 665 456 708 et
491 654 688 710 diaboli
718 654 1113 724 operationibus
1137 653 1296 707 corda
1326 663 1500 706 vestra
1545 650 1832 708 tradentes.

253 743 556 800 facultatem
601 747 700 815 ipsi
744 746 988 816 prtebetis
1017 755 1073 800 ut
1104 745 1298 799 nostris
1325 744 1619 799 contrarias
1659 743 1837 796 literas

252 853 466 893 rursum
505 838 780 892 inscribat.
812 839 911 905 Qui
941 839 1146 892 futurus
1167 839 1236 892 sit
1267 838 1453 890 horum
1484 835 1605 890 finis
1629 836 1835 889 etiamsi

251 943 354 1000 ego
383 944 488 982 non
519 930 781 997 dixerim,
810 929 1136 1000 singulorum
1165 928 1488 982 conscientia
1527 928 1690 980 novit.
1724 926 1837 996 Ego

247 1031 399 1075 certe
427 1038 713 1092 numquam
736 1022 956 1076 cessabo
976 1037 1093 1092 qua:
1112 1022 1213 1077 mei
1232 1031 1354 1075 sunt
1374 1020 1532 1076 officii
1557 1029 1832 1090 praestare,

250 1120 533 1181 metasque
557 1113 737 1167 literas
767 1113 1074 1168 inscribere.
1105 1113 1161 1169 Si
1189 1121 1366 1167 autem
1392 1128 1483 1167 vos
1508 1112 1836 1182 diligentiam

251 1213 492 1257 nostram
541 1203 889 1267 labefactetis,
942 1203 1096 1258 nobis
1140 1204 1353 1274 quidem
1402 1217 1606 1257 merces
1657 1211 1834 1255 nostra

251 1304 437 1350 manet
459 1296 765 1360 immobilis,
789 1297 936 1350 vobis
957 1306 1131 1350 autem
1147 1313 1251 1350 nou
1273 1312 1490 1366 parvum
1513 1294 1833 1364 periculum:

251 1404 439 1444 verum
469 1390 596 1444 nihil
627 1391 748 1444 volo
771 1391 981 1459 gravius
1010 1390 1267 1460 proferre.

321 1481 376 1535 8.
409 1480 474 1534 In
509 1481 688 1534 virtute
727 1497 1022 1550 progressus
1055 1482 1142 1551 qui
1177 1481 1287 1548 ﬁat.
1320 1479 1505 1534 Contra
1520 1480 1834 1549 jurantenta.

259 1570 407 1624 Vana
443 1572 609 1642 gloria
645 1573 958 1624 vitanda.—
982 1571 1086 1626 Sed
1125 1585 1220 1624 vos
1258 1571 1482 1624 obsecro
1518 1579 1571 1624 ct
1609 1584 1706 1622 oro
1728 1609 1744 1634 ,
1782 1576 1838 1621 ut

249 1662 592 1731 parvulorum
633 1663 820 1716 saltem
860 1663 1186 1732 diligentiam
1225 1661 1326 1716 hac
1361 1663 1412 1715 in
1443 1677 1502 1716 re
1534 1659 1832 1715 imitemini.

251 1751 384 1806 Nam
424 1753 500 1808 illi
545 1755 713 1822 primo
742 1754 955 1824 quidem
985 1755 1258 1808 literarum
1299 1753 1520 1808 formam
1559 1751 1833 1814 ediscunt;

245 1843 448 1898 deinde
493 1843 748 1898 distortas
797 1843 913 1898 illas
959 1859 1251 1913 agnoscere
1283 1843 1530 1908 student;
1560 1851 1744 1912 postea
1769 1842 1835 1897 ad

249 1937 532 1992 lectionem
566 1937 701 1990 viam
734 1946 938 2007 parant.
981 1937 1071 1993 Sic
1095 1947 1150 1994 et
1179 1953 1276 1992 nos
1305 1938 1565 1993 faciamus
1597 1957 1610 1992 :
1643 1940 1838 1994 virtute

249 2029 303 2082 in
332 2037 514 2100 partes
543 2027 732 2095 divisa,
765 2030 937 2098 primo
963 2029 1231 2084 discamus
1257 2044 1363 2083 non
1386 2029 1592 2099 jurare,
1621 2044 1720 2084 nec
1747 2045 1838 2098 pe-

244 2119 423 2188 jerare
443 2161 458 2184 ,
489 2135 660 2182 neque
689 2120 1040 2186 maledicere;
1068 2121 1260 2176 deinde
1284 2163 1299 2188 ,
1332 2120 1399 2176 ad
1459 2123 1626 2180 alium
1695 2143 1833 2184 ver-

240 2225 366 2267 sum
388 2213 678 2282 progressi,
703 2229 809 2266 non
835 2213 1074 2268 invidere
1096 2215 1236 2279 aliis,
1257 2231 1362 2268 non
1379 2228 1604 2282 corpora
1629 2228 1832 2279 amare,

247 2316 358 2356 non
388 2303 563 2357 ventri
590 2303 886 2374 indulgere,
917 2319 1020 2357 non
1052 2304 1324 2368 inebriari,
1353 2319 1458 2358 non
1491 2304 1830 2367 inhumanos,

249 2408 358 2446 non
385 2397 640 2449 socordes
667 2411 814 2460 esse;
845 2407 901 2449 ut
918 2395 1044 2450 hinc
1066 2411 1250 2450 rursus
1266 2397 1330 2451 ad
1349 2397 1639 2466 spiritualia
1663 2405 1836 2450 trans-

248 2495 461 2550 euntes,
484 2502 698 2556 operam
721 2487 911 2543 demus
933 2489 1315 2558 temperantim,
1331 2490 1533 2544 ventris
1549 2489 1833 2558 neglectui,

251 2579 505 2641 castitati,
532 2579 716 2648 gloria:
737 2581 1086 2649 contemptui,
1105 2580 1406 2645 modestim,
1435 2581 1614 2634 cordis
1637 2582 1836 2635 contri-

249 2667 420 2733 tioni;
468 2678 516 2722 et
557 2670 672 2724 hare
705 2670 860 2724 simul
887 2670 1064 2724 omnia
1107 2670 1446 2738 copulemus,
1476 2679 1530 2725 et
1567 2671 1619 2725 in
1660 2673 1836 2726 anima

251 2769 435 2814 nostra
457 2760 829 2817 inscribamus.
854 2763 1026 2832 Atque
1048 2761 1162 2817 hare
1177 2764 1354 2816 omnia
1376 2763 1541 2830 domi,
1563 2780 1681 2818 cum
1703 2764 1839 2818 ami-

247 2852 351 2918 cis,
383 2867 502 2907 cum
530 2869 701 2908 uxore
725 2896 739 2918 ,
775 2869 894 2907 cum
941 2855 1062 2908 filiis
1100 2868 1467 2911 exerceamus.
1498 2856 1539 2909 A
1571 2855 1837 2926 prioribus

246 2953 431 2998 autem
469 2953 525 2998 et
567 2943 897 2998 facilioribus
942 2944 1292 3014 incipiamus;
1345 2945 1573 3014 exempli
1597 2961 1778 3008 causa,
1804 2961 1834 2999 a

245 3034 675 3104 juramentorum
695 3035 1044 3089 abstinentia:
1066 3035 1166 3089 hoc
1183 3035 1504 3090 elementum
1529 3037 1837 3107 frequenter

247 3126 396 3180 domi
427 3127 766 3182 meditemur.
797 3125 930 3180 Huic
961 3141 1120 3195 porro
1140 3127 1470 3181 meditationi
1499 3127 1660 3182 multa
1691 3127 1834 3182 domi

246 3219 494 3274 officiunt
521 3236 534 3272 :
565 3236 686 3273 nam
710 3219 935 3274 famulus
960 3218 1024 3272 ad
1049 3220 1376 3274 iracundiam
1401 3229 1679 3290 provocat.
1704 3235 1838 3276 uxor

247 3313 479 3367 molesta
509 3313 642 3366 iram
665 3313 880 3375 excitat,
917 3313 1054 3368 filius
1077 3313 1446 3380 immorigcrus
1476 3322 1529 3366 et
1559 3313 1834 3366 inordina-

248 3412 339 3456 tus
369 3403 437 3456 ad
463 3403 634 3458 minas
662 3413 716 3458 et
737 3405 1098 3472 juramentum
1135 3404 1371 3458 deducit.
1403 3403 1457 3458 Si
1490 3403 1666 3472 itaque
1691 3403 1834 3458 domi

243 3493 446 3563 smpius
465 3495 531 3548 ah
559 3495 640 3548 his
665 3497 981 3561 concitatus,
1012 3496 1284 3550 abstineas
1311 3504 1484 3550 tamen
1513 3511 1540 3549 a
1566 3495 1838 3564 juramen-

249 3588 340 3651 tis,
367 3585 520 3641 facile
542 3589 740 3656 poteris
766 3589 926 3642 etiam
959 3590 1009 3642 in
1039 3589 1153 3642 foro
1185 3589 1413 3642 invictus
1441 3603 1784 3657 perseverare
1819 3605 1831 3640 :

247 3677 361 3730 imo
405 3680 562 3732 etiam
609 3678 660 3733 id
705 3681 1088 3748 consequeris,
1131 3691 1188 3733 ut
1231 3680 1430 3734 nemini
1462 3679 1836 3734 contumeliam

245 3766 450 3822 inferas
473 3810 490 3836 ,
533 3784 639 3822 non
676 3771 848 3836 uxori,
883 3785 987 3824 non
1019 3770 1240 3836 famulo,
1277 3787 1383 3824 non
1419 3769 1834 3824 domesticorum

243 3859 500 3929 cuipiam.
535 3859 744 3914 Etenim
766 3877 898 3914 uxor
919 3876 1063 3929 smpe
1082 3862 1242 3916 alium
1264 3861 1567 3931 quempiam
1593 3861 1832 3921 laudans,

242 3960 306 4005 et
345 3965 467 4005 sese
507 3951 756 4004 miseram
798 3952 1128 4020 pricdicans,
1159 3953 1327 4006 virum
1361 3952 1626 4018 incendit,
1664 3959 1722 4005 ut
1762 3951 1834 4006 illi

245 4042 552 4096 maledicat.
583 4041 662 4096 Tu
693 4058 820 4097 vero
849 4059 914 4096 ne
946 4043 1112 4096 iratus
1141 4059 1207 4096 eo
1239 4043 1498 4112 procedas
1520 4085 1535 4108 ,
1566 4051 1622 4096 ut
1652 4042 1834 4097 lauda-

243 4145 364 4188 tum
398 4135 668 4203 vitupercs
690 4175 704 4200 ,
747 4135 841 4189 sed
868 4137 1043 4188 omnia
1073 4136 1282 4190 fortiter
1313 4136 1482 4199 feras;
1513 4135 1723 4190 etiamsi
1754 4137 1833 4186 fa—

243 4225 423 4279 mulos
447 4236 564 4279 tuos
585 4225 765 4279 videas
793 4226 1033 4281 laudibus
1057 4227 1214 4280 heros
1239 4226 1372 4280 alios
1394 4225 1606 4290 efferre,
1631 4242 1698 4279 ne
1726 4233 1836 4279 tur-

242 4319 417 4383 beris,
442 4317 534 4372 sed
564 4319 786 4374 viriliter
811 4321 1033 4374 sustine.
1063 4321 1146 4374 Sit
1177 4320 1266 4374 tibi
1299 4319 1489 4373 domus
1518 4319 1760 4388 palmstra
1785 4327 1838 4371 et

239 4410 559 4465 certaminis
589 4409 757 4475 locus,
784 4419 841 4464 ut
863 4411 931 4465 ibi
964 4412 1130 4481 probe
1154 4412 1494 4477 exercitatus,
1519 4427 1638 4465 cum
1669 4411 1834 4465 multa

249 4579 502 4592 *-

511 4581 869 4594 —-————

997 4570 2282 4595 _______________________,__,_____

3419 356 3524 410 20’.

1945 463 2130 530 peritia
2171 464 2222 516 in
2265 465 2380 518 foro
2406 479 2524 519 cum
2553 465 2674 520 aliis
2703 470 3086 538 congrediaris.
3121 470 3352 543 ldipsum
3384 479 3525 536 circa

1942 573 2131 612 vanam
2154 557 2377 627 gloriam
2398 561 2574 616 facito.
2609 561 2662 612 Si
2692 563 2836 615 enim
2861 563 3128 619 studueris
3147 580 3178 619 a
3201 581 3333 621 vana
3358 570 3530 639 gloria

1942 649 2212 704 abstinere
2236 665 2356 704 cum
2389 666 2552 705 uxore
2577 661 2630 704 et
2658 652 2837 707 liberis
2857 695 2872 718 ,
2902 663 2954 708 et
2982 654 3193 709 famulis
3216 696 3231 720 ,
3259 658 3400 726 apud
3427 675 3527 714 ne-

1945 741 2140 797 minem
2167 733 2327 796 alitim
2351 742 2440 796 tali
2470 743 2657 797 morbo
2682 742 2837 798 facile
2867 746 3116 814 capieris.
3151 747 3357 818 Ubique
3385 750 3528 804 enim

1944 834 2031 888 hic
2069 834 2286 890 morbus
2323 836 2500 904 gravis
2541 837 2948 908 tyrannicusque
2985 847 3100 906 est,
3138 842 3370 896 maxime
3401 859 3530 897 vero

1943 941 2064 978 cum
2118 925 2267 980 adest
2323 941 2474 980 uxnr.
2532 926 2590 982 Si
2640 941 2768 996 ergo
2819 935 2946 982 tunc
2991 929 3141 982 illum
3187 945 3528 1000 superemus,

1944 1019 2090 1073 nullo
2128 1019 2340 1089 negotio
2373 1020 2498 1075 alibi
2545 1021 2959 1091 proﬂigabimus.
3001 1020 3153 1077 Circa
3195 1023 3329 1076 alios
3365 1025 3525 1078 etiam

1943 1112 2106 1166 animi
2145 1114 2360 1169 morbos
2395 1114 2623 1184 idipsum
2666 1123 2982 1185 prarstemus
3005 1155 3020 1182 ,
3052 1115 3304 1186 domique
3333 1117 3528 1172 adver-

1945 1219 2035 1256 sus
2066 1204 2184 1259 illos
2215 1219 2314 1258 nos
2337 1209 2682 1260 ererceanius
2703 1247 2717 1270 ,
2758 1207 2994 1275 quotidie
3039 1207 3337 1275 palaestram
3383 1209 3526 1263 illam

1942 1293 2218 1348 adeuntes.
2275 1293 2444 1363 thue
2473 1295 2678 1350 facilior
2704 1297 3013 1351 exercitatio
3045 1297 3133 1351 illa
3159 1298 3386 1362 evadat,
3428 1314 3528 1352 no-

1945 1384 2025 1439 bis
2077 1385 2205 1454 ipsis
2247 1387 2648 1456 castigationem
2693 1388 3063 1457 assignemus,
3102 1389 3146 1442 si
3189 1389 3240 1443 in
3277 1391 3528 1460 quopiam

1943 1477 2270 1547 propositum
2303 1478 2781 1548 transgrediamnr.
2827 1480 2908 1535 Sit
2937 1496 3096 1550 porro
3125 1483 3402 1552 castigatio
3434 1484 3522 1536 illa

1943 1582 2048 1621 non
2072 1567 2346 1633 damnum,
2379 1569 2471 1625 sed
2501 1571 2802 1626 mercedem
2828 1581 2884 1628 et
2912 1572 3118 1627 lucrum
3147 1574 3368 1628 multum
3399 1575 3528 1629 affe-

1942 1675 2101 1727 rens;
2132 1663 2363 1731 exempli
2393 1678 2578 1729 causa,
2602 1664 2644 1717 si
2668 1664 2886 1733 jejuniis
2913 1667 3118 1734 asperis
3147 1681 3244 1720 nos
3272 1667 3418 1736 ipsos
3437 1667 3531 1720 da-

1945 1766 2209 1817 mnemus,
2255 1754 2300 1808 si
2351 1753 2494 1808 humi
2542 1755 2944 1818 decumbamus,
2985 1758 3067 1810 vel
3117 1757 3527 1811 macerationem

1943 1844 2098 1898 aliam
2126 1844 2493 1899 adhibeamus.
2522 1845 2610 1900 Sic
2638 1846 2779 1900 enim
2807 1846 2968 1900 multa
2997 1846 3228 1916 undique
3257 1847 3408 1902 nobis
3437 1862 3525 1902 ac-

1943 1934 2138 1989 cedent
2168 1936 2332 1999 lucra,
2355 1946 2409 1990 et
2434 1937 2511 1990 sic
2542 1938 2592 1990 in
2622 1939 2816 1992 virtute
2839 1937 2997 1990 vitam
3027 1939 3262 1993 suaviter
3289 1953 3529 2008 agemus,

1945 2031 2117 2083 futura
2144 2043 2537 2098 consequemur
2566 2030 2721 2091 bona,
2753 2045 2816 2084 ac
2844 2041 3098 2099 perpetuo
3124 2030 3219 2085 Dei
3244 2031 3398 2086 amici
3425 2031 3529 2086 eri-

1944 2135 2082 2175 mus.
2128 2119 2232 2176 Sed
2261 2136 2326 2176 ne
2353 2122 2538 2175 eadem
2570 2123 2680 2186 ipsa
2713 2137 2895 2176 rursus
2929 2123 3209 2189 eveniant,
3247 2139 3349 2178 neu
3382 2133 3528 2193 post-

1943 2227 2100 2280 quam
2123 2226 2183 2265 ea
2210 2227 2328 2281 qua:
2355 2211 2440 2264 hic
2464 2213 2600 2266 dicta
2627 2223 2753 2265 sunt
2780 2212 3024 2266 admirati
3055 2212 3278 2278 fueritis,
3303 2215 3529 2283 egressi,

1944 2301 2274 2371 negligi-nter
2298 2303 2689 2371 oscitanterquc
2714 2343 2728 2364 ,
2766 2303 2970 2371 alijecta
3007 2304 3200 2357 mentis
3226 2315 3420 2359 vestra:
3449 2315 3528 2358 ta-

1943 2392 2102 2456 bula,
2139 2393 2252 2446 hzcc
2281 2392 2488 2447 delendi
2528 2407 2712 2446 ansam
2750 2393 2962 2447 diabolo
3005 2393 3318 2462 prteheatis;
3363 2411 3526 2448 unus-

1944 2483 2170 2553 quisque
2213 2483 2428 2537 doinum
2469 2497 2779 2552 regressus,
2811 2492 2964 2537 vocet
3007 2498 3220 2538 uxorem
3244 2523 3260 2548 ,
3301 2485 3416 2538 ha'c
3458 2485 3530 2539 illi

1944 2575 2241 2641 denuntiet,
2275 2577 2549 2646 ipsamque
2575 2586 2812 2630 assumat
2837 2577 3148 2644 adjutriccm
3169 2594 3189 2642 ;
3218 2577 3285 2631 ab
3309 2578 3406 2632 hac
3431 2593 3526 2630 au.

1944 2676 2049 2720 tein
2075 2667 2162 2738 die
2188 2667 2239 2720 in
2269 2667 2546 2737 pulchram
2576 2667 2718 2720 illam
2743 2668 3045 2736 palo-stram
3075 2668 3384 2732 descendat,
3410 2670 3533 2724 oleo

1943 2774 2071 2814 usus
2098 2759 2328 2830 Spiritus
2355 2760 2525 2815 sancti
2557 2760 2776 2815 auxilio.
2809 2761 2916 2814 Etsi
2941 2776 3070 2816 vero
3094 2760 3284 2822 semel,
3316 2771 3408 2814 aut
3430 2761 3530 2825 bis,

1942 2860 2036 2906 aut
2077 2851 2276 2922 pluries
2317 2852 2368 2906 in
2413 2853 2504 2906 tali
2550 2852 2812 2906 exercitio
2851 2853 3122 2916 concidas,
3159 2868 3226 2907 ne
3255 2853 3530 2920 desperes,

1941 2944 2038 2999 sed
2064 2954 2142 2999 sta
2173 2959 2384 2999 rursum
2415 2955 2468 3000 et
2498 2944 2746 3009 decerta;
2781 2960 2877 2999 nec
2904 2945 3048 3014 prius
3075 2945 3306 2999 absistas
3329 2987 3342 3011 ,
3373 2961 3531 3015 quam

1943 3035 2278 3104 splendidam
2304 3045 2489 3092 contra
2520 3037 2790 3091 diabolum
2819 3037 3095 3090 victoriam
3129 3038 3484 3104 reportat-eris
3519 3057 3532 3092 :

1942 3137 1997 3183 et
2026 3129 2078 3182 in
2111 3129 2376 3184 tutissimo
2396 3129 2608 3183 virtutis
2638 3128 2889 3182 thesauro
2916 3128 3218 3198 depositum
3251 3127 3532 3182 recondas.

1941 3218 2074 3273 Nam
2103 3219 2148 3274 si
2175 3219 2300 3274 huic
2325 3220 2563 3289 pulchra:
2591 3219 2941 3289 philosophiae
2969 3235 3278 3283 assuescas,
3314 3235 3418 3274 non
3448 3223 3535 3274 ul-

1945 3318 2022 3365 tra
2063 3311 2264 3380 poteris
2293 3327 2356 3366 ex
2386 3311 2612 3380 segnitie
2655 3310 2901 3364 mandata
2938 3311 3187 3378 qu:.cliliet
3216 3312 3532 3380 transgredi,

1942 3401 2330 3455 consuetudine
2372 3412 2576 3454 natura:
2618 3400 2923 3454 firmitatem
2966 3399 3226 3453 imitante.
3263 3399 3532 3466 Quemad-

1944 3493 2160 3547 modum
2206 3494 2346 3548 enim
2393 3492 2550 3547 facile
2591 3503 2673 3546 est
2697 3492 2967 3558 dormire,
2993 3490 3292 3555 comedere,
3327 3491 3531 3557 bibere,

1947 3587 2210 3654 respirare
2232 3626 2246 3648 ,
2279 3585 2348 3638 ita
2381 3585 2536 3638 nobis
2559 3584 2733 3638 facilia
2761 3594 2917 3638 erunt
2954 3599 3017 3636 ea
3051 3597 3170 3651 qua:
3195 3581 3262 3636 ad
3284 3583 3532 3637 virtutem

1944 3683 2208 3745 spectant,
2232 3692 2527 3747 puramque
2557 3675 2700 3730 illam
2731 3689 3081 3744 assequemur
3108 3673 3448 3743 voluptatem,
3482 3673 3532 3726 in

1947 3778 2057 3821 tuto
2089 3777 2242 3837 portu
2268 3767 2577 3832 constituti,
2606 3775 2661 3820 et
2687 3775 2939 3835 perpetua
2966 3763 3205 3819 fruentes
3234 3762 3534 3832 tranquilli-

1946 3873 2052 3917 tate
2078 3903 2093 3927 ,
2131 3863 2415 3931 navitnque
2443 3861 2648 3929 magnis
2677 3859 2868 3928 opibus
2900 3868 3143 3912 onustam
3173 3857 3224 3909 in
3256 3857 3527 3910 civitatein

1947 3956 2086 4008 illam
2118 3954 2448 4023 appellentcs
2489 3953 2539 4004 in
2585 3952 2673 4004 die
2717 3951 2844 4014 illa,
2887 3963 3114 4004 coronas
3139 3961 3534 4015 consequemur

1946 4062 2050 4100 non
2082 4045 2252 4098 fluxas
2286 4062 2298 4096 :
2329 4059 2461 4112 quas
2501 4043 2700 4094 utinam
2752 4040 2908 4094 nobis
2948 4037 3184 4092 nancisci
3215 4037 3490 4104 contingat
3516 4079 3532 4102 ,

1942 4140 2109 4210 gratia
2138 4148 2191 4192 et
2222 4137 2546 4206 benignitate
2579 4134 2784 4188 Domini
2823 4131 2988 4186 nostri
3029 4130 3157 4185 Jesu
3195 4129 3415 4192 Christi,
3448 4129 3534 4184 cui

1943 4231 2108 4302 gloria
2140 4239 2194 4286 et
2222 4229 2528 4298 imperium,
2556 4241 2695 4280 nunc
2715 4234 2770 4280 et
2787 4239 3022 4293 semper,
3048 4231 3103 4278 et
3131 4223 3182 4276 in
3215 4221 3409 4276 smcula
3435 4235 3536 4276 sa:-

1943 4323 2206 4378 culorum.
2239 4323 2430 4376 Amen.

2769 4552 3448 4564 ——‘—_—-——————_————a
3472 4549 3532 4562 --

1647 4698 1991 4766 HOMILIA
2037 4693 2184 4755 XII.

239 4898 382 4955 CAP.
411 4899 463 4953 5,
495 4915 543 4950 ν.
578 4900 662 4954 i5.
707 4897 848 4953 Tum:
896 4900 1027 4954 venit
1065 4897 1219 4954 Iesus
1253 4915 1284 4952 a
1330 4897 1548 4953 Galilara
1571 4897 1623 4950 in
1647 4893 1838 4949 Iorda-

469 5005 580 5041 nem
607 4989 675 5043 ad
697 4988 981 5056 Joannem,
1011 5000 1063 5043 ut
1094 4990 1432 5056 baptizaretur
1456 4989 1519 5043 ab
1545 5004 1623 5043 eo.

322 5171 378 5225 1.
421 5168 552 5225 Cum
590 5168 802 5224 famulis
842 5169 1120 5233 Dominus,
1151 5185 1270 5224 cum
1315 5171 1420 5225 reis
1458 5169 1628 5224 Judex
1669 5169 1840 5238 hapti-

244 5261 457 5318 zandus
501 5262 665 5315 venit.
708 5261 813 5316 Sed
848 5278 912 5315 ne
964 5262 1193 5316 tnrheris
1227 5280 1239 5314 :
1272 5278 1394 5315 nam
1446 5262 1496 5314 in
1553 5259 1841 5315 humilhus

251 5352 560 5421 hujusmodi
586 5353 748 5408 rebus
775 5352 892 5422 ejus
934 5351 1194 5406 celsitudo
1241 5351 1472 5406 maxime
1511 5351 1837 5419 resiilendet.

249 5445 356 5513 Qui
403 5444 545 5498 enim
593 5444 646 5498 in
681 5443 920 5512 virginali
969 5443 1118 5496 vulva
1167 5452 1313 5497 tanto
1360 5453 1599 5513 tempore
1644 5442 1840 5512 gestari

250 5549 446 5606 passus
467 5544 572 5598 est,
603 5545 658 5588 et
688 5533 810 5588 inde
827 5548 948 5588 eum
983 5541 1170 5588 natura
1201 5541 1381 5589 nostra
1415 5533 1648 5602 prodire.
1673 5534 1842 5602 alapis

247 5625 391 5682 caedi
416 5636 470 5682 et
497 5627 736 5697 crucifigi
763 5627 803 5691 ¹,
826 5625 994 5680 etalia
1013 5626 1212 5696 perpeti
1235 5642 1354 5697 qua:
1377 5641 1565 5696 passus
1591 5635 1692 5692 est,
1715 5627 1838 5696 quid

319 5808 337 5839 ι
366 5799 570 5863 Quidam
591 5812 700 5867 post
717 5817 905 5865 vocem,
930 5803 1168 5872 ei'aci/igi,
1189 5804 1386 5867 addunt,
1413 5811 1457 5857 et
1479 5805 1688 5869 sepeliri.

1949 4883 2159 4940 miraris
2179 4883 2222 4936 si
2254 4877 2509 4949 baptizari
2552 4875 2798 4942 dignatus
2826 4871 2916 4936 sit,
2947 4881 3000 4924 et
3029 4884 3148 4924 cum
3170 4869 3287 4924 aliis
3312 4867 3378 4924 ad
3413 4882 3533 4924 ser-

1946 4993 2070 5031 vum
2121 4971 2418 5028 accedere?
2460 4969 2594 5024 Illud
2647 4967 2788 5022 enim
2839 4962 3160 5031 stupendum
3207 4970 3343 5027 erat,
3389 4962 3534 5033 quod

1949 5067 2090 5120 Deus
2115 5079 2236 5118 cum
2265 5070 2428 5127 esset,
2455 5059 2614 5114 vellet
2638 5057 2798 5110 homo
2826 5053 2940 5108 fieri
2972 5070 2985 5106 :
3015 5062 3205 5107 caetera
3235 5068 3364 5108 vero
3378 5052 3536 5108 dein-

1949 5171 2077 5225 ceps
2103 5152 2396 5210 secundum
2440 5159 2640 5206 rectam
2667 5147 2927 5201 rationem
2955 5155 3376 5213 consequuntur.
3411 5145 3540 5200 Ideo

1952 5248 2094 5304 enim
2117 5246 2352 5301 Joannes
2378 5243 2558 5298 statim
2579 5239 2730 5302 dixit,
2761 5253 2819 5292 se
2846 5252 3100 5292 non-esse
3125 5236 3344 5306 dignum
3374 5239 3536 5291 corri-

1953 5343 2093 5413 giam
2144 5336 2492 5396 caleeamenti
2532 5335 2648 5404 ejus
2697 5333 2928 5397 solvere,
2979 5339 3282 5400 t-aateraque
3333 5331 3534 5395 omnia,

1957 5449 2150 5504 nempe
2172 5431 2312 5503 quod
2337 5431 2502 5499 judcx
2528 5428 2618 5494 sit,
2649 5425 2790 5496 quod
2821 5442 2918 5495 pro
2949 5427 3143 5480 merito
3167 5423 3390 5491 singulis
3416 5424 3540 5478 red-

1949 5526 2058 5590 dat,
2087 5523 2336 5594 quodque
2361 5521 2616 5591 Spiritum
2656 5517 2857 5571 affatim
2886 5516 3108 5570 daturus
3146 5516 3217 5570 sit
3243 5515 3534 5578 omnibus;

1951 5627 2010 5671 ut
2042 5631 2163 5672 cum
2209 5612 2407 5668 videris
2437 5627 2558 5665 eum
2584 5609 2651 5664 ad
2683 5608 3002 5678 baptismum
3042 5606 3341 5660 venientem
3363 5645 3378 5668 ,
3406 5603 3536 5658 nihil

1952 5708 2059 5762 vile
2087 5705 2397 5776 suspiceris.
2432 5702 2634 5758 Idcirco
2673 5708 2994 5770 praesentem
3037 5697 3181 5752 illum
3209 5697 3420 5752 cohibet
3453 5697 3534 5750 di-

1952 5814 2081 5855 cens
2107 5815 2119 5852 :
2141 5798 2227 5852 14.
2267 5795 2373 5866 Ego
2399 5811 2430 5848 a
2460 5803 2506 5850 te
2527 5792 2679 5848 debeo
2718 5789 2983 5862 baptizari,
3016 5799 3061 5843 et
3088 5798 3142 5842 tu
3168 5789 3303 5843 venis
3329 5788 3397 5842 ad
3421 5805 3497 5842 me
3520 5807 3530 5840 :
