  <div class='ocr_page' id='page_1' title='image "/cluster/home/n/w/nwhite01/storage/ocr_20150623/57:no.7:pt.1/coo.31924054869577/131.png"; bbox 0 0 4052 6438; ppageno 0'>
   <div class='ocr_carea' id='block_1_1' title="bbox 511 394 623 447">
    <p class='ocr_par' dir='ltr' id='par_1_1' title="bbox 511 394 623 447">
     <span class='ocr_line' id='line_1_1' title="bbox 511 394 623 447; baseline 0 0"><span class='ocrx_word' id='word_1_1' title='bbox 511 394 623 447; x_wconf 73' lang='grc'><strong>207)</strong></span> 
     </span>
    </p>
   </div>
   <div class='ocr_carea' id='block_1_2' title="bbox 514 490 2099 574">
    <p class='ocr_par' dir='ltr' id='par_1_2' title="bbox 514 490 2099 574">
     <span class='ocr_line' id='line_1_2' title="bbox 514 490 2099 574; baseline -0.015 -13"><span class='ocrx_word' id='word_1_2' title='bbox 514 511 650 574; x_wconf 87' lang='lat' dir='ltr'><strong>Quia</strong></span> <span class='ocrx_word' id='word_1_3' title='bbox 691 505 832 560; x_wconf 89' lang='lat' dir='ltr'><strong>enim</strong></span> <span class='ocrx_word' id='word_1_4' title='bbox 877 500 1173 570; x_wconf 86' lang='lat' dir='ltr'><strong>baptismus</strong></span> <span class='ocrx_word' id='word_1_5' title='bbox 1221 496 1548 565; x_wconf 60' lang='lat' dir='ltr'><strong>paenitentia:</strong></span> <span class='ocrx_word' id='word_1_6' title='bbox 1580 498 1717 555; x_wconf 82' lang='lat' dir='ltr'><strong>eral,</strong></span> <span class='ocrx_word' id='word_1_7' title='bbox 1759 498 1814 543; x_wconf 94' lang='lat' dir='ltr'><strong>ct</strong></span> <span class='ocrx_word' id='word_1_8' title='bbox 1851 490 1902 542; x_wconf 92' lang='lat' dir='ltr'><strong>in</strong></span> <span class='ocrx_word' id='word_1_9' title='bbox 1944 502 2099 541; x_wconf 58' lang='lat' dir='ltr'><strong>acea-</strong></span> 
     </span>
    </p>
   </div>
   <div class='ocr_carea' id='block_1_3' title="bbox 522 580 2103 664">
    <p class='ocr_par' dir='ltr' id='par_1_3' title="bbox 522 580 2103 664">
     <span class='ocr_line' id='line_1_3' title="bbox 522 580 2103 664; baseline -0.013 -13"><span class='ocrx_word' id='word_1_10' title='bbox 522 599 779 651; x_wconf 75' lang='lat' dir='ltr'><strong>mtioncm</strong></span> <span class='ocrx_word' id='word_1_11' title='bbox 824 602 1161 664; x_wconf 84' lang='lat' dir='ltr'><strong>peccatorum</strong></span> <span class='ocrx_word' id='word_1_12' title='bbox 1213 585 1498 641; x_wconf 88' lang='lat' dir='ltr'><strong>inducebat</strong></span> <span class='ocrx_word' id='word_1_13' title='bbox 1543 600 1557 636; x_wconf 88' lang='lat'><strong>:</strong></span> <span class='ocrx_word' id='word_1_14' title='bbox 1608 597 1677 637; x_wconf 91' lang='lat' dir='ltr'><strong>ne</strong></span> <span class='ocrx_word' id='word_1_15' title='bbox 1732 580 1851 651; x_wconf 87' lang='lat' dir='ltr'><strong>quis</strong></span> <span class='ocrx_word' id='word_1_16' title='bbox 1894 586 2103 647; x_wconf 86' lang='lat' dir='ltr'><strong>putaret</strong></span> 
     </span>
    </p>
   </div>
   <div class='ocr_carea' id='block_1_4' title="bbox 524 670 2103 759">
    <p class='ocr_par' dir='ltr' id='par_1_4' title="bbox 524 670 2103 759">
     <span class='ocr_line' id='line_1_4' title="bbox 524 670 2103 759; baseline -0.015 -15"><span class='ocrx_word' id='word_1_17' title='bbox 524 694 695 759; x_wconf 84' lang='lat' dir='ltr'><strong>ipsum</strong></span> <span class='ocrx_word' id='word_1_18' title='bbox 722 688 909 743; x_wconf 79' lang='lat' dir='ltr'><strong>eodem</strong></span> <span class='ocrx_word' id='word_1_19' title='bbox 930 684 1111 737; x_wconf 88' lang='lat' dir='ltr'><strong>animo</strong></span> <span class='ocrx_word' id='word_1_20' title='bbox 1136 681 1201 735; x_wconf 89' lang='lat' dir='ltr'><strong>ad</strong></span> <span class='ocrx_word' id='word_1_21' title='bbox 1223 680 1515 734; x_wconf 88' lang='lat' dir='ltr'><strong>Jurdanem</strong></span> <span class='ocrx_word' id='word_1_22' title='bbox 1556 676 1759 739; x_wconf 85' lang='lat' dir='ltr'><strong>venire,</strong></span> <span class='ocrx_word' id='word_1_23' title='bbox 1794 672 1930 726; x_wconf 88' lang='lat' dir='ltr'><strong>hanc</strong></span> <span class='ocrx_word' id='word_1_24' title='bbox 1954 670 2103 738; x_wconf 86' lang='lat' dir='ltr'><strong>cogi-</strong></span> 
     </span>
    </p>
   </div>
   <div class='ocr_carea' id='block_1_5' title="bbox 522 772 2101 845">
    <p class='ocr_par' dir='ltr' id='par_1_5' title="bbox 522 772 2101 845">
     <span class='ocr_line' id='line_1_5' title="bbox 522 772 2101 845; baseline -0.012 -11"><span class='ocrx_word' id='word_1_25' title='bbox 522 783 773 835; x_wconf 90' lang='lat' dir='ltr'><strong>tationem</strong></span> <span class='ocrx_word' id='word_1_26' title='bbox 802 777 1043 845; x_wconf 82' lang='lat' dir='ltr'><strong>corrigit,</strong></span> <span class='ocrx_word' id='word_1_27' title='bbox 1067 774 1193 827; x_wconf 90' lang='lat' dir='ltr'><strong>dum</strong></span> <span class='ocrx_word' id='word_1_28' title='bbox 1234 786 1430 841; x_wconf 89' lang='lat' dir='ltr'><strong>agnum</strong></span> <span class='ocrx_word' id='word_1_29' title='bbox 1477 775 1651 831; x_wconf 89' lang='lat' dir='ltr'><strong>vocat,</strong></span> <span class='ocrx_word' id='word_1_30' title='bbox 1683 775 1737 821; x_wconf 91' lang='lat' dir='ltr'><strong>et</strong></span> <span class='ocrx_word' id='word_1_31' title='bbox 1764 772 2101 834; x_wconf 81' lang='lat' dir='ltr'><strong>peccatorum</strong></span> 
     </span>
    </p>
   </div>
   <div class='ocr_carea' id='block_1_6' title="bbox 520 854 2105 941">
    <p class='ocr_par' dir='ltr' id='par_1_6' title="bbox 520 854 2105 941">
     <span class='ocr_line' id='line_1_6' title="bbox 520 854 2105 941; baseline -0.012 -15"><span class='ocrx_word' id='word_1_32' title='bbox 520 886 616 941; x_wconf 71' lang='lat' dir='ltr'><strong>per</strong></span> <span class='ocrx_word' id='word_1_33' title='bbox 640 870 827 924; x_wconf 77' lang='lat' dir='ltr'><strong>orbem</strong></span> <span class='ocrx_word' id='word_1_34' title='bbox 876 866 1114 920; x_wconf 89' lang='lat' dir='ltr'><strong>omnimn</strong></span> <span class='ocrx_word' id='word_1_35' title='bbox 1161 862 1575 931; x_wconf 79' lang='lat' dir='ltr'><strong>redemptorem.</strong></span> <span class='ocrx_word' id='word_1_36' title='bbox 1606 857 1706 925; x_wconf 92' lang='lat' dir='ltr'><strong>Qui</strong></span> <span class='ocrx_word' id='word_1_37' title='bbox 1755 855 1900 910; x_wconf 89' lang='lat' dir='ltr'><strong>enim</strong></span> <span class='ocrx_word' id='word_1_38' title='bbox 1945 854 2105 907; x_wconf 81' lang='lat' dir='ltr'><strong>totius</strong></span> 
     </span>
    </p>
   </div>
   <div class='ocr_carea' id='block_1_7' title="bbox 523 948 2109 1033">
    <p class='ocr_par' dir='ltr' id='par_1_7' title="bbox 523 948 2109 1033">
     <span class='ocr_line' id='line_1_7' title="bbox 523 948 2109 1033; baseline -0.013 -13"><span class='ocrx_word' id='word_1_39' title='bbox 523 965 740 1020; x_wconf 83' lang='lat' dir='ltr'><strong>humani</strong></span> <span class='ocrx_word' id='word_1_40' title='bbox 767 962 983 1033; x_wconf 76' lang='lat' dir='ltr'><strong>generis</strong></span> <span class='ocrx_word' id='word_1_41' title='bbox 1017 968 1237 1028; x_wconf 84' lang='lat' dir='ltr'><strong>peccata</strong></span> <span class='ocrx_word' id='word_1_42' title='bbox 1261 955 1447 1008; x_wconf 88' lang='lat' dir='ltr'><strong>tollere</strong></span> <span class='ocrx_word' id='word_1_43' title='bbox 1487 960 1699 1023; x_wconf 87' lang='lat' dir='ltr'><strong>potest,</strong></span> <span class='ocrx_word' id='word_1_44' title='bbox 1732 949 1901 1004; x_wconf 88' lang='lat' dir='ltr'><strong>multo</strong></span> <span class='ocrx_word' id='word_1_45' title='bbox 1940 948 2109 1016; x_wconf 82' lang='lat' dir='ltr'><strong>magis</strong></span> 
     </span>
    </p>
   </div>
   <div class='ocr_carea' id='block_1_8' title="bbox 522 1038 2108 1127">
    <p class='ocr_par' dir='ltr' id='par_1_8' title="bbox 522 1038 2108 1127">
     <span class='ocr_line' id='line_1_8' title="bbox 522 1038 2108 1127; baseline -0.015 -15"><span class='ocrx_word' id='word_1_46' title='bbox 522 1061 636 1127; x_wconf 89' lang='lat' dir='ltr'><strong>ipse</strong></span> <span class='ocrx_word' id='word_1_47' title='bbox 679 1050 1040 1123; x_wconf 86' lang='lat' dir='ltr'><strong>impeccabilis</strong></span> <span class='ocrx_word' id='word_1_48' title='bbox 1076 1059 1208 1104; x_wconf 90' lang='lat' dir='ltr'><strong>erat.</strong></span> <span class='ocrx_word' id='word_1_49' title='bbox 1244 1047 1473 1114; x_wconf 82' lang='lat' dir='ltr'><strong>Ideoque</strong></span> <span class='ocrx_word' id='word_1_50' title='bbox 1502 1059 1607 1098; x_wconf 89' lang='lat' dir='ltr'><strong>non</strong></span> <span class='ocrx_word' id='word_1_51' title='bbox 1636 1042 1768 1095; x_wconf 88' lang='lat' dir='ltr'><strong>dixit</strong></span> <span class='ocrx_word' id='word_1_52' title='bbox 1797 1059 1810 1094; x_wconf 90' lang='lat'><strong>:</strong></span> <span class='ocrx_word' id='word_1_53' title='bbox 1841 1040 1978 1093; x_wconf 85' lang='lat' dir='ltr'><strong>Ecce</strong></span> <span class='ocrx_word' id='word_1_54' title='bbox 2007 1038 2108 1091; x_wconf 88' lang='lat' dir='ltr'><strong>im—</strong></span> 
     </span>
    </p>
   </div>
   <div class='ocr_carea' id='block_1_9' title="bbox 524 1129 2108 1217">
    <p class='ocr_par' dir='ltr' id='par_1_9' title="bbox 524 1129 2108 1217">
     <span class='ocr_line' id='line_1_9' title="bbox 524 1129 2108 1217; baseline -0.014 -14"><span class='ocrx_word' id='word_1_55' title='bbox 524 1148 843 1217; x_wconf 86' lang='lat' dir='ltr'><strong>peecahilis;</strong></span> <span class='ocrx_word' id='word_1_56' title='bbox 874 1143 969 1199; x_wconf 89' lang='lat' dir='ltr'><strong>sed</strong></span> <span class='ocrx_word' id='word_1_57' title='bbox 1010 1143 1147 1211; x_wconf 87' lang='lat' dir='ltr'><strong>quod</strong></span> <span class='ocrx_word' id='word_1_58' title='bbox 1200 1140 1367 1192; x_wconf 83' lang='lat' dir='ltr'><strong>multo</strong></span> <span class='ocrx_word' id='word_1_59' title='bbox 1418 1135 1590 1206; x_wconf 91' lang='lat' dir='ltr'><strong>majus</strong></span> <span class='ocrx_word' id='word_1_60' title='bbox 1644 1142 1780 1197; x_wconf 88' lang='lat' dir='ltr'><strong>erat,</strong></span> <span class='ocrx_word' id='word_1_61' title='bbox 1834 1132 1936 1198; x_wconf 83' lang='lat' dir='ltr'><strong>Qui</strong></span> <span class='ocrx_word' id='word_1_62' title='bbox 1977 1129 2108 1182; x_wconf 82' lang='lat' dir='ltr'><strong>tollit</strong></span> 
     </span>
    </p>
   </div>
   <div class='ocr_carea' id='block_1_10' title="bbox 522 1221 2109 1308">
    <p class='ocr_par' dir='ltr' id='par_1_10' title="bbox 522 1221 2109 1308">
     <span class='ocr_line' id='line_1_10' title="bbox 522 1221 2109 1308; baseline -0.009 -18"><span class='ocrx_word' id='word_1_63' title='bbox 522 1248 728 1308; x_wconf 80' lang='lat' dir='ltr'><strong>peccata</strong></span> <span class='ocrx_word' id='word_1_64' title='bbox 756 1236 931 1291; x_wconf 81' lang='lat' dir='ltr'><strong>mundi</strong></span> <span class='ocrx_word' id='word_1_65' title='bbox 953 1234 1132 1303; x_wconf 82' lang='lat' dir='ltr'><strong>(Joan.</strong></span> <span class='ocrx_word' id='word_1_66' title='bbox 1172 1234 1219 1285; x_wconf 87' lang='lat' dir='ltr'><strong>I.</strong></span> <span class='ocrx_word' id='word_1_67' title='bbox 1253 1230 1368 1300; x_wconf 73' lang='lat'><strong>29),</strong></span> <span class='ocrx_word' id='word_1_68' title='bbox 1401 1238 1461 1281; x_wconf 83' lang='lat' dir='ltr'><strong>ut.</strong></span> <span class='ocrx_word' id='word_1_69' title='bbox 1487 1242 1609 1281; x_wconf 87' lang='lat' dir='ltr'><strong>cum</strong></span> <span class='ocrx_word' id='word_1_70' title='bbox 1633 1226 1734 1279; x_wconf 85' lang='lat' dir='ltr'><strong>hoc</strong></span> <span class='ocrx_word' id='word_1_71' title='bbox 1757 1231 1813 1277; x_wconf 86' lang='lat' dir='ltr'><strong>et</strong></span> <span class='ocrx_word' id='word_1_72' title='bbox 1842 1221 1971 1276; x_wconf 86' lang='lat' dir='ltr'><strong>illud</strong></span> <span class='ocrx_word' id='word_1_73' title='bbox 1993 1235 2109 1276; x_wconf 87' lang='lat' dir='ltr'><strong>0m-</strong></span> 
     </span>
    </p>
   </div>
   <div class='ocr_carea' id='block_1_11' title="bbox 522 1311 2112 1390">
    <p class='ocr_par' dir='ltr' id='par_1_11' title="bbox 522 1311 2112 1390">
     <span class='ocr_line' id='line_1_11' title="bbox 522 1311 2112 1390; baseline -0.012 -7"><span class='ocrx_word' id='word_1_74' title='bbox 522 1330 649 1383; x_wconf 85' lang='lat' dir='ltr'><strong>nino</strong></span> <span class='ocrx_word' id='word_1_75' title='bbox 669 1342 869 1384; x_wconf 89' lang='lat' dir='ltr'><strong>eertum</strong></span> <span class='ocrx_word' id='word_1_76' title='bbox 895 1326 1109 1387; x_wconf 80' lang='lat' dir='ltr'><strong>habeas,</strong></span> <span class='ocrx_word' id='word_1_77' title='bbox 1139 1322 1425 1390; x_wconf 88' lang='lat' dir='ltr'><strong>videasque</strong></span> <span class='ocrx_word' id='word_1_78' title='bbox 1455 1318 1601 1372; x_wconf 91' lang='lat' dir='ltr'><strong>illum</strong></span> <span class='ocrx_word' id='word_1_79' title='bbox 1630 1315 1733 1369; x_wconf 87' lang='lat' dir='ltr'><strong>alia</strong></span> <span class='ocrx_word' id='word_1_80' title='bbox 1750 1312 1994 1385; x_wconf 63' lang='lat' dir='ltr'><strong>quaedam</strong></span> <span class='ocrx_word' id='word_1_81' title='bbox 2016 1311 2112 1365; x_wconf 90' lang='lat' dir='ltr'><strong>ad-</strong></span> 
     </span>
    </p>
   </div>
   <div class='ocr_carea' id='block_1_12' title="bbox 522 1404 2108 1484">
    <p class='ocr_par' dir='ltr' id='par_1_12' title="bbox 522 1404 2108 1484">
     <span class='ocr_line' id='line_1_12' title="bbox 522 1404 2108 1484; baseline -0.013 -8"><span class='ocrx_word' id='word_1_82' title='bbox 522 1423 911 1477; x_wconf 81' lang='lat' dir='ltr'><strong>ministrantem</strong></span> <span class='ocrx_word' id='word_1_83' title='bbox 954 1415 1021 1469; x_wconf 92' lang='lat' dir='ltr'><strong>ad</strong></span> <span class='ocrx_word' id='word_1_84' title='bbox 1051 1413 1371 1484; x_wconf 85' lang='lat' dir='ltr'><strong>baptismum</strong></span> <span class='ocrx_word' id='word_1_85' title='bbox 1417 1410 1618 1464; x_wconf 91' lang='lat' dir='ltr'><strong>venire.</strong></span> <span class='ocrx_word' id='word_1_86' title='bbox 1651 1408 1855 1462; x_wconf 76' lang='lat' dir='ltr'><strong>Idcirco</strong></span> <span class='ocrx_word' id='word_1_87' title='bbox 1875 1404 2108 1459; x_wconf 87' lang='lat' dir='ltr'><strong>venienti</strong></span> 
     </span>
    </p>
   </div>
   <div class='ocr_carea' id='block_1_13' title="bbox 523 1498 2111 1581">
    <p class='ocr_par' dir='ltr' id='par_1_13' title="bbox 523 1498 2111 1581">
     <span class='ocr_line' id='line_1_13' title="bbox 523 1498 2111 1581; baseline -0.012 -11"><span class='ocrx_word' id='word_1_88' title='bbox 523 1518 596 1570; x_wconf 88' lang='lat' dir='ltr'><strong>illi</strong></span> <span class='ocrx_word' id='word_1_89' title='bbox 619 1515 829 1568; x_wconf 88' lang='lat' dir='ltr'><strong>dicebat</strong></span> <span class='ocrx_word' id='word_1_90' title='bbox 862 1528 876 1565; x_wconf 90' lang='lat'><strong>:</strong></span> <span class='ocrx_word' id='word_1_91' title='bbox 908 1510 1019 1581; x_wconf 86' lang='lat' dir='ltr'><strong>Ego</strong></span> <span class='ocrx_word' id='word_1_92' title='bbox 1050 1526 1082 1562; x_wconf 92' lang='lat' dir='ltr'><strong>a</strong></span> <span class='ocrx_word' id='word_1_93' title='bbox 1122 1518 1169 1562; x_wconf 85' lang='lat' dir='ltr'><strong>te</strong></span> <span class='ocrx_word' id='word_1_94' title='bbox 1212 1506 1363 1561; x_wconf 83' lang='lat' dir='ltr'><strong>debeo</strong></span> <span class='ocrx_word' id='word_1_95' title='bbox 1393 1504 1659 1572; x_wconf 75' lang='lat' dir='ltr'><strong>baptizari,</strong></span> <span class='ocrx_word' id='word_1_96' title='bbox 1701 1512 1747 1556; x_wconf 85' lang='lat' dir='ltr'><strong>et</strong></span> <span class='ocrx_word' id='word_1_97' title='bbox 1778 1512 1831 1554; x_wconf 84' lang='lat' dir='ltr'><strong>tu</strong></span> <span class='ocrx_word' id='word_1_98' title='bbox 1868 1501 2005 1553; x_wconf 72' lang='lat' dir='ltr'><strong>venis</strong></span> <span class='ocrx_word' id='word_1_99' title='bbox 2042 1498 2111 1550; x_wconf 86' lang='lat' dir='ltr'><strong>ad</strong></span> 
     </span>
    </p>
   </div>
   <div class='ocr_carea' id='block_1_14' title="bbox 522 1591 2109 1674">
    <p class='ocr_par' dir='ltr' id='par_1_14' title="bbox 522 1591 2109 1674">
     <span class='ocr_line' id='line_1_14' title="bbox 522 1591 2109 1674; baseline -0.009 -15"><span class='ocrx_word' id='word_1_100' title='bbox 522 1624 600 1659; x_wconf 76' lang='lat' dir='ltr'><strong>me</strong></span> <span class='ocrx_word' id='word_1_101' title='bbox 622 1607 647 1659; x_wconf 84' lang='lat'><strong>.’</strong></span> <span class='ocrx_word' id='word_1_102' title='bbox 674 1605 858 1674; x_wconf 83' lang='lat' dir='ltr'><strong>Neque</strong></span> <span class='ocrx_word' id='word_1_103' title='bbox 886 1602 1041 1665; x_wconf 89' lang='lat' dir='ltr'><strong>dixit,</strong></span> <span class='ocrx_word' id='word_1_104' title='bbox 1088 1598 1157 1655; x_wconf 85' lang='lat' dir='ltr'><strong>Et</strong></span> <span class='ocrx_word' id='word_1_105' title='bbox 1185 1609 1238 1654; x_wconf 91' lang='lat' dir='ltr'><strong>tu</strong></span> <span class='ocrx_word' id='word_1_106' title='bbox 1270 1598 1558 1668; x_wconf 88' lang='lat' dir='ltr'><strong>baptizaris</strong></span> <span class='ocrx_word' id='word_1_107' title='bbox 1596 1610 1626 1649; x_wconf 90' lang='lat' dir='ltr'><strong>a</strong></span> <span class='ocrx_word' id='word_1_108' title='bbox 1666 1609 1752 1650; x_wconf 88' lang='lat' dir='ltr'><strong>me</strong></span> <span class='ocrx_word' id='word_1_109' title='bbox 1786 1610 1799 1645; x_wconf 89' lang='lat'>:</span> <span class='ocrx_word' id='word_1_110' title='bbox 1826 1609 1947 1647; x_wconf 90' lang='lat' dir='ltr'><strong>nam</strong></span> <span class='ocrx_word' id='word_1_111' title='bbox 1978 1591 2109 1646; x_wconf 92' lang='lat' dir='ltr'><strong>illud</strong></span> 
     </span>
    </p>
   </div>
   <div class='ocr_carea' id='block_1_15' title="bbox 522 1684 2110 1760">
    <p class='ocr_par' dir='ltr' id='par_1_15' title="bbox 522 1684 2110 1760">
     <span class='ocr_line' id='line_1_15' title="bbox 522 1684 2110 1760; baseline -0.008 -8"><span class='ocrx_word' id='word_1_112' title='bbox 522 1699 713 1752; x_wconf 85' lang='lat' dir='ltr'><strong>metuit</strong></span> <span class='ocrx_word' id='word_1_113' title='bbox 755 1696 937 1751; x_wconf 85' lang='lat' dir='ltr'><strong>dicere</strong></span> <span class='ocrx_word' id='word_1_114' title='bbox 970 1692 1102 1747; x_wconf 87' lang='lat' dir='ltr'><strong>:sed</strong></span> <span class='ocrx_word' id='word_1_115' title='bbox 1147 1690 1317 1760; x_wconf 85' lang='lat' dir='ltr'><strong>quid?</strong></span> <span class='ocrx_word' id='word_1_116' title='bbox 1347 1689 1413 1743; x_wconf 79' lang='lat' dir='ltr'><strong>Et</strong></span> <span class='ocrx_word' id='word_1_117' title='bbox 1437 1700 1490 1741; x_wconf 87' lang='lat' dir='ltr'><strong>tu</strong></span> <span class='ocrx_word' id='word_1_118' title='bbox 1519 1690 1657 1742; x_wconf 82' lang='lat' dir='ltr'><strong>venis</strong></span> <span class='ocrx_word' id='word_1_119' title='bbox 1706 1688 1773 1740; x_wconf 89' lang='lat' dir='ltr'><strong>ad</strong></span> <span class='ocrx_word' id='word_1_120' title='bbox 1825 1686 1947 1739; x_wconf 84' lang='lat' dir='ltr'><strong>me?</strong></span> <span class='ocrx_word' id='word_1_121' title='bbox 1974 1684 2110 1751; x_wconf 85' lang='lat' dir='ltr'><strong>Quid</strong></span> 
     </span>
    </p>
   </div>
   <div class='ocr_carea' id='block_1_16' title="bbox 528 1778 2114 1859">
    <p class='ocr_par' dir='ltr' id='par_1_16' title="bbox 528 1778 2114 1859">
     <span class='ocr_line' id='line_1_16' title="bbox 528 1778 2114 1859; baseline -0.008 -16"><span class='ocrx_word' id='word_1_122' title='bbox 528 1791 690 1859; x_wconf 77' lang='lat' dir='ltr'><strong>igitur</strong></span> <span class='ocrx_word' id='word_1_123' title='bbox 716 1785 1000 1841; x_wconf 82' lang='lat' dir='ltr'><strong>Christus?</strong></span> <span class='ocrx_word' id='word_1_124' title='bbox 1040 1783 1194 1849; x_wconf 87' lang='lat' dir='ltr'><strong>Quod</strong></span> <span class='ocrx_word' id='word_1_125' title='bbox 1220 1796 1343 1851; x_wconf 89' lang='lat' dir='ltr'><strong>erga</strong></span> <span class='ocrx_word' id='word_1_126' title='bbox 1377 1781 1593 1833; x_wconf 87' lang='lat' dir='ltr'><strong>Petrum</strong></span> <span class='ocrx_word' id='word_1_127' title='bbox 1643 1786 1825 1848; x_wconf 89' lang='lat' dir='ltr'><strong>postea</strong></span> <span class='ocrx_word' id='word_1_128' title='bbox 1845 1818 1860 1842; x_wconf 91' lang='lat'><strong>,</strong></span> <span class='ocrx_word' id='word_1_129' title='bbox 1905 1778 1955 1832; x_wconf 91' lang='lat' dir='ltr'><strong>id</strong></span> <span class='ocrx_word' id='word_1_130' title='bbox 1988 1787 2114 1831; x_wconf 91' lang='lat' dir='ltr'><strong>tunc</strong></span> 
     </span>
    </p>
   </div>
   <div class='ocr_carea' id='block_1_17' title="bbox 526 1868 2117 1941">
    <p class='ocr_par' dir='ltr' id='par_1_17' title="bbox 526 1868 2117 1941">
     <span class='ocr_line' id='line_1_17' title="bbox 526 1868 2117 1941; baseline -0.008 -8"><span class='ocrx_word' id='word_1_131' title='bbox 526 1880 688 1933; x_wconf 86' lang='lat' dir='ltr'><strong>etiam</strong></span> <span class='ocrx_word' id='word_1_132' title='bbox 720 1876 865 1930; x_wconf 91' lang='lat' dir='ltr'><strong>fecit.</strong></span> <span class='ocrx_word' id='word_1_133' title='bbox 896 1872 1028 1928; x_wconf 86' lang='lat' dir='ltr'><strong>Nam</strong></span> <span class='ocrx_word' id='word_1_134' title='bbox 1065 1881 1121 1927; x_wconf 87' lang='lat' dir='ltr'><strong>et</strong></span> <span class='ocrx_word' id='word_1_135' title='bbox 1162 1873 1276 1941; x_wconf 88' lang='lat' dir='ltr'><strong>ipse</strong></span> <span class='ocrx_word' id='word_1_136' title='bbox 1324 1870 1602 1924; x_wconf 80' lang='lat' dir='ltr'><strong>cohibebat</strong></span> <span class='ocrx_word' id='word_1_137' title='bbox 1636 1869 1807 1934; x_wconf 91' lang='lat' dir='ltr'><strong>illum,</strong></span> <span class='ocrx_word' id='word_1_138' title='bbox 1859 1884 1927 1922; x_wconf 92' lang='lat' dir='ltr'><strong>ne</strong></span> <span class='ocrx_word' id='word_1_139' title='bbox 1951 1868 2117 1935; x_wconf 86' lang='lat' dir='ltr'><strong>pedes</strong></span> 
     </span>
    </p>
   </div>
   <div class='ocr_carea' id='block_1_18' title="bbox 526 1959 2117 2031">
    <p class='ocr_par' dir='ltr' id='par_1_18' title="bbox 526 1959 2117 2031">
     <span class='ocr_line' id='line_1_18' title="bbox 526 1959 2117 2031; baseline -0.008 -9"><span class='ocrx_word' id='word_1_140' title='bbox 526 1982 657 2022; x_wconf 77' lang='lat' dir='ltr'><strong>suos</strong></span> <span class='ocrx_word' id='word_1_141' title='bbox 696 1968 931 2030; x_wconf 88' lang='lat' dir='ltr'><strong>Iavaret;</strong></span> <span class='ocrx_word' id='word_1_142' title='bbox 961 1964 1054 2019; x_wconf 89' lang='lat' dir='ltr'><strong>sed</strong></span> <span class='ocrx_word' id='word_1_143' title='bbox 1100 1978 1222 2017; x_wconf 91' lang='lat' dir='ltr'><strong>cum</strong></span> <span class='ocrx_word' id='word_1_144' title='bbox 1252 1961 1486 2015; x_wconf 86' lang='lat' dir='ltr'><strong>audisset</strong></span> <span class='ocrx_word' id='word_1_145' title='bbox 1518 1978 1531 2012; x_wconf 91' lang='lat'>:</span> <span class='ocrx_word' id='word_1_146' title='bbox 1565 1959 1715 2027; x_wconf 83' lang='lat' dir='ltr'><strong>Quod</strong></span> <span class='ocrx_word' id='word_1_147' title='bbox 1752 1974 1845 2031; x_wconf 88' lang='lat' dir='ltr'><strong>ego</strong></span> <span class='ocrx_word' id='word_1_148' title='bbox 1888 1960 2023 2029; x_wconf 79' lang='lat' dir='ltr'><strong>facio</strong></span> <span class='ocrx_word' id='word_1_149' title='bbox 2064 1967 2117 2010; x_wconf 84' lang='lat' dir='ltr'><strong>tu</strong></span> 
     </span>
    </p>
   </div>
   <div class='ocr_carea' id='block_1_19' title="bbox 532 2048 2120 2125">
    <p class='ocr_par' dir='ltr' id='par_1_19' title="bbox 532 2048 2120 2125">
     <span class='ocr_line' id='line_1_19' title="bbox 532 2048 2120 2125; baseline -0.006 -13"><span class='ocrx_word' id='word_1_150' title='bbox 532 2059 711 2125; x_wconf 72' lang='lat' dir='ltr'><strong>nescis,</strong></span> <span class='ocrx_word' id='word_1_151' title='bbox 734 2058 860 2112; x_wconf 84' lang='lat' dir='ltr'><strong>scies</strong></span> <span class='ocrx_word' id='word_1_152' title='bbox 884 2066 1051 2109; x_wconf 86' lang='lat' dir='ltr'><strong>autem</strong></span> <span class='ocrx_word' id='word_1_153' title='bbox 1072 2064 1243 2123; x_wconf 86' lang='lat' dir='ltr'><strong>postea</strong></span> <span class='ocrx_word' id='word_1_154' title='bbox 1265 2051 1443 2125; x_wconf 85' lang='lat' dir='ltr'><strong>(Joan.</strong></span> <span class='ocrx_word' id='word_1_155' title='bbox 1476 2052 1562 2105; x_wconf 75' lang='grc'><strong>15.</strong></span> <span class='ocrx_word' id='word_1_156' title='bbox 1583 2052 1671 2119; x_wconf 89' lang='grc'><strong>7);</strong></span> <span class='ocrx_word' id='word_1_157' title='bbox 1692 2059 1747 2105; x_wconf 91' lang='lat' dir='ltr'><strong>et</strong></span> <span class='ocrx_word' id='word_1_158' title='bbox 1772 2091 1785 2114; x_wconf 95' lang='lat'><strong>,</strong></span> <span class='ocrx_word' id='word_1_159' title='bbox 1822 2048 1940 2103; x_wconf 83' lang='lat' dir='ltr'><strong>Non</strong></span> <span class='ocrx_word' id='word_1_160' title='bbox 1967 2049 2120 2102; x_wconf 76' lang='lat' dir='ltr'><strong>habe-</strong></span> 
     </span>
    </p>
   </div>
   <div class='ocr_carea' id='block_1_20' title="bbox 532 2141 2120 2220">
    <p class='ocr_par' dir='ltr' id='par_1_20' title="bbox 532 2141 2120 2220">
     <span class='ocr_line' id='line_1_20' title="bbox 532 2141 2120 2220; baseline -0.005 -15"><span class='ocrx_word' id='word_1_161' title='bbox 532 2152 609 2205; x_wconf 83' lang='lat' dir='ltr'><strong>bis</strong></span> <span class='ocrx_word' id='word_1_162' title='bbox 635 2160 829 2220; x_wconf 86' lang='lat' dir='ltr'><strong>partem</strong></span> <span class='ocrx_word' id='word_1_163' title='bbox 856 2164 1050 2202; x_wconf 86' lang='lat' dir='ltr'><strong>mecum</strong></span> <span class='ocrx_word' id='word_1_164' title='bbox 1073 2145 1093 2220; x_wconf 90' lang='lat'><strong>(</strong></span> <span class='ocrx_word' id='word_1_165' title='bbox 1118 2146 1254 2200; x_wconf 83' lang='lat' dir='ltr'><strong>Ibid.</strong></span> <span class='ocrx_word' id='word_1_166' title='bbox 1285 2161 1332 2199; x_wconf 80' lang='grc' dir='ltr'><strong>υ.</strong></span> <span class='ocrx_word' id='word_1_167' title='bbox 1363 2142 1439 2217; x_wconf 89' lang='grc'><strong>8)</strong></span> <span class='ocrx_word' id='word_1_168' title='bbox 1470 2160 1482 2197; x_wconf 90' lang='lat'><strong>:</strong></span> <span class='ocrx_word' id='word_1_169' title='bbox 1515 2145 1693 2199; x_wconf 84' lang='lat' dir='ltr'><strong>statim</strong></span> <span class='ocrx_word' id='word_1_170' title='bbox 1722 2156 1751 2196; x_wconf 91' lang='lat' dir='ltr'><strong>a</strong></span> <span class='ocrx_word' id='word_1_171' title='bbox 1775 2141 2120 2198; x_wconf 81' lang='lat' dir='ltr'><strong>contentione</strong></span> 
     </span>
    </p>
   </div>
   <div class='ocr_carea' id='block_1_21' title="bbox 533 2232 2122 2306">
    <p class='ocr_par' dir='ltr' id='par_1_21' title="bbox 533 2232 2122 2306">
     <span class='ocr_line' id='line_1_21' title="bbox 533 2232 2122 2306; baseline -0.007 -11"><span class='ocrx_word' id='word_1_172' title='bbox 533 2242 757 2306; x_wconf 70' lang='lat' dir='ltr'><strong>destitit,</strong></span> <span class='ocrx_word' id='word_1_173' title='bbox 787 2251 840 2295; x_wconf 93' lang='lat' dir='ltr'><strong>et</strong></span> <span class='ocrx_word' id='word_1_174' title='bbox 871 2237 1262 2293; x_wconf 89' lang='lat' dir='ltr'><strong>iucontrarimn</strong></span> <span class='ocrx_word' id='word_1_175' title='bbox 1287 2245 1521 2289; x_wconf 90' lang='lat' dir='ltr'><strong>mutatus</strong></span> <span class='ocrx_word' id='word_1_176' title='bbox 1551 2244 1652 2289; x_wconf 89' lang='lat' dir='ltr'><strong>est.</strong></span> <span class='ocrx_word' id='word_1_177' title='bbox 1690 2233 1786 2288; x_wconf 90' lang='lat' dir='ltr'><strong>Hic</strong></span> <span class='ocrx_word' id='word_1_178' title='bbox 1812 2244 2027 2302; x_wconf 88' lang='lat' dir='ltr'><strong>quoque</strong></span> <span class='ocrx_word' id='word_1_179' title='bbox 2048 2232 2122 2285; x_wconf 90' lang='lat' dir='ltr'><strong>si-</strong></span> 
     </span>
    </p>
   </div>
   <div class='ocr_carea' id='block_1_22' title="bbox 535 2327 2124 2388">
    <p class='ocr_par' dir='ltr' id='par_1_22' title="bbox 535 2327 2124 2388">
     <span class='ocr_line' id='line_1_22' title="bbox 535 2327 2124 2388; baseline -0.006 0"><span class='ocrx_word' id='word_1_180' title='bbox 535 2334 734 2388; x_wconf 79' lang='lat' dir='ltr'><strong>militer</strong></span> <span class='ocrx_word' id='word_1_181' title='bbox 763 2341 822 2386; x_wconf 92' lang='lat' dir='ltr'><strong>ut</strong></span> <span class='ocrx_word' id='word_1_182' title='bbox 842 2331 1045 2386; x_wconf 79' lang='lat' dir='ltr'><strong>audivit</strong></span> <span class='ocrx_word' id='word_1_183' title='bbox 1072 2348 1084 2383; x_wconf 90' lang='lat'><strong>:</strong></span> <span class='ocrx_word' id='word_1_184' title='bbox 1121 2330 1204 2384; x_wconf 79' lang='lat' dir='ltr'><strong>t5.</strong></span> <span class='ocrx_word' id='word_1_185' title='bbox 1238 2329 1364 2383; x_wconf 80' lang='lat' dir='ltr'><strong>Sine</strong></span> <span class='ocrx_word' id='word_1_186' title='bbox 1383 2328 1531 2381; x_wconf 89' lang='lat' dir='ltr'><strong>modo</strong></span> <span class='ocrx_word' id='word_1_187' title='bbox 1566 2327 1673 2380; x_wconf 89' lang='lat' dir='ltr'><strong>:sic</strong></span> <span class='ocrx_word' id='word_1_188' title='bbox 1699 2327 1832 2380; x_wconf 87' lang='lat' dir='ltr'><strong>enim</strong></span> <span class='ocrx_word' id='word_1_189' title='bbox 1866 2328 2004 2379; x_wconf 82' lang='lat' dir='ltr'><strong>decet</strong></span> <span class='ocrx_word' id='word_1_190' title='bbox 2031 2341 2124 2379; x_wconf 87' lang='lat' dir='ltr'><strong>nos</strong></span> 
     </span>
    </p>
   </div>
   <div class='ocr_carea' id='block_1_23' title="bbox 532 2419 2119 2490">
    <p class='ocr_par' dir='ltr' id='par_1_23' title="bbox 532 2419 2119 2490">
     <span class='ocr_line' id='line_1_23' title="bbox 532 2419 2119 2490; baseline -0.006 -13"><span class='ocrx_word' id='word_1_191' title='bbox 532 2426 746 2490; x_wconf 63' lang='lat' dir='ltr'><strong>implere</strong></span> <span class='ocrx_word' id='word_1_192' title='bbox 800 2439 997 2477; x_wconf 84' lang='lat' dir='ltr'><strong>omnem</strong></span> <span class='ocrx_word' id='word_1_193' title='bbox 1039 2422 1295 2488; x_wconf 76' lang='lat' dir='ltr'><strong>justitiam</strong></span> <span class='ocrx_word' id='word_1_194' title='bbox 1355 2436 1374 2473; x_wconf 90' lang='lat'><strong><em>:</em></strong></span> <span class='ocrx_word' id='word_1_195' title='bbox 1425 2420 1606 2473; x_wconf 87' lang='lat' dir='ltr'><strong>statim</strong></span> <span class='ocrx_word' id='word_1_196' title='bbox 1642 2419 1974 2488; x_wconf 88' lang='lat' dir='ltr'><strong>obsequutus</strong></span> <span class='ocrx_word' id='word_1_197' title='bbox 2018 2426 2119 2471; x_wconf 89' lang='lat' dir='ltr'><strong>est.</strong></span> 
     </span>
    </p>
   </div>
   <div class='ocr_carea' id='block_1_24' title="bbox 536 2507 2124 2584">
    <p class='ocr_par' dir='ltr' id='par_1_24' title="bbox 536 2507 2124 2584">
     <span class='ocr_line' id='line_1_24' title="bbox 536 2507 2124 2584; baseline -0.008 -15"><span class='ocrx_word' id='word_1_198' title='bbox 536 2516 719 2584; x_wconf 82' lang='lat' dir='ltr'><strong>Neque</strong></span> <span class='ocrx_word' id='word_1_199' title='bbox 744 2514 887 2568; x_wconf 90' lang='lat' dir='ltr'><strong>enim</strong></span> <span class='ocrx_word' id='word_1_200' title='bbox 915 2512 1260 2581; x_wconf 87' lang='lat' dir='ltr'><strong>pertinaciter</strong></span> <span class='ocrx_word' id='word_1_201' title='bbox 1279 2519 1437 2565; x_wconf 90' lang='lat' dir='ltr'><strong>erant</strong></span> <span class='ocrx_word' id='word_1_202' title='bbox 1463 2508 1804 2574; x_wconf 86' lang='lat' dir='ltr'><strong>contentiosi,</strong></span> <span class='ocrx_word' id='word_1_203' title='bbox 1856 2507 1949 2562; x_wconf 91' lang='lat' dir='ltr'><strong>sed</strong></span> <span class='ocrx_word' id='word_1_204' title='bbox 1977 2522 2124 2561; x_wconf 82' lang='lat' dir='ltr'><strong>amo-</strong></span> 
     </span>
    </p>
   </div>
   <div class='ocr_carea' id='block_1_25' title="bbox 537 2601 2124 2670">
    <p class='ocr_par' dir='ltr' id='par_1_25' title="bbox 537 2601 2124 2670">
     <span class='ocr_line' id='line_1_25' title="bbox 537 2601 2124 2670; baseline -0.006 -8"><span class='ocrx_word' id='word_1_205' title='bbox 537 2623 650 2662; x_wconf 90' lang='lat' dir='ltr'><strong>rem</strong></span> <span class='ocrx_word' id='word_1_206' title='bbox 674 2605 906 2661; x_wconf 88' lang='lat' dir='ltr'><strong>simulet</strong></span> <span class='ocrx_word' id='word_1_207' title='bbox 938 2604 1295 2659; x_wconf 89' lang='lat' dir='ltr'><strong>obedientiam</strong></span> <span class='ocrx_word' id='word_1_208' title='bbox 1310 2602 1658 2667; x_wconf 84' lang='lat' dir='ltr'><strong>exhibebant,</strong></span> <span class='ocrx_word' id='word_1_209' title='bbox 1690 2602 1742 2655; x_wconf 90' lang='lat' dir='ltr'><strong>in</strong></span> <span class='ocrx_word' id='word_1_210' title='bbox 1768 2601 2124 2670; x_wconf 88' lang='lat' dir='ltr'><strong>omnibusque</strong></span> 
     </span>
    </p>
   </div>
   <div class='ocr_carea' id='block_1_26' title="bbox 545 2692 2124 2766">
    <p class='ocr_par' dir='ltr' id='par_1_26' title="bbox 545 2692 2124 2766">
     <span class='ocr_line' id='line_1_26' title="bbox 545 2692 2124 2766; baseline -0.004 -14"><span class='ocrx_word' id='word_1_211' title='bbox 545 2698 770 2752; x_wconf 84' lang='lat' dir='ltr'><strong>Domino</strong></span> <span class='ocrx_word' id='word_1_212' title='bbox 819 2697 1192 2766; x_wconf 85' lang='lat' dir='ltr'><strong>obtemperare</strong></span> <span class='ocrx_word' id='word_1_213' title='bbox 1242 2693 1548 2748; x_wconf 74' lang='lat' dir='ltr'><strong>Studebant.</strong></span> <span class='ocrx_word' id='word_1_214' title='bbox 1604 2692 1897 2747; x_wconf 84' lang='lat' dir='ltr'><strong>Considera</strong></span> <span class='ocrx_word' id='word_1_215' title='bbox 1948 2699 2124 2746; x_wconf 90' lang='lat' dir='ltr'><strong>autem</strong></span> 
     </span>
    </p>
   </div>
   <div class='ocr_carea' id='block_1_27' title="bbox 539 2783 2129 2857">
    <p class='ocr_par' dir='ltr' id='par_1_27' title="bbox 539 2783 2129 2857">
     <span class='ocr_line' id='line_1_27' title="bbox 539 2783 2129 2857; baseline -0.005 -16"><span class='ocrx_word' id='word_1_216' title='bbox 539 2787 811 2857; x_wconf 85' lang='lat' dir='ltr'><strong>quomodo</strong></span> <span class='ocrx_word' id='word_1_217' title='bbox 842 2787 991 2840; x_wconf 79' lang='lat' dir='ltr'><strong>illum</strong></span> <span class='ocrx_word' id='word_1_218' title='bbox 1019 2785 1086 2839; x_wconf 92' lang='lat' dir='ltr'><strong>ab</strong></span> <span class='ocrx_word' id='word_1_219' title='bbox 1114 2801 1179 2840; x_wconf 89' lang='lat' dir='ltr'><strong>eo</strong></span> <span class='ocrx_word' id='word_1_220' title='bbox 1203 2784 1439 2847; x_wconf 87' lang='lat' dir='ltr'><strong>inducat,</strong></span> <span class='ocrx_word' id='word_1_221' title='bbox 1466 2798 1495 2836; x_wconf 89' lang='lat' dir='ltr'><strong>a</strong></span> <span class='ocrx_word' id='word_1_222' title='bbox 1520 2797 1626 2853; x_wconf 89' lang='lat' dir='ltr'><strong>quo</strong></span> <span class='ocrx_word' id='word_1_223' title='bbox 1649 2783 1879 2837; x_wconf 79' lang='lat' dir='ltr'><strong>maxime</strong></span> <span class='ocrx_word' id='word_1_224' title='bbox 1908 2783 2129 2851; x_wconf 82' lang='lat' dir='ltr'><strong>putabat</strong></span> 
     </span>
    </p>
   </div>
   <div class='ocr_carea' id='block_1_28' title="bbox 543 2875 2128 2951">
    <p class='ocr_par' dir='ltr' id='par_1_28' title="bbox 543 2875 2128 2951">
     <span class='ocr_line' id='line_1_28' title="bbox 543 2875 2128 2951; baseline -0.006 -15"><span class='ocrx_word' id='word_1_225' title='bbox 543 2898 648 2936; x_wconf 69' lang='lat' dir='ltr'><strong>non</strong></span> <span class='ocrx_word' id='word_1_226' title='bbox 672 2897 769 2951; x_wconf 88' lang='lat' dir='ltr'><strong>par</strong></span> <span class='ocrx_word' id='word_1_227' title='bbox 795 2895 915 2934; x_wconf 80' lang='lat' dir='ltr'><strong>esse</strong></span> <span class='ocrx_word' id='word_1_228' title='bbox 962 2880 1034 2933; x_wconf 89' lang='lat' dir='ltr'><strong>ita</strong></span> <span class='ocrx_word' id='word_1_229' title='bbox 1066 2879 1177 2933; x_wconf 87' lang='lat' dir='ltr'><strong>lieri</strong></span> <span class='ocrx_word' id='word_1_230' title='bbox 1210 2898 1221 2932; x_wconf 90' lang='lat'>:</span> <span class='ocrx_word' id='word_1_231' title='bbox 1255 2893 1361 2932; x_wconf 90' lang='lat' dir='ltr'><strong>non</strong></span> <span class='ocrx_word' id='word_1_232' title='bbox 1406 2877 1549 2931; x_wconf 88' lang='lat' dir='ltr'><strong>enim</strong></span> <span class='ocrx_word' id='word_1_233' title='bbox 1595 2875 1747 2942; x_wconf 77' lang='lat' dir='ltr'><strong>dixit,</strong></span> <span class='ocrx_word' id='word_1_234' title='bbox 1788 2876 1879 2932; x_wconf 90' lang='lat' dir='ltr'><strong>Sic</strong></span> <span class='ocrx_word' id='word_1_235' title='bbox 1923 2876 2128 2943; x_wconf 61' lang='grc' dir='ltr'><strong>⁸ῑιιδιιιηι</strong></span> 
     </span>
    </p>
   </div>
   <div class='ocr_carea' id='block_1_29' title="bbox 542 2968 2132 3039">
    <p class='ocr_par' dir='ltr' id='par_1_29' title="bbox 542 2968 2132 3039">
     <span class='ocr_line' id='line_1_29' title="bbox 542 2968 2132 3039; baseline -0.004 -12"><span class='ocrx_word' id='word_1_236' title='bbox 542 2984 661 3037; x_wconf 87' lang='lat' dir='ltr'><strong>est;</strong></span> <span class='ocrx_word' id='word_1_237' title='bbox 688 2971 804 3039; x_wconf 86' lang='lat' dir='ltr'><strong>sed,</strong></span> <span class='ocrx_word' id='word_1_238' title='bbox 829 2971 920 3026; x_wconf 85' lang='lat' dir='ltr'><strong>Sic</strong></span> <span class='ocrx_word' id='word_1_239' title='bbox 945 2971 1103 3024; x_wconf 83' lang='lat' dir='ltr'><strong>decet.</strong></span> <span class='ocrx_word' id='word_1_240' title='bbox 1135 2969 1269 3038; x_wconf 86' lang='lat' dir='ltr'><strong>Quia</strong></span> <span class='ocrx_word' id='word_1_241' title='bbox 1299 2969 1440 3023; x_wconf 90' lang='lat' dir='ltr'><strong>enim</strong></span> <span class='ocrx_word' id='word_1_242' title='bbox 1466 2968 1737 3039; x_wconf 89' lang='lat' dir='ltr'><strong>indigmtm</strong></span> <span class='ocrx_word' id='word_1_243' title='bbox 1769 2969 1990 3022; x_wconf 89' lang='lat' dir='ltr'><strong>omnino</strong></span> <span class='ocrx_word' id='word_1_244' title='bbox 2012 2982 2132 3022; x_wconf 79' lang='lat' dir='ltr'><strong>esse</strong></span> 
     </span>
    </p>
   </div>
   <div class='ocr_carea' id='block_1_30' title="bbox 545 3059 2133 3135">
    <p class='ocr_par' dir='ltr' id='par_1_30' title="bbox 545 3059 2133 3135">
     <span class='ocr_line' id='line_1_30' title="bbox 545 3059 2133 3135; baseline -0.003 -18"><span class='ocrx_word' id='word_1_245' title='bbox 545 3065 786 3135; x_wconf 77' lang='lat' dir='ltr'><strong>putabat,</strong></span> <span class='ocrx_word' id='word_1_246' title='bbox 819 3063 865 3117; x_wconf 89' lang='lat' dir='ltr'><strong>si</strong></span> <span class='ocrx_word' id='word_1_247' title='bbox 892 3062 980 3116; x_wconf 92' lang='lat' dir='ltr'><strong>ille</strong></span> <span class='ocrx_word' id='word_1_248' title='bbox 1008 3076 1038 3114; x_wconf 91' lang='lat' dir='ltr'><strong>a</strong></span> <span class='ocrx_word' id='word_1_249' title='bbox 1061 3075 1221 3116; x_wconf 87' lang='lat' dir='ltr'><strong>servo</strong></span> <span class='ocrx_word' id='word_1_250' title='bbox 1246 3061 1624 3129; x_wconf 84' lang='lat' dir='ltr'><strong>baptizaretur,</strong></span> <span class='ocrx_word' id='word_1_251' title='bbox 1650 3059 1752 3113; x_wconf 88' lang='lat' dir='ltr'><strong>hoc</strong></span> <span class='ocrx_word' id='word_1_252' title='bbox 1780 3061 2011 3114; x_wconf 83' lang='lat' dir='ltr'><strong>maxime</strong></span> <span class='ocrx_word' id='word_1_253' title='bbox 2031 3059 2133 3127; x_wconf 87' lang='lat' dir='ltr'><strong>ipsi</strong></span> 
     </span>
    </p>
   </div>
   <div class='ocr_carea' id='block_1_31' title="bbox 545 3153 2133 3225">
    <p class='ocr_par' dir='ltr' id='par_1_31' title="bbox 545 3153 2133 3225">
     <span class='ocr_line' id='line_1_31' title="bbox 545 3153 2133 3225; baseline -0.004 -13"><span class='ocrx_word' id='word_1_254' title='bbox 545 3168 733 3212; x_wconf 88' lang='lat' dir='ltr'><strong>contra</strong></span> <span class='ocrx_word' id='word_1_255' title='bbox 759 3157 1032 3225; x_wconf 89' lang='lat' dir='ltr'><strong>opposuit,</strong></span> <span class='ocrx_word' id='word_1_256' title='bbox 1084 3168 1146 3208; x_wconf 91' lang='lat' dir='ltr'><strong>ac</strong></span> <span class='ocrx_word' id='word_1_257' title='bbox 1176 3155 1219 3208; x_wconf 92' lang='lat' dir='ltr'><strong>si</strong></span> <span class='ocrx_word' id='word_1_258' title='bbox 1250 3154 1475 3207; x_wconf 81' lang='lat' dir='ltr'><strong>dixisset</strong></span> <span class='ocrx_word' id='word_1_259' title='bbox 1505 3170 1519 3208; x_wconf 90' lang='lat'><strong>:</strong></span> <span class='ocrx_word' id='word_1_260' title='bbox 1549 3153 1735 3207; x_wconf 87' lang='lat' dir='ltr'><strong>Nonne</strong></span> <span class='ocrx_word' id='word_1_261' title='bbox 1762 3154 1813 3207; x_wconf 88' lang='lat' dir='ltr'><strong>id</strong></span> <span class='ocrx_word' id='word_1_262' title='bbox 1846 3154 2044 3222; x_wconf 83' lang='lat' dir='ltr'><strong>refugis</strong></span> <span class='ocrx_word' id='word_1_263' title='bbox 2079 3164 2133 3206; x_wconf 87' lang='lat' dir='ltr'><strong>et</strong></span> 
     </span>
    </p>
   </div>
   <div class='ocr_carea' id='block_1_32' title="bbox 546 3244 2131 3317">
    <p class='ocr_par' dir='ltr' id='par_1_32' title="bbox 546 3244 2131 3317">
     <span class='ocr_line' id='line_1_32' title="bbox 546 3244 2131 3317; baseline -0.004 -15"><span class='ocrx_word' id='word_1_264' title='bbox 546 3248 767 3302; x_wconf 86' lang='lat' dir='ltr'><strong>cohibes</strong></span> <span class='ocrx_word' id='word_1_265' title='bbox 793 3247 943 3317; x_wconf 91' lang='lat' dir='ltr'><strong>quasi</strong></span> <span class='ocrx_word' id='word_1_266' title='bbox 973 3244 1325 3299; x_wconf 83' lang='lat' dir='ltr'><strong>indecorum?</strong></span> <span class='ocrx_word' id='word_1_267' title='bbox 1352 3244 1639 3315; x_wconf 86' lang='lat' dir='ltr'><strong>Propterea</strong></span> <span class='ocrx_word' id='word_1_268' title='bbox 1671 3260 1797 3314; x_wconf 91' lang='lat' dir='ltr'><strong>ergo</strong></span> <span class='ocrx_word' id='word_1_269' title='bbox 1824 3244 1981 3309; x_wconf 84' lang='lat' dir='ltr'><strong>Siue,</strong></span> <span class='ocrx_word' id='word_1_270' title='bbox 2009 3246 2131 3312; x_wconf 86' lang='lat' dir='ltr'><strong>quia</strong></span> 
     </span>
    </p>
   </div>
   <div class='ocr_carea' id='block_1_33' title="bbox 545 3336 2133 3406">
    <p class='ocr_par' dir='ltr' id='par_1_33' title="bbox 545 3336 2133 3406">
     <span class='ocr_line' id='line_1_33' title="bbox 545 3336 2133 3406; baseline -0.004 -11"><span class='ocrx_word' id='word_1_271' title='bbox 545 3340 832 3395; x_wconf 88' lang='lat' dir='ltr'><strong>admodum</strong></span> <span class='ocrx_word' id='word_1_272' title='bbox 861 3338 1113 3393; x_wconf 86' lang='lat' dir='ltr'><strong>decorum</strong></span> <span class='ocrx_word' id='word_1_273' title='bbox 1136 3346 1240 3392; x_wconf 90' lang='lat' dir='ltr'><strong>est.</strong></span> <span class='ocrx_word' id='word_1_274' title='bbox 1270 3336 1452 3406; x_wconf 88' lang='lat' dir='ltr'><strong>Neque</strong></span> <span class='ocrx_word' id='word_1_275' title='bbox 1471 3338 1787 3406; x_wconf 84' lang='lat' dir='ltr'><strong>simpliciter</strong></span> <span class='ocrx_word' id='word_1_276' title='bbox 1806 3337 1960 3400; x_wconf 81' lang='lat' dir='ltr'><strong>dixit,</strong></span> <span class='ocrx_word' id='word_1_277' title='bbox 1987 3337 2133 3401; x_wconf 82' lang='lat' dir='ltr'><strong>Sine,-</strong></span> 
     </span>
    </p>
   </div>
   <div class='ocr_carea' id='block_1_34' title="bbox 547 3428 2139 3498">
    <p class='ocr_par' dir='ltr' id='par_1_34' title="bbox 547 3428 2139 3498">
     <span class='ocr_line' id='line_1_34' title="bbox 547 3428 2139 3498; baseline -0.004 -12"><span class='ocrx_word' id='word_1_278' title='bbox 547 3431 642 3487; x_wconf 88' lang='lat' dir='ltr'><strong>sed</strong></span> <span class='ocrx_word' id='word_1_279' title='bbox 674 3430 895 3495; x_wconf 89' lang='lat' dir='ltr'><strong>addidit,</strong></span> <span class='ocrx_word' id='word_1_280' title='bbox 942 3429 1116 3482; x_wconf 84' lang='lat' dir='ltr'><strong>Nunc.</strong></span> <span class='ocrx_word' id='word_1_281' title='bbox 1144 3428 1259 3483; x_wconf 89' lang='lat' dir='ltr'><strong>Non</strong></span> <span class='ocrx_word' id='word_1_282' title='bbox 1306 3429 1448 3483; x_wconf 91' lang='lat' dir='ltr'><strong>enim</strong></span> <span class='ocrx_word' id='word_1_283' title='bbox 1477 3437 1734 3498; x_wconf 89' lang='lat' dir='ltr'><strong>perpetuo</strong></span> <span class='ocrx_word' id='word_1_284' title='bbox 1778 3428 1847 3483; x_wconf 88' lang='lat' dir='ltr'><strong>ita</strong></span> <span class='ocrx_word' id='word_1_285' title='bbox 1901 3428 2025 3495; x_wconf 90' lang='lat' dir='ltr'><strong>erit,</strong></span> <span class='ocrx_word' id='word_1_286' title='bbox 2059 3430 2139 3483; x_wconf 90' lang='lat' dir='ltr'><strong>iu-</strong></span> 
     </span>
    </p>
   </div>
   <div class='ocr_carea' id='block_1_35' title="bbox 549 3522 2139 3595">
    <p class='ocr_par' dir='ltr' id='par_1_35' title="bbox 549 3522 2139 3595">
     <span class='ocr_line' id='line_1_35' title="bbox 549 3522 2139 3595; baseline -0.002 -17"><span class='ocrx_word' id='word_1_287' title='bbox 549 3527 665 3595; x_wconf 92' lang='lat' dir='ltr'><strong>quit</strong></span> <span class='ocrx_word' id='word_1_288' title='bbox 694 3542 706 3577; x_wconf 91' lang='lat'><strong>:</strong></span> <span class='ocrx_word' id='word_1_289' title='bbox 730 3524 825 3580; x_wconf 89' lang='lat' dir='ltr'><strong>sed</strong></span> <span class='ocrx_word' id='word_1_290' title='bbox 857 3525 909 3577; x_wconf 85' lang='lat' dir='ltr'><strong>in</strong></span> <span class='ocrx_word' id='word_1_291' title='bbox 932 3537 999 3578; x_wconf 92' lang='lat' dir='ltr'><strong>eo</strong></span> <span class='ocrx_word' id='word_1_292' title='bbox 1024 3530 1165 3576; x_wconf 91' lang='lat' dir='ltr'><strong>statu</strong></span> <span class='ocrx_word' id='word_1_293' title='bbox 1196 3536 1284 3577; x_wconf 89' lang='lat' dir='ltr'><strong>me</strong></span> <span class='ocrx_word' id='word_1_294' title='bbox 1310 3522 1516 3577; x_wconf 82' lang='lat' dir='ltr'><strong>videbis</strong></span> <span class='ocrx_word' id='word_1_295' title='bbox 1539 3564 1554 3585; x_wconf 87' lang='lat'><strong>,</strong></span> <span class='ocrx_word' id='word_1_296' title='bbox 1584 3538 1691 3592; x_wconf 89' lang='lat' dir='ltr'><strong>quo</strong></span> <span class='ocrx_word' id='word_1_297' title='bbox 1734 3522 2012 3577; x_wconf 86' lang='lat' dir='ltr'><strong>desideras</strong></span> <span class='ocrx_word' id='word_1_298' title='bbox 2037 3540 2052 3584; x_wconf 86' lang='lat'>;</span> <span class='ocrx_word' id='word_1_299' title='bbox 2084 3531 2139 3575; x_wconf 88' lang='lat' dir='ltr'><strong>at</strong></span> 
     </span>
    </p>
   </div>
   <div class='ocr_carea' id='block_1_36' title="bbox 554 3612 2138 3683">
    <p class='ocr_par' dir='ltr' id='par_1_36' title="bbox 554 3612 2138 3683">
     <span class='ocr_line' id='line_1_36' title="bbox 554 3612 2138 3683; baseline -0.003 -12"><span class='ocrx_word' id='word_1_300' title='bbox 554 3631 697 3671; x_wconf 81' lang='lat' dir='ltr'><strong>nunc</strong></span> <span class='ocrx_word' id='word_1_301' title='bbox 723 3618 827 3670; x_wconf 86' lang='lat' dir='ltr'><strong>hoc</strong></span> <span class='ocrx_word' id='word_1_302' title='bbox 852 3623 1126 3682; x_wconf 78' lang='lat' dir='ltr'><strong>exapecta.</strong></span> <span class='ocrx_word' id='word_1_303' title='bbox 1175 3612 1377 3668; x_wconf 87' lang='lat' dir='ltr'><strong>Deinde</strong></span> <span class='ocrx_word' id='word_1_304' title='bbox 1415 3612 1655 3667; x_wconf 89' lang='lat' dir='ltr'><strong>ostendit</strong></span> <span class='ocrx_word' id='word_1_305' title='bbox 1680 3613 1954 3683; x_wconf 89' lang='lat' dir='ltr'><strong>quomodo</strong></span> <span class='ocrx_word' id='word_1_306' title='bbox 2009 3613 2138 3666; x_wconf 87' lang='lat' dir='ltr'><strong>illttd</strong></span> 
     </span>
    </p>
   </div>
   <div class='ocr_carea' id='block_1_37' title="bbox 555 3704 2139 3775">
    <p class='ocr_par' dir='ltr' id='par_1_37' title="bbox 555 3704 2139 3775">
     <span class='ocr_line' id='line_1_37' title="bbox 555 3704 2139 3775; baseline -0.003 -12"><span class='ocrx_word' id='word_1_307' title='bbox 555 3709 765 3763; x_wconf 88' lang='lat' dir='ltr'><strong>deceat.</strong></span> <span class='ocrx_word' id='word_1_308' title='bbox 810 3704 1093 3773; x_wconf 91' lang='lat' dir='ltr'><strong>Quomodo</strong></span> <span class='ocrx_word' id='word_1_309' title='bbox 1144 3705 1302 3774; x_wconf 79' lang='lat' dir='ltr'><strong>igitur</strong></span> <span class='ocrx_word' id='word_1_310' title='bbox 1325 3704 1516 3759; x_wconf 77' lang='lat' dir='ltr'><strong>decet?</strong></span> <span class='ocrx_word' id='word_1_311' title='bbox 1560 3704 1693 3772; x_wconf 89' lang='lat' dir='ltr'><strong>Quia</strong></span> <span class='ocrx_word' id='word_1_312' title='bbox 1748 3705 1920 3775; x_wconf 90' lang='lat' dir='ltr'><strong>legem</strong></span> <span class='ocrx_word' id='word_1_313' title='bbox 1975 3714 2139 3759; x_wconf 90' lang='lat' dir='ltr'><strong>totam</strong></span> 
     </span>
    </p>
   </div>
   <div class='ocr_carea' id='block_1_38' title="bbox 557 3795 2143 3867">
    <p class='ocr_par' dir='ltr' id='par_1_38' title="bbox 557 3795 2143 3867">
     <span class='ocr_line' id='line_1_38' title="bbox 557 3795 2143 3867; baseline -0.003 -14"><span class='ocrx_word' id='word_1_314' title='bbox 557 3799 874 3865; x_wconf 88' lang='lat' dir='ltr'><strong>implemus;</strong></span> <span class='ocrx_word' id='word_1_315' title='bbox 907 3795 959 3850; x_wconf 93' lang='lat' dir='ltr'><strong>id</strong></span> <span class='ocrx_word' id='word_1_316' title='bbox 988 3796 1182 3865; x_wconf 88' lang='lat' dir='ltr'><strong>quippe</strong></span> <span class='ocrx_word' id='word_1_317' title='bbox 1199 3796 1515 3864; x_wconf 81' lang='lat' dir='ltr'><strong>signiﬁcavit</strong></span> <span class='ocrx_word' id='word_1_318' title='bbox 1544 3796 1793 3863; x_wconf 87' lang='lat' dir='ltr'><strong>dicendo,</strong></span> <span class='ocrx_word' id='word_1_319' title='bbox 1825 3796 2036 3850; x_wconf 80' lang='lat' dir='ltr'><strong>Omnem</strong></span> <span class='ocrx_word' id='word_1_320' title='bbox 2051 3799 2143 3867; x_wconf 84' lang='lat' dir='ltr'><strong>jn-</strong></span> 
     </span>
    </p>
   </div>
   <div class='ocr_carea' id='block_1_39' title="bbox 555 3887 2139 3948">
    <p class='ocr_par' dir='ltr' id='par_1_39' title="bbox 555 3887 2139 3948">
     <span class='ocr_line' id='line_1_39' title="bbox 555 3887 2139 3948; baseline -0.003 -3"><span class='ocrx_word' id='word_1_321' title='bbox 555 3892 763 3948; x_wconf 82' lang='lat' dir='ltr'><strong>stitiam.</strong></span> <span class='ocrx_word' id='word_1_322' title='bbox 797 3889 1010 3944; x_wconf 87' lang='lat' dir='ltr'><strong>Justitia</strong></span> <span class='ocrx_word' id='word_1_323' title='bbox 1058 3889 1200 3943; x_wconf 91' lang='lat' dir='ltr'><strong>enim</strong></span> <span class='ocrx_word' id='word_1_324' title='bbox 1246 3896 1334 3943; x_wconf 85' lang='lat' dir='ltr'><strong>est</strong></span> <span class='ocrx_word' id='word_1_325' title='bbox 1385 3887 1759 3943; x_wconf 83' lang='lat' dir='ltr'><strong>mandatorum</strong></span> <span class='ocrx_word' id='word_1_326' title='bbox 1813 3887 2139 3943; x_wconf 80' lang='lat' dir='ltr'><strong>observatio.</strong></span> 
     </span>
    </p>
   </div>
   <div class='ocr_carea' id='block_1_40' title="bbox 554 3980 2141 4052">
    <p class='ocr_par' dir='ltr' id='par_1_40' title="bbox 554 3980 2141 4052">
     <span class='ocr_line' id='line_1_40' title="bbox 554 3980 2141 4052; baseline -0.003 -15"><span class='ocrx_word' id='word_1_327' title='bbox 554 3986 688 4052; x_wconf 84' lang='lat' dir='ltr'><strong>Quia</strong></span> <span class='ocrx_word' id='word_1_328' title='bbox 713 3983 892 4052; x_wconf 91' lang='lat' dir='ltr'><strong>igitur,</strong></span> <span class='ocrx_word' id='word_1_329' title='bbox 922 3981 1113 4051; x_wconf 86' lang='lat' dir='ltr'><strong>inquit,</strong></span> <span class='ocrx_word' id='word_1_330' title='bbox 1146 3982 1247 4035; x_wconf 90' lang='lat' dir='ltr'><strong>alia</strong></span> <span class='ocrx_word' id='word_1_331' title='bbox 1274 3981 1456 4035; x_wconf 90' lang='lat' dir='ltr'><strong>omnia</strong></span> <span class='ocrx_word' id='word_1_332' title='bbox 1488 3980 1735 4034; x_wconf 88' lang='lat' dir='ltr'><strong>mandata</strong></span> <span class='ocrx_word' id='word_1_333' title='bbox 1764 3980 2103 4049; x_wconf 82' lang='lat' dir='ltr'><strong>implevimus</strong></span> <span class='ocrx_word' id='word_1_334' title='bbox 2127 4023 2141 4045; x_wconf 97' lang='lat'><strong>,</strong></span> 
     </span>
    </p>
   </div>
   <div class='ocr_carea' id='block_1_41' title="bbox 560 4071 2144 4142">
    <p class='ocr_par' dir='ltr' id='par_1_41' title="bbox 560 4071 2144 4142">
     <span class='ocr_line' id='line_1_41' title="bbox 560 4071 2144 4142; baseline -0.001 -15"><span class='ocrx_word' id='word_1_335' title='bbox 560 4078 663 4127; x_wconf 89' lang='lat' dir='ltr'><strong>hoc</strong></span> <span class='ocrx_word' id='word_1_336' title='bbox 702 4084 879 4129; x_wconf 83' lang='lat' dir='ltr'><strong>autent</strong></span> <span class='ocrx_word' id='word_1_337' title='bbox 930 4089 1092 4128; x_wconf 91' lang='lat' dir='ltr'><strong>unum</strong></span> <span class='ocrx_word' id='word_1_338' title='bbox 1143 4082 1405 4142; x_wconf 86' lang='lat' dir='ltr'><strong>superest,</strong></span> <span class='ocrx_word' id='word_1_339' title='bbox 1436 4082 1491 4127; x_wconf 92' lang='lat' dir='ltr'><strong>et</strong></span> <span class='ocrx_word' id='word_1_340' title='bbox 1520 4071 1649 4126; x_wconf 90' lang='lat' dir='ltr'><strong>illud</strong></span> <span class='ocrx_word' id='word_1_341' title='bbox 1678 4087 1890 4141; x_wconf 89' lang='lat' dir='ltr'><strong>quoque</strong></span> <span class='ocrx_word' id='word_1_342' title='bbox 1929 4071 2144 4141; x_wconf 88' lang='lat' dir='ltr'><strong>adjungi</strong></span> 
     </span>
    </p>
   </div>
   <div class='ocr_carea' id='block_1_42' title="bbox 558 4162 2147 4236">
    <p class='ocr_par' dir='ltr' id='par_1_42' title="bbox 558 4162 2147 4236">
     <span class='ocr_line' id='line_1_42' title="bbox 558 4162 2147 4236; baseline -0.002 -17"><span class='ocrx_word' id='word_1_343' title='bbox 558 4176 791 4236; x_wconf 88' lang='lat' dir='ltr'><strong>oportet.</strong></span> <span class='ocrx_word' id='word_1_344' title='bbox 825 4167 954 4220; x_wconf 82' lang='lat' dir='ltr'><strong>Venl</strong></span> <span class='ocrx_word' id='word_1_345' title='bbox 983 4168 1179 4235; x_wconf 85' lang='lat' dir='ltr'><strong>quippe</strong></span> <span class='ocrx_word' id='word_1_346' title='bbox 1225 4165 1435 4219; x_wconf 89' lang='lat' dir='ltr'><strong>solvere</strong></span> <span class='ocrx_word' id='word_1_347' title='bbox 1460 4162 1801 4219; x_wconf 89' lang='lat' dir='ltr'><strong>maledictum</strong></span> <span class='ocrx_word' id='word_1_348' title='bbox 1822 4204 1838 4230; x_wconf 97' lang='lat'><strong>,</strong></span> <span class='ocrx_word' id='word_1_349' title='bbox 1872 4178 1932 4218; x_wconf 73' lang='lat' dir='ltr'><strong>ex</strong></span> <span class='ocrx_word' id='word_1_350' title='bbox 1966 4172 2147 4217; x_wconf 84' lang='lat' dir='ltr'><strong>trans-</strong></span> 
     </span>
    </p>
   </div>
   <div class='ocr_carea' id='block_1_43' title="bbox 559 4254 2145 4326">
    <p class='ocr_par' dir='ltr' id='par_1_43' title="bbox 559 4254 2145 4326">
     <span class='ocr_line' id='line_1_43' title="bbox 559 4254 2145 4326; baseline -0.002 -15"><span class='ocrx_word' id='word_1_351' title='bbox 559 4260 837 4325; x_wconf 87' lang='lat' dir='ltr'><strong>gressione</strong></span> <span class='ocrx_word' id='word_1_352' title='bbox 876 4258 1008 4326; x_wconf 80' lang='lat' dir='ltr'><strong>legis</strong></span> <span class='ocrx_word' id='word_1_353' title='bbox 1041 4257 1369 4325; x_wconf 89' lang='lat' dir='ltr'><strong>impositum.</strong></span> <span class='ocrx_word' id='word_1_354' title='bbox 1400 4255 1623 4325; x_wconf 88' lang='lat' dir='ltr'><strong>Oportet</strong></span> <span class='ocrx_word' id='word_1_355' title='bbox 1651 4255 1811 4325; x_wconf 89' lang='lat' dir='ltr'><strong>igitur</strong></span> <span class='ocrx_word' id='word_1_356' title='bbox 1831 4269 1918 4309; x_wconf 90' lang='lat' dir='ltr'><strong>me</strong></span> <span class='ocrx_word' id='word_1_357' title='bbox 1949 4254 2145 4325; x_wconf 90' lang='lat' dir='ltr'><strong>ipsum,</strong></span> 
     </span>
    </p>
   </div>
   <div class='ocr_carea' id='block_1_44' title="bbox 563 4342 2143 4415">
    <p class='ocr_par' dir='ltr' id='par_1_44' title="bbox 563 4342 2143 4415">
     <span class='ocr_line' id='line_1_44' title="bbox 563 4342 2143 4415; baseline -0.003 -13"><span class='ocrx_word' id='word_1_358' title='bbox 563 4366 686 4402; x_wconf 84' lang='lat' dir='ltr'><strong>eum</strong></span> <span class='ocrx_word' id='word_1_359' title='bbox 711 4358 874 4402; x_wconf 86' lang='lat' dir='ltr'><strong>totam</strong></span> <span class='ocrx_word' id='word_1_360' title='bbox 914 4348 1086 4415; x_wconf 87' lang='lat' dir='ltr'><strong>legem</strong></span> <span class='ocrx_word' id='word_1_361' title='bbox 1130 4347 1443 4415; x_wconf 85' lang='lat' dir='ltr'><strong>implevero,</strong></span> <span class='ocrx_word' id='word_1_362' title='bbox 1490 4354 1545 4399; x_wconf 92' lang='lat' dir='ltr'><strong>et</strong></span> <span class='ocrx_word' id='word_1_363' title='bbox 1593 4358 1691 4398; x_wconf 88' lang='lat' dir='ltr'><strong>vos</strong></span> <span class='ocrx_word' id='word_1_364' title='bbox 1730 4358 1760 4397; x_wconf 88' lang='lat' dir='ltr'><strong>a</strong></span> <span class='ocrx_word' id='word_1_365' title='bbox 1796 4342 2143 4399; x_wconf 88' lang='lat' dir='ltr'><strong>damnatione</strong></span> 
     </span>
    </p>
   </div>
   <div class='ocr_carea' id='block_1_45' title="bbox 566 4436 2150 4506">
    <p class='ocr_par' dir='ltr' id='par_1_45' title="bbox 566 4436 2150 4506">
     <span class='ocr_line' id='line_1_45' title="bbox 566 4436 2150 4506; baseline -0.004 -12"><span class='ocrx_word' id='word_1_366' title='bbox 566 4442 886 4503; x_wconf 84' lang='lat' dir='ltr'><strong>liberavero,</strong></span> <span class='ocrx_word' id='word_1_367' title='bbox 911 4439 987 4491; x_wconf 91' lang='lat' dir='ltr'><strong>sic</strong></span> <span class='ocrx_word' id='word_1_368' title='bbox 1016 4439 1161 4491; x_wconf 89' lang='lat' dir='ltr'><strong>illam</strong></span> <span class='ocrx_word' id='word_1_369' title='bbox 1206 4438 1487 4506; x_wconf 85' lang='lat' dir='ltr'><strong>abrogare.</strong></span> <span class='ocrx_word' id='word_1_370' title='bbox 1516 4436 1679 4490; x_wconf 84' lang='lat' dir='ltr'><strong>Decet</strong></span> <span class='ocrx_word' id='word_1_371' title='bbox 1713 4451 1841 4504; x_wconf 85' lang='lat' dir='ltr'><strong>ergo</strong></span> <span class='ocrx_word' id='word_1_372' title='bbox 1866 4451 1953 4489; x_wconf 87' lang='lat' dir='ltr'><strong>me</strong></span> <span class='ocrx_word' id='word_1_373' title='bbox 1984 4442 2150 4488; x_wconf 66' lang='lat' dir='ltr'><strong>totum</strong></span> 
     </span>
    </p>
   </div>
   <div class='ocr_carea' id='block_1_46' title="bbox 564 4527 2153 4602">
    <p class='ocr_par' dir='ltr' id='par_1_46' title="bbox 564 4527 2153 4602">
     <span class='ocr_line' id='line_1_46' title="bbox 564 4527 2153 4602; baseline -0.006 -14"><span class='ocrx_word' id='word_1_374' title='bbox 564 4533 791 4602; x_wconf 86' lang='lat' dir='ltr'><strong>implere</strong></span> <span class='ocrx_word' id='word_1_375' title='bbox 817 4532 987 4602; x_wconf 89' lang='lat' dir='ltr'><strong>legem</strong></span> <span class='ocrx_word' id='word_1_376' title='bbox 1017 4549 1029 4581; x_wconf 84' lang='lat'><strong>.-</strong></span> <span class='ocrx_word' id='word_1_377' title='bbox 1060 4532 1180 4598; x_wconf 89' lang='lat' dir='ltr'><strong>quia</strong></span> <span class='ocrx_word' id='word_1_378' title='bbox 1210 4529 1363 4583; x_wconf 84' lang='lat' dir='ltr'><strong>decet</strong></span> <span class='ocrx_word' id='word_1_379' title='bbox 1386 4530 1543 4584; x_wconf 89' lang='lat' dir='ltr'><strong>etiam</strong></span> <span class='ocrx_word' id='word_1_380' title='bbox 1574 4527 1912 4584; x_wconf 90' lang='lat' dir='ltr'><strong>maledictum</strong></span> <span class='ocrx_word' id='word_1_381' title='bbox 1944 4527 2153 4581; x_wconf 89' lang='lat' dir='ltr'><strong>solvere</strong></span> 
     </span>
    </p>
   </div>
   <div class='ocr_carea' id='block_1_47' title="bbox 564 4618 2150 4693">
    <p class='ocr_par' dir='ltr' id='par_1_47' title="bbox 564 4618 2150 4693">
     <span class='ocr_line' id='line_1_47' title="bbox 564 4618 2150 4693; baseline -0.005 -14"><span class='ocrx_word' id='word_1_382' title='bbox 564 4636 748 4679; x_wconf 85' lang='lat' dir='ltr'><strong>contra</strong></span> <span class='ocrx_word' id='word_1_383' title='bbox 776 4638 872 4677; x_wconf 86' lang='lat' dir='ltr'><strong>vos</strong></span> <span class='ocrx_word' id='word_1_384' title='bbox 903 4625 954 4678; x_wconf 89' lang='lat' dir='ltr'><strong>in</strong></span> <span class='ocrx_word' id='word_1_385' title='bbox 981 4624 1098 4693; x_wconf 83' lang='lat' dir='ltr'><strong>Irge</strong></span> <span class='ocrx_word' id='word_1_386' title='bbox 1126 4622 1456 4690; x_wconf 88' lang='lat' dir='ltr'><strong>inscriptmu.</strong></span> <span class='ocrx_word' id='word_1_387' title='bbox 1489 4621 1613 4678; x_wconf 88' lang='lat' dir='ltr'><strong>Itleo</strong></span> <span class='ocrx_word' id='word_1_388' title='bbox 1640 4636 1856 4677; x_wconf 91' lang='lat' dir='ltr'><strong>carnem</strong></span> <span class='ocrx_word' id='word_1_389' title='bbox 1885 4618 2150 4686; x_wconf 87' lang='lat' dir='ltr'><strong>assumpsi</strong></span> 
     </span>
    </p>
   </div>
   <div class='ocr_carea' id='block_1_48' title="bbox 559 4708 2151 4780">
    <p class='ocr_par' dir='ltr' id='par_1_48' title="bbox 559 4708 2151 4780">
     <span class='ocr_line' id='line_1_48' title="bbox 559 4708 2151 4780; baseline -0.004 -12"><span class='ocrx_word' id='word_1_390' title='bbox 559 4722 610 4768; x_wconf 82' lang='lat' dir='ltr'><strong>et</strong></span> <span class='ocrx_word' id='word_1_391' title='bbox 646 4716 858 4771; x_wconf 83' lang='lat' dir='ltr'><strong>adveni.</strong></span> <span class='ocrx_word' id='word_1_392' title='bbox 894 4714 1035 4768; x_wconf 85' lang='lat' dir='ltr'><strong>Tunc</strong></span> <span class='ocrx_word' id='word_1_393' title='bbox 1058 4715 1247 4768; x_wconf 84' lang='lat' dir='ltr'><strong>dimisit</strong></span> <span class='ocrx_word' id='word_1_394' title='bbox 1271 4730 1404 4767; x_wconf 87' lang='lat' dir='ltr'><strong>eum.</strong></span> <span class='ocrx_word' id='word_1_395' title='bbox 1434 4714 1522 4769; x_wconf 75' lang='lat'><strong>16.</strong></span> <span class='ocrx_word' id='word_1_396' title='bbox 1556 4714 1620 4766; x_wconf 76' lang='lat' dir='ltr'><strong>Et</strong></span> <span class='ocrx_word' id='word_1_397' title='bbox 1659 4714 1940 4780; x_wconf 80' lang='lat' dir='ltr'><strong>baptizatus</strong></span> <span class='ocrx_word' id='word_1_398' title='bbox 1979 4708 2151 4773; x_wconf 79' lang='lat' dir='ltr'><strong>Jesus,</strong></span> 
     </span>
    </p>
   </div>
   <div class='ocr_carea' id='block_1_49' title="bbox 560 4806 2156 4877">
    <p class='ocr_par' dir='ltr' id='par_1_49' title="bbox 560 4806 2156 4877">
     <span class='ocr_line' id='line_1_49' title="bbox 560 4806 2156 4877; baseline 0 -19"><span class='ocrx_word' id='word_1_399' title='bbox 560 4810 828 4877; x_wconf 79' lang='lat' dir='ltr'><strong>confestim</strong></span> <span class='ocrx_word' id='word_1_400' title='bbox 859 4808 1084 4862; x_wconf 83' lang='lat' dir='ltr'><strong>ascendit</strong></span> <span class='ocrx_word' id='word_1_401' title='bbox 1114 4808 1177 4859; x_wconf 87' lang='lat' dir='ltr'><strong>de</strong></span> <span class='ocrx_word' id='word_1_402' title='bbox 1203 4824 1353 4873; x_wconf 90' lang='lat' dir='ltr'><strong>aqua,</strong></span> <span class='ocrx_word' id='word_1_403' title='bbox 1379 4816 1427 4859; x_wconf 89' lang='lat' dir='ltr'><strong>et</strong></span> <span class='ocrx_word' id='word_1_404' title='bbox 1468 4823 1579 4860; x_wconf 80' lang='lat' dir='ltr'><strong>ecce</strong></span> <span class='ocrx_word' id='word_1_405' title='bbox 1606 4809 1767 4877; x_wconf 88' lang='lat' dir='ltr'><strong>aperti</strong></span> <span class='ocrx_word' id='word_1_406' title='bbox 1793 4815 1910 4859; x_wconf 88' lang='lat' dir='ltr'><strong>sunt</strong></span> <span class='ocrx_word' id='word_1_407' title='bbox 1931 4806 1976 4858; x_wconf 87' lang='lat' dir='ltr'><strong>ei</strong></span> <span class='ocrx_word' id='word_1_408' title='bbox 2003 4806 2113 4858; x_wconf 67' lang='grc' dir='ltr'><strong>ειτιὶ</strong></span> <span class='ocrx_word' id='word_1_409' title='bbox 2137 4820 2156 4858; x_wconf 87' lang='lat'><strong>.&#39;</strong></span> 
     </span>
    </p>
   </div>
   <div class='ocr_carea' id='block_1_50' title="bbox 562 4898 2156 4972">
    <p class='ocr_par' dir='ltr' id='par_1_50' title="bbox 562 4898 2156 4972">
     <span class='ocr_line' id='line_1_50' title="bbox 562 4898 2156 4972; baseline -0.003 -20"><span class='ocrx_word' id='word_1_410' title='bbox 562 4910 607 4952; x_wconf 77' lang='lat' dir='ltr'><strong>rt</strong></span> <span class='ocrx_word' id='word_1_411' title='bbox 640 4904 759 4955; x_wconf 74' lang='lat' dir='ltr'><strong>vidit</strong></span> <span class='ocrx_word' id='word_1_412' title='bbox 786 4901 1039 4972; x_wconf 77' lang='lat' dir='ltr'><strong>Spiritum</strong></span> <span class='ocrx_word' id='word_1_413' title='bbox 1068 4898 1165 4953; x_wconf 87' lang='lat' dir='ltr'><strong>Dei</strong></span> <span class='ocrx_word' id='word_1_414' title='bbox 1190 4898 1571 4955; x_wconf 78' lang='lat' dir='ltr'><strong>descendentem</strong></span> <span class='ocrx_word' id='word_1_415' title='bbox 1614 4898 1742 4951; x_wconf 83' lang='lat' dir='ltr'><strong>sicut</strong></span> <span class='ocrx_word' id='word_1_416' title='bbox 1783 4898 2084 4961; x_wconf 81' lang='lat' dir='ltr'><strong>columbam,</strong></span> <span class='ocrx_word' id='word_1_417' title='bbox 2108 4905 2156 4947; x_wconf 81' lang='lat' dir='ltr'><strong>et</strong></span> 
     </span>
    </p>
   </div>
   <div class='ocr_carea' id='block_1_51' title="bbox 565 4994 1164 5061">
    <p class='ocr_par' dir='ltr' id='par_1_51' title="bbox 565 4994 1164 5061">
     <span class='ocr_line' id='line_1_51' title="bbox 565 4994 1164 5061; baseline 0.002 -20"><span class='ocrx_word' id='word_1_418' title='bbox 565 4994 838 5045; x_wconf 70' lang='lat' dir='ltr'><strong>uenientem</strong></span> <span class='ocrx_word' id='word_1_419' title='bbox 859 5009 916 5045; x_wconf 85' lang='lat' dir='ltr'><strong>su</strong></span> <span class='ocrx_word' id='word_1_420' title='bbox 924 5004 1012 5061; x_wconf 82' lang='lat' dir='ltr'><strong>per</strong></span> <span class='ocrx_word' id='word_1_421' title='bbox 1031 5008 1164 5044; x_wconf 80' lang='lat' dir='ltr'><strong>cum.</strong></span> 
     </span>
    </p>
   </div>
   <div class='ocr_carea' id='block_1_52' title="bbox 640 5080 2153 5149">
    <p class='ocr_par' dir='ltr' id='par_1_52' title="bbox 640 5080 2153 5149">
     <span class='ocr_line' id='line_1_52' title="bbox 640 5080 2153 5149; baseline -0.003 -14"><span class='ocrx_word' id='word_1_422' title='bbox 640 5083 696 5136; x_wconf 67' lang='lat'><strong>2.</strong></span> <span class='ocrx_word' id='word_1_423' title='bbox 736 5082 966 5136; x_wconf 82' lang='lat' dir='ltr'><strong>Christus</strong></span> <span class='ocrx_word' id='word_1_424' title='bbox 1012 5098 1104 5136; x_wconf 81' lang='lat' dir='ltr'><strong>cur</strong></span> <span class='ocrx_word' id='word_1_425' title='bbox 1149 5082 1353 5135; x_wconf 81' lang='lat' dir='ltr'><strong>Joanne</strong></span> <span class='ocrx_word' id='word_1_426' title='bbox 1400 5082 1567 5134; x_wconf 79' lang='lat' dir='ltr'><strong>minor</strong></span> <span class='ocrx_word' id='word_1_427' title='bbox 1612 5080 1901 5149; x_wconf 81' lang='lat' dir='ltr'><strong>putabatur.</strong></span> <span class='ocrx_word' id='word_1_428' title='bbox 1931 5080 2153 5147; x_wconf 83' lang='lat' dir='ltr'><strong>—Quia</strong></span> 
     </span>
    </p>
   </div>
   <div class='ocr_carea' id='block_1_53' title="bbox 572 5172 2164 5243">
    <p class='ocr_par' dir='ltr' id='par_1_53' title="bbox 572 5172 2164 5243">
     <span class='ocr_line' id='line_1_53' title="bbox 572 5172 2164 5243; baseline -0.004 -9"><span class='ocrx_word' id='word_1_429' title='bbox 572 5180 719 5234; x_wconf 89' lang='lat' dir='ltr'><strong>enim</strong></span> <span class='ocrx_word' id='word_1_430' title='bbox 743 5178 913 5230; x_wconf 89' lang='lat' dir='ltr'><strong>multo</strong></span> <span class='ocrx_word' id='word_1_431' title='bbox 937 5177 1198 5243; x_wconf 85' lang='lat' dir='ltr'><strong>majorem</strong></span> <span class='ocrx_word' id='word_1_432' title='bbox 1228 5176 1319 5229; x_wconf 92' lang='lat' dir='ltr'><strong>lllo</strong></span> <span class='ocrx_word' id='word_1_433' title='bbox 1342 5173 1605 5229; x_wconf 85' lang='lat' dir='ltr'><strong>Joannem</strong></span> <span class='ocrx_word' id='word_1_434' title='bbox 1633 5186 1753 5225; x_wconf 85' lang='lat' dir='ltr'><strong>esse</strong></span> <span class='ocrx_word' id='word_1_435' title='bbox 1777 5172 2065 5241; x_wconf 88' lang='lat' dir='ltr'><strong>putabant,</strong></span> <span class='ocrx_word' id='word_1_436' title='bbox 2093 5187 2164 5228; x_wconf 89' lang='lat' dir='ltr'><strong>eo</strong></span> 
     </span>
    </p>
   </div>
   <div class='ocr_carea' id='block_1_54' title="bbox 1232 369 3029 438">
    <p class='ocr_par' dir='ltr' id='par_1_54' title="bbox 1232 369 3029 438">
     <span class='ocr_line' id='line_1_54' title="bbox 1232 369 3029 438; baseline -0.003 1"><span class='ocrx_word' id='word_1_437' title='bbox 1232 383 1290 438; x_wconf 91' lang='lat' dir='ltr'><strong>S.</strong></span> <span class='ocrx_word' id='word_1_438' title='bbox 1329 378 1607 438; x_wconf 73' lang='lat' dir='ltr'><strong>JOANNIS</strong></span> <span class='ocrx_word' id='word_1_439' title='bbox 1643 370 2117 434; x_wconf 75' lang='lat' dir='ltr'><strong>CIIRYSOSTOMI</strong></span> <span class='ocrx_word' id='word_1_440' title='bbox 2156 369 2473 427; x_wconf 72' lang='lat' dir='ltr'><strong>ARCHIEP.</strong></span> <span class='ocrx_word' id='word_1_441' title='bbox 2514 372 3029 434; x_wconf 81' lang='lat' dir='ltr'><strong>CONSTANTINOP</strong></span> 
     </span>
    </p>
   </div>
   <div class='ocr_carea' id='block_1_55' title="bbox 3690 383 3790 440">
    <p class='ocr_par' dir='ltr' id='par_1_55' title="bbox 3690 383 3790 440">
     <span class='ocr_line' id='line_1_55' title="bbox 3690 383 3790 440; baseline 0.02 -2"><span class='ocrx_word' id='word_1_442' title='bbox 3690 383 3790 440; x_wconf 64' lang='lat'><strong>20$</strong></span> 
     </span>
    </p>
   </div>
   <div class='ocr_carea' id='block_1_56' title="bbox 2210 488 3793 564">
    <p class='ocr_par' dir='ltr' id='par_1_56' title="bbox 2210 488 3793 564">
     <span class='ocr_line' id='line_1_56' title="bbox 2210 488 3793 564; baseline 0.005 -23"><span class='ocrx_word' id='word_1_443' title='bbox 2210 488 2385 543; x_wconf 89' lang='lat' dir='ltr'><strong>adhuc</strong></span> <span class='ocrx_word' id='word_1_444' title='bbox 2427 503 2491 543; x_wconf 90' lang='lat' dir='ltr'><strong>ex</strong></span> <span class='ocrx_word' id='word_1_445' title='bbox 2537 489 2746 544; x_wconf 89' lang='lat' dir='ltr'><strong>arcanis</strong></span> <span class='ocrx_word' id='word_1_446' title='bbox 2790 490 2896 545; x_wconf 78' lang='lat' dir='ltr'><strong>illis</strong></span> <span class='ocrx_word' id='word_1_447' title='bbox 2940 490 3199 546; x_wconf 89' lang='lat' dir='ltr'><strong>viderant.</strong></span> <span class='ocrx_word' id='word_1_448' title='bbox 3251 492 3485 564; x_wconf 87' lang='lat' dir='ltr'><strong>Contigit</strong></span> <span class='ocrx_word' id='word_1_449' title='bbox 3530 504 3708 551; x_wconf 85' lang='lat' dir='ltr'><strong>autem</strong></span> <span class='ocrx_word' id='word_1_450' title='bbox 3741 504 3793 551; x_wconf 88' lang='lat' dir='ltr'><strong>et</strong></span> 
     </span>
    </p>
   </div>
   <div class='ocr_carea' id='block_1_57' title="bbox 2209 581 3789 653">
    <p class='ocr_par' dir='ltr' id='par_1_57' title="bbox 2209 581 3789 653">
     <span class='ocr_line' id='line_1_57' title="bbox 2209 581 3789 653; baseline 0.003 -16"><span class='ocrx_word' id='word_1_451' title='bbox 2209 583 2381 651; x_wconf 86' lang='lat' dir='ltr'><strong>ipsum</strong></span> <span class='ocrx_word' id='word_1_452' title='bbox 2410 596 2439 635; x_wconf 90' lang='lat' dir='ltr'><strong>a</strong></span> <span class='ocrx_word' id='word_1_453' title='bbox 2465 581 2668 637; x_wconf 82' lang='lat' dir='ltr'><strong>Joanne</strong></span> <span class='ocrx_word' id='word_1_454' title='bbox 2689 583 2943 653; x_wconf 83' lang='lat' dir='ltr'><strong>baptizari</strong></span> <span class='ocrx_word' id='word_1_455' title='bbox 2969 600 2981 638; x_wconf 94' lang='lat'><strong>:</strong></span> <span class='ocrx_word' id='word_1_456' title='bbox 3013 582 3065 638; x_wconf 92' lang='lat' dir='ltr'><strong>id</strong></span> <span class='ocrx_word' id='word_1_457' title='bbox 3094 584 3236 653; x_wconf 91' lang='lat' dir='ltr'><strong>quod</strong></span> <span class='ocrx_word' id='word_1_458' title='bbox 3267 585 3409 639; x_wconf 86' lang='lat' dir='ltr'><strong>illam</strong></span> <span class='ocrx_word' id='word_1_459' title='bbox 3440 586 3674 642; x_wconf 81' lang='lat' dir='ltr'><strong>maxime</strong></span> <span class='ocrx_word' id='word_1_460' title='bbox 3699 588 3789 642; x_wconf 78' lang='lat' dir='ltr'><strong>tir-</strong></span> 
     </span>
    </p>
   </div>
   <div class='ocr_carea' id='block_1_58' title="bbox 2210 674 3794 750">
    <p class='ocr_par' dir='ltr' id='par_1_58' title="bbox 2210 674 3794 750">
     <span class='ocr_line' id='line_1_58' title="bbox 2210 674 3794 750; baseline 0.004 -22"><span class='ocrx_word' id='word_1_461' title='bbox 2210 674 2393 729; x_wconf 89' lang='lat' dir='ltr'><strong>mabat</strong></span> <span class='ocrx_word' id='word_1_462' title='bbox 2413 675 2739 745; x_wconf 90' lang='lat' dir='ltr'><strong>opinionem,</strong></span> <span class='ocrx_word' id='word_1_463' title='bbox 2766 678 2924 731; x_wconf 88' lang='lat' dir='ltr'><strong>etiam</strong></span> <span class='ocrx_word' id='word_1_464' title='bbox 2954 676 2997 731; x_wconf 88' lang='lat' dir='ltr'><strong>si</strong></span> <span class='ocrx_word' id='word_1_465' title='bbox 3028 677 3158 731; x_wconf 82' lang='lat' dir='ltr'><strong>nihil</strong></span> <span class='ocrx_word' id='word_1_466' title='bbox 3186 677 3329 732; x_wconf 88' lang='lat' dir='ltr'><strong>aliud</strong></span> <span class='ocrx_word' id='word_1_467' title='bbox 3366 696 3431 734; x_wconf 88' lang='lat' dir='ltr'><strong>ex</strong></span> <span class='ocrx_word' id='word_1_468' title='bbox 3475 680 3633 735; x_wconf 90' lang='lat' dir='ltr'><strong>dictis</strong></span> <span class='ocrx_word' id='word_1_469' title='bbox 3660 697 3794 750; x_wconf 75' lang='lat' dir='ltr'><strong>prte-</strong></span> 
     </span>
    </p>
   </div>
   <div class='ocr_carea' id='block_1_59' title="bbox 2210 766 3794 841">
    <p class='ocr_par' dir='ltr' id='par_1_59' title="bbox 2210 766 3794 841">
     <span class='ocr_line' id='line_1_59' title="bbox 2210 766 3794 841; baseline 0.002 -18"><span class='ocrx_word' id='word_1_470' title='bbox 2210 768 2479 823; x_wconf 85' lang='lat' dir='ltr'><strong>cessisset.</strong></span> <span class='ocrx_word' id='word_1_471' title='bbox 2523 766 2839 837; x_wconf 82' lang='lat' dir='ltr'><strong>Cogitabam</strong></span> <span class='ocrx_word' id='word_1_472' title='bbox 2886 770 3028 823; x_wconf 88' lang='lat' dir='ltr'><strong>enim</strong></span> <span class='ocrx_word' id='word_1_473' title='bbox 3070 785 3189 823; x_wconf 89' lang='lat' dir='ltr'><strong>eum</strong></span> <span class='ocrx_word' id='word_1_474' title='bbox 3236 784 3356 826; x_wconf 88' lang='lat' dir='ltr'><strong>esse</strong></span> <span class='ocrx_word' id='word_1_475' title='bbox 3410 773 3714 841; x_wconf 85' lang='lat' dir='ltr'><strong>quempiam</strong></span> <span class='ocrx_word' id='word_1_476' title='bbox 3766 790 3794 826; x_wconf 82' lang='lat' dir='ltr'><strong>a</strong></span> 
     </span>
    </p>
   </div>
   <div class='ocr_carea' id='block_1_60' title="bbox 2212 859 3791 930">
    <p class='ocr_par' dir='ltr' id='par_1_60' title="bbox 2212 859 3791 930">
     <span class='ocr_line' id='line_1_60' title="bbox 2212 859 3791 930; baseline 0.003 -17"><span class='ocrx_word' id='word_1_477' title='bbox 2212 859 2371 929; x_wconf 87' lang='lat' dir='ltr'><strong>vulgo</strong></span> <span class='ocrx_word' id='word_1_478' title='bbox 2404 879 2416 913; x_wconf 90' lang='lat'>:</span> <span class='ocrx_word' id='word_1_479' title='bbox 2450 860 2685 929; x_wconf 90' lang='lat' dir='ltr'><strong>alioquin</strong></span> <span class='ocrx_word' id='word_1_480' title='bbox 2719 860 2884 923; x_wconf 87' lang='lat' dir='ltr'><strong>enim,</strong></span> <span class='ocrx_word' id='word_1_481' title='bbox 2912 860 3011 913; x_wconf 91' lang='lat' dir='ltr'><strong>nisi</strong></span> <span class='ocrx_word' id='word_1_482' title='bbox 3040 859 3109 915; x_wconf 89' lang='lat' dir='ltr'><strong>de</strong></span> <span class='ocrx_word' id='word_1_483' title='bbox 3140 860 3300 930; x_wconf 84' lang='lat' dir='ltr'><strong>vulgo</strong></span> <span class='ocrx_word' id='word_1_484' title='bbox 3338 871 3503 928; x_wconf 87' lang='lat' dir='ltr'><strong>esset,</strong></span> <span class='ocrx_word' id='word_1_485' title='bbox 3536 878 3643 917; x_wconf 87' lang='lat' dir='ltr'><strong>non</strong></span> <span class='ocrx_word' id='word_1_486' title='bbox 3674 878 3791 917; x_wconf 76' lang='lat' dir='ltr'><strong>cum</strong></span> 
     </span>
    </p>
   </div>
   <div class='ocr_carea' id='block_1_61' title="bbox 2213 950 3796 1019">
    <p class='ocr_par' dir='ltr' id='par_1_61' title="bbox 2213 950 3796 1019">
     <span class='ocr_line' id='line_1_61' title="bbox 2213 950 3796 1019; baseline 0.002 -15"><span class='ocrx_word' id='word_1_487' title='bbox 2213 951 2363 1004; x_wconf 85' lang='lat' dir='ltr'><strong>turba</strong></span> <span class='ocrx_word' id='word_1_488' title='bbox 2411 950 2477 1005; x_wconf 91' lang='lat' dir='ltr'><strong>ad</strong></span> <span class='ocrx_word' id='word_1_489' title='bbox 2521 951 2838 1019; x_wconf 81' lang='lat' dir='ltr'><strong>baptismum</strong></span> <span class='ocrx_word' id='word_1_490' title='bbox 2892 959 3148 1006; x_wconf 84' lang='lat' dir='ltr'><strong>venturus</strong></span> <span class='ocrx_word' id='word_1_491' title='bbox 3191 961 3308 1006; x_wconf 90' lang='lat' dir='ltr'><strong>erat</strong></span> <span class='ocrx_word' id='word_1_492' title='bbox 3339 970 3352 1004; x_wconf 93' lang='lat'>:</span> <span class='ocrx_word' id='word_1_493' title='bbox 3387 952 3620 1009; x_wconf 82' lang='lat' dir='ltr'><strong>Joannes</strong></span> <span class='ocrx_word' id='word_1_494' title='bbox 3671 969 3796 1009; x_wconf 84' lang='lat' dir='ltr'><strong>vero</strong></span> 
     </span>
    </p>
   </div>
   <div class='ocr_carea' id='block_1_62' title="bbox 2215 1040 3798 1114">
    <p class='ocr_par' dir='ltr' id='par_1_62' title="bbox 2215 1040 3798 1114">
     <span class='ocr_line' id='line_1_62' title="bbox 2215 1040 3798 1114; baseline 0.003 -21"><span class='ocrx_word' id='word_1_495' title='bbox 2215 1040 2386 1108; x_wconf 88' lang='lat' dir='ltr'><strong>major</strong></span> <span class='ocrx_word' id='word_1_496' title='bbox 2406 1049 2461 1093; x_wconf 91' lang='lat' dir='ltr'><strong>et</strong></span> <span class='ocrx_word' id='word_1_497' title='bbox 2487 1040 2644 1108; x_wconf 89' lang='lat' dir='ltr'><strong>longe</strong></span> <span class='ocrx_word' id='word_1_498' title='bbox 2689 1040 2983 1095; x_wconf 88' lang='lat' dir='ltr'><strong>mirabilior</strong></span> <span class='ocrx_word' id='word_1_499' title='bbox 3026 1056 3146 1096; x_wconf 90' lang='lat' dir='ltr'><strong>esse</strong></span> <span class='ocrx_word' id='word_1_500' title='bbox 3176 1043 3479 1110; x_wconf 89' lang='lat' dir='ltr'><strong>putabatur.</strong></span> <span class='ocrx_word' id='word_1_501' title='bbox 3512 1043 3589 1099; x_wconf 91' lang='lat' dir='ltr'><strong>Ne</strong></span> <span class='ocrx_word' id='word_1_502' title='bbox 3637 1045 3798 1114; x_wconf 88' lang='lat' dir='ltr'><strong>igitur</strong></span> 
     </span>
    </p>
   </div>
   <div class='ocr_carea' id='block_1_63' title="bbox 2214 1130 3799 1204">
    <p class='ocr_par' dir='ltr' id='par_1_63' title="bbox 2214 1130 3799 1204">
     <span class='ocr_line' id='line_1_63' title="bbox 2214 1130 3799 1204; baseline 0.004 -21"><span class='ocrx_word' id='word_1_503' title='bbox 2214 1131 2301 1184; x_wconf 87' lang='lat' dir='ltr'><strong>illa</strong></span> <span class='ocrx_word' id='word_1_504' title='bbox 2330 1130 2470 1201; x_wconf 89' lang='lat' dir='ltr'><strong>apud</strong></span> <span class='ocrx_word' id='word_1_505' title='bbox 2518 1132 2715 1185; x_wconf 91' lang='lat' dir='ltr'><strong>multos</strong></span> <span class='ocrx_word' id='word_1_506' title='bbox 2739 1135 3003 1186; x_wconf 87' lang='lat' dir='ltr'><strong>sententia</strong></span> <span class='ocrx_word' id='word_1_507' title='bbox 3026 1132 3344 1200; x_wconf 76' lang='lat' dir='ltr'><strong>praevaleret</strong></span> <span class='ocrx_word' id='word_1_508' title='bbox 3364 1174 3379 1197; x_wconf 95' lang='lat'><strong>,</strong></span> <span class='ocrx_word' id='word_1_509' title='bbox 3408 1148 3529 1187; x_wconf 90' lang='lat' dir='ltr'><strong>cum</strong></span> <span class='ocrx_word' id='word_1_510' title='bbox 3560 1134 3677 1204; x_wconf 87' lang='lat' dir='ltr'><strong>ipse</strong></span> <span class='ocrx_word' id='word_1_511' title='bbox 3706 1135 3799 1189; x_wconf 87' lang='lat' dir='ltr'><strong>ba-</strong></span> 
     </span>
    </p>
   </div>
   <div class='ocr_carea' id='block_1_64' title="bbox 2214 1222 3798 1293">
    <p class='ocr_par' dir='ltr' id='par_1_64' title="bbox 2214 1222 3798 1293">
     <span class='ocr_line' id='line_1_64' title="bbox 2214 1222 3798 1293; baseline 0.002 -17"><span class='ocrx_word' id='word_1_512' title='bbox 2214 1222 2442 1292; x_wconf 83' lang='lat' dir='ltr'><strong>ptizatus</strong></span> <span class='ocrx_word' id='word_1_513' title='bbox 2481 1222 2687 1288; x_wconf 77' lang='lat' dir='ltr'><strong>inisset,</strong></span> <span class='ocrx_word' id='word_1_514' title='bbox 2716 1224 2831 1277; x_wconf 64' lang='lat' dir='ltr'><strong>caeli</strong></span> <span class='ocrx_word' id='word_1_515' title='bbox 2856 1225 3023 1292; x_wconf 89' lang='lat' dir='ltr'><strong>aperti</strong></span> <span class='ocrx_word' id='word_1_516' title='bbox 3050 1233 3193 1287; x_wconf 92' lang='lat' dir='ltr'><strong>sunt,</strong></span> <span class='ocrx_word' id='word_1_517' title='bbox 3219 1223 3451 1293; x_wconf 88' lang='lat' dir='ltr'><strong>Spiritus</strong></span> <span class='ocrx_word' id='word_1_518' title='bbox 3495 1225 3798 1291; x_wconf 88' lang='lat' dir='ltr'><strong>descendit,</strong></span> 
     </span>
    </p>
   </div>
   <div class='ocr_carea' id='block_1_65' title="bbox 2220 1314 3803 1387">
    <p class='ocr_par' dir='ltr' id='par_1_65' title="bbox 2220 1314 3803 1387">
     <span class='ocr_line' id='line_1_65' title="bbox 2220 1314 3803 1387; baseline 0.003 -21"><span class='ocrx_word' id='word_1_519' title='bbox 2220 1324 2275 1367; x_wconf 87' lang='lat' dir='ltr'><strong>et</strong></span> <span class='ocrx_word' id='word_1_520' title='bbox 2303 1328 2405 1368; x_wconf 86' lang='lat' dir='ltr'><strong>vox</strong></span> <span class='ocrx_word' id='word_1_521' title='bbox 2449 1327 2571 1368; x_wconf 89' lang='lat' dir='ltr'><strong>cum</strong></span> <span class='ocrx_word' id='word_1_522' title='bbox 2616 1314 2820 1382; x_wconf 87' lang='lat' dir='ltr'><strong>Spiritu</strong></span> <span class='ocrx_word' id='word_1_523' title='bbox 2846 1314 3143 1384; x_wconf 66' lang='lat' dir='ltr'><strong>praedicans</strong></span> <span class='ocrx_word' id='word_1_524' title='bbox 3171 1314 3390 1385; x_wconf 83' lang='lat' dir='ltr'><strong>hujusce</strong></span> <span class='ocrx_word' id='word_1_525' title='bbox 3423 1314 3691 1387; x_wconf 86' lang='lat' dir='ltr'><strong>Unigeniti</strong></span> <span class='ocrx_word' id='word_1_526' title='bbox 3720 1318 3803 1370; x_wconf 81' lang='lat' dir='ltr'><strong>di-</strong></span> 
     </span>
    </p>
   </div>
   <div class='ocr_carea' id='block_1_66' title="bbox 2214 1405 3806 1477">
    <p class='ocr_par' dir='ltr' id='par_1_66' title="bbox 2214 1405 3806 1477">
     <span class='ocr_line' id='line_1_66' title="bbox 2214 1405 3806 1477; baseline 0.001 -17"><span class='ocrx_word' id='word_1_527' title='bbox 2214 1407 2492 1477; x_wconf 88' lang='lat' dir='ltr'><strong>gnitatem.</strong></span> <span class='ocrx_word' id='word_1_528' title='bbox 2517 1406 2649 1473; x_wconf 91' lang='lat' dir='ltr'><strong>Quia</strong></span> <span class='ocrx_word' id='word_1_529' title='bbox 2676 1407 2818 1462; x_wconf 87' lang='lat' dir='ltr'><strong>enim</strong></span> <span class='ocrx_word' id='word_1_530' title='bbox 2848 1405 2963 1461; x_wconf 75' lang='lat' dir='ltr'><strong>htec</strong></span> <span class='ocrx_word' id='word_1_531' title='bbox 3007 1422 3111 1460; x_wconf 86' lang='lat' dir='ltr'><strong>vox</strong></span> <span class='ocrx_word' id='word_1_532' title='bbox 3156 1422 3275 1477; x_wconf 73' lang='lat' dir='ltr'><strong>quae</strong></span> <span class='ocrx_word' id='word_1_533' title='bbox 3304 1407 3512 1462; x_wconf 88' lang='lat' dir='ltr'><strong>dicebat</strong></span> <span class='ocrx_word' id='word_1_534' title='bbox 3534 1448 3550 1475; x_wconf 93' lang='lat'><strong>,</strong></span> <span class='ocrx_word' id='word_1_535' title='bbox 3581 1409 3668 1463; x_wconf 81' lang='grc' dir='ltr'><strong>Π.</strong></span> <span class='ocrx_word' id='word_1_536' title='bbox 3704 1406 3806 1461; x_wconf 83' lang='lat' dir='ltr'><strong>Hie</strong></span> 
     </span>
    </p>
   </div>
   <div class='ocr_carea' id='block_1_67' title="bbox 2216 1499 3807 1571">
    <p class='ocr_par' dir='ltr' id='par_1_67' title="bbox 2216 1499 3807 1571">
     <span class='ocr_line' id='line_1_67' title="bbox 2216 1499 3807 1571; baseline 0.001 -16"><span class='ocrx_word' id='word_1_537' title='bbox 2216 1510 2289 1555; x_wconf 84' lang='lat' dir='ltr'><strong>est</strong></span> <span class='ocrx_word' id='word_1_538' title='bbox 2318 1499 2481 1553; x_wconf 82' lang='lat' dir='ltr'><strong>Filius</strong></span> <span class='ocrx_word' id='word_1_539' title='bbox 2504 1516 2642 1553; x_wconf 84' lang='lat' dir='ltr'><strong>meus</strong></span> <span class='ocrx_word' id='word_1_540' title='bbox 2663 1501 2892 1565; x_wconf 81' lang='lat' dir='ltr'><strong>dilectus,</strong></span> <span class='ocrx_word' id='word_1_541' title='bbox 2907 1500 3077 1554; x_wconf 90' lang='lat' dir='ltr'><strong>multo</strong></span> <span class='ocrx_word' id='word_1_542' title='bbox 3100 1501 3268 1570; x_wconf 90' lang='lat' dir='ltr'><strong>magis</strong></span> <span class='ocrx_word' id='word_1_543' title='bbox 3288 1499 3477 1554; x_wconf 82' lang='lat' dir='ltr'><strong>Joatmi</strong></span> <span class='ocrx_word' id='word_1_544' title='bbox 3495 1510 3807 1571; x_wconf 87' lang='lat' dir='ltr'><strong>competere</strong></span> 
     </span>
    </p>
   </div>
   <div class='ocr_carea' id='block_1_68' title="bbox 2217 1590 3806 1659">
    <p class='ocr_par' dir='ltr' id='par_1_68' title="bbox 2217 1590 3806 1659">
     <span class='ocr_line' id='line_1_68' title="bbox 2217 1590 3806 1659; baseline 0.001 -16"><span class='ocrx_word' id='word_1_545' title='bbox 2217 1590 2355 1659; x_wconf 89' lang='lat' dir='ltr'><strong>apud</strong></span> <span class='ocrx_word' id='word_1_546' title='bbox 2387 1590 2641 1659; x_wconf 89' lang='lat' dir='ltr'><strong>plurimos</strong></span> <span class='ocrx_word' id='word_1_547' title='bbox 2670 1590 2781 1643; x_wconf 85' lang='lat' dir='ltr'><strong>visa</strong></span> <span class='ocrx_word' id='word_1_548' title='bbox 2825 1590 3047 1653; x_wconf 81' lang='lat' dir='ltr'><strong>fuisset;</strong></span> <span class='ocrx_word' id='word_1_549' title='bbox 3080 1605 3251 1657; x_wconf 89' lang='lat' dir='ltr'><strong>neque</strong></span> <span class='ocrx_word' id='word_1_550' title='bbox 3296 1591 3439 1645; x_wconf 91' lang='lat' dir='ltr'><strong>enim</strong></span> <span class='ocrx_word' id='word_1_551' title='bbox 3490 1590 3806 1657; x_wconf 87' lang='lat' dir='ltr'><strong>addiderat,</strong></span> 
     </span>
    </p>
   </div>
   <div class='ocr_carea' id='block_1_69' title="bbox 2218 1682 3807 1753">
    <p class='ocr_par' dir='ltr' id='par_1_69' title="bbox 2218 1682 3807 1753">
     <span class='ocr_line' id='line_1_69' title="bbox 2218 1682 3807 1753; baseline 0 -16"><span class='ocrx_word' id='word_1_552' title='bbox 2218 1683 2317 1738; x_wconf 84' lang='lat' dir='ltr'><strong>Ilic</strong></span> <span class='ocrx_word' id='word_1_553' title='bbox 2340 1682 2428 1751; x_wconf 87' lang='lat' dir='ltr'><strong>qui</strong></span> <span class='ocrx_word' id='word_1_554' title='bbox 2464 1682 2777 1752; x_wconf 82' lang='lat' dir='ltr'><strong>baptizatur,</strong></span> <span class='ocrx_word' id='word_1_555' title='bbox 2802 1682 2894 1737; x_wconf 87' lang='lat' dir='ltr'><strong>sed</strong></span> <span class='ocrx_word' id='word_1_556' title='bbox 2923 1682 3021 1735; x_wconf 81' lang='lat' dir='ltr'><strong>Hic</strong></span> <span class='ocrx_word' id='word_1_557' title='bbox 3042 1683 3359 1753; x_wconf 89' lang='lat' dir='ltr'><strong>simpliciter</strong></span> <span class='ocrx_word' id='word_1_558' title='bbox 3378 1725 3393 1749; x_wconf 91' lang='lat'><strong>,</strong></span> <span class='ocrx_word' id='word_1_559' title='bbox 3422 1694 3475 1737; x_wconf 90' lang='lat' dir='ltr'><strong>et</strong></span> <span class='ocrx_word' id='word_1_560' title='bbox 3499 1684 3807 1738; x_wconf 90' lang='lat' dir='ltr'><strong>auditorum</strong></span> 
     </span>
    </p>
   </div>
   <div class='ocr_carea' id='block_1_70' title="bbox 2216 1772 3811 1843">
    <p class='ocr_par' dir='ltr' id='par_1_70' title="bbox 2216 1772 3811 1843">
     <span class='ocr_line' id='line_1_70' title="bbox 2216 1772 3811 1843; baseline 0.001 -16"><span class='ocrx_word' id='word_1_561' title='bbox 2216 1773 2411 1842; x_wconf 89' lang='lat' dir='ltr'><strong>singuli</strong></span> <span class='ocrx_word' id='word_1_562' title='bbox 2460 1774 2511 1827; x_wconf 92' lang='lat' dir='ltr'><strong>id</strong></span> <span class='ocrx_word' id='word_1_563' title='bbox 2558 1772 2732 1842; x_wconf 91' lang='lat' dir='ltr'><strong>potius</strong></span> <span class='ocrx_word' id='word_1_564' title='bbox 2756 1773 2823 1827; x_wconf 93' lang='lat' dir='ltr'><strong>de</strong></span> <span class='ocrx_word' id='word_1_565' title='bbox 2877 1772 3199 1843; x_wconf 87' lang='lat' dir='ltr'><strong>baptizante,</strong></span> <span class='ocrx_word' id='word_1_566' title='bbox 3227 1788 3386 1842; x_wconf 89' lang='lat' dir='ltr'><strong>quam</strong></span> <span class='ocrx_word' id='word_1_567' title='bbox 3430 1773 3497 1829; x_wconf 90' lang='lat' dir='ltr'><strong>de</strong></span> <span class='ocrx_word' id='word_1_568' title='bbox 3540 1774 3811 1842; x_wconf 63' lang='lat' dir='ltr'><strong>baptizata</strong></span> 
     </span>
    </p>
   </div>
   <div class='ocr_carea' id='block_1_71' title="bbox 2218 1864 3809 1935">
    <p class='ocr_par' dir='ltr' id='par_1_71' title="bbox 2218 1864 3809 1935">
     <span class='ocr_line' id='line_1_71' title="bbox 2218 1864 3809 1935; baseline -0.001 -16"><span class='ocrx_word' id='word_1_569' title='bbox 2218 1864 2324 1919; x_wconf 89' lang='lat' dir='ltr'><strong>dici</strong></span> <span class='ocrx_word' id='word_1_570' title='bbox 2351 1865 2605 1934; x_wconf 86' lang='lat' dir='ltr'><strong>suspicati</strong></span> <span class='ocrx_word' id='word_1_571' title='bbox 2640 1864 2885 1931; x_wconf 84' lang='lat' dir='ltr'><strong>fuissent,</strong></span> <span class='ocrx_word' id='word_1_572' title='bbox 2918 1874 3030 1918; x_wconf 90' lang='lat' dir='ltr'><strong>tum</strong></span> <span class='ocrx_word' id='word_1_573' title='bbox 3058 1865 3128 1918; x_wconf 92' lang='lat' dir='ltr'><strong>ob</strong></span> <span class='ocrx_word' id='word_1_574' title='bbox 3149 1865 3317 1934; x_wconf 86' lang='lat' dir='ltr'><strong>ipsam</strong></span> <span class='ocrx_word' id='word_1_575' title='bbox 3351 1865 3602 1934; x_wconf 70' lang='lat' dir='ltr'><strong>Baptista:</strong></span> <span class='ocrx_word' id='word_1_576' title='bbox 3628 1864 3809 1935; x_wconf 87' lang='lat' dir='ltr'><strong>digni-</strong></span> 
     </span>
    </p>
   </div>
   <div class='ocr_carea' id='block_1_72' title="bbox 2222 1955 3815 2026">
    <p class='ocr_par' dir='ltr' id='par_1_72' title="bbox 2222 1955 3815 2026">
     <span class='ocr_line' id='line_1_72' title="bbox 2222 1955 3815 2026; baseline -0.001 -15"><span class='ocrx_word' id='word_1_577' title='bbox 2222 1964 2383 2012; x_wconf 87' lang='lat' dir='ltr'><strong>tatem</strong></span> <span class='ocrx_word' id='word_1_578' title='bbox 2415 1958 2455 2021; x_wconf 80' lang='grc' dir='ltr'><strong>ί,</strong></span> <span class='ocrx_word' id='word_1_579' title='bbox 2484 1965 2594 2009; x_wconf 91' lang='lat' dir='ltr'><strong>tum</strong></span> <span class='ocrx_word' id='word_1_580' title='bbox 2622 1956 2693 2009; x_wconf 90' lang='lat' dir='ltr'><strong>ob</strong></span> <span class='ocrx_word' id='word_1_581' title='bbox 2721 1971 2782 2011; x_wconf 90' lang='lat' dir='ltr'><strong>ea</strong></span> <span class='ocrx_word' id='word_1_582' title='bbox 2811 1956 2989 2009; x_wconf 88' lang='lat' dir='ltr'><strong>omnia</strong></span> <span class='ocrx_word' id='word_1_583' title='bbox 3017 1970 3137 2026; x_wconf 71' lang='lat' dir='ltr'><strong>qua:</strong></span> <span class='ocrx_word' id='word_1_584' title='bbox 3161 1955 3271 2025; x_wconf 88' lang='lat' dir='ltr'><strong>jam</strong></span> <span class='ocrx_word' id='word_1_585' title='bbox 3302 1955 3439 2009; x_wconf 86' lang='lat' dir='ltr'><strong>dicta</strong></span> <span class='ocrx_word' id='word_1_586' title='bbox 3467 1965 3593 2009; x_wconf 90' lang='lat' dir='ltr'><strong>sunt</strong></span> <span class='ocrx_word' id='word_1_587' title='bbox 3622 1972 3634 2008; x_wconf 94' lang='lat'>:</span> <span class='ocrx_word' id='word_1_588' title='bbox 3670 1956 3815 2009; x_wconf 86' lang='lat' dir='ltr'><strong>venit</strong></span> 
     </span>
    </p>
   </div>
   <div class='ocr_carea' id='block_1_73' title="bbox 2221 2047 3813 2118">
    <p class='ocr_par' dir='ltr' id='par_1_73' title="bbox 2221 2047 3813 2118">
     <span class='ocr_line' id='line_1_73' title="bbox 2221 2047 3813 2118; baseline -0.001 -15"><span class='ocrx_word' id='word_1_589' title='bbox 2221 2047 2449 2118; x_wconf 89' lang='lat' dir='ltr'><strong>Spiritus</strong></span> <span class='ocrx_word' id='word_1_590' title='bbox 2460 2047 2720 2102; x_wconf 76' lang='lat' dir='ltr'><strong>columhze</strong></span> <span class='ocrx_word' id='word_1_591' title='bbox 2737 2047 2934 2117; x_wconf 85' lang='lat' dir='ltr'><strong>specie,</strong></span> <span class='ocrx_word' id='word_1_592' title='bbox 2954 2048 3042 2117; x_wconf 87' lang='lat' dir='ltr'><strong>qui</strong></span> <span class='ocrx_word' id='word_1_593' title='bbox 3064 2062 3253 2101; x_wconf 84' lang='lat' dir='ltr'><strong>vocem</strong></span> <span class='ocrx_word' id='word_1_594' title='bbox 3270 2049 3503 2101; x_wconf 89' lang='lat' dir='ltr'><strong>traheret</strong></span> <span class='ocrx_word' id='word_1_595' title='bbox 3520 2048 3587 2101; x_wconf 91' lang='lat' dir='ltr'><strong>ad</strong></span> <span class='ocrx_word' id='word_1_596' title='bbox 3604 2047 3813 2113; x_wconf 80' lang='lat' dir='ltr'><strong>Iesum,</strong></span> 
     </span>
    </p>
   </div>
   <div class='ocr_carea' id='block_1_74' title="bbox 2222 2137 3816 2208">
    <p class='ocr_par' dir='ltr' id='par_1_74' title="bbox 2222 2137 3816 2208">
     <span class='ocr_line' id='line_1_74' title="bbox 2222 2137 3816 2208; baseline -0.001 -14"><span class='ocrx_word' id='word_1_597' title='bbox 2222 2140 2578 2208; x_wconf 78' lang='lat' dir='ltr'><strong>omnibusque</strong></span> <span class='ocrx_word' id='word_1_598' title='bbox 2619 2138 2917 2193; x_wconf 88' lang='lat' dir='ltr'><strong>declararet</strong></span> <span class='ocrx_word' id='word_1_599' title='bbox 2947 2154 3129 2193; x_wconf 88' lang='lat' dir='ltr'><strong>vocem</strong></span> <span class='ocrx_word' id='word_1_600' title='bbox 3186 2138 3327 2191; x_wconf 89' lang='lat' dir='ltr'><strong>illam</strong></span> <span class='ocrx_word' id='word_1_601' title='bbox 3353 2181 3369 2204; x_wconf 94' lang='lat'><strong>,</strong></span> <span class='ocrx_word' id='word_1_602' title='bbox 3415 2137 3545 2203; x_wconf 80' lang='lat' dir='ltr'><strong>Hic,</strong></span> <span class='ocrx_word' id='word_1_603' title='bbox 3596 2153 3705 2192; x_wconf 89' lang='lat' dir='ltr'><strong>non</strong></span> <span class='ocrx_word' id='word_1_604' title='bbox 3749 2138 3816 2192; x_wconf 88' lang='lat' dir='ltr'><strong>dc</strong></span> 
     </span>
    </p>
   </div>
   <div class='ocr_carea' id='block_1_75' title="bbox 2222 2228 3814 2299">
    <p class='ocr_par' dir='ltr' id='par_1_75' title="bbox 2222 2228 3814 2299">
     <span class='ocr_line' id='line_1_75' title="bbox 2222 2228 3814 2299; baseline -0.003 -12"><span class='ocrx_word' id='word_1_605' title='bbox 2222 2230 2430 2287; x_wconf 85' lang='lat' dir='ltr'><strong>Joanne</strong></span> <span class='ocrx_word' id='word_1_606' title='bbox 2458 2230 2758 2299; x_wconf 88' lang='lat' dir='ltr'><strong>baptizante</strong></span> <span class='ocrx_word' id='word_1_607' title='bbox 2778 2270 2793 2294; x_wconf 95' lang='lat'><strong>,</strong></span> <span class='ocrx_word' id='word_1_608' title='bbox 2824 2229 2922 2283; x_wconf 89' lang='lat' dir='ltr'><strong>sed</strong></span> <span class='ocrx_word' id='word_1_609' title='bbox 2971 2229 3057 2283; x_wconf 85' lang='lat' dir='ltr'><strong>de&#39;</strong></span> <span class='ocrx_word' id='word_1_610' title='bbox 3090 2229 3216 2284; x_wconf 88' lang='lat' dir='ltr'><strong>Jesu</strong></span> <span class='ocrx_word' id='word_1_611' title='bbox 3248 2230 3514 2298; x_wconf 86' lang='lat' dir='ltr'><strong>baptizato</strong></span> <span class='ocrx_word' id='word_1_612' title='bbox 3563 2228 3814 2297; x_wconf 82' lang='lat' dir='ltr'><strong>proferri.</strong></span> 
     </span>
    </p>
   </div>
   <div class='ocr_carea' id='block_1_76' title="bbox 2226 2321 3819 2395">
    <p class='ocr_par' dir='ltr' id='par_1_76' title="bbox 2226 2321 3819 2395">
     <span class='ocr_line' id='line_1_76' title="bbox 2226 2321 3819 2395; baseline -0.003 -16"><span class='ocrx_word' id='word_1_613' title='bbox 2226 2324 2498 2395; x_wconf 83' lang='lat' dir='ltr'><strong>thuare,</strong></span> <span class='ocrx_word' id='word_1_614' title='bbox 2531 2325 2759 2393; x_wconf 87' lang='lat' dir='ltr'><strong>inquies,</strong></span> <span class='ocrx_word' id='word_1_615' title='bbox 2810 2322 2894 2378; x_wconf 90' lang='lat' dir='ltr'><strong>his</strong></span> <span class='ocrx_word' id='word_1_616' title='bbox 2946 2324 3015 2377; x_wconf 86' lang='lat' dir='ltr'><strong>ita</strong></span> <span class='ocrx_word' id='word_1_617' title='bbox 3060 2322 3225 2391; x_wconf 88' lang='lat' dir='ltr'><strong>gestis</strong></span> <span class='ocrx_word' id='word_1_618' title='bbox 3278 2338 3384 2376; x_wconf 91' lang='lat' dir='ltr'><strong>non</strong></span> <span class='ocrx_word' id='word_1_619' title='bbox 3436 2321 3819 2378; x_wconf 82' lang='lat' dir='ltr'><strong>crediderunt?</strong></span> 
     </span>
    </p>
   </div>
   <div class='ocr_carea' id='block_1_77' title="bbox 2226 2416 3817 2488">
    <p class='ocr_par' dir='ltr' id='par_1_77' title="bbox 2226 2416 3817 2488">
     <span class='ocr_line' id='line_1_77' title="bbox 2226 2416 3817 2488; baseline -0.003 -15"><span class='ocrx_word' id='word_1_620' title='bbox 2226 2418 2361 2486; x_wconf 87' lang='lat' dir='ltr'><strong>Quia</strong></span> <span class='ocrx_word' id='word_1_621' title='bbox 2389 2419 2548 2473; x_wconf 91' lang='lat' dir='ltr'><strong>etiam</strong></span> <span class='ocrx_word' id='word_1_622' title='bbox 2572 2418 2671 2471; x_wconf 90' lang='lat' dir='ltr'><strong>sub</strong></span> <span class='ocrx_word' id='word_1_623' title='bbox 2706 2416 2887 2488; x_wconf 79' lang='lat' dir='ltr'><strong>Moyse</strong></span> <span class='ocrx_word' id='word_1_624' title='bbox 2931 2416 3099 2471; x_wconf 91' lang='lat' dir='ltr'><strong>multa</strong></span> <span class='ocrx_word' id='word_1_625' title='bbox 3125 2425 3332 2486; x_wconf 87' lang='lat' dir='ltr'><strong>patrata</strong></span> <span class='ocrx_word' id='word_1_626' title='bbox 3364 2425 3487 2470; x_wconf 89' lang='lat' dir='ltr'><strong>sunt</strong></span> <span class='ocrx_word' id='word_1_627' title='bbox 3533 2416 3817 2482; x_wconf 88' lang='lat' dir='ltr'><strong>miracula,</strong></span> 
     </span>
    </p>
   </div>
   <div class='ocr_carea' id='block_1_78' title="bbox 2227 2510 3822 2579">
    <p class='ocr_par' dir='ltr' id='par_1_78' title="bbox 2227 2510 3822 2579">
     <span class='ocr_line' id='line_1_78' title="bbox 2227 2510 3822 2579; baseline -0.006 -9"><span class='ocrx_word' id='word_1_628' title='bbox 2227 2514 2437 2570; x_wconf 68' lang='lat' dir='ltr'><strong>etiamsi</strong></span> <span class='ocrx_word' id='word_1_629' title='bbox 2463 2529 2568 2565; x_wconf 88' lang='lat' dir='ltr'><strong>non</strong></span> <span class='ocrx_word' id='word_1_630' title='bbox 2599 2512 2721 2565; x_wconf 87' lang='lat' dir='ltr'><strong>talia</strong></span> <span class='ocrx_word' id='word_1_631' title='bbox 2753 2528 2766 2567; x_wconf 89' lang='lat'>:</span> <span class='ocrx_word' id='word_1_632' title='bbox 2799 2519 2853 2566; x_wconf 86' lang='lat' dir='ltr'><strong>et</strong></span> <span class='ocrx_word' id='word_1_633' title='bbox 2883 2518 3063 2565; x_wconf 85' lang='lat' dir='ltr'><strong>tamen</strong></span> <span class='ocrx_word' id='word_1_634' title='bbox 3092 2520 3209 2577; x_wconf 87' lang='lat' dir='ltr'><strong>post</strong></span> <span class='ocrx_word' id='word_1_635' title='bbox 3234 2510 3319 2564; x_wconf 89' lang='lat' dir='ltr'><strong>illa</strong></span> <span class='ocrx_word' id='word_1_636' title='bbox 3349 2512 3545 2570; x_wconf 87' lang='lat' dir='ltr'><strong>ontnia,</strong></span> <span class='ocrx_word' id='word_1_637' title='bbox 3579 2517 3705 2579; x_wconf 82' lang='lat' dir='ltr'><strong>post</strong></span> <span class='ocrx_word' id='word_1_638' title='bbox 3732 2524 3822 2561; x_wconf 86' lang='lat' dir='ltr'><strong>v0-</strong></span> 
     </span>
    </p>
   </div>
   <div class='ocr_carea' id='block_1_79' title="bbox 2229 2599 3821 2670">
    <p class='ocr_par' dir='ltr' id='par_1_79' title="bbox 2229 2599 3821 2670">
     <span class='ocr_line' id='line_1_79' title="bbox 2229 2599 3821 2670; baseline -0.006 -9"><span class='ocrx_word' id='word_1_639' title='bbox 2229 2620 2321 2661; x_wconf 90' lang='lat' dir='ltr'><strong>ces</strong></span> <span class='ocrx_word' id='word_1_640' title='bbox 2349 2613 2404 2660; x_wconf 90' lang='lat' dir='ltr'><strong>et</strong></span> <span class='ocrx_word' id='word_1_641' title='bbox 2436 2603 2611 2669; x_wconf 90' lang='lat' dir='ltr'><strong>tubas,</strong></span> <span class='ocrx_word' id='word_1_642' title='bbox 2641 2612 2694 2658; x_wconf 91' lang='lat' dir='ltr'><strong>et</strong></span> <span class='ocrx_word' id='word_1_643' title='bbox 2723 2602 2950 2670; x_wconf 80' lang='lat' dir='ltr'><strong>fulgura,</strong></span> <span class='ocrx_word' id='word_1_644' title='bbox 2978 2602 3201 2655; x_wconf 92' lang='lat' dir='ltr'><strong>vitulum</strong></span> <span class='ocrx_word' id='word_1_645' title='bbox 3230 2599 3548 2666; x_wconf 83' lang='lat' dir='ltr'><strong>conﬂaruut,</strong></span> <span class='ocrx_word' id='word_1_646' title='bbox 3578 2608 3633 2654; x_wconf 90' lang='lat' dir='ltr'><strong>et</strong></span> <span class='ocrx_word' id='word_1_647' title='bbox 3663 2599 3821 2654; x_wconf 83' lang='lat' dir='ltr'><strong>Beel-</strong></span> 
     </span>
    </p>
   </div>
   <div class='ocr_carea' id='block_1_80' title="bbox 2230 2692 3824 2767">
    <p class='ocr_par' dir='ltr' id='par_1_80' title="bbox 2230 2692 3824 2767">
     <span class='ocr_line' id='line_1_80' title="bbox 2230 2692 3824 2767; baseline -0.004 -18"><span class='ocrx_word' id='word_1_648' title='bbox 2230 2695 2453 2767; x_wconf 88' lang='lat' dir='ltr'><strong>phegori</strong></span> <span class='ocrx_word' id='word_1_649' title='bbox 2482 2694 2673 2748; x_wconf 86' lang='lat' dir='ltr'><strong>initiati</strong></span> <span class='ocrx_word' id='word_1_650' title='bbox 2704 2703 2846 2747; x_wconf 90' lang='lat' dir='ltr'><strong>sunt.</strong></span> <span class='ocrx_word' id='word_1_651' title='bbox 2879 2692 3089 2762; x_wconf 84' lang='lat' dir='ltr'><strong>Ipsique</strong></span> <span class='ocrx_word' id='word_1_652' title='bbox 3114 2693 3298 2757; x_wconf 89' lang='lat' dir='ltr'><strong>etiam,</strong></span> <span class='ocrx_word' id='word_1_653' title='bbox 3329 2692 3419 2762; x_wconf 88' lang='lat' dir='ltr'><strong>qui</strong></span> <span class='ocrx_word' id='word_1_654' title='bbox 3446 2702 3554 2745; x_wconf 88' lang='lat' dir='ltr'><strong>tutn</strong></span> <span class='ocrx_word' id='word_1_655' title='bbox 3580 2706 3824 2761; x_wconf 63' lang='lat' dir='ltr'><strong>praesen-</strong></span> 
     </span>
    </p>
   </div>
   <div class='ocr_carea' id='block_1_81' title="bbox 2232 2784 3822 2849">
    <p class='ocr_par' dir='ltr' id='par_1_81' title="bbox 2232 2784 3822 2849">
     <span class='ocr_line' id='line_1_81' title="bbox 2232 2784 3822 2849; baseline -0.005 -6"><span class='ocrx_word' id='word_1_656' title='bbox 2232 2796 2316 2843; x_wconf 83' lang='lat' dir='ltr'><strong>tes</strong></span> <span class='ocrx_word' id='word_1_657' title='bbox 2335 2798 2507 2849; x_wconf 90' lang='lat' dir='ltr'><strong>erant,</strong></span> <span class='ocrx_word' id='word_1_658' title='bbox 2536 2800 2656 2841; x_wconf 92' lang='lat' dir='ltr'><strong>cum</strong></span> <span class='ocrx_word' id='word_1_659' title='bbox 2685 2785 2939 2839; x_wconf 86' lang='lat' dir='ltr'><strong>Lazarum</strong></span> <span class='ocrx_word' id='word_1_660' title='bbox 2968 2785 3280 2838; x_wconf 83' lang='lat' dir='ltr'><strong>suscitatutn</strong></span> <span class='ocrx_word' id='word_1_661' title='bbox 3308 2784 3589 2847; x_wconf 90' lang='lat' dir='ltr'><strong>vidissent,</strong></span> <span class='ocrx_word' id='word_1_662' title='bbox 3616 2790 3822 2836; x_wconf 88' lang='lat' dir='ltr'><strong>tantum</strong></span> 
     </span>
    </p>
   </div>
   <div class='ocr_carea' id='block_1_82' title="bbox 2234 2874 3825 2945">
    <p class='ocr_par' dir='ltr' id='par_1_82' title="bbox 2234 2874 3825 2945">
     <span class='ocr_line' id='line_1_82' title="bbox 2234 2874 3825 2945; baseline -0.005 -10"><span class='ocrx_word' id='word_1_663' title='bbox 2234 2881 2400 2936; x_wconf 78' lang='lat' dir='ltr'><strong>abfuit</strong></span> <span class='ocrx_word' id='word_1_664' title='bbox 2423 2889 2480 2934; x_wconf 90' lang='lat' dir='ltr'><strong>ut</strong></span> <span class='ocrx_word' id='word_1_665' title='bbox 2506 2879 2786 2933; x_wconf 88' lang='lat' dir='ltr'><strong>crederent</strong></span> <span class='ocrx_word' id='word_1_666' title='bbox 2829 2877 2951 2931; x_wconf 90' lang='lat' dir='ltr'><strong>talia</strong></span> <span class='ocrx_word' id='word_1_667' title='bbox 2988 2877 3240 2945; x_wconf 85' lang='lat' dir='ltr'><strong>patranti,</strong></span> <span class='ocrx_word' id='word_1_668' title='bbox 3274 2886 3327 2929; x_wconf 91' lang='lat' dir='ltr'><strong>ut</strong></span> <span class='ocrx_word' id='word_1_669' title='bbox 3356 2875 3517 2929; x_wconf 89' lang='lat' dir='ltr'><strong>etiam</strong></span> <span class='ocrx_word' id='word_1_670' title='bbox 3550 2874 3703 2927; x_wconf 89' lang='lat' dir='ltr'><strong>illum</strong></span> <span class='ocrx_word' id='word_1_671' title='bbox 3736 2888 3825 2927; x_wconf 85' lang='lat' dir='ltr'><strong>oc-</strong></span> 
     </span>
    </p>
   </div>
   <div class='ocr_carea' id='block_1_83' title="bbox 2235 2965 3828 3042">
    <p class='ocr_par' dir='ltr' id='par_1_83' title="bbox 2235 2965 3828 3042">
     <span class='ocr_line' id='line_1_83' title="bbox 2235 2965 3828 3042; baseline -0.008 -13"><span class='ocrx_word' id='word_1_672' title='bbox 2235 2974 2416 3029; x_wconf 85' lang='lat' dir='ltr'><strong>cidere</strong></span> <span class='ocrx_word' id='word_1_673' title='bbox 2443 2988 2585 3042; x_wconf 72' lang='lat' dir='ltr'><strong>szepe</strong></span> <span class='ocrx_word' id='word_1_674' title='bbox 2613 2978 2901 3025; x_wconf 84' lang='lat' dir='ltr'><strong>tentarent.</strong></span> <span class='ocrx_word' id='word_1_675' title='bbox 2932 2968 2989 3023; x_wconf 89' lang='lat' dir='ltr'><strong>Si</strong></span> <span class='ocrx_word' id='word_1_676' title='bbox 3020 2970 3179 3038; x_wconf 84' lang='lat' dir='ltr'><strong>igitur</strong></span> <span class='ocrx_word' id='word_1_677' title='bbox 3210 2983 3319 3037; x_wconf 75' lang='lat' dir='ltr'><strong>pra:</strong></span> <span class='ocrx_word' id='word_1_678' title='bbox 3345 2966 3519 3020; x_wconf 88' lang='lat' dir='ltr'><strong>oculis</strong></span> <span class='ocrx_word' id='word_1_679' title='bbox 3564 2965 3828 3019; x_wconf 87' lang='lat' dir='ltr'><strong>habentes</strong></span> 
     </span>
    </p>
   </div>
   <div class='ocr_carea' id='block_1_84' title="bbox 2237 3056 3829 3125">
    <p class='ocr_par' dir='ltr' id='par_1_84' title="bbox 2237 3056 3829 3125">
     <span class='ocr_line' id='line_1_84' title="bbox 2237 3056 3829 3125; baseline -0.007 -5"><span class='ocrx_word' id='word_1_680' title='bbox 2237 3075 2569 3121; x_wconf 89' lang='lat' dir='ltr'><strong>mortuorum</strong></span> <span class='ocrx_word' id='word_1_681' title='bbox 2624 3063 3094 3125; x_wconf 84' lang='lat' dir='ltr'><strong>resurrectionem,</strong></span> <span class='ocrx_word' id='word_1_682' title='bbox 3150 3061 3221 3113; x_wconf 90' lang='lat' dir='ltr'><strong>ita</strong></span> <span class='ocrx_word' id='word_1_683' title='bbox 3273 3067 3425 3113; x_wconf 89' lang='lat' dir='ltr'><strong>erant</strong></span> <span class='ocrx_word' id='word_1_684' title='bbox 3464 3056 3731 3112; x_wconf 90' lang='lat' dir='ltr'><strong>increduli</strong></span> <span class='ocrx_word' id='word_1_685' title='bbox 3778 3067 3829 3110; x_wconf 88' lang='lat' dir='ltr'><strong>et</strong></span> 
     </span>
    </p>
   </div>
   <div class='ocr_carea' id='block_1_85' title="bbox 2238 3153 3832 3229">
    <p class='ocr_par' dir='ltr' id='par_1_85' title="bbox 2238 3153 3832 3229">
     <span class='ocr_line' id='line_1_85' title="bbox 2238 3153 3832 3229; baseline -0.004 -19"><span class='ocrx_word' id='word_1_686' title='bbox 2238 3159 2408 3229; x_wconf 85' lang='lat' dir='ltr'><strong>pravi,</strong></span> <span class='ocrx_word' id='word_1_687' title='bbox 2436 3156 2561 3227; x_wconf 90' lang='lat' dir='ltr'><strong>quid</strong></span> <span class='ocrx_word' id='word_1_688' title='bbox 2588 3156 2798 3209; x_wconf 88' lang='lat' dir='ltr'><strong>miraris</strong></span> <span class='ocrx_word' id='word_1_689' title='bbox 2827 3154 2869 3208; x_wconf 93' lang='lat' dir='ltr'><strong>si</strong></span> <span class='ocrx_word' id='word_1_690' title='bbox 2900 3169 3083 3207; x_wconf 90' lang='lat' dir='ltr'><strong>vocem</strong></span> <span class='ocrx_word' id='word_1_691' title='bbox 3112 3153 3253 3206; x_wconf 93' lang='lat' dir='ltr'><strong>illam</strong></span> <span class='ocrx_word' id='word_1_692' title='bbox 3280 3166 3565 3220; x_wconf 87' lang='lat' dir='ltr'><strong>supernam</strong></span> <span class='ocrx_word' id='word_1_693' title='bbox 3600 3166 3710 3205; x_wconf 90' lang='lat' dir='ltr'><strong>non</strong></span> <span class='ocrx_word' id='word_1_694' title='bbox 3740 3165 3832 3204; x_wconf 87' lang='lat' dir='ltr'><strong>ex-</strong></span> 
     </span>
    </p>
   </div>
   <div class='ocr_carea' id='block_1_86' title="bbox 2240 3244 3827 3321">
    <p class='ocr_par' dir='ltr' id='par_1_86' title="bbox 2240 3244 3827 3321">
     <span class='ocr_line' id='line_1_86' title="bbox 2240 3244 3827 3321; baseline -0.008 -14"><span class='ocrx_word' id='word_1_695' title='bbox 2240 3252 2528 3321; x_wconf 86' lang='lat' dir='ltr'><strong>ceperunt?</strong></span> <span class='ocrx_word' id='word_1_696' title='bbox 2549 3250 2679 3304; x_wconf 88' lang='lat' dir='ltr'><strong>Cum</strong></span> <span class='ocrx_word' id='word_1_697' title='bbox 2704 3250 2844 3304; x_wconf 89' lang='lat' dir='ltr'><strong>enim</strong></span> <span class='ocrx_word' id='word_1_698' title='bbox 2878 3247 3117 3317; x_wconf 90' lang='lat' dir='ltr'><strong>improha</strong></span> <span class='ocrx_word' id='word_1_699' title='bbox 3148 3256 3201 3300; x_wconf 91' lang='lat' dir='ltr'><strong>et</strong></span> <span class='ocrx_word' id='word_1_700' title='bbox 3243 3258 3489 3314; x_wconf 80' lang='lat' dir='ltr'><strong>perversa</strong></span> <span class='ocrx_word' id='word_1_701' title='bbox 3518 3253 3601 3297; x_wconf 89' lang='lat' dir='ltr'><strong>est</strong></span> <span class='ocrx_word' id='word_1_702' title='bbox 3625 3244 3827 3302; x_wconf 87' lang='lat' dir='ltr'><strong>anima,</strong></span> 
     </span>
    </p>
   </div>
   <div class='ocr_carea' id='block_1_87' title="bbox 2240 3335 3830 3412">
    <p class='ocr_par' dir='ltr' id='par_1_87' title="bbox 2240 3335 3830 3412">
     <span class='ocr_line' id='line_1_87' title="bbox 2240 3335 3830 3412; baseline -0.007 -14"><span class='ocrx_word' id='word_1_703' title='bbox 2240 3344 2531 3412; x_wconf 87' lang='lat' dir='ltr'><strong>Iivorisqne</strong></span> <span class='ocrx_word' id='word_1_704' title='bbox 2558 3341 2746 3408; x_wconf 64' lang='lat' dir='ltr'><strong>inorbo</strong></span> <span class='ocrx_word' id='word_1_705' title='bbox 2772 3338 2981 3404; x_wconf 79' lang='lat' dir='ltr'><strong>aﬂ‘ecta,</strong></span> <span class='ocrx_word' id='word_1_706' title='bbox 3010 3337 3138 3391; x_wconf 89' lang='lat' dir='ltr'><strong>nulli</strong></span> <span class='ocrx_word' id='word_1_707' title='bbox 3166 3338 3307 3391; x_wconf 91' lang='lat' dir='ltr'><strong>cedit</strong></span> <span class='ocrx_word' id='word_1_708' title='bbox 3329 3335 3619 3400; x_wconf 89' lang='lat' dir='ltr'><strong>miraculo;</strong></span> <span class='ocrx_word' id='word_1_709' title='bbox 3643 3344 3830 3388; x_wconf 87' lang='lat' dir='ltr'><strong>contra</strong></span> 
     </span>
    </p>
   </div>
   <div class='ocr_carea' id='block_1_88' title="bbox 2243 3427 3835 3503">
    <p class='ocr_par' dir='ltr' id='par_1_88' title="bbox 2243 3427 3835 3503">
     <span class='ocr_line' id='line_1_88' title="bbox 2243 3427 3835 3503; baseline -0.008 -12"><span class='ocrx_word' id='word_1_710' title='bbox 2243 3452 2370 3493; x_wconf 86' lang='lat' dir='ltr'><strong>vero</strong></span> <span class='ocrx_word' id='word_1_711' title='bbox 2395 3451 2515 3491; x_wconf 89' lang='lat' dir='ltr'><strong>cum</strong></span> <span class='ocrx_word' id='word_1_712' title='bbox 2547 3434 2711 3503; x_wconf 88' lang='lat' dir='ltr'><strong>proba</strong></span> <span class='ocrx_word' id='word_1_713' title='bbox 2737 3442 2841 3499; x_wconf 90' lang='lat' dir='ltr'><strong>est,</strong></span> <span class='ocrx_word' id='word_1_714' title='bbox 2871 3432 3051 3486; x_wconf 89' lang='lat' dir='ltr'><strong>omnia</strong></span> <span class='ocrx_word' id='word_1_715' title='bbox 3076 3446 3196 3486; x_wconf 89' lang='lat' dir='ltr'><strong>cum</strong></span> <span class='ocrx_word' id='word_1_716' title='bbox 3229 3430 3330 3482; x_wconf 77' lang='lat' dir='ltr'><strong>[ide</strong></span> <span class='ocrx_word' id='word_1_717' title='bbox 3361 3427 3573 3498; x_wconf 89' lang='lat' dir='ltr'><strong>accipit,</strong></span> <span class='ocrx_word' id='word_1_718' title='bbox 3606 3428 3718 3481; x_wconf 92' lang='lat' dir='ltr'><strong>imo</strong></span> <span class='ocrx_word' id='word_1_719' title='bbox 3743 3442 3835 3480; x_wconf 87' lang='lat' dir='ltr'><strong>ne-</strong></span> 
     </span>
    </p>
   </div>
   <div class='ocr_carea' id='block_1_89' title="bbox 2244 3522 3835 3601">
    <p class='ocr_par' dir='ltr' id='par_1_89' title="bbox 2244 3522 3835 3601">
     <span class='ocr_line' id='line_1_89' title="bbox 2244 3522 3835 3601; baseline -0.007 -16"><span class='ocrx_word' id='word_1_720' title='bbox 2244 3544 2347 3601; x_wconf 88' lang='lat' dir='ltr'><strong>que</strong></span> <span class='ocrx_word' id='word_1_721' title='bbox 2373 3529 2454 3584; x_wconf 91' lang='lat' dir='ltr'><strong>his</strong></span> <span class='ocrx_word' id='word_1_722' title='bbox 2483 3528 2771 3583; x_wconf 90' lang='lat' dir='ltr'><strong>admodum</strong></span> <span class='ocrx_word' id='word_1_723' title='bbox 2802 3541 2938 3595; x_wconf 90' lang='lat' dir='ltr'><strong>opus</strong></span> <span class='ocrx_word' id='word_1_724' title='bbox 2965 3524 3145 3580; x_wconf 86' lang='lat' dir='ltr'><strong>habet.</strong></span> <span class='ocrx_word' id='word_1_725' title='bbox 3179 3522 3254 3577; x_wconf 85' lang='lat' dir='ltr'><strong>Ne</strong></span> <span class='ocrx_word' id='word_1_726' title='bbox 3285 3522 3447 3591; x_wconf 77' lang='lat' dir='ltr'><strong>igitur</strong></span> <span class='ocrx_word' id='word_1_727' title='bbox 3482 3536 3696 3590; x_wconf 64' lang='lat' dir='ltr'><strong>quaeras</strong></span> <span class='ocrx_word' id='word_1_728' title='bbox 3740 3536 3835 3575; x_wconf 90' lang='lat' dir='ltr'><strong>cur</strong></span> 
     </span>
    </p>
   </div>
   <div class='ocr_carea' id='block_1_90' title="bbox 2246 3611 3833 3684">
    <p class='ocr_par' dir='ltr' id='par_1_90' title="bbox 2246 3611 3833 3684">
     <span class='ocr_line' id='line_1_90' title="bbox 2246 3611 3833 3684; baseline -0.007 -9"><span class='ocrx_word' id='word_1_729' title='bbox 2246 3636 2352 3676; x_wconf 90' lang='lat' dir='ltr'><strong>non</strong></span> <span class='ocrx_word' id='word_1_730' title='bbox 2383 3619 2727 3675; x_wconf 91' lang='lat' dir='ltr'><strong>crediderunt</strong></span> <span class='ocrx_word' id='word_1_731' title='bbox 2765 3635 2779 3670; x_wconf 85' lang='lat'><strong>:</strong></span> <span class='ocrx_word' id='word_1_732' title='bbox 2810 3616 2941 3671; x_wconf 93' lang='lat' dir='ltr'><strong>illud</strong></span> <span class='ocrx_word' id='word_1_733' title='bbox 2973 3616 3067 3669; x_wconf 89' lang='lat' dir='ltr'><strong>tibi</strong></span> <span class='ocrx_word' id='word_1_734' title='bbox 3094 3613 3439 3684; x_wconf 67' lang='lat' dir='ltr'><strong>qutcrendum</strong></span> <span class='ocrx_word' id='word_1_735' title='bbox 3484 3621 3629 3666; x_wconf 91' lang='lat' dir='ltr'><strong>esset</strong></span> <span class='ocrx_word' id='word_1_736' title='bbox 3652 3611 3697 3665; x_wconf 92' lang='lat' dir='ltr'><strong>si</strong></span> <span class='ocrx_word' id='word_1_737' title='bbox 3728 3626 3833 3665; x_wconf 92' lang='lat' dir='ltr'><strong>non</strong></span> 
     </span>
    </p>
   </div>
   <div class='ocr_carea' id='block_1_91' title="bbox 2246 3701 3838 3779">
    <p class='ocr_par' dir='ltr' id='par_1_91' title="bbox 2246 3701 3838 3779">
     <span class='ocr_line' id='line_1_91' title="bbox 2246 3701 3838 3779; baseline -0.007 -11"><span class='ocrx_word' id='word_1_738' title='bbox 2246 3712 2388 3768; x_wconf 88' lang='lat' dir='ltr'><strong>facta</strong></span> <span class='ocrx_word' id='word_1_739' title='bbox 2431 3712 2658 3767; x_wconf 87' lang='lat' dir='ltr'><strong>fuissent</strong></span> <span class='ocrx_word' id='word_1_740' title='bbox 2701 3710 2901 3773; x_wconf 89' lang='lat' dir='ltr'><strong>omnia,</strong></span> <span class='ocrx_word' id='word_1_741' title='bbox 2934 3723 3055 3779; x_wconf 69' lang='lat' dir='ltr'><strong>qua:</strong></span> <span class='ocrx_word' id='word_1_742' title='bbox 3094 3706 3158 3761; x_wconf 91' lang='lat' dir='ltr'><strong>ad</strong></span> <span class='ocrx_word' id='word_1_743' title='bbox 3205 3705 3531 3759; x_wconf 81' lang='lat' dir='ltr'><strong>credendum</strong></span> <span class='ocrx_word' id='word_1_744' title='bbox 3581 3701 3838 3757; x_wconf 85' lang='lat' dir='ltr'><strong>inducere</strong></span> 
     </span>
    </p>
   </div>
   <div class='ocr_carea' id='block_1_92' title="bbox 2248 3795 3839 3871">
    <p class='ocr_par' dir='ltr' id='par_1_92' title="bbox 2248 3795 3839 3871">
     <span class='ocr_line' id='line_1_92' title="bbox 2248 3795 3839 3871; baseline -0.009 -9"><span class='ocrx_word' id='word_1_745' title='bbox 2248 3808 2535 3863; x_wconf 88' lang='lat' dir='ltr'><strong>debebant.</strong></span> <span class='ocrx_word' id='word_1_746' title='bbox 2586 3804 2791 3859; x_wconf 80' lang='lat' dir='ltr'><strong>Etenim</strong></span> <span class='ocrx_word' id='word_1_747' title='bbox 2848 3817 2942 3871; x_wconf 90' lang='lat' dir='ltr'><strong>per</strong></span> <span class='ocrx_word' id='word_1_748' title='bbox 2991 3800 3304 3869; x_wconf 88' lang='lat' dir='ltr'><strong>prophetam</strong></span> <span class='ocrx_word' id='word_1_749' title='bbox 3342 3798 3481 3851; x_wconf 84' lang='lat' dir='ltr'><strong>Deus</strong></span> <span class='ocrx_word' id='word_1_750' title='bbox 3510 3810 3673 3862; x_wconf 91' lang='lat' dir='ltr'><strong>super</strong></span> <span class='ocrx_word' id='word_1_751' title='bbox 3724 3795 3839 3848; x_wconf 77' lang='lat' dir='ltr'><strong>luec</strong></span> 
     </span>
    </p>
   </div>
   <div class='ocr_carea' id='block_1_93' title="bbox 2248 3885 3839 3966">
    <p class='ocr_par' dir='ltr' id='par_1_93' title="bbox 2248 3885 3839 3966">
     <span class='ocr_line' id='line_1_93' title="bbox 2248 3885 3839 3966; baseline -0.01 -14"><span class='ocrx_word' id='word_1_752' title='bbox 2248 3898 2450 3961; x_wconf 92' lang='lat' dir='ltr'><strong>omnia,</strong></span> <span class='ocrx_word' id='word_1_753' title='bbox 2479 3912 2596 3966; x_wconf 76' lang='lat' dir='ltr'><strong>qua-</strong></span> <span class='ocrx_word' id='word_1_754' title='bbox 2623 3894 2691 3947; x_wconf 87' lang='lat' dir='ltr'><strong>ab</strong></span> <span class='ocrx_word' id='word_1_755' title='bbox 2710 3909 2768 3947; x_wconf 90' lang='lat' dir='ltr'><strong>se</strong></span> <span class='ocrx_word' id='word_1_756' title='bbox 2795 3892 3032 3963; x_wconf 75' lang='lat' dir='ltr'><strong>pnestari</strong></span> <span class='ocrx_word' id='word_1_757' title='bbox 3061 3890 3379 3953; x_wconf 89' lang='lat' dir='ltr'><strong>debuerunt,</strong></span> <span class='ocrx_word' id='word_1_758' title='bbox 3411 3887 3551 3941; x_wconf 91' lang='lat' dir='ltr'><strong>hunc</strong></span> <span class='ocrx_word' id='word_1_759' title='bbox 3564 3885 3839 3939; x_wconf 84' lang='lat' dir='ltr'><strong>defensio-</strong></span> 
     </span>
    </p>
   </div>
   <div class='ocr_carea' id='block_1_94' title="bbox 2254 3976 3839 4050">
    <p class='ocr_par' dir='ltr' id='par_1_94' title="bbox 2254 3976 3839 4050">
     <span class='ocr_line' id='line_1_94' title="bbox 2254 3976 3839 4050; baseline -0.011 -5"><span class='ocrx_word' id='word_1_760' title='bbox 2254 3992 2336 4046; x_wconf 89' lang='lat' dir='ltr'><strong>nis</strong></span> <span class='ocrx_word' id='word_1_761' title='bbox 2363 3989 2578 4044; x_wconf 91' lang='lat' dir='ltr'><strong>modum</strong></span> <span class='ocrx_word' id='word_1_762' title='bbox 2605 3987 2783 4041; x_wconf 84' lang='lat' dir='ltr'><strong>all&#39;ert.</strong></span> <span class='ocrx_word' id='word_1_763' title='bbox 2830 3985 2964 4050; x_wconf 90' lang='lat' dir='ltr'><strong>Quia</strong></span> <span class='ocrx_word' id='word_1_764' title='bbox 2995 3983 3136 4037; x_wconf 91' lang='lat' dir='ltr'><strong>enim</strong></span> <span class='ocrx_word' id='word_1_765' title='bbox 3166 3982 3398 4034; x_wconf 88' lang='lat' dir='ltr'><strong>futurum</strong></span> <span class='ocrx_word' id='word_1_766' title='bbox 3434 3987 3550 4033; x_wconf 87' lang='lat' dir='ltr'><strong>erat</strong></span> <span class='ocrx_word' id='word_1_767' title='bbox 3587 3987 3645 4030; x_wconf 91' lang='lat' dir='ltr'><strong>ut</strong></span> <span class='ocrx_word' id='word_1_768' title='bbox 3665 3976 3839 4031; x_wconf 83' lang='lat' dir='ltr'><strong>Jud:ei</strong></span> 
     </span>
    </p>
   </div>
   <div class='ocr_carea' id='block_1_95' title="bbox 2254 4067 3843 4151">
    <p class='ocr_par' dir='ltr' id='par_1_95' title="bbox 2254 4067 3843 4151">
     <span class='ocr_line' id='line_1_95' title="bbox 2254 4067 3843 4151; baseline -0.009 -18"><span class='ocrx_word' id='word_1_769' title='bbox 2254 4084 2510 4151; x_wconf 87' lang='lat' dir='ltr'><strong>perirent,</strong></span> <span class='ocrx_word' id='word_1_770' title='bbox 2542 4086 2596 4131; x_wconf 92' lang='lat' dir='ltr'><strong>et</strong></span> <span class='ocrx_word' id='word_1_771' title='bbox 2637 4086 2884 4130; x_wconf 87' lang='lat' dir='ltr'><strong>extremo</strong></span> <span class='ocrx_word' id='word_1_772' title='bbox 2930 4073 3192 4143; x_wconf 81' lang='lat' dir='ltr'><strong>supplicio</strong></span> <span class='ocrx_word' id='word_1_773' title='bbox 3217 4070 3591 4131; x_wconf 90' lang='lat' dir='ltr'><strong>traderentur;</strong></span> <span class='ocrx_word' id='word_1_774' title='bbox 3627 4083 3693 4120; x_wconf 91' lang='lat' dir='ltr'><strong>ne</strong></span> <span class='ocrx_word' id='word_1_775' title='bbox 3722 4067 3843 4136; x_wconf 88' lang='lat' dir='ltr'><strong>quis</strong></span> 
     </span>
    </p>
   </div>
   <div class='ocr_carea' id='block_1_96' title="bbox 2253 4161 3838 4243">
    <p class='ocr_par' dir='ltr' id='par_1_96' title="bbox 2253 4161 3838 4243">
     <span class='ocr_line' id='line_1_96' title="bbox 2253 4161 3838 4243; baseline -0.013 -13"><span class='ocrx_word' id='word_1_776' title='bbox 2253 4191 2317 4230; x_wconf 84' lang='lat' dir='ltr'><strong>ex</strong></span> <span class='ocrx_word' id='word_1_777' title='bbox 2347 4174 2581 4243; x_wconf 91' lang='lat' dir='ltr'><strong>ipsorum</strong></span> <span class='ocrx_word' id='word_1_778' title='bbox 2612 4169 2844 4239; x_wconf 88' lang='lat' dir='ltr'><strong>nequitia</strong></span> <span class='ocrx_word' id='word_1_779' title='bbox 2876 4166 2991 4235; x_wconf 90' lang='lat' dir='ltr'><strong>ejus</strong></span> <span class='ocrx_word' id='word_1_780' title='bbox 3021 4164 3407 4235; x_wconf 78' lang='lat' dir='ltr'><strong>providentiam</strong></span> <span class='ocrx_word' id='word_1_781' title='bbox 3429 4162 3691 4229; x_wconf 86' lang='lat' dir='ltr'><strong>culparet,</strong></span> <span class='ocrx_word' id='word_1_782' title='bbox 3726 4161 3838 4213; x_wconf 88' lang='lat' dir='ltr'><strong>ait:</strong></span> 
     </span>
    </p>
   </div>
   <div class='ocr_carea' id='block_1_97' title="bbox 2256 4248 3841 4331">
    <p class='ocr_par' dir='ltr' id='par_1_97' title="bbox 2256 4248 3841 4331">
     <span class='ocr_line' id='line_1_97' title="bbox 2256 4248 3841 4331; baseline -0.011 -12"><span class='ocrx_word' id='word_1_783' title='bbox 2256 4265 2392 4330; x_wconf 83' lang='lat' dir='ltr'><strong>Quid</strong></span> <span class='ocrx_word' id='word_1_784' title='bbox 2418 4280 2497 4317; x_wconf 88' lang='lat' dir='ltr'><strong>me</strong></span> <span class='ocrx_word' id='word_1_785' title='bbox 2513 4270 2733 4330; x_wconf 86' lang='lat' dir='ltr'><strong>oportmt</strong></span> <span class='ocrx_word' id='word_1_786' title='bbox 2772 4262 2937 4331; x_wconf 79' lang='lat' dir='ltr'><strong>facere</strong></span> <span class='ocrx_word' id='word_1_787' title='bbox 2976 4258 3130 4310; x_wconf 79' lang='lat' dir='ltr'><strong>vinea:</strong></span> <span class='ocrx_word' id='word_1_788' title='bbox 3160 4255 3295 4319; x_wconf 80' lang='lat' dir='ltr'><strong>huic,</strong></span> <span class='ocrx_word' id='word_1_789' title='bbox 3339 4264 3386 4307; x_wconf 86' lang='lat' dir='ltr'><strong>et</strong></span> <span class='ocrx_word' id='word_1_790' title='bbox 3408 4270 3511 4307; x_wconf 85' lang='lat' dir='ltr'><strong>non</strong></span> <span class='ocrx_word' id='word_1_791' title='bbox 3541 4251 3637 4324; x_wconf 77' lang='lat' dir='ltr'><strong>feci</strong></span> <span class='ocrx_word' id='word_1_792' title='bbox 3668 4250 3686 4320; x_wconf 95' lang='lat'>(</span> <span class='ocrx_word' id='word_1_793' title='bbox 3711 4248 3841 4302; x_wconf 84' lang='lat' dir='ltr'><strong>Isai.</strong></span> 
     </span>
    </p>
   </div>
   <div class='ocr_carea' id='block_1_98' title="bbox 2255 4343 3845 4425">
    <p class='ocr_par' dir='ltr' id='par_1_98' title="bbox 2255 4343 3845 4425">
     <span class='ocr_line' id='line_1_98' title="bbox 2255 4343 3845 4425; baseline -0.01 -14"><span class='ocrx_word' id='word_1_794' title='bbox 2255 4357 2311 4412; x_wconf 82' lang='lat'><strong>5.</strong></span> <span class='ocrx_word' id='word_1_795' title='bbox 2345 4356 2444 4425; x_wconf 66' lang='lat'><strong>4)?</strong></span> <span class='ocrx_word' id='word_1_796' title='bbox 2479 4354 2709 4423; x_wconf 88' lang='lat' dir='ltr'><strong>Idipsum</strong></span> <span class='ocrx_word' id='word_1_797' title='bbox 2744 4351 2830 4405; x_wconf 91' lang='lat' dir='ltr'><strong>hic</strong></span> <span class='ocrx_word' id='word_1_798' title='bbox 2856 4350 3168 4404; x_wconf 89' lang='lat' dir='ltr'><strong>consideres</strong></span> <span class='ocrx_word' id='word_1_799' title='bbox 3196 4354 3427 4416; x_wconf 88' lang='lat' dir='ltr'><strong>oportet,</strong></span> <span class='ocrx_word' id='word_1_800' title='bbox 3471 4343 3595 4415; x_wconf 90' lang='lat' dir='ltr'><strong>quid</strong></span> <span class='ocrx_word' id='word_1_801' title='bbox 3624 4352 3845 4413; x_wconf 45' lang='lat' dir='ltr'><strong>operti.»</strong></span> 
     </span>
    </p>
   </div>
   <div class='ocr_carea' id='block_1_99' title="bbox 2256 4434 3840 4511">
    <p class='ocr_par' dir='ltr' id='par_1_99' title="bbox 2256 4434 3840 4511">
     <span class='ocr_line' id='line_1_99' title="bbox 2256 4434 3840 4511; baseline -0.009 -9"><span class='ocrx_word' id='word_1_802' title='bbox 2256 4449 2343 4502; x_wconf 85' lang='lat' dir='ltr'><strong>bat</strong></span> <span class='ocrx_word' id='word_1_803' title='bbox 2371 4446 2508 4511; x_wconf 82' lang='lat' dir='ltr'><strong>ﬁeri,</strong></span> <span class='ocrx_word' id='word_1_804' title='bbox 2556 4454 2613 4500; x_wconf 88' lang='lat' dir='ltr'><strong>et</strong></span> <span class='ocrx_word' id='word_1_805' title='bbox 2642 4458 2746 4497; x_wconf 90' lang='lat' dir='ltr'><strong>non</strong></span> <span class='ocrx_word' id='word_1_806' title='bbox 2780 4442 2975 4495; x_wconf 90' lang='lat' dir='ltr'><strong>factum</strong></span> <span class='ocrx_word' id='word_1_807' title='bbox 3007 4450 3108 4495; x_wconf 91' lang='lat' dir='ltr'><strong>est.</strong></span> <span class='ocrx_word' id='word_1_808' title='bbox 3142 4439 3209 4493; x_wconf 89' lang='lat' dir='ltr'><strong>Et</strong></span> <span class='ocrx_word' id='word_1_809' title='bbox 3234 4437 3278 4491; x_wconf 91' lang='lat' dir='ltr'><strong>si</strong></span> <span class='ocrx_word' id='word_1_810' title='bbox 3308 4435 3524 4507; x_wconf 88' lang='lat' dir='ltr'><strong>quando</strong></span> <span class='ocrx_word' id='word_1_811' title='bbox 3558 4434 3626 4488; x_wconf 90' lang='lat' dir='ltr'><strong>de</strong></span> <span class='ocrx_word' id='word_1_812' title='bbox 3653 4434 3840 4503; x_wconf 80' lang='lat' dir='ltr'><strong>provi-</strong></span> 
     </span>
    </p>
   </div>
   <div class='ocr_carea' id='block_1_100' title="bbox 2256 4525 3846 4599">
    <p class='ocr_par' dir='ltr' id='par_1_100' title="bbox 2256 4525 3846 4599">
     <span class='ocr_line' id='line_1_100' title="bbox 2256 4525 3846 4599; baseline -0.014 -1"><span class='ocrx_word' id='word_1_813' title='bbox 2256 4543 2435 4599; x_wconf 92' lang='lat' dir='ltr'><strong>dentia</strong></span> <span class='ocrx_word' id='word_1_814' title='bbox 2458 4541 2548 4595; x_wconf 88' lang='lat' dir='ltr'><strong>Dei</strong></span> <span class='ocrx_word' id='word_1_815' title='bbox 2570 4552 2847 4594; x_wconf 79' lang='lat' dir='ltr'><strong>sermones</strong></span> <span class='ocrx_word' id='word_1_816' title='bbox 2858 4544 3191 4596; x_wconf 90' lang='lat' dir='ltr'><strong>moveantur,</strong></span> <span class='ocrx_word' id='word_1_817' title='bbox 3214 4531 3317 4586; x_wconf 88' lang='lat' dir='ltr'><strong>hoc</strong></span> <span class='ocrx_word' id='word_1_818' title='bbox 3334 4528 3661 4585; x_wconf 84' lang='lat' dir='ltr'><strong>defensionis</strong></span> <span class='ocrx_word' id='word_1_819' title='bbox 3682 4525 3846 4580; x_wconf 81' lang='lat' dir='ltr'><strong>modo</strong></span> 
     </span>
    </p>
   </div>
   <div class='ocr_carea' id='block_1_101' title="bbox 2260 4617 3845 4693">
    <p class='ocr_par' dir='ltr' id='par_1_101' title="bbox 2260 4617 3845 4693">
     <span class='ocr_line' id='line_1_101' title="bbox 2260 4617 3845 4693; baseline -0.011 -5"><span class='ocrx_word' id='word_1_820' title='bbox 2260 4643 2412 4688; x_wconf 88' lang='lat' dir='ltr'><strong>utere</strong></span> <span class='ocrx_word' id='word_1_821' title='bbox 2456 4632 2716 4686; x_wconf 85' lang='lat' dir='ltr'><strong>adversus</strong></span> <span class='ocrx_word' id='word_1_822' title='bbox 2760 4644 2855 4682; x_wconf 92' lang='lat' dir='ltr'><strong>eos</strong></span> <span class='ocrx_word' id='word_1_823' title='bbox 2903 4626 2993 4693; x_wconf 89' lang='lat' dir='ltr'><strong>qui</strong></span> <span class='ocrx_word' id='word_1_824' title='bbox 3045 4626 3112 4678; x_wconf 86' lang='lat' dir='ltr'><strong>de</strong></span> <span class='ocrx_word' id='word_1_825' title='bbox 3170 4622 3454 4678; x_wconf 89' lang='lat' dir='ltr'><strong>multorum</strong></span> <span class='ocrx_word' id='word_1_826' title='bbox 3504 4617 3845 4688; x_wconf 87' lang='lat' dir='ltr'><strong>improbitate</strong></span> 
     </span>
    </p>
   </div>
   <div class='ocr_carea' id='block_1_102' title="bbox 2261 4708 3847 4796">
    <p class='ocr_par' dir='ltr' id='par_1_102' title="bbox 2261 4708 3847 4796">
     <span class='ocr_line' id='line_1_102' title="bbox 2261 4708 3847 4796; baseline -0.013 -17"><span class='ocrx_word' id='word_1_827' title='bbox 2261 4727 2429 4796; x_wconf 84' lang='lat' dir='ltr'><strong>ipsam</strong></span> <span class='ocrx_word' id='word_1_828' title='bbox 2455 4722 2726 4777; x_wconf 88' lang='lat' dir='ltr'><strong>criminari</strong></span> <span class='ocrx_word' id='word_1_829' title='bbox 2756 4726 3033 4775; x_wconf 88' lang='lat' dir='ltr'><strong>conantur.</strong></span> <span class='ocrx_word' id='word_1_830' title='bbox 3068 4713 3344 4784; x_wconf 88' lang='lat' dir='ltr'><strong>Perpende</strong></span> <span class='ocrx_word' id='word_1_831' title='bbox 3376 4712 3535 4781; x_wconf 89' lang='lat' dir='ltr'><strong>igitur</strong></span> <span class='ocrx_word' id='word_1_832' title='bbox 3560 4724 3721 4779; x_wconf 89' lang='lat' dir='ltr'><strong>quam</strong></span> <span class='ocrx_word' id='word_1_833' title='bbox 3748 4708 3847 4761; x_wconf 88' lang='lat' dir='ltr'><strong>tui-</strong></span> 
     </span>
    </p>
   </div>
   <div class='ocr_carea' id='block_1_103' title="bbox 2261 4801 3845 4883">
    <p class='ocr_par' dir='ltr' id='par_1_103' title="bbox 2261 4801 3845 4883">
     <span class='ocr_line' id='line_1_103' title="bbox 2261 4801 3845 4883; baseline -0.012 -13"><span class='ocrx_word' id='word_1_834' title='bbox 2261 4815 2447 4870; x_wconf 86' lang='lat' dir='ltr'><strong>rahilia</strong></span> <span class='ocrx_word' id='word_1_835' title='bbox 2478 4820 2871 4883; x_wconf 89' lang='lat' dir='ltr'><strong>perpetrentur,</strong></span> <span class='ocrx_word' id='word_1_836' title='bbox 2910 4820 2963 4862; x_wconf 92' lang='lat' dir='ltr'><strong>ct</strong></span> <span class='ocrx_word' id='word_1_837' title='bbox 3010 4806 3309 4861; x_wconf 85' lang='lat' dir='ltr'><strong>futurorum</strong></span> <span class='ocrx_word' id='word_1_838' title='bbox 3343 4803 3490 4857; x_wconf 85' lang='lat' dir='ltr'><strong>initia</strong></span> <span class='ocrx_word' id='word_1_839' title='bbox 3521 4819 3535 4854; x_wconf 90' lang='lat'><strong>:</strong></span> <span class='ocrx_word' id='word_1_840' title='bbox 3565 4816 3670 4854; x_wconf 92' lang='lat' dir='ltr'><strong>non</strong></span> <span class='ocrx_word' id='word_1_841' title='bbox 3699 4801 3845 4851; x_wconf 88' lang='lat' dir='ltr'><strong>enim</strong></span> 
     </span>
    </p>
   </div>
   <div class='ocr_carea' id='block_1_104' title="bbox 2263 4891 3847 4976">
    <p class='ocr_par' dir='ltr' id='par_1_104' title="bbox 2263 4891 3847 4976">
     <span class='ocr_line' id='line_1_104' title="bbox 2263 4891 3847 4976; baseline -0.013 -15"><span class='ocrx_word' id='word_1_842' title='bbox 2263 4905 2565 4976; x_wconf 86' lang='lat' dir='ltr'><strong>paradisus,</strong></span> <span class='ocrx_word' id='word_1_843' title='bbox 2603 4903 2695 4958; x_wconf 88' lang='lat' dir='ltr'><strong>sed</strong></span> <span class='ocrx_word' id='word_1_844' title='bbox 2737 4901 2927 4955; x_wconf 69' lang='lat' dir='ltr'><strong>caelum</strong></span> <span class='ocrx_word' id='word_1_845' title='bbox 2975 4898 3232 4966; x_wconf 91' lang='lat' dir='ltr'><strong>aperitur.</strong></span> <span class='ocrx_word' id='word_1_846' title='bbox 3268 4894 3461 4948; x_wconf 87' lang='lat' dir='ltr'><strong>Verum</strong></span> <span class='ocrx_word' id='word_1_847' title='bbox 3511 4891 3627 4944; x_wconf 60' lang='lat' dir='ltr'><strong>hate</strong></span> <span class='ocrx_word' id='word_1_848' title='bbox 3659 4900 3847 4944; x_wconf 74' lang='lat' dir='ltr'><strong>contra</strong></span> 
     </span>
    </p>
   </div>
   <div class='ocr_carea' id='block_1_105' title="bbox 2260 4981 3849 5055">
    <p class='ocr_par' dir='ltr' id='par_1_105' title="bbox 2260 4981 3849 5055">
     <span class='ocr_line' id='line_1_105' title="bbox 2260 4981 3849 5055; baseline -0.012 -4"><span class='ocrx_word' id='word_1_849' title='bbox 2260 4996 2477 5051; x_wconf 73' lang='lat' dir='ltr'><strong>Judmos</strong></span> <span class='ocrx_word' id='word_1_850' title='bbox 2525 4995 2699 5048; x_wconf 90' lang='lat' dir='ltr'><strong>oratio</strong></span> <span class='ocrx_word' id='word_1_851' title='bbox 2748 4993 2799 5045; x_wconf 93' lang='lat' dir='ltr'><strong>in</strong></span> <span class='ocrx_word' id='word_1_852' title='bbox 2846 4989 2988 5043; x_wconf 90' lang='lat' dir='ltr'><strong>aliud</strong></span> <span class='ocrx_word' id='word_1_853' title='bbox 3038 4999 3249 5055; x_wconf 90' lang='lat' dir='ltr'><strong>tempus</strong></span> <span class='ocrx_word' id='word_1_854' title='bbox 3315 4981 3593 5038; x_wconf 81' lang='lat' dir='ltr'><strong>ditl‘eratnr</strong></span> <span class='ocrx_word' id='word_1_855' title='bbox 3638 4998 3651 5033; x_wconf 92' lang='lat'><strong>:</strong></span> <span class='ocrx_word' id='word_1_856' title='bbox 3704 4994 3849 5032; x_wconf 90' lang='lat' dir='ltr'><strong>nunc</strong></span> 
     </span>
    </p>
   </div>
   <div class='ocr_carea' id='block_1_106' title="bbox 2262 5078 3851 5152">
    <p class='ocr_par' dir='ltr' id='par_1_106' title="bbox 2262 5078 3851 5152">
     <span class='ocr_line' id='line_1_106' title="bbox 2262 5078 3851 5152; baseline -0.013 -11"><span class='ocrx_word' id='word_1_857' title='bbox 2262 5099 2461 5143; x_wconf 83' lang='lat' dir='ltr'><strong>autem.</strong></span> <span class='ocrx_word' id='word_1_858' title='bbox 2491 5086 2599 5141; x_wconf 84' lang='lat' dir='ltr'><strong>Deo</strong></span> <span class='ocrx_word' id='word_1_859' title='bbox 2622 5087 2860 5152; x_wconf 82' lang='lat' dir='ltr'><strong>jttvante,</strong></span> <span class='ocrx_word' id='word_1_860' title='bbox 2894 5082 2957 5135; x_wconf 89' lang='lat' dir='ltr'><strong>ad</strong></span> <span class='ocrx_word' id='word_1_861' title='bbox 2989 5097 3048 5135; x_wconf 87' lang='lat' dir='ltr'><strong>ea</strong></span> <span class='ocrx_word' id='word_1_862' title='bbox 3072 5096 3187 5149; x_wconf 54' lang='lat' dir='ltr'><strong>qua!</strong></span> <span class='ocrx_word' id='word_1_863' title='bbox 3214 5078 3322 5147; x_wconf 87' lang='lat' dir='ltr'><strong>jam</strong></span> <span class='ocrx_word' id='word_1_864' title='bbox 3347 5085 3637 5130; x_wconf 87' lang='lat' dir='ltr'><strong>tractamus</strong></span> <span class='ocrx_word' id='word_1_865' title='bbox 3668 5087 3851 5126; x_wconf 83' lang='lat' dir='ltr'><strong>sermo</strong></span> 
     </span>
    </p>
   </div>
   <div class='ocr_carea' id='block_1_107' title="bbox 2266 5167 3852 5244">
    <p class='ocr_par' dir='ltr' id='par_1_107' title="bbox 2266 5167 3852 5244">
     <span class='ocr_line' id='line_1_107' title="bbox 2266 5167 3852 5244; baseline -0.011 -8"><span class='ocrx_word' id='word_1_866' title='bbox 2266 5180 2531 5235; x_wconf 85' lang='lat' dir='ltr'><strong>referatur</strong></span> <span class='ocrx_word' id='word_1_867' title='bbox 2561 5196 2572 5229; x_wconf 91' lang='lat'><strong>:</strong></span> <span class='ocrx_word' id='word_1_868' title='bbox 2608 5177 2671 5231; x_wconf 76' lang='lat' dir='ltr'><strong>Et</strong></span> <span class='ocrx_word' id='word_1_869' title='bbox 2720 5176 3002 5244; x_wconf 79' lang='lat' dir='ltr'><strong>baptizatus</strong></span> <span class='ocrx_word' id='word_1_870' title='bbox 3028 5172 3201 5236; x_wconf 81' lang='lat' dir='ltr'><strong>Jesus,</strong></span> <span class='ocrx_word' id='word_1_871' title='bbox 3230 5169 3455 5224; x_wconf 82' lang='lat' dir='ltr'><strong>ascendit</strong></span> <span class='ocrx_word' id='word_1_872' title='bbox 3482 5167 3749 5235; x_wconf 80' lang='lat' dir='ltr'><strong>confestim</strong></span> <span class='ocrx_word' id='word_1_873' title='bbox 3787 5182 3852 5218; x_wconf 76' lang='lat' dir='ltr'><strong>ea:</strong></span> 
     </span>
    </p>
   </div>
   <div class='ocr_carea' id='block_1_108' title="bbox 575 5256 3855 5340">
    <p class='ocr_par' dir='ltr' id='par_1_108' title="bbox 575 5256 3855 5340">
     <span class='ocr_line' id='line_1_108' title="bbox 575 5256 3855 5340; baseline -0.004 -17"><span class='ocrx_word' id='word_1_874' title='bbox 575 5270 718 5339; x_wconf 89' lang='lat' dir='ltr'><strong>quod</strong></span> <span class='ocrx_word' id='word_1_875' title='bbox 752 5269 807 5321; x_wconf 90' lang='lat' dir='ltr'><strong>in</strong></span> <span class='ocrx_word' id='word_1_876' title='bbox 840 5268 1056 5321; x_wconf 90' lang='lat' dir='ltr'><strong>deserto</strong></span> <span class='ocrx_word' id='word_1_877' title='bbox 1086 5280 1301 5335; x_wconf 87' lang='lat' dir='ltr'><strong>semper</strong></span> <span class='ocrx_word' id='word_1_878' title='bbox 1329 5266 1576 5328; x_wconf 84' lang='lat' dir='ltr'><strong>vixisset,</strong></span> <span class='ocrx_word' id='word_1_879' title='bbox 1610 5274 1663 5319; x_wconf 89' lang='lat' dir='ltr'><strong>et</strong></span> <span class='ocrx_word' id='word_1_880' title='bbox 1692 5264 1835 5319; x_wconf 82' lang='lat' dir='ltr'><strong>ﬁlius</strong></span> <span class='ocrx_word' id='word_1_881' title='bbox 1865 5264 2162 5321; x_wconf 75' lang='lat' dir='ltr'><strong>sacerdotis</strong></span> <span class='ocrx_word' id='word_1_882' title='bbox 2193 5270 2237 5327; x_wconf 57' lang='grc' dir='ltr'><strong>κ]</strong></span> <span class='ocrx_word' id='word_1_883' title='bbox 2263 5286 2435 5340; x_wconf 84' lang='lat' dir='ltr'><strong>aqua;</strong></span> <span class='ocrx_word' id='word_1_884' title='bbox 2465 5280 2511 5323; x_wconf 82' lang='lat' dir='ltr'><strong>et</strong></span> <span class='ocrx_word' id='word_1_885' title='bbox 2533 5284 2642 5321; x_wconf 86' lang='lat' dir='ltr'><strong>ecce</strong></span> <span class='ocrx_word' id='word_1_886' title='bbox 2661 5267 2823 5336; x_wconf 84' lang='lat' dir='ltr'><strong>aperti</strong></span> <span class='ocrx_word' id='word_1_887' title='bbox 2851 5275 2965 5319; x_wconf 84' lang='lat' dir='ltr'><strong>sunt</strong></span> <span class='ocrx_word' id='word_1_888' title='bbox 2994 5265 3036 5318; x_wconf 90' lang='lat' dir='ltr'><strong>ei</strong></span> <span class='ocrx_word' id='word_1_889' title='bbox 3057 5264 3187 5317; x_wconf 78' lang='lat' dir='ltr'><strong>cteli.</strong></span> <span class='ocrx_word' id='word_1_890' title='bbox 3213 5261 3321 5317; x_wconf 90' lang='lat' dir='ltr'><strong>Cur</strong></span> <span class='ocrx_word' id='word_1_891' title='bbox 3348 5260 3516 5331; x_wconf 83' lang='lat' dir='ltr'><strong>aperti</strong></span> <span class='ocrx_word' id='word_1_892' title='bbox 3541 5268 3667 5311; x_wconf 89' lang='lat' dir='ltr'><strong>sunt</strong></span> <span class='ocrx_word' id='word_1_893' title='bbox 3688 5257 3803 5311; x_wconf 76' lang='lat' dir='ltr'><strong>czeli</strong></span> <span class='ocrx_word' id='word_1_894' title='bbox 3826 5256 3855 5309; x_wconf 68' lang='grc' dir='ltr'><strong>’ἲ</strong></span> 
     </span>
    </p>
   </div>
   <div class='ocr_carea' id='block_1_109' title="bbox 576 5356 2162 5426">
    <p class='ocr_par' dir='ltr' id='par_1_109' title="bbox 576 5356 2162 5426">
     <span class='ocr_line' id='line_1_109' title="bbox 576 5356 2162 5426; baseline -0.005 -9"><span class='ocrx_word' id='word_1_895' title='bbox 576 5369 746 5422; x_wconf 89' lang='lat' dir='ltr'><strong>esset,</strong></span> <span class='ocrx_word' id='word_1_896' title='bbox 790 5358 993 5426; x_wconf 86' lang='lat' dir='ltr'><strong>talique</strong></span> <span class='ocrx_word' id='word_1_897' title='bbox 1022 5356 1244 5409; x_wconf 88' lang='lat' dir='ltr'><strong>indutus</strong></span> <span class='ocrx_word' id='word_1_898' title='bbox 1273 5356 1621 5420; x_wconf 90' lang='lat' dir='ltr'><strong>vestimento,</strong></span> <span class='ocrx_word' id='word_1_899' title='bbox 1663 5364 1827 5423; x_wconf 84' lang='lat' dir='ltr'><strong>atque</strong></span> <span class='ocrx_word' id='word_1_900' title='bbox 1862 5369 2053 5410; x_wconf 87' lang='lat' dir='ltr'><strong>omnes</strong></span> <span class='ocrx_word' id='word_1_901' title='bbox 2094 5356 2162 5409; x_wconf 89' lang='lat' dir='ltr'><strong>ad</strong></span> 
     </span>
    </p>
   </div>
   <div class='ocr_carea' id='block_1_110' title="bbox 580 5444 2166 5519">
    <p class='ocr_par' dir='ltr' id='par_1_110' title="bbox 580 5444 2166 5519">
     <span class='ocr_line' id='line_1_110' title="bbox 580 5444 2166 5519; baseline -0.003 -14"><span class='ocrx_word' id='word_1_902' title='bbox 580 5450 913 5519; x_wconf 83' lang='lat' dir='ltr'><strong>baptismum</strong></span> <span class='ocrx_word' id='word_1_903' title='bbox 943 5456 1186 5511; x_wconf 88' lang='lat' dir='ltr'><strong>vocaret,</strong></span> <span class='ocrx_word' id='word_1_904' title='bbox 1216 5460 1390 5515; x_wconf 82' lang='lat' dir='ltr'><strong>exque</strong></span> <span class='ocrx_word' id='word_1_905' title='bbox 1420 5445 1587 5500; x_wconf 81' lang='lat' dir='ltr'><strong>sterili</strong></span> <span class='ocrx_word' id='word_1_906' title='bbox 1616 5454 1780 5499; x_wconf 88' lang='lat' dir='ltr'><strong>natus</strong></span> <span class='ocrx_word' id='word_1_907' title='bbox 1804 5455 1981 5507; x_wconf 84' lang='lat' dir='ltr'><strong>esset;</strong></span> <span class='ocrx_word' id='word_1_908' title='bbox 2005 5444 2166 5500; x_wconf 89' lang='lat' dir='ltr'><strong>Jesus</strong></span> 
     </span>
    </p>
   </div>
   <div class='ocr_carea' id='block_1_111' title="bbox 582 5536 2167 5609">
    <p class='ocr_par' dir='ltr' id='par_1_111' title="bbox 582 5536 2167 5609">
     <span class='ocr_line' id='line_1_111' title="bbox 582 5536 2167 5609; baseline -0.004 -13"><span class='ocrx_word' id='word_1_909' title='bbox 582 5557 714 5597; x_wconf 88' lang='lat' dir='ltr'><strong>vero</strong></span> <span class='ocrx_word' id='word_1_910' title='bbox 744 5558 809 5596; x_wconf 80' lang='lat' dir='ltr'><strong>ex</strong></span> <span class='ocrx_word' id='word_1_911' title='bbox 852 5542 1083 5595; x_wconf 88' lang='lat' dir='ltr'><strong>obscura</strong></span> <span class='ocrx_word' id='word_1_912' title='bbox 1118 5539 1296 5608; x_wconf 90' lang='lat' dir='ltr'><strong>puella</strong></span> <span class='ocrx_word' id='word_1_913' title='bbox 1327 5547 1490 5592; x_wconf 87' lang='lat' dir='ltr'><strong>natus</strong></span> <span class='ocrx_word' id='word_1_914' title='bbox 1518 5557 1529 5592; x_wconf 89' lang='lat'><strong>:</strong></span> <span class='ocrx_word' id='word_1_915' title='bbox 1565 5547 1752 5609; x_wconf 88' lang='lat' dir='ltr'><strong>partus</strong></span> <span class='ocrx_word' id='word_1_916' title='bbox 1781 5538 1926 5591; x_wconf 91' lang='lat' dir='ltr'><strong>enim</strong></span> <span class='ocrx_word' id='word_1_917' title='bbox 1955 5552 2016 5589; x_wconf 83' lang='lat' dir='ltr'><strong>ex</strong></span> <span class='ocrx_word' id='word_1_918' title='bbox 2043 5536 2167 5590; x_wconf 83' lang='lat' dir='ltr'><strong>Vir-</strong></span> 
     </span>
    </p>
   </div>
   <div class='ocr_carea' id='block_1_112' title="bbox 582 5629 2163 5705">
    <p class='ocr_par' dir='ltr' id='par_1_112' title="bbox 582 5629 2163 5705">
     <span class='ocr_line' id='line_1_112' title="bbox 582 5629 2163 5705; baseline -0.003 -18"><span class='ocrx_word' id='word_1_919' title='bbox 582 5635 702 5705; x_wconf 78' lang='lat' dir='ltr'><strong>gine</strong></span> <span class='ocrx_word' id='word_1_920' title='bbox 742 5634 983 5688; x_wconf 89' lang='lat' dir='ltr'><strong>nondum</strong></span> <span class='ocrx_word' id='word_1_921' title='bbox 1018 5631 1274 5686; x_wconf 86' lang='lat' dir='ltr'><strong>omnibus</strong></span> <span class='ocrx_word' id='word_1_922' title='bbox 1319 5640 1435 5685; x_wconf 89' lang='lat' dir='ltr'><strong>erat</strong></span> <span class='ocrx_word' id='word_1_923' title='bbox 1475 5640 1670 5695; x_wconf 83' lang='lat' dir='ltr'><strong>notus;</strong></span> <span class='ocrx_word' id='word_1_924' title='bbox 1710 5630 1966 5699; x_wconf 90' lang='lat' dir='ltr'><strong>quodque</strong></span> <span class='ocrx_word' id='word_1_925' title='bbox 2015 5629 2163 5683; x_wconf 87' lang='lat' dir='ltr'><strong>domi</strong></span> 
     </span>
    </p>
   </div>
   <div class='ocr_carea' id='block_1_113' title="bbox 585 5720 2169 5789">
    <p class='ocr_par' dir='ltr' id='par_1_113' title="bbox 585 5720 2169 5789">
     <span class='ocr_line' id='line_1_113' title="bbox 585 5720 2169 5789; baseline -0.001 -14"><span class='ocrx_word' id='word_1_926' title='bbox 585 5722 840 5785; x_wconf 88' lang='lat' dir='ltr'><strong>nutritus,</strong></span> <span class='ocrx_word' id='word_1_927' title='bbox 862 5735 985 5774; x_wconf 89' lang='lat' dir='ltr'><strong>cum</strong></span> <span class='ocrx_word' id='word_1_928' title='bbox 1004 5720 1261 5774; x_wconf 81' lang='lat' dir='ltr'><strong>omnibus</strong></span> <span class='ocrx_word' id='word_1_929' title='bbox 1282 5730 1530 5774; x_wconf 83' lang='lat' dir='ltr'><strong>versatus</strong></span> <span class='ocrx_word' id='word_1_930' title='bbox 1552 5730 1609 5779; x_wconf 85' lang='lat' dir='ltr'><strong>et</strong></span> <span class='ocrx_word' id='word_1_931' title='bbox 1628 5720 1834 5789; x_wconf 74' lang='lat' dir='ltr'><strong>vulgari</strong></span> <span class='ocrx_word' id='word_1_932' title='bbox 1856 5728 2005 5773; x_wconf 84' lang='lat' dir='ltr'><strong>veste</strong></span> <span class='ocrx_word' id='word_1_933' title='bbox 2025 5728 2169 5773; x_wconf 81' lang='lat' dir='ltr'><strong>esset</strong></span> 
     </span>
    </p>
   </div>
   <div class='ocr_carea' id='block_1_114' title="bbox 587 5811 2166 5883">
    <p class='ocr_par' dir='ltr' id='par_1_114' title="bbox 587 5811 2166 5883">
     <span class='ocr_line' id='line_1_114' title="bbox 587 5811 2166 5883; baseline -0.001 -16"><span class='ocrx_word' id='word_1_934' title='bbox 587 5813 846 5867; x_wconf 84' lang='lat' dir='ltr'><strong>indutus:</strong></span> <span class='ocrx_word' id='word_1_935' title='bbox 879 5814 1143 5868; x_wconf 89' lang='lat' dir='ltr'><strong>minorem</strong></span> <span class='ocrx_word' id='word_1_936' title='bbox 1180 5811 1357 5876; x_wconf 86' lang='lat' dir='ltr'><strong>ipsum</strong></span> <span class='ocrx_word' id='word_1_937' title='bbox 1388 5828 1509 5868; x_wconf 85' lang='lat' dir='ltr'><strong>esse</strong></span> <span class='ocrx_word' id='word_1_938' title='bbox 1541 5814 1807 5883; x_wconf 89' lang='lat' dir='ltr'><strong>putabant</strong></span> <span class='ocrx_word' id='word_1_939' title='bbox 1857 5814 1983 5881; x_wconf 89' lang='lat' dir='ltr'><strong>quia</strong></span> <span class='ocrx_word' id='word_1_940' title='bbox 2029 5812 2166 5865; x_wconf 90' lang='lat' dir='ltr'><strong>nihil</strong></span> 
     </span>
    </p>
   </div>
   <div class='ocr_carea' id='block_1_115' title="bbox 2267 5351 3854 5426">
    <p class='ocr_par' dir='ltr' id='par_1_115' title="bbox 2267 5351 3854 5426">
     <span class='ocr_line' id='line_1_115' title="bbox 2267 5351 3854 5426; baseline -0.008 -9"><span class='ocrx_word' id='word_1_941' title='bbox 2267 5362 2333 5417; x_wconf 89' lang='lat' dir='ltr'><strong>Ut</strong></span> <span class='ocrx_word' id='word_1_942' title='bbox 2358 5363 2557 5422; x_wconf 88' lang='lat' dir='ltr'><strong>discas,</strong></span> <span class='ocrx_word' id='word_1_943' title='bbox 2589 5374 2708 5414; x_wconf 88' lang='lat' dir='ltr'><strong>etnn</strong></span> <span class='ocrx_word' id='word_1_944' title='bbox 2745 5369 2801 5412; x_wconf 89' lang='lat' dir='ltr'><strong>ttt</strong></span> <span class='ocrx_word' id='word_1_945' title='bbox 2833 5356 3149 5426; x_wconf 88' lang='lat' dir='ltr'><strong>baptizaris,</strong></span> <span class='ocrx_word' id='word_1_946' title='bbox 3199 5355 3425 5423; x_wconf 91' lang='lat' dir='ltr'><strong>idipsum</strong></span> <span class='ocrx_word' id='word_1_947' title='bbox 3473 5352 3584 5406; x_wconf 85' lang='lat' dir='ltr'><strong>ﬁeri</strong></span> <span class='ocrx_word' id='word_1_948' title='bbox 3611 5394 3626 5417; x_wconf 92' lang='lat'><strong>,</strong></span> <span class='ocrx_word' id='word_1_949' title='bbox 3659 5351 3771 5405; x_wconf 83' lang='lat' dir='ltr'><strong>Deo</strong></span> <span class='ocrx_word' id='word_1_950' title='bbox 3797 5362 3854 5405; x_wconf 88' lang='lat' dir='ltr'><strong>te</strong></span> 
     </span>
    </p>
   </div>
   <div class='ocr_carea' id='block_1_116' title="bbox 2266 5442 3855 5519">
    <p class='ocr_par' dir='ltr' id='par_1_116' title="bbox 2266 5442 3855 5519">
     <span class='ocr_line' id='line_1_116' title="bbox 2266 5442 3855 5519; baseline -0.009 -12"><span class='ocrx_word' id='word_1_951' title='bbox 2266 5454 2331 5507; x_wconf 90' lang='lat' dir='ltr'><strong>ad</strong></span> <span class='ocrx_word' id='word_1_952' title='bbox 2383 5453 2650 5507; x_wconf 63' lang='lat' dir='ltr'><strong>mlestetn</strong></span> <span class='ocrx_word' id='word_1_953' title='bbox 2688 5452 2908 5519; x_wconf 88' lang='lat' dir='ltr'><strong>patriam</strong></span> <span class='ocrx_word' id='word_1_954' title='bbox 2957 5457 3202 5509; x_wconf 81' lang='lat' dir='ltr'><strong>vocante,</strong></span> <span class='ocrx_word' id='word_1_955' title='bbox 3245 5454 3299 5498; x_wconf 82' lang='lat' dir='ltr'><strong>rt</strong></span> <span class='ocrx_word' id='word_1_956' title='bbox 3349 5445 3606 5499; x_wconf 84' lang='lat' dir='ltr'><strong>suadente</strong></span> <span class='ocrx_word' id='word_1_957' title='bbox 3633 5451 3690 5495; x_wconf 92' lang='lat' dir='ltr'><strong>ut</strong></span> <span class='ocrx_word' id='word_1_958' title='bbox 3718 5442 3855 5495; x_wconf 88' lang='lat' dir='ltr'><strong>nihil</strong></span> 
     </span>
    </p>
   </div>
   <div class='ocr_carea' id='block_1_117' title="bbox 2264 5532 3860 5604">
    <p class='ocr_par' dir='ltr' id='par_1_117' title="bbox 2264 5532 3860 5604">
     <span class='ocr_line' id='line_1_117' title="bbox 2264 5532 3860 5604; baseline -0.009 -5"><span class='ocrx_word' id='word_1_959' title='bbox 2264 5560 2385 5599; x_wconf 91' lang='lat' dir='ltr'><strong>cum</strong></span> <span class='ocrx_word' id='word_1_960' title='bbox 2414 5554 2551 5598; x_wconf 83' lang='lat' dir='ltr'><strong>terra</strong></span> <span class='ocrx_word' id='word_1_961' title='bbox 2578 5557 2861 5595; x_wconf 82' lang='lat' dir='ltr'><strong>commune</strong></span> <span class='ocrx_word' id='word_1_962' title='bbox 2878 5539 3099 5593; x_wconf 84' lang='lat' dir='ltr'><strong>habeas.</strong></span> <span class='ocrx_word' id='word_1_963' title='bbox 3125 5535 3277 5604; x_wconf 86' lang='lat' dir='ltr'><strong>Quod</strong></span> <span class='ocrx_word' id='word_1_964' title='bbox 3304 5535 3349 5590; x_wconf 90' lang='lat' dir='ltr'><strong>si</strong></span> <span class='ocrx_word' id='word_1_965' title='bbox 3372 5535 3422 5588; x_wconf 91' lang='lat' dir='ltr'><strong>id</strong></span> <span class='ocrx_word' id='word_1_966' title='bbox 3454 5550 3560 5589; x_wconf 86' lang='lat' dir='ltr'><strong>non</strong></span> <span class='ocrx_word' id='word_1_967' title='bbox 3584 5532 3760 5593; x_wconf 83' lang='lat' dir='ltr'><strong>vides.</strong></span> <span class='ocrx_word' id='word_1_968' title='bbox 3791 5548 3860 5589; x_wconf 83' lang='lat' dir='ltr'><strong>ne</strong></span> 
     </span>
    </p>
   </div>
   <div class='ocr_carea' id='block_1_118' title="bbox 2334 5751 3858 5825">
    <p class='ocr_par' dir='ltr' id='par_1_118' title="bbox 2334 5751 3858 5825">
     <span class='ocr_line' id='line_1_118' title="bbox 2334 5751 3858 5825; baseline -0.009 -10"><span class='ocrx_word' id='word_1_969' title='bbox 2334 5771 2348 5801; x_wconf 80' lang='grc'>¹</span> <span class='ocrx_word' id='word_1_970' title='bbox 2383 5767 2576 5825; x_wconf 83' lang='lat' dir='ltr'><strong>Quidam</strong></span> <span class='ocrx_word' id='word_1_971' title='bbox 2593 5766 2792 5819; x_wconf 81' lang='lat' dir='ltr'><strong>habent,</strong></span> <span class='ocrx_word' id='word_1_972' title='bbox 2807 5761 2866 5810; x_wconf 82' lang='lat' dir='ltr'><strong>ob</strong></span> <span class='ocrx_word' id='word_1_973' title='bbox 2888 5760 3042 5825; x_wconf 72' lang='lat' dir='ltr'><strong>ipsam</strong></span> <span class='ocrx_word' id='word_1_974' title='bbox 3064 5755 3285 5818; x_wconf 80' lang='lat' dir='ltr'><strong>baptismt</strong></span> <span class='ocrx_word' id='word_1_975' title='bbox 3310 5753 3611 5817; x_wconf 59' lang='lat' dir='ltr'><strong>dignitatum</strong></span> <span class='ocrx_word' id='word_1_976' title='bbox 3628 5752 3719 5803; x_wconf 84' lang='lat' dir='ltr'><strong>sed</strong></span> <span class='ocrx_word' id='word_1_977' title='bbox 3736 5751 3858 5802; x_wconf 77' lang='lat' dir='ltr'><strong>mul-</strong></span> 
     </span>
    </p>
   </div>
   <div class='ocr_carea' id='block_1_119' title="bbox 2269 5822 3205 5887">
    <p class='ocr_par' dir='ltr' id='par_1_119' title="bbox 2269 5822 3205 5887">
     <span class='ocr_line' id='line_1_119' title="bbox 2269 5822 3205 5887; baseline -0.01 -12"><span class='ocrx_word' id='word_1_978' title='bbox 2269 5835 2317 5876; x_wconf 86' lang='lat' dir='ltr'><strong>to</strong></span> <span class='ocrx_word' id='word_1_979' title='bbox 2347 5822 2538 5878; x_wconf 64' lang='grc' dir='ltr'><strong>ιιι-ἐυδιωι</strong></span> <span class='ocrx_word' id='word_1_980' title='bbox 2562 5826 2706 5877; x_wconf 80' lang='lat' dir='ltr'><strong>lectio</strong></span> <span class='ocrx_word' id='word_1_981' title='bbox 2730 5839 2839 5887; x_wconf 77' lang='lat' dir='ltr'><strong>qua:</strong></span> <span class='ocrx_word' id='word_1_982' title='bbox 2866 5830 2943 5872; x_wconf 77' lang='lat' dir='ltr'><strong>est</strong></span> <span class='ocrx_word' id='word_1_983' title='bbox 2975 5822 3021 5870; x_wconf 88' lang='lat' dir='ltr'><strong>in</strong></span> <span class='ocrx_word' id='word_1_984' title='bbox 3047 5827 3205 5870; x_wconf 80' lang='lat' dir='ltr'><strong>textu.</strong></span> 
     </span>
    </p>
   </div>
  </div>
