4052 6442
437 355 550 412 205

435 465 595 532 αὐτῷ
634 468 688 521 οἱ
732 468 994 536 οὐρανοί.
1057 468 1212 531 Τίνος
1255 469 1302 502 ⁸⁵
1338 469 1524 520 ἕνεκεν
1564 464 1915 536 ἀνεῴχθησαν
1965 463 2014 514 οἰ

432 550 686 620 οὐρανοί;
713 550 828 604 ’Ἰνα
858 552 1031 623 μάθῃς
1065 553 1146 604 ὅτι
1184 553 1276 604 καὶ
1307 551 1400 604 σοῦ
1439 549 1835 620 βαπτιζομένου
1859 545 2016 599 τοῦτο

431 634 663 702 γίνεται,
696 636 831 704 πρὸς
868 636 965 704 τὴν
995 637 1106 688 ἀνω
1137 635 1372 708 πατρίδα
1396 633 1490 686 τοῦ
1520 634 1656 686 Θεοῦ
1695 649 1754 684 σε
1785 629 2015 684 καλοῦν-

432 733 544 780 τος,
577 720 666 770 καὶ
696 717 968 780 πείθοντος
1010 717 1176 787 μηδὲν
1216 718 1390 771 κοινὸν
1418 715 1561 785 ἔχειν
1593 713 1728 784 πρὸς
1761 714 1858 782 τὴν
1886 711 2012 780 γῆν.

432 799 496 851 Εἰ
525 800 581 851 δέ
615 801 687 868 μή
712 800 864 870 ὁρᾷς,
906 801 980 870 μὴ
1001 802 1331 872 ἀπιστήσῃς.
1363 800 1472 852 Καὶ
1493 798 1597 866 γάρ
1627 798 1684 849 ἐν
1708 794 2015 866 προοιμίοις

431 881 518 934 ἀεὶ
555 880 663 933 τῶν
707 883 1026 952 παραδόξων
1088 884 1179 935 καὶ
1241 880 1626 952 πνευματικῶν
1675 877 2015 948 πραγμάτων

429 962 686 1031 αἰσθηταὶ
742 965 1022 1032 φαίνονται
1068 965 1220 1035 ϐψεις
1260 967 1354 1018 καὶ
1393 966 1596 1033 σημεῖα
1639 960 1886 1024 τοιαῦτα,
1925 957 2016 1012 διά

426 1044 554 1106 τοῦς
587 1048 943 1117 ἀνοητότερον
970 1048 1347 1117 διακειμένους
1378 1047 1472 1098 καὶ
1507 1043 1807 1115 χρῄζοντας
1839 1041 2014 1110 ὅψεως

429 1127 714 1198 αἰσθητῆς,
756 1129 850 1181 καὶ
899 1129 1168 1200 μηδεμίαν
1207 1131 1410 1182 ἔννοιαν
1454 1128 1747 1195 ἀσωμάτου
1798 1123 2016 1193 φύσεως

425 1209 614 1263 λαϐεῖν
643 1211 993 1282 δυναμένους,
1027 1213 1163 1282 πρὸς
1181 1213 1238 1265 δέ
1259 1213 1328 1266 τά
1358 1212 1528 1282 ὁρατά
1559 1209 1716 1280 μόνον
1743 1205 2009 1277 ἐπτοημέ-

426 1309 556 1356 νους
580 1311 593 1324 ο
623 1295 708 1347 ἵνα
746 1297 849 1349 κᾶν
884 1297 1021 1366 μετά
1073 1295 1244 1349 ταῦτα
1279 1295 1354 1367 μὴ
1401 1296 1625 1366 γένηται
1656 1293 1825 1346 ταῦτα
1854 1292 1923 1345 τὰ
1954 1289 2013 1357 ἐξ

426 1376 609 1429 αὐτῶν
639 1378 948 1447 δηλωθέντα
982 1380 1127 1444 ἅπαξ
1162 1380 1256 1433 καὶ
1289 1383 1345 1433 ἐν
1380 1383 1524 1452 ἀρχῇ
1561 1377 1839 1451 παραδέξῃ
1868 1377 1914 1408 ⁸⁸
1945 1378 2010 1446 τῇ

427 1461 629 1514 πίστει.
693 1463 803 1514 Καὶ
845 1463 954 1534 γάρ
999 1463 1226 1516 ἐπὶτῶν
1267 1465 1578 1517 ἀποστόλων
1625 1459 1755 1534 ἦχος
1799 1461 2014 1530 ἐγένετο

428 1545 597 1614 πνοῆς
625 1545 825 1614 βιαίας,
853 1551 947 1602 καὶ
978 1548 1129 1616 ὄψεις
1153 1549 1413 1617 γλωσσῶν
1437 1549 1674 1618 πυρίνων
1701 1546 1976 1614 ἐφάνησαν
1994 1562 2009 1576 ν

422 1627 542 1680 ἀλλ’
569 1631 628 1681 οὑ
654 1631 742 1684 διὰ
777 1633 902 1695 τοὺς
923 1632 1274 1696 ἀποστόλους,
1314 1631 1450 1685 ἀλλά
1472 1631 1560 1685 διὰ
1581 1632 1707 1693 τοὺς
1742 1628 2013 1699 παρόντας

426 1710 546 1762 τότε
593 1713 896 1776 Ἰουδαίους.
943 1715 1084 1767 Ἀλλ’
1120 1716 1268 1785 ὅμως
1298 1716 1346 1768 εί
1375 1715 1468 1768 καὶ
1494 1716 1568 1784 μὴ
1603 1711 1837 1780 αἰσθητά
1864 1711 2012 1778 γίνε-

424 1811 516 1846 ται
544 1799 764 1864 σημεῖα,
798 1798 866 1863 τᾲ
893 1797 951 1864 ἐξ
982 1798 1162 1851 αὑτῶν
1199 1798 1509 1868 δηλωθέντα
1537 1796 1683 1860 ἅπαξ
1720 1793 2013 1864 καταδεχό-

430 1876 588 1946 μεθα.
633 1878 784 1930 Ἐπεὶ
815 1880 906 1932 καὶ
933 1882 966 1948 ή
1002 1879 1302 1952 περιστερά
1329 1881 1418 1934 διά
1464 1879 1622 1933 τοῦτο
1660 1879 1781 1931 τότε
1813 1877 2009 1946 ἐφάνη,

426 1959 495 2011 ἵν’
533 1958 718 2031 ὥσπερ
767 1962 888 2014 ἀντὶ
925 1962 1192 2016 δακτύλου
1242 1964 1388 2028 τινὸς
1426 1963 1575 2034 δείξῃ
1616 1964 1728 2024 τοῖς
1777 1959 2012 2030 παροῦσι

426 2043 524 2094 καὶ
545 2041 622 2113 τῷ
664 2043 882 2115 Ἰωάννῃ
911 2045 1003 2099 τὸν
1035 2046 1162 2098 Υξὺν
1192 2047 1286 2100 τοῦ
1317 2046 1472 2100 Θεοῦ.
1506 2047 1579 2100 Οὑ
1624 2045 1781 2114 μόνον
1818 2043 1875 2096 δὲ
1923 2041 2013 2096 διὰ

424 2124 604 2191 τοῦτο,
639 2126 752 2181 ἀλλ’
780 2128 867 2180 ίνα
901 2129 995 2180 καὶ
1027 2129 1090 2182 σὺ
1118 2129 1318 2202 μάθῃς,
1355 2131 1436 2184 ὅτι
1477 2130 1572 2183 καὶ
1602 2128 1694 2181 ἐπὶ
1725 2127 1784 2180 σὲ
1815 2125 2012 2196 βαπτι-

425 2206 652 2278 ζόμενον
683 2209 743 2262 τὺ
776 2209 998 2279 Πνεῦμα
1029 2211 1266 2282 ἔρχεται.

497 2287 565 2357 γ’.
586 2291 785 2346 Λοιπὸν
801 2292 857 2346 δέ
883 2295 1013 2364 ήμῖν
1039 2293 1304 2364 αἰσθητῆς
1323 2293 1382 2348 οὑ
1408 2294 1564 2366 χρεία
1583 2293 1780 2363 ὅψεως,
1796 2292 1898 2362 τῆς
1923 2292 2013 2346 πί-

425 2389 597 2436 στεως
617 2375 738 2427 ἀντὶ
769 2374 985 2428 πάντων
1013 2376 1289 2448 ἀρκούσης
1307 2395 1321 2408 ’
1351 2376 1421 2430 τὰ
1449 2377 1557 2447 γάρ
1579 2379 1778 2446 σημεῖα
1805 2375 1866 2429 οὑ
1897 2377 2012 2439 τοῖς

425 2457 790 2523 πιστεύουσιν,
823 2458 955 2511 ἀλλά
983 2463 1094 2524 τοῖς
1123 2459 1374 2524 ἀπίστοις
1400 2461 1466 2512 ⁸⁷.
1502 2461 1655 2513 Διατί
1689 2460 1747 2513 δὲ
1785 2461 1846 2512 ἐν
1875 2459 2009 2512 εῖδει

419 2543 794 2614 περιστεράς;
833 2544 1076 2614 Ἦμερον
1108 2544 1170 2597 τὸ
1213 2544 1350 2609 ζῶον
1405 2545 1499 2598 καὶ
1533 2543 1792 2615 καθαρόν.
1856 2543 2010 2596 Ἐπεὶ

422 2616 515 2676 οῦν
538 2625 629 2675 καὶ
652 2625 714 2677 τὺ
743 2624 970 2696 Πνεῦμα
995 2627 1304 2698 πραότητός
1333 2629 1450 2680 ἐστι
1473 2626 1714 2696 πνεῦμα,
1743 2625 1830 2678 διά
1851 2625 2010 2678 τοῦτο

419 2707 483 2758 ἐν
526 2707 701 2777 τούτῳ
761 2709 1030 2777 φαίνεται.
1089 2709 1297 2774 Ἄλλως
1339 2711 1398 2762 δέ
1450 2711 1546 2763 καὶ
1589 2709 1826 2770 παλαιᾶς
1859 2709 2008 2778 ἡμᾶς

418 2791 830 2861 ἀναμιμνήσκει
858 2793 1119 2864 ἱστορίας.
1153 2794 1264 2846 Καὶ
1304 2793 1414 2864 γὰρ
1452 2792 1714 2860 ναυαγίου
1737 2791 1868 2845 ποτὲ
1895 2808 2008 2844 κοι-

423 2873 515 2926 νοῦ
548 2873 645 2946 τὴν
670 2875 996 2946 οἰκουμένην
1046 2876 1443 2938 καταλαϐόντος
1489 2875 1727 2935 ἅπασαν.
1779 2873 1872 2927 καὶ
1911 2872 2005 2926 τοῦ

421 2957 615 3024 γένους
638 2957 796 3029 ήμῶν
825 2959 1224 3024 κινδυνεύοντος
1243 2959 1624 3030 ἀφανισθῆναι,
1642 2957 1802 3012 τοῦτο
1835 2958 2007 3026 ἐφάνη

421 3040 484 3094 τὸ
506 3040 664 3104 ζῶον,
700 3045 795 3094 καὶ
820 3043 916 3113 τὴν
942 3042 1090 3115 [164]
1117 3042 1272 3097 λύσιν
1299 3041 1392 3097 τοῦ
1415 3042 1681 3112 χειμῶνος
1708 3040 1894 3104 ἔδειξε,
1916 3039 2011 3092 καὶ

421 3123 617 3176 κλάδον
638 3124 801 3194 φέρον
823 3125 1028 3189 ἐλαίας,
1057 3127 1157 3196 τὴν
1173 3125 1356 3198 κοινὴν
1372 3126 1469 3196 τῆς
1499 3125 1820 3195 οἰκουμένης
1841 3124 2010 3195 γαλή-

422 3223 522 3275 νην
553 3206 942 3276 εὐηγγελίσατο
961 3225 972 3236 ’
999 3209 1142 3278 ἆπερ
1161 3208 1338 3262 πάντα
1368 3209 1536 3272 τύπος
1571 3207 1682 3261 τῶν
1711 3207 2008 3278 μελλόντων

419 3285 508 3360 ἦν.
541 3291 648 3343 Καὶ
686 3289 793 3362 γάρ
840 3292 961 3344 τότε
1004 3291 1184 3363 πολλῷ
1233 3295 1414 3363 χεῖρον
1461 3291 1529 3345 τά
1560 3291 1668 3344 τῶν
1705 3289 2009 3362 ἀνθρώπων

416 3373 672 3436 διέκειτο,
704 3375 797 3427 καὶ
846 3374 1025 3444 πολλῷ
1063 3375 1308 3446 μείζονος
1351 3373 1490 3440 ἄξιοι
1541 3375 1812 3444 τιμωρίας
1847 3369 2005 3445 ἦσαν.

421 3456 522 3508 Ἷν⁴⁸
549 3452 643 3510 οὖν
674 3457 748 3528 μὴ
775 3458 1047 3529 ἀπογνῷς,
1078 3461 1485 3530 ἀναμιμνήσκει
1535 3475 1595 3511 σε
1635 3459 1735 3527 τῆς
1770 3458 2010 3528 ἱστορίας

423 3540 656 3609 ἐκείνης.
691 3543 800 3594 Καὶ
829 3543 937 3612 γάρ
961 3543 1081 3594 τότε
1119 3543 1228 3596 τῶν
1263 3543 1604 3613 πραγμάτων
1636 3540 2010 3608 ἀπογνωσθέν-

416 3641 548 3687 των,
573 3624 763 3691 γέγονε
797 3623 951 3687 λύσις
980 3643 1062 3687 τις
1096 3626 1190 3678 καὶ
1217 3626 1502 3696 διόρθωσις
1527 3640 1540 3654 ·
1592 3624 1728 3677 ἀλλά
1769 3625 1888 3677 τότε
1920 3624 2010 3677 διὰ

420 3707 713 3777 τιμωρίας,
739 3706 834 3760 νῦν
864 3708 920 3759 δὲ
948 3707 1036 3760 διὰ
1070 3711 1290 3780 χάριτος
1336 3710 1430 3763 καὶ
1459 3709 1666 3778 δωρεᾶς
1695 3707 1903 3776 ἀφάτου
1938 3706 2005 3759 ⁸⁸.

415 3790 521 3842 Διὰ
549 3789 708 3842 τοῦτο
737 3791 886 3860 καὶὴ
915 3791 1214 3862 περιστερά
1243 3791 1588 3860 φαίνεται,οὑ
1617 3790 1808 3844 κλάδον
1822 3789 2008 3854 ἐλαίας

421 3873 681 3944 φέρουσα,
716 3872 852 3926 ἀλλά
883 3872 973 3926 τὸν
1009 3873 1225 3927 πάντων
1262 3865 1369 3926 τῶν
1415 3873 1598 3927 κακῶν
1641 3872 2006 3943 ἐλευθερωτὴν

418 3957 554 4026 ήμῖν
581 3954 915 4021 δεικνύουσα,
945 3956 1038 4009 καὶ
1067 3957 1310 4028 χρηστὰς
1343 3956 1697 4010 ὑποτείνουσα
1725 3955 1825 4020 τάς
1856 3955 2008 4008 ἐλπί-

421 4039 536 4101 δας.
571 4038 706 4091 Οὐδὲ
738 4037 848 4109 γὰρ
895 4038 1003 4091 ἀπὸ
1046 4039 1280 4093 κιϐωτοῦ
1335 4039 1620 4112 ἄνθρωπον
1664 4039 1847 4107 ἐξάγει
1885 4037 2003 4101 ἕνα,

422 4121 557 4174 ἁλλά
585 4120 682 4192 τὴν
708 4123 1033 4192 οἰκουμένην
1067 4123 1284 4176 ἃπασαν
1327 4125 1408 4186 εἰς
1438 4122 1530 4175 τὸν
1561 4122 1788 4193 οὑρανὸν
1812 4122 2004 4188 ἀνάγει

422 4207 670 4272 φανεῖσα,
697 4204 789 4257 καὶ
819 4205 938 4257 ἀντὶ
967 4205 1160 4258 θαλλοῦ
1192 4205 1237 4237 ⁸⁸
1269 4203 1456 4266 ἐλαίας
1485 4205 1584 4276 τὴν
1627 4203 1899 4257 υἱοθεσίαν
1926 4201 2003 4272 τῷ

416 4287 588 4354 κοινῷ
610 4287 709 4355 τῆς
741 4287 1065 4357 οἰκουμένης
1101 4288 1316 4356 κομίζει
1350 4287 1518 4355 γένει.
1561 4288 1853 4357 Ἐννοήσας
1887 4285 2002 4339 τοί-

421 4387 516 4420 νυν
541 4369 603 4421 τὸ
644 4369 874 4438 μέγεθος
899 4370 998 4438 τῆς
1031 4369 1258 4440 δωρεᾶς,
1299 4370 1434 4440 μηδέ
1461 4371 1507 4402 ⁸⁸
1548 4370 1806 4424 ἐλάττονα
1839 4371 2003 4424 αὑτοῦ

421 4450 521 4519 τὴν
549 4449 703 4516 ἀξίαν
732 4451 960 4522 νομίσῃς
1001 4447 1160 4515 εἶναι,
1209 4452 1298 4506 διὰ
1328 4453 1389 4506 τὸ
1423 4454 1481 4506 ἐν
1525 4452 1743 4524 τοιαύτῃ
1774 4454 2004 4524 φανῆναι

418 4533 564 4603 όψει.
592 4533 698 4586 Καὶ
719 4533 826 4604 γὰρ
849 4533 1031 4588 ἀκούω
1053 4534 1214 4588 τινῶν
1234 4536 1517 4605 λεγόντων,
1546 4537 1628 4590 ὅτι
1649 4537 1772 4590 ὅσον
1800 4537 2008 4611 ἀνθρὼ-

421 4633 526 4671 που
562 4615 657 4670 καὶ
691 4619 1020 4688 περιστερᾶς
1044 4618 1106 4671 τὸ
1135 4619 1317 4689 μέσον,
1356 4617 1610 4672 τοσοῦτον
1641 4619 1736 4673 τοῦ
1767 4620 2005 4692 Χριστοῦ

416 4700 514 4753 καὶ
539 4699 629 4754 τοῦ
662 4699 802 4754 Πνεύ
810 4718 1000 4773 ματος,
1022 4701 1208 4773 ἐπειδὴ
1231 4704 1258 4755 6
1278 4701 1376 4772 μὲν
1391 4704 1448 4756 ἐν
1471 4705 1534 4775 τῇ
1559 4703 1803 4776 ἡμετέρα
1825 4706 2004 4774 φύσει,

419 4783 481 4836 τὸ
519 4784 574 4837 δὲ
597 4786 652 4836 ἐν
681 4784 801 4850 ϐψει
835 4787 1163 4856 περιστερᾶς
1199 4787 1394 4856 ἐφάνη.
1435 4786 1501 4839 Τί
1531 4784 1626 4841 οῦν
1663 4789 1799 4860 πρὸς
1835 4789 2008 4842 ταῦτα

419 4865 568 4920 ἔστιν
591 4870 798 4936 είπεῖν;
831 4869 956 4922 Ὅτι
972 4870 1000 4922 6
1025 4870 1123 4940 μέν
1145 4869 1274 4934 Υἱὸς
1297 4869 1389 4924 τοῦ
1415 4869 1574 4937 Θεοῦ,
1607 4871 1769 4940 φύσιν
1795 4872 2008 4942 ἀνθρώ·

419 4965 525 5000 που
554 4950 808 5004 ἀνέλαϐεο
837 4953 898 5006 τὸ
925 4953 983 5006 δέ
1019 4954 1270 5023 Πνεῦμα,
1294 4955 1354 5006 οὑ
1394 4953 1556 5023 φύσιν
1585 4956 1816 5009 ἀνέλαϐε
1849 4973 2006 5027 περι-

418 5032 639 5102 στερᾶς.
675 5034 774 5087 Διά
800 5036 956 5088 τοῦτο
983 5037 1077 5088 καὶ
1104 5039 1132 5088 6
1174 5036 1566 5108 εὑαγγελιστὴς
1597 5039 1698 5092 οὑκ
1724 5034 1899 5104 εἶπεν,
1925 5040 2007 5092 ὅτι

419 5118 479 5170 ἐν
507 5115 664 5183 φύσει
689 5122 1035 5188 περιστερᾶς,
1054 5121 1168 5172 ἀλλ’
1190 5123 1247 5173 ἐν
1273 5121 1404 5173 εἴδει
1427 5125 1757 5194 περιστερᾶς
1777 5139 1790 5152 ⁸
1813 5124 2008 5177 οὐκοῦν

416 5199 541 5252 οῦδέ
570 5198 706 5269 μετά
733 5199 906 5254 ταῦτα
941 5202 998 5254 ἐν
1038 5201 1212 5272 τούτῳ
1245 5203 1400 5273 ὤφθη
1437 5203 1514 5273 τῷ
1557 5206 1817 5275 σχήματι,
1872 5206 2008 5260 ἁλλά

415 5282 541 5336 τότε
575 5282 756 5352 μόνον.
783 5283 843 5335 Εἰ
863 5283 920 5335 δὲ
953 5283 1038 5336 διὰ
1068 5284 1224 5337 τοῦτο
1241 5286 1501 5340 ἐλάττονα
1534 5288 1698 5340 αὑτοῦ
1723 5288 1823 5359 τὴν
1851 5289 2005 5354 ἀξίαν

419 5366 525 5436 φῂς
563 5361 724 5429 εἶναι,
765 5365 1118 5438 εὑρεθήσεται
1166 5368 1260 5421 καὶ
1303 5371 1369 5423 τὰ
1402 5371 1682 5442 Χερουϐὶμ
1729 5374 1871 5426 κατὰ
1917 5374 2007 5428 τὸν

415 5447 574 5517 λόγον
595 5448 783 5502 τοῦτον
819 5450 1026 5520 ἀμείνω
1054 5450 1251 5520 πολλῷ,
1286 5452 1380 5506 καὶ
1416 5455 1667 5507 τοσοῦτον
1696 5455 1821 5508 ὅσον
1853 5473 2007 5527 περι-

1126 352 1184 409 S.
1226 352 1510 408 JOANNIS
1547 342 2042 406 CHRYSOSTOMI
2087 342 2402 402 ARCHIEP.
2442 343 2990 403 CGNSTANTINOP.

3587 349 3689 403 9M

2119 463 2314 532 στερᾶς
2337 462 2494 526 ἀετός
2515 479 2529 492 ·
2567 462 2659 515 καὶ
2687 460 2795 531 γάρ
2826 463 2906 524 εἰς
2932 458 3134 530 ταύτην
3177 461 3402 513 κάκεῖνα
3448 463 3690 532 ἐσχημα-

2115 543 2273 614 τίσθη
2310 543 2408 615 τήν
2437 544 2561 614 ὖψιν
2584 561 2598 575 ·
2638 546 2731 598 καὶ
2772 545 2822 596 οἰ
2869 543 3086 612 ἄγγελοι
3121 542 3177 594 δὲ
3210 543 3467 612 ἀμείνους
3494 549 3690 598 πάλιν·

2118 626 2339 696 καὶγὰρ
2369 629 2427 680 ἐν
2458 629 2696 698 σχήματι
2742 625 3044 697 ἀνθρώπων
3085 626 3343 689 πολλάκις
3392 629 3693 697 ἐφάνησαν.

2129 708 2268 760 Ἀλλ’
2297 710 2396 762 οὑκ
2422 709 2536 762 ἐστι
2564 709 2758 773 ταῦτα,
2783 709 2884 762 οὑκ
2915 708 3050 762 ἔστι.
3074 710 3181 763 Καὶ
3207 711 3314 780 γὰρ
3339 711 3526 781 ἕτερον
3555 716 3693 766 οἰκο-

2116 791 2307 862 νομίας
2327 793 2573 864 ἀλήθεια,
2607 794 2700 847 καὶ
2717 793 2892 862 ὅψεως
2913 794 3245 865 προσκαίρου
3269 797 3694 861 συγκατάϐασις.

2115 877 2208 946 Μὴ
2237 878 2414 930 τοίνυν
2443 878 2734 948 ἀχάριστος
2757 878 2907 945 γίνου
2946 877 3074 947 περὶ
3098 877 3188 930 τὸν
3217 878 3531 949 εὐεργέτην,
3563 883 3696 950 μηδὲ

2115 961 2227 1021 τοῖς
2255 960 2516 1023 ἐναντίοις
2540 961 2768 1030 ἀμείϐου
2797 961 2890 1014 τὸν
2929 960 3028 1031 τὴν
3068 962 3252 1032 πηγήν
3280 979 3362 1015 σοι
3389 962 3492 1031 τῆς
3521 981 3696 1032 μακα-

2119 1042 2365 1112 ριότητος
2389 1043 2795 1114 δωρησάμενον.
2823 1044 2995 1097 Ὅπου
3025 1044 3133 1115 γάρ
3156 1045 3426 1107 υιοθεσίας
3457 1044 3718 1116 ἀξίωμαί

2115 1129 2230 1179 ἐκεῖ
2260 1129 2354 1180 καὶ
2376 1130 2409 1197 ή
2439 1128 2548 1181 τῶν
2589 1130 2774 1181 κακῶν
2805 1129 3103 1198 ἀναίρεσις,
3149 1130 3245 1183 καὶ
3270 1130 3304 1198 ἡ
3336 1129 3443 1182 τῶν
3476 1129 3697 1196 ἀγαθῶν

2114 1210 2369 1265 ἁπάντων
2400 1212 2566 1276 δόσις.
2593 1213 2690 1264 Διά
2719 1212 2782 1282 δὴ
2807 1212 2961 1266 τοῦτο
2983 1212 3043 1265 τὸ
3066 1212 3165 1282 μὲν
3211 1211 3498 1265 Ἰουδαϊκὸν
3528 1213 3696 1266 παύε-

2114 1312 2204 1348 ται
2234 1296 2536 1366 βάπτισμα,
2571 1295 2632 1348 τὸ
2671 1297 2726 1348 δέ
2761 1291 3038 1366 ἡμέτερον
3061 1296 3237 1368 ἀρχὴν
3269 1295 3558 1364 λαμϐάνει.
3592 1295 3722 1348 Καὶι

2113 1379 2252 1449 ὅπερ
2281 1380 2374 1432 ἐπὶ
2402 1379 2495 1431 τοῦ
2521 1379 2711 1449 Πάσχα
2733 1381 2942 1448 γέγονε,
2973 1378 3133 1432 τοῦτο
3152 1379 3248 1432 καὶ
3271 1379 3364 1431 ἐπὶ
3387 1378 3480 1430 τοῦ
3504 1378 3698 1447 βαπτίο

2117 1479 2320 1532 σματος
2351 1461 2658 1530 συμϐαίνει.
2690 1464 2798 1514 Καὶ
2832 1461 2940 1531 γάρ
2968 1462 3062 1515 καὶ
3101 1464 3217 1514 ἐκεῖ
3251 1461 3534 1531 ἀμφότερα
3563 1478 3694 1531 μετ-

2114 1546 2304 1608 ελθὼν,
2347 1547 2407 1599 τὸ
2439 1546 2536 1615 μὲν
2569 1546 2772 1598 ἔπαυσε
2808 1548 2872 1607 θ’,
2921 1546 3000 1616 τῷ
3029 1545 3086 1598 δὲ
3119 1545 3292 1615 ἀρχὴν
3328 1545 3559 1598 δέδωκε⁶
3603 1545 3697 1598 καὶ

2114 1629 2348 1682 ἐνταῦθα
2379 1631 2424 1660 ³⁸
2453 1628 2745 1698 πληρώσας
2787 1630 2846 1681 τὸ
2888 1628 3175 1682 Ἰουδαϊκὸν
3210 1628 3509 1698 βάπτισμα,
3563 1627 3696 1696 ὁμοῦ

2114 1715 2208 1768 καὶ
2234 1713 2327 1767 τοῦ
2357 1713 2458 1782 τῆς
2495 1713 2818 1784 Ἐκκλησίας
2851 1713 2946 1775 τὰς
2972 1712 3141 1783 θύρας
3160 1711 3486 1778 ἀνοίγνυσιν,
3506 1710 3696 1779 ὥσπερ

2113 1797 2170 1850 ὲν
2207 1797 2305 1866 μιᾷ
2336 1794 2584 1867 τραπέζῃ
2606 1796 2745 1852 τότε.
2775 1795 2944 1858 οὑτως
2981 1796 3037 1846 ἐν
3072 1796 3152 1847 ἐνὶ
3192 1792 3418 1862 ποταμῷ
3450 1793 3564 1853 νῦν,
3600 1793 3695 1844 καὶ

2111 1877 2210 1948 τὴν
2241 1878 2399 1930 σκιὰν
2421 1878 2763 1948 ὑπογράψας,
2793 1880 2884 1932 καὶ
2907 1878 3004 1948 τήν
3029 1877 3286 1948 ἀλήθειαν
3321 1876 3581 1946 προσθείς
3622 1876 3691 1928 ’³ο

2114 1960 2428 2030 Πνεύματος
2452 1961 2560 2030 γὰρ
2589 1963 2748 2031 χάριν
2775 1960 2932 2014 τοῦτο
2962 1961 3075 2030 ἔχει
3107 1960 3168 2012 τὸ
3193 1960 3474 2030 βάπτισμα
3499 1961 3657 2029 μόνον
3680 1977 3694 1991 ·

2111 2043 2172 2096 τὸ
2197 2044 2253 2096 δέ
2284 2044 2552 2109 Ἰωάννου,
2574 2043 2778 2114 ταύτης
2800 2043 3005 2112 ἔρημον
3034 2043 3132 2112 τῆς
3161 2043 3368 2110 δωρεᾶς
3391 2038 3481 2111 ἦν.
3503 2042 3601 2096 Διά
3629 2042 3696 2112 δὴ

2111 2127 2270 2180 τοῦτο
2301 2127 2392 2179 ἐπὶ
2417 2127 2515 2198 μὲν
2542 2128 2651 2180 τῶν
2675 2127 2850 2182 ἄλλων
2880 2126 2989 2178 τῶν
3021 2126 3067 2156 ³⁸
3105 2127 3514 2196 βαπτιζομένων
3543 2123 3696 2197 [165]

2111 2210 2265 2264 οὑδέν
2293 2210 2530 2262 τοιοῦτον
2563 2211 2781 2278 συνέϐη,
2810 2211 2901 2262 ἐπὶ
2939 2210 2995 2262 δὲ
3039 2209 3204 2262 αὑτοῦ
3241 2209 3401 2279 μόνου
3434 2208 3526 2262 τοῦ
3569 2209 3698 2277 μέλ-

2111 2295 2293 2358 λοντος
2328 2293 2484 2346 τοῦτο
2517 2294 2865 2365 παραδιδόναι
2892 2311 2905 2325 ο
2947 2295 3034 2346 ἵνα
3070 2292 3210 2360 μετά
3245 2292 3354 2344 τῶν
3391 2291 3697 2361 εἰρημένων

2112 2380 2207 2432 καὶ
2238 2377 2397 2430 τοῦτο
2431 2376 2628 2447 μάθῃς,
2679 2379 2763 2430 ὅτι
2797 2377 2893 2446 οὑχ
2944 2379 2978 2446 ὴ
3027 2374 3334 2446 καθαρότης
3370 2373 3464 2427 τοῦ
3502 2373 3698 2444 βαπτί-

2112 2461 2294 2525 ζοντος
2341 2460 2407 2524 ⁸⁸,
2467 2459 2580 2514 ἀλλ’
2611 2462 2644 2530 ή
2682 2459 2909 2529 δύναμις
2959 2457 3051 2511 τοῦ
3101 2456 3494 2527 βαπτιζομένου
3537 2455 3698 2509 τοῦτο

2110 2544 2352 2612 ἐποίησε.
2387 2543 2520 2595 Τότε
2553 2543 2684 2611 γοῦν
2719 2543 2812 2596 καὶ
2855 2544 2903 2595 οί
2936 2541 3154 2613 οὐρανοὶ
3189 2541 3554 2611 ἀνεῴχθησαν,
3601 2541 3699 2594 καὶ

2109 2628 2170 2680 τὺ
2199 2626 2422 2696 Πνεῦμα
2453 2626 2686 2696 ἐπῆλθεν
2717 2627 2784 2679 ’⁸.
2825 2623 2957 2678 Ἀπὸ
2979 2626 3089 2694 γάρ
3115 2623 3216 2693 τῆς
3247 2623 3484 2687 παλαιᾶς
3508 2623 3698 2675 λοιπὸν

2111 2711 2205 2764 ἐπὶ
2233 2711 2332 2780 τὴν
2363 2711 2555 2780 καινὴν
2584 2709 2769 2777 ἐξάγει
2801 2709 3076 2762 πολιτείαν
3108 2709 3272 2778 ἡμᾶς,
3305 2709 3404 2770 τάς
3433 2724 3492 2760 τε
3520 2708 3699 2772 πύλας

2111 2797 2242 2865 ἡμῖν
2261 2795 2513 2862 ἀνοιγνὺς
2542 2793 2641 2858 τὰς
2673 2796 2806 2856 ἀνω,
2831 2795 2925 2846 καὶ
2950 2793 3174 2862 Πνεῦμα
3201 2791 3434 2861 πέμπων
3465 2791 3699 2857 ἐκεῖθεν,

2112 2875 2310 2930 καλοῦν
2340 2879 2419 2938 είς
2455 2876 2553 2947 τὴν
2576 2878 2692 2929 ἐκεῖ
2715 2875 2980 2948 πατρίδα·
3012 2876 3107 2927 καὶ
3129 2875 3227 2944 οὑχ
3257 2873 3444 2937 ἁπλῶς
3470 2873 3700 2938 καλοῦν,

2114 2960 2250 3014 ἀλλά
2306 2961 2402 3013 καὶ
2452 2960 2589 3029 μετά
2646 2958 2956 3028 ἀξιώματος
2999 2956 3093 3010 τοῦ
3144 2957 3422 3026 μεγίστου.
3480 2959 3554 3012 Οὐ
3589 2959 3703 3028 γάρ

2111 3042 2379 3111 ἀγγέλους
2401 3043 2493 3094 καὶ
2513 3041 2884 3113 ἀρχαγγέλους
2917 3041 3193 3110 ἐποίησεν,
3229 3038 3364 3093 ἀλλά
3387 3041 3535 3104 υίοὺς
3559 3039 3700 3094 Θεοῦ

2111 3126 2526 3190 κατασκευάσας
2561 3127 2655 3180 καὶ
2675 3127 3013 3196 ἀγαπητοὺς,
3037 3123 3210 3188 οὕτως
3232 3124 3380 3178 ἐλκει
3404 3123 3540 3198 πρὸς
3562 3125 3705 3179 ἐκεί-

2111 3226 2210 3280 νην
2238 3209 2335 3280 τὴν
2367 3208 2521 3278 λῆξιν
2560 3211 2730 3280 ἡμᾶς.

2180 3293 2222 3346 δ’
2230 3335 2242 3347 .
2257 3294 2300 3325 ’⁷
2315 3291 2479 3346 Ταῦτ’
2493 3288 2586 3346 οὖν
2609 3294 2868 3363 ἐννοήσας
2885 3294 3120 3353 ἅπαντα,
3141 3291 3236 3344 καὶ
3253 3291 3352 3362 τῆς
3369 3290 3589 3361 ἀγάπης
3603 3289 3701 3344 τοῦ

2111 3377 2422 3441 καλοῦντος,
2454 3376 2546 3430 καί
2580 3377 2679 3447 τῆς
2705 3375 2980 3438 πολιτείας
3007 3376 3106 3446 τῆς
3135 3377 3271 3442 ἐκεῖ,
3299 3375 3394 3429 τιιαί⁵
3417 3375 3518 3444 τῆς
3534 3375 3704 3446 τιμῆς

2108 3461 2207 3532 τῆς
2242 3460 2487 3530 δοθείσης
2518 3457 2666 3524 ἄξιον
2697 3458 2960 3522 ἐπίδειξαι
2997 3460 3112 3528 βίον
3139 3473 3152 3487 ⁸
3193 3458 3271 3529 τῷ
3314 3457 3505 3529 κόσμῳ
3530 3473 3705 3510 σταυ-

2113 3543 2328 3613 ρωθεὶς,
2359 3543 2454 3595 καὶ
2483 3541 2805 3614 σταυρώσας
2833 3542 2995 3596 αὐτὸν
3021 3541 3252 3612 σεαυτῷ,
3281 3541 3381 3612 τὴν
3399 3540 3509 3594 τῶν
3535 3540 3705 3611 οὐρα-

2111 3626 2216 3678 νῶν
2256 3625 2535 3678 πολιτεύου
2585 3626 2862 3680 πολιτείαν
2920 3627 3059 3696 μετά
3111 3623 3397 3695 ἀκριϐείας
3445 3623 3658 3692 ἀπάσης
3681 3641 3699 3655 ⁸

2111 3707 2248 3779 μηδέ
2283 3708 2468 3777 ἐπειδὴ
2497 3708 2558 3760 τὸ
2591 3707 2752 3778 σῶμά
2777 3725 2871 3760 σου
2906 3708 2980 3777 μὴ
3003 3707 3233 3778 μετέστη
3256 3707 3392 3779 πρὸς
3418 3706 3510 3759 τὸν
3535 3706 3701 3777 069a-

2108 3791 2217 3856 νὺν,
2248 3790 2477 3864 νομίσῃς
2507 3791 2652 3860 ἔχειν
2683 3809 2736 3844 τι
2770 3791 2948 3844 κοινὸν
2983 3789 3121 3861 πρὸς
3150 3791 3247 3860 τήν
3283 3791 3390 3858 γῆν
3409 3807 3422 3820 ο
3461 3790 3558 3859 τὴν
3587 3789 3702 3860 γὰρ

2108 3872 2351 3944 κεφαλὴν
2382 3874 2494 3928 ἀνω
2513 3873 2830 3944 καθημένην
2852 3873 3016 3944 ἔχεις.
3045 3872 3152 3925 Καὶ
3173 3873 3260 3926 διά
3286 3872 3444 3927 τοῦτο
3470 3873 3527 3926 δὲ
3558 3873 3700 3944 πρό-

2106 3973 2266 4028 τερον
2303 3953 2535 4009 ἐνταῦθα
2563 3956 3004 4027 παραγενόμενος
3034 3957 3062 4008 6
3100 3955 3396 4025 Δεσπότης,
3439 3955 3532 4014 καὶ
3571 3956 3700 4018 τοὺς

2106 4038 2373 4107 ἀγγέλους
2402 4037 2647 4107 ἀγαγὼν,
2681 4040 2800 4092 τότε
2843 4056 2902 4091 σε
2945 4037 3230 4092 ἀναλαϐὼν
3267 4037 3511 4109 ἀπῆλθεν
3560 4039 3696 4103 ἐκεῖ,

2109 4125 2198 4177 ἵνα
2225 4125 2321 4176 καὶ
2361 4123 2468 4193 πρὸ
2498 4124 2599 4194 τῆς
2626 4123 2816 4176 ἀνόδου
2844 4125 2943 4193 τῆς
2971 4124 3152 4175 ἐκεῖσε
3191 4121 3389 4193 μάθῃς,
3420 4123 3503 4174 ὅτι
3537 4121 3697 4174 δυνα-

2104 4207 2197 4260 τόν
2228 4222 2312 4259 σοι
2340 4207 2437 4276 τὴν
2459 4207 2562 4276 γῆν
2593 4205 2669 4268 ὼς
2695 4205 2787 4259 τὸν
2815 4205 3045 4277 οὑρανδν
3078 4207 3267 4259 οἰκεῖν.
3297 4205 3561 4276 Μένωμεν
3594 4203 3700 4258 τοί-

2103 4308 2201 4346 νυν
2219 4290 2317 4360 τὴν
2343 4290 2626 4358 εὐγένειαν
2654 4290 2969 4360 τηροῦντες,
2994 4291 3060 4362 ῆν
3083 4289 3385 4361 ἐδεξάμεθα
3407 4290 3466 4354 ἐξ
3495 4289 3693 4360 ἀρχῆς,

2105 4374 2201 4428 καὶ
2234 4372 2302 4426 τὰ
2334 4375 2451 4425 ἐκεῖ
2481 4373 2725 4442 βασίλεια
2753 4373 2876 4427 καθ’
2926 4373 3166 4442 ἑκάστην
3212 4372 3560 4443 ἐπιζητῶμεν
3595 4372 3696 4441 τὴν

2107 4457 2344 4528 ἡμέραν,
2377 4455 2474 4508 καὶ
2513 4457 2692 4510 πάντα
2715 4456 2782 4509 τά
2807 4456 3047 4509 ἐνταῦθα
3083 4455 3240 4509 σκιάν
3273 4456 3367 4510 καὶ
3398 4456 3533 4527 ὄναρ
3557 4451 3696 4507 εἶναι

2106 4535 2439 4608 νομίζωμεν.
2484 4537 2622 4592 Οὑδέ
2657 4537 2768 4609 γὰρ
2813 4539 2862 4590 εἰ
2899 4537 3152 4608 βασιλεύς
3192 4555 3278 4601 τις
3316 4537 3426 4590 τῶν
3461 4539 3554 4590 ἐπὶ
3599 4537 3700 4605 τῆς

2105 4621 2211 4691 γῆς
2231 4621 2446 4690 πτωχὺν
2471 4621 2598 4675 ὄντα
2635 4639 2695 4675 σε
2719 4622 2767 4655 ⁸⁸
2798 4621 2891 4676 καὶ
2923 4621 3319 4691 προσαιτοῦντα
3347 4619 3548 4683 λαϐὼν,
3583 4621 3699 4673 υἱὸν

2107 4703 2367 4774 ἐξαίφνης
2403 4705 2719 4774 ἐποιήσατο,
2747 4705 2848 4775 τὴν
2884 4704 3125 4775 καλύβην
3171 4704 3267 4758 καὶ
3296 4705 3396 4775 τήν
3421 4703 3698 4756 εὐτέλειαν

2105 4787 2206 4857 τῆς
2237 4787 2480 4859 καλύϐης
2506 4788 2607 4856 τῆς
2637 4788 2737 4859 σῆς
2767 4788 3056 4857 ἐνενόησας
3070 4788 3164 4842 ἀν·
3197 4788 3440 4855 καίτοιγε
3465 4787 3528 4840 οὑ
3559 4786 3696 4839 πολὺ

2106 4870 2168 4922 τὸ
2202 4870 2364 4941 μέσον
2395 4871 2529 4925 ἐκεῖ.
2577 4871 2668 4941 Μὴ
2699 4871 2878 4925 τοίνυν
2923 4872 3057 4942 μηδὲ
3097 4870 3335 4925 ἐνταῦθα
3387 4868 3606 4937 λογίζου
3644 4887 3699 4922 τι

2105 4955 2215 5007 τῶν
2241 4954 2524 5025 προτέρων
2543 4971 2558 4985 ο
2586 4954 2806 5024 καὶγὰρ
2832 4955 2927 5007 ἐπὶ
2960 4953 3139 5025 πολλῷ
3172 4954 3413 5025 μείζοσιν
3438 4947 3695 5022 ἐκλήθης.

2110 5037 2178 5090 Ὀ
2206 5054 2265 5089 τε
2292 5036 2400 5106 γὰρ
2424 5035 2626 5101 καλῶν,
2667 5039 2694 5090 6
2722 5036 2831 5090 τῶν
2856 5037 3102 5105 ἀγγέλων
3132 5037 3415 5106 Δεσπότης
3447 5035 3564 5088 ἐστί
3590 5051 3605 5064 ο
3630 5035 3701 5088 τά

2107 5139 2166 5175 τε
2201 5124 2247 5155 ⁸³
2283 5121 2538 5190 διδόμενα
2569 5121 2770 5190 ἀγαθὰ,
2803 5122 2898 5174 καὶ
2936 5121 3091 5189 λόγον
3129 5122 3224 5174 καὶ
3251 5121 3490 5174 διάνοιαν
3529 5119 3700 5188 ὑπερ-

2108 5205 2285 5260 ϐαίνει
2317 5206 2518 5258 πᾶσαν.
2551 5203 2762 5274 υὺγάρ
2790 5205 2898 5256 ἀπὺ
2920 5206 3022 5274 γῆς
3053 5206 3134 5267 εἰς
3158 5204 3264 5274 γῆν
3294 5221 3354 5258 σε
3384 5204 3697 5274 μεθίστησι,

2108 5289 2363 5359 καθάπερ
2391 5290 2420 5341 6
2449 5286 2723 5357 βασιλεὺς,
2754 5287 2868 5342 ἀλλ’
2895 5288 3004 5341 ἀπὸ
3032 5289 3136 5360 γῆς
3175 5289 3257 5351 εἰς
3301 5287 3549 5358 οὐρανὸν,
3603 5286 3699 5338 καὶ⁹

2107 5374 2215 5427 ἀπὸ
2239 5372 2456 5442 φύσεως
2469 5371 2671 5443 θνητῆς
2697 5375 2778 5436 εἰς
2797 5372 3064 5426 ἀθάνατον
3088 5371 3358 5438 καὶδόξαν
3391 5370 3408 5402 ¹
3433 5371 3695 5442 ἄρρητον,

2107 5457 2229 5510 τότε
2271 5455 2578 5525 δυναμένην
2628 5456 2786 5525 μόνον
2835 5456 3071 5525 φανῆναι
3115 5453 3313 5521 καλῶς,
3355 5454 3482 5507 ὅταν
3529 5452 3701 5522 αὐτῆς

487 5539 882 5628 "Tivgﬂ'add'
909 5541 970 5628 ξε
1001 5542 1235 5628 Agaga.
1255 5546 1380 5628 adq.
1405 5543 1496 5628 οῦν
1513 5545 1647 5628 Εᾳιι.
1684 5548 1730 5580 αθ
1754 5548 1846 5628 ξίς
1868 5547 1931 5603 D.
1965 5549 2010 5628 ξ]

2113 5549 2250 5628 ς,(ἓθι
2267 5548 2455 5628 sail.ch
2491 5548 2922 5628 παρεδέ.ξωχται.-
2947 5549 3012 5628 .‘i'
3034 5546 3328 5628 ἀξιφῖοῦειξ
3361 5544 3517 5628 Ειίεις,
3537 5544 3701 5628 κειὲ

415 5609 626 5718 ξωρεᾶς
653 5609 884 5684 ἀφάτου]
914 5611 1006 5667 Sic
1035 5611 1094 5666 E.
1125 5614 1222 5669 Ge.
1260 5618 1440 5670 σειρίου-ἰ
1463 5618 1672 5718 ἀράτου
1701 5619 1795 5698 καὶ
1815 5618 2046 5690 δωρεᾶς.
2103 5621 2148 5651 ⁸⁹
2166 5616 2384 5689 θαλλοῦ]
2425 5609 2588 5672 θαλοῦ
2605 5620 2670 5672 Α.
2693 5609 2829 5672 Ιὶ.(].
2862 5619 3056 5673 κλάδου
3077 5619 3210 5693 Edd.
3275 5617 3322 5650 9°
3360 5613 3609 5685 μηδέῖμή
3631 5614 3696 5685 δή

515 5682 555 5718 ι,
605 5683 735 5718 ..ιιι
827 5683 1238 5718 οιιι..έ.....κοιι
1289 5683 1325 5718 li‘
1375 5685 1412 5718 Ir
1531 5687 1824 5718 u..--..a..1
1871 5688 1971 5718 ...ιι
2022 5689 2182 5718 -.v.~....
2216 5690 2252 5718 ιι
2309 5689 2349 5718 ρ
2413 5704 2443 5718 ,ι
2497 5705 2529 5718 ,ι
2581 5688 2858 5718 σενα..-
3029 5689 3071 5718 n
3125 5689 3162 5718 ν
3206 5685 3247 5718 σε
3325 5687 3374 5718 οι
3398 5683 3671 5718 “mnam:

416 5680 577 5752 AJC-
602 5685 674 5752 μή

698 5683 770 5759 Β.Δ
827 5683 881 5759 ’ξ
897 5683 1260 5759 ἀνέπαυσε-1).
1373 5685 1433 5739 F.
1505 5683 1548 5759 ‘_‘
1569 5687 1824 5759 ἐνταῦθα]
1870 5683 1996 5743 ιιίΙιΙ.

2113 5695 2182 5742 ιιν
2216 5690 2274 5742 8.
2413 5704 2463 5756 p.
2497 5705 2549 5756 ιι.
2579 5688 2860 5757 βάπτισμα
2889 5706 3000 5743 om.
3028 5689 3106 5759 Ι).
3125 5689 3184 5741 Ε.
3206 5685 3267 5742 F.
3289 5757 3299 5759 Α
3393 5683 3617 5759 προθείς
3633 5683 3692 5735 Ρ.

415 5749 809 5829 νδτιῖνιςοιὴ.Δ
939 5754 1000 5806 C.
1039 5755 1120 5829 _"
1166 5755 1539 5829 βαπτίζοντος]
1571 5749 1948 5829 βαπτίσματος
1977 5759 2040 5811 Ι).
2075 5770 2128 5814 el

2176 5776 2258 5828 pr.
2305 5758 2363 5812 Ε.
2415 5755 2856 5828 ίθθίκαῆλθενΒ.
2962 5761 3006 5791 υτ
3033 5757 3320 5811 ΗΘΙΚΟΝ.
3348 5757 3538 5828 ’⁷οτιρ
3563 5755 3698 5822 Χρι-

416 5821 653 5899 στιανός,
671 5824 744 5894 μὴ
779 5821 1221 5899 ἐπιδεικνύμενος
1245 5827 1476 5899 ἀρίστην
1505 5821 1798 5888 πολιτείαν,
1825 5828 1987 5880 πλέον

2113 5821 2354 5899 ωρεῖται.
2381 5829 2444 5899 ν⁹⁸
2466 5847 2526 5881 σε
2561 5821 2672 5882 oni.
2695 5829 2755 5882 F.
2784 5829 2922 5884 Mor.
2949 5841 3072 5898 post
3093 5829 3404 5899 ἐποιήσατο
3420 5821 3697 5899 gollocanl

416 5888 526 5971 δίη
566 5888 702 5971 Ρίεξί·
733 5888 824 5971 ’3⁸
850 5894 1015 5971 Ῐ9.τε
1041 5888 1218 5971 idP-4
1243 5888 1311 5971 τᾷ
1338 5888 1613 5971 τξϊῗρτακί
1643 5899 1816 5971 δὲκαὶ
1833 5899 2010 5971 de}:

2113 5888 2242 5954 άἈ.
2272 5900 2332 5953 Β.
2365 5898 2428 5955 C.
2450 5900 2621 5954 Ὅταν
2651 5899 2758 5971 γὰρ
2783 5902 2876 5954 6...
2903 5888 2972 5954 τά
2997 5899 3054 5953 δέ
3090 5898 3150 5954 D.
3172 5888 3454 5970 Ε.’ἐστί]ᾖ
3481 5905 3534 5950 cl
3562 5909 3696 5949 mox

414 5957 719 6032 ὑπερϐαίνῃ
755 5961 814 6016 Β.
850 5963 972 6018 Vid.
1009 5957 1194 6022 αίιηὸι.
1276 5957 1790 6038 ¹κ1ὶ’δόξαν]δόξαν
1819 5968 1909 6022 καί
1943 5968 2076 6024 Edd-
