  <div class='ocr_page' id='page_1' title='image "/cluster/home/n/w/nwhite01/storage/ocr_20150623/57:no.7:pt.1/coo.31924054869577/134.png"; bbox 0 0 4052 6422; ppageno 0'>
   <div class='ocr_carea' id='block_1_1' title="bbox 322 394 422 449">
    <p class='ocr_par' dir='ltr' id='par_1_1' title="bbox 322 394 422 449">
     <span class='ocr_line' id='line_1_1' title="bbox 322 394 422 449; baseline -0.04 0"><span class='ocrx_word' id='word_1_1' title='bbox 322 394 422 449; x_wconf 67' lang='grc' dir='ltr'><strong>Ξαέἳ</strong></span> 
     </span>
    </p>
   </div>
   <div class='ocr_carea' id='block_1_2' title="bbox 218 512 1912 597">
    <p class='ocr_par' dir='ltr' id='par_1_2' title="bbox 218 512 1912 597">
     <span class='ocr_line' id='line_1_2' title="bbox 218 512 1912 597; baseline -0.014 -9"><span class='ocrx_word' id='word_1_2' title='bbox 218 582 229 590; x_wconf 92' lang='grc'>.</span> <span class='ocrx_word' id='word_1_3' title='bbox 325 542 502 587; x_wconf 85' lang='lat' dir='ltr'><strong>tamen</strong></span> <span class='ocrx_word' id='word_1_4' title='bbox 532 526 694 584; x_wconf 88' lang='lat' dir='ltr'><strong>ﬁdem</strong></span> <span class='ocrx_word' id='word_1_5' title='bbox 723 538 903 597; x_wconf 86' lang='lat' dir='ltr'><strong>neges.</strong></span> <span class='ocrx_word' id='word_1_6' title='bbox 929 522 1062 579; x_wconf 87' lang='lat' dir='ltr'><strong>Nam</strong></span> <span class='ocrx_word' id='word_1_7' title='bbox 1091 521 1144 577; x_wconf 91' lang='lat' dir='ltr'><strong>in</strong></span> <span class='ocrx_word' id='word_1_8' title='bbox 1171 517 1443 591; x_wconf 82' lang='lat' dir='ltr'><strong>principiis</strong></span> <span class='ocrx_word' id='word_1_9' title='bbox 1492 529 1706 584; x_wconf 82' lang='lat' dir='ltr'><strong>semper</strong></span> <span class='ocrx_word' id='word_1_10' title='bbox 1739 512 1912 566; x_wconf 85' lang='lat' dir='ltr'><strong>admi-</strong></span> 
     </span>
    </p>
   </div>
   <div class='ocr_carea' id='block_1_3' title="bbox 325 608 1917 688">
    <p class='ocr_par' dir='ltr' id='par_1_3' title="bbox 325 608 1917 688">
     <span class='ocr_line' id='line_1_3' title="bbox 325 608 1917 688; baseline -0.015 -9"><span class='ocrx_word' id='word_1_11' title='bbox 325 623 615 679; x_wconf 83' lang='lat' dir='ltr'><strong>randarum</strong></span> <span class='ocrx_word' id='word_1_12' title='bbox 660 616 1119 688; x_wconf 87' lang='lat' dir='ltr'><strong>spiritualiumque</strong></span> <span class='ocrx_word' id='word_1_13' title='bbox 1168 625 1348 666; x_wconf 91' lang='lat' dir='ltr'><strong>rerum</strong></span> <span class='ocrx_word' id='word_1_14' title='bbox 1397 608 1633 663; x_wconf 82' lang='lat' dir='ltr'><strong>visiones</strong></span> <span class='ocrx_word' id='word_1_15' title='bbox 1661 609 1917 675; x_wconf 75' lang='lat' dir='ltr'><strong>apparent</strong></span> 
     </span>
    </p>
   </div>
   <div class='ocr_carea' id='block_1_4' title="bbox 326 696 1913 777">
    <p class='ocr_par' dir='ltr' id='par_1_4' title="bbox 326 696 1913 777">
     <span class='ocr_line' id='line_1_4' title="bbox 326 696 1913 777; baseline -0.014 -7"><span class='ocrx_word' id='word_1_16' title='bbox 326 728 544 770; x_wconf 82' lang='lat' dir='ltr'><strong>sensum</strong></span> <span class='ocrx_word' id='word_1_17' title='bbox 575 700 853 766; x_wconf 81' lang='lat' dir='ltr'><strong>moventes</strong></span> <span class='ocrx_word' id='word_1_18' title='bbox 880 717 936 763; x_wconf 91' lang='lat' dir='ltr'><strong>et</strong></span> <span class='ocrx_word' id='word_1_19' title='bbox 958 707 1107 777; x_wconf 87' lang='lat' dir='ltr'><strong>signa</strong></span> <span class='ocrx_word' id='word_1_20' title='bbox 1131 700 1458 775; x_wconf 89' lang='lat' dir='ltr'><strong>hujusmodi,</strong></span> <span class='ocrx_word' id='word_1_21' title='bbox 1483 699 1640 769; x_wconf 84' lang='lat' dir='ltr'><strong>idque</strong></span> <span class='ocrx_word' id='word_1_22' title='bbox 1669 696 1913 764; x_wconf 77' lang='lat' dir='ltr'><strong>stupido-</strong></span> 
     </span>
    </p>
   </div>
   <div class='ocr_carea' id='block_1_5' title="bbox 326 788 1914 867">
    <p class='ocr_par' dir='ltr' id='par_1_5' title="bbox 326 788 1914 867">
     <span class='ocr_line' id='line_1_5' title="bbox 326 788 1914 867; baseline -0.014 -5"><span class='ocrx_word' id='word_1_23' title='bbox 326 821 444 862; x_wconf 86' lang='lat' dir='ltr'><strong>rum</strong></span> <span class='ocrx_word' id='word_1_24' title='bbox 475 802 753 858; x_wconf 81' lang='lat' dir='ltr'><strong>hominum</strong></span> <span class='ocrx_word' id='word_1_25' title='bbox 778 814 960 864; x_wconf 83' lang='lat' dir='ltr'><strong>causa,</strong></span> <span class='ocrx_word' id='word_1_26' title='bbox 989 797 1079 867; x_wconf 90' lang='lat' dir='ltr'><strong>qui</strong></span> <span class='ocrx_word' id='word_1_27' title='bbox 1098 794 1280 851; x_wconf 90' lang='lat' dir='ltr'><strong>sensili</strong></span> <span class='ocrx_word' id='word_1_28' title='bbox 1308 793 1511 846; x_wconf 79' lang='lat' dir='ltr'><strong>visione</strong></span> <span class='ocrx_word' id='word_1_29' title='bbox 1535 804 1671 859; x_wconf 86' lang='lat' dir='ltr'><strong>Opus</strong></span> <span class='ocrx_word' id='word_1_30' title='bbox 1696 788 1914 852; x_wconf 84' lang='lat' dir='ltr'><strong>habent,</strong></span> 
     </span>
    </p>
   </div>
   <div class='ocr_carea' id='block_1_6' title="bbox 328 879 1918 964">
    <p class='ocr_par' dir='ltr' id='par_1_6' title="bbox 328 879 1918 964">
     <span class='ocr_line' id='line_1_6' title="bbox 328 879 1918 964; baseline -0.011 -14"><span class='ocrx_word' id='word_1_31' title='bbox 328 910 505 964; x_wconf 87' lang='lat' dir='ltr'><strong>neque</strong></span> <span class='ocrx_word' id='word_1_32' title='bbox 527 902 752 964; x_wconf 89' lang='lat' dir='ltr'><strong>possunt</strong></span> <span class='ocrx_word' id='word_1_33' title='bbox 771 891 999 961; x_wconf 81' lang='lat' dir='ltr'><strong>aliquam</strong></span> <span class='ocrx_word' id='word_1_34' title='bbox 1027 890 1361 956; x_wconf 76' lang='lat' dir='ltr'><strong>incorporea:</strong></span> <span class='ocrx_word' id='word_1_35' title='bbox 1386 894 1589 939; x_wconf 77' lang='lat' dir='ltr'><strong>natura:</strong></span> <span class='ocrx_word' id='word_1_36' title='bbox 1619 882 1792 936; x_wconf 81' lang='lat' dir='ltr'><strong>idenm</strong></span> <span class='ocrx_word' id='word_1_37' title='bbox 1821 879 1918 935; x_wconf 58' lang='lat' dir='ltr'><strong>ad.-</strong></span> 
     </span>
    </p>
   </div>
   <div class='ocr_carea' id='block_1_7' title="bbox 329 975 1916 1051">
    <p class='ocr_par' dir='ltr' id='par_1_7' title="bbox 329 975 1916 1051">
     <span class='ocr_line' id='line_1_7' title="bbox 329 975 1916 1051; baseline -0.014 -7"><span class='ocrx_word' id='word_1_38' title='bbox 329 991 570 1051; x_wconf 86' lang='lat' dir='ltr'><strong>mittere,</strong></span> <span class='ocrx_word' id='word_1_39' title='bbox 620 986 714 1040; x_wconf 88' lang='lat' dir='ltr'><strong>sed</strong></span> <span class='ocrx_word' id='word_1_40' title='bbox 756 983 823 1038; x_wconf 88' lang='lat' dir='ltr'><strong>ad</strong></span> <span class='ocrx_word' id='word_1_41' title='bbox 874 980 1102 1036; x_wconf 87' lang='lat' dir='ltr'><strong>visibilia</strong></span> <span class='ocrx_word' id='word_1_42' title='bbox 1151 988 1355 1033; x_wconf 89' lang='lat' dir='ltr'><strong>tantum</strong></span> <span class='ocrx_word' id='word_1_43' title='bbox 1404 975 1810 1044; x_wconf 88' lang='lat' dir='ltr'><strong>obstupescunt,</strong></span> <span class='ocrx_word' id='word_1_44' title='bbox 1861 980 1916 1023; x_wconf 88' lang='lat' dir='ltr'><strong>ut</strong></span> 
     </span>
    </p>
   </div>
   <div class='ocr_carea' id='block_1_8' title="bbox 328 1062 1918 1146">
    <p class='ocr_par' dir='ltr' id='par_1_8' title="bbox 328 1062 1918 1146">
     <span class='ocr_line' id='line_1_8' title="bbox 328 1062 1918 1146; baseline -0.012 -12"><span class='ocrx_word' id='word_1_45' title='bbox 328 1078 539 1136; x_wconf 89' lang='lat' dir='ltr'><strong>etiamsi</strong></span> <span class='ocrx_word' id='word_1_46' title='bbox 571 1084 756 1146; x_wconf 88' lang='lat' dir='ltr'><strong>postea</strong></span> <span class='ocrx_word' id='word_1_47' title='bbox 800 1074 922 1127; x_wconf 82' lang='lat' dir='ltr'><strong>talia</strong></span> <span class='ocrx_word' id='word_1_48' title='bbox 952 1088 1059 1126; x_wconf 90' lang='lat' dir='ltr'><strong>non</strong></span> <span class='ocrx_word' id='word_1_49' title='bbox 1090 1070 1356 1132; x_wconf 87' lang='lat' dir='ltr'><strong>eveniant,</strong></span> <span class='ocrx_word' id='word_1_50' title='bbox 1388 1082 1451 1121; x_wconf 91' lang='lat' dir='ltr'><strong>ea</strong></span> <span class='ocrx_word' id='word_1_51' title='bbox 1492 1079 1613 1135; x_wconf 63' lang='lat' dir='ltr'><strong>quae</strong></span> <span class='ocrx_word' id='word_1_52' title='bbox 1656 1062 1820 1118; x_wconf 78' lang='lat' dir='ltr'><strong>semel</strong></span> <span class='ocrx_word' id='word_1_53' title='bbox 1863 1071 1918 1116; x_wconf 87' lang='lat' dir='ltr'><strong>et</strong></span> 
     </span>
    </p>
   </div>
   <div class='ocr_carea' id='block_1_9' title="bbox 329 1155 1915 1239">
    <p class='ocr_par' dir='ltr' id='par_1_9' title="bbox 329 1155 1915 1239">
     <span class='ocr_line' id='line_1_9' title="bbox 329 1155 1915 1239; baseline -0.012 -14"><span class='ocrx_word' id='word_1_54' title='bbox 329 1173 383 1225; x_wconf 89' lang='lat' dir='ltr'><strong>in</strong></span> <span class='ocrx_word' id='word_1_55' title='bbox 412 1167 674 1239; x_wconf 88' lang='lat' dir='ltr'><strong>principio</strong></span> <span class='ocrx_word' id='word_1_56' title='bbox 699 1165 837 1220; x_wconf 75' lang='lat' dir='ltr'><strong>facta</strong></span> <span class='ocrx_word' id='word_1_57' title='bbox 864 1177 989 1218; x_wconf 87' lang='lat' dir='ltr'><strong>sunt.</strong></span> <span class='ocrx_word' id='word_1_58' title='bbox 1014 1161 1229 1224; x_wconf 82' lang='lat' dir='ltr'><strong>similia,</strong></span> <span class='ocrx_word' id='word_1_59' title='bbox 1253 1160 1318 1213; x_wconf 92' lang='lat' dir='ltr'><strong>ad</strong></span> <span class='ocrx_word' id='word_1_60' title='bbox 1338 1159 1495 1214; x_wconf 88' lang='lat' dir='ltr'><strong>ﬁdem</strong></span> <span class='ocrx_word' id='word_1_61' title='bbox 1527 1158 1591 1210; x_wconf 92' lang='lat' dir='ltr'><strong>iis</strong></span> <span class='ocrx_word' id='word_1_62' title='bbox 1619 1155 1915 1210; x_wconf 82' lang='lat' dir='ltr'><strong>habendam</strong></span> 
     </span>
    </p>
   </div>
   <div class='ocr_carea' id='block_1_10' title="bbox 328 1249 1919 1324">
    <p class='ocr_par' dir='ltr' id='par_1_10' title="bbox 328 1249 1919 1324">
     <span class='ocr_line' id='line_1_10' title="bbox 328 1249 1919 1324; baseline -0.011 -7"><span class='ocrx_word' id='word_1_63' title='bbox 328 1264 617 1317; x_wconf 78' lang='lat' dir='ltr'><strong>deducant.</strong></span> <span class='ocrx_word' id='word_1_64' title='bbox 674 1259 805 1314; x_wconf 91' lang='lat' dir='ltr'><strong>Nam</strong></span> <span class='ocrx_word' id='word_1_65' title='bbox 834 1266 889 1313; x_wconf 91' lang='lat' dir='ltr'><strong>et</strong></span> <span class='ocrx_word' id='word_1_66' title='bbox 931 1271 1092 1324; x_wconf 69' lang='lat' dir='ltr'><strong>super</strong></span> <span class='ocrx_word' id='word_1_67' title='bbox 1132 1253 1406 1324; x_wconf 84' lang='lat' dir='ltr'><strong>apostolos</strong></span> <span class='ocrx_word' id='word_1_68' title='bbox 1433 1264 1597 1306; x_wconf 89' lang='lat' dir='ltr'><strong>sonus</strong></span> <span class='ocrx_word' id='word_1_69' title='bbox 1626 1249 1796 1303; x_wconf 80' lang='lat' dir='ltr'><strong>lactus</strong></span> <span class='ocrx_word' id='word_1_70' title='bbox 1837 1255 1919 1300; x_wconf 78' lang='lat' dir='ltr'><strong>est</strong></span> 
     </span>
    </p>
   </div>
   <div class='ocr_carea' id='block_1_11' title="bbox 331 1339 1918 1424">
    <p class='ocr_par' dir='ltr' id='par_1_11' title="bbox 331 1339 1918 1424">
     <span class='ocr_line' id='line_1_11' title="bbox 331 1339 1918 1424; baseline -0.012 -14"><span class='ocrx_word' id='word_1_71' title='bbox 331 1356 550 1424; x_wconf 90' lang='lat' dir='ltr'><strong>spiritus</strong></span> <span class='ocrx_word' id='word_1_72' title='bbox 576 1350 941 1415; x_wconf 81' lang='lat' dir='ltr'><strong>vehementis,</strong></span> <span class='ocrx_word' id='word_1_73' title='bbox 971 1356 1027 1403; x_wconf 92' lang='lat' dir='ltr'><strong>ct</strong></span> <span class='ocrx_word' id='word_1_74' title='bbox 1067 1347 1362 1416; x_wconf 80' lang='lat' dir='ltr'><strong>linguarum</strong></span> <span class='ocrx_word' id='word_1_75' title='bbox 1401 1346 1675 1414; x_wconf 89' lang='lat' dir='ltr'><strong>ignearum</strong></span> <span class='ocrx_word' id='word_1_76' title='bbox 1711 1339 1918 1409; x_wconf 83' lang='lat' dir='ltr'><strong>species</strong></span> 
     </span>
    </p>
   </div>
   <div class='ocr_carea' id='block_1_12' title="bbox 332 1433 1920 1516">
    <p class='ocr_par' dir='ltr' id='par_1_12' title="bbox 332 1433 1920 1516">
     <span class='ocr_line' id='line_1_12' title="bbox 332 1433 1920 1516; baseline -0.011 -14"><span class='ocrx_word' id='word_1_77' title='bbox 332 1459 647 1516; x_wconf 87' lang='lat' dir='ltr'><strong>apparuere,</strong></span> <span class='ocrx_word' id='word_1_78' title='bbox 676 1458 781 1497; x_wconf 91' lang='lat' dir='ltr'><strong>non</strong></span> <span class='ocrx_word' id='word_1_79' title='bbox 829 1450 1047 1511; x_wconf 82' lang='lat' dir='ltr'><strong>propter</strong></span> <span class='ocrx_word' id='word_1_80' title='bbox 1098 1435 1389 1507; x_wconf 76' lang='lat' dir='ltr'><strong>apostolos,</strong></span> <span class='ocrx_word' id='word_1_81' title='bbox 1438 1433 1530 1489; x_wconf 90' lang='lat' dir='ltr'><strong>sed</strong></span> <span class='ocrx_word' id='word_1_82' title='bbox 1562 1441 1780 1502; x_wconf 83' lang='lat' dir='ltr'><strong>propter</strong></span> <span class='ocrx_word' id='word_1_83' title='bbox 1825 1444 1920 1484; x_wconf 88' lang='lat' dir='ltr'><strong>eos</strong></span> 
     </span>
    </p>
   </div>
   <div class='ocr_carea' id='block_1_13' title="bbox 331 1524 1919 1610">
    <p class='ocr_par' dir='ltr' id='par_1_13' title="bbox 331 1524 1919 1610">
     <span class='ocr_line' id='line_1_13' title="bbox 331 1524 1919 1610; baseline -0.012 -17"><span class='ocrx_word' id='word_1_84' title='bbox 331 1540 423 1610; x_wconf 91' lang='lat' dir='ltr'><strong>qui</strong></span> <span class='ocrx_word' id='word_1_85' title='bbox 454 1549 580 1593; x_wconf 88' lang='lat' dir='ltr'><strong>tunc</strong></span> <span class='ocrx_word' id='word_1_86' title='bbox 607 1545 897 1606; x_wconf 63' lang='lat' dir='ltr'><strong>praesentes</strong></span> <span class='ocrx_word' id='word_1_87' title='bbox 917 1541 1069 1587; x_wconf 91' lang='lat' dir='ltr'><strong>erant</strong></span> <span class='ocrx_word' id='word_1_88' title='bbox 1092 1529 1326 1584; x_wconf 74' lang='lat' dir='ltr'><strong>.ludzeos.</strong></span> <span class='ocrx_word' id='word_1_89' title='bbox 1359 1528 1606 1583; x_wconf 81' lang='lat' dir='ltr'><strong>Attamen</strong></span> <span class='ocrx_word' id='word_1_90' title='bbox 1643 1524 1763 1577; x_wconf 90' lang='lat' dir='ltr'><strong>licet</strong></span> <span class='ocrx_word' id='word_1_91' title='bbox 1790 1536 1919 1576; x_wconf 88' lang='lat' dir='ltr'><strong>sen-</strong></span> 
     </span>
    </p>
   </div>
   <div class='ocr_carea' id='block_1_14' title="bbox 331 1617 1918 1699">
    <p class='ocr_par' dir='ltr' id='par_1_14' title="bbox 331 1617 1918 1699">
     <span class='ocr_line' id='line_1_14' title="bbox 331 1617 1918 1699; baseline -0.012 -14"><span class='ocrx_word' id='word_1_92' title='bbox 331 1631 453 1686; x_wconf 84' lang='lat' dir='ltr'><strong>silia</strong></span> <span class='ocrx_word' id='word_1_93' title='bbox 480 1629 628 1699; x_wconf 89' lang='lat' dir='ltr'><strong>signa</strong></span> <span class='ocrx_word' id='word_1_94' title='bbox 658 1643 762 1680; x_wconf 86' lang='lat' dir='ltr'><strong>non</strong></span> <span class='ocrx_word' id='word_1_95' title='bbox 806 1626 953 1690; x_wconf 90' lang='lat' dir='ltr'><strong>ﬁant,</strong></span> <span class='ocrx_word' id='word_1_96' title='bbox 984 1639 1102 1694; x_wconf 68' lang='lat' dir='ltr'><strong>qua:</strong></span> <span class='ocrx_word' id='word_1_97' title='bbox 1129 1637 1225 1691; x_wconf 90' lang='lat' dir='ltr'><strong>per</strong></span> <span class='ocrx_word' id='word_1_98' title='bbox 1250 1621 1336 1675; x_wconf 91' lang='lat' dir='ltr'><strong>illa</strong></span> <span class='ocrx_word' id='word_1_99' title='bbox 1364 1619 1530 1673; x_wconf 84' lang='lat' dir='ltr'><strong>semel</strong></span> <span class='ocrx_word' id='word_1_100' title='bbox 1557 1617 1918 1671; x_wconf 78' lang='lat' dir='ltr'><strong>demonstrata</strong></span> 
     </span>
    </p>
   </div>
   <div class='ocr_carea' id='block_1_15' title="bbox 332 1706 1917 1776">
    <p class='ocr_par' dir='ltr' id='par_1_15' title="bbox 332 1706 1917 1776">
     <span class='ocr_line' id='line_1_15' title="bbox 332 1706 1917 1776; baseline -0.013 0"><span class='ocrx_word' id='word_1_101' title='bbox 332 1730 463 1776; x_wconf 88' lang='lat' dir='ltr'><strong>sunt</strong></span> <span class='ocrx_word' id='word_1_102' title='bbox 476 1720 826 1774; x_wconf 84' lang='lat' dir='ltr'><strong>admittimus.</strong></span> <span class='ocrx_word' id='word_1_103' title='bbox 854 1716 985 1772; x_wconf 89' lang='lat' dir='ltr'><strong>Nam</strong></span> <span class='ocrx_word' id='word_1_104' title='bbox 1012 1710 1333 1768; x_wconf 88' lang='lat' dir='ltr'><strong>etcolumba</strong></span> <span class='ocrx_word' id='word_1_105' title='bbox 1366 1710 1487 1765; x_wconf 88' lang='lat' dir='ltr'><strong>ideo</strong></span> <span class='ocrx_word' id='word_1_106' title='bbox 1508 1718 1635 1762; x_wconf 92' lang='lat' dir='ltr'><strong>tunc</strong></span> <span class='ocrx_word' id='word_1_107' title='bbox 1664 1706 1775 1759; x_wconf 85' lang='lat' dir='ltr'><strong>visa</strong></span> <span class='ocrx_word' id='word_1_108' title='bbox 1814 1712 1917 1768; x_wconf 90' lang='lat' dir='ltr'><strong>est,</strong></span> 
     </span>
    </p>
   </div>
   <div class='ocr_carea' id='block_1_16' title="bbox 335 1796 1918 1885">
    <p class='ocr_par' dir='ltr' id='par_1_16' title="bbox 335 1796 1918 1885">
     <span class='ocr_line' id='line_1_16' title="bbox 335 1796 1918 1885; baseline -0.014 -16"><span class='ocrx_word' id='word_1_109' title='bbox 335 1824 395 1869; x_wconf 88' lang='lat' dir='ltr'><strong>ut</strong></span> <span class='ocrx_word' id='word_1_110' title='bbox 422 1814 569 1885; x_wconf 89' lang='lat' dir='ltr'><strong>quasi</strong></span> <span class='ocrx_word' id='word_1_111' title='bbox 597 1812 762 1882; x_wconf 77' lang='lat' dir='ltr'><strong>digito</strong></span> <span class='ocrx_word' id='word_1_112' title='bbox 785 1809 1015 1880; x_wconf 89' lang='lat' dir='ltr'><strong>quodam</strong></span> <span class='ocrx_word' id='word_1_113' title='bbox 1047 1802 1399 1877; x_wconf 74' lang='lat' dir='ltr'><strong>praesentibus</strong></span> <span class='ocrx_word' id='word_1_114' title='bbox 1423 1811 1473 1857; x_wconf 92' lang='lat' dir='ltr'><strong>et</strong></span> <span class='ocrx_word' id='word_1_115' title='bbox 1504 1798 1694 1855; x_wconf 80' lang='lat' dir='ltr'><strong>Joanni</strong></span> <span class='ocrx_word' id='word_1_116' title='bbox 1725 1796 1918 1852; x_wconf 85' lang='lat' dir='ltr'><strong>Filium</strong></span> 
     </span>
    </p>
   </div>
   <div class='ocr_carea' id='block_1_17' title="bbox 335 1892 1921 1971">
    <p class='ocr_par' dir='ltr' id='par_1_17' title="bbox 335 1892 1921 1971">
     <span class='ocr_line' id='line_1_17' title="bbox 335 1892 1921 1971; baseline -0.013 -9"><span class='ocrx_word' id='word_1_117' title='bbox 335 1908 432 1962; x_wconf 87' lang='lat' dir='ltr'><strong>Dei</strong></span> <span class='ocrx_word' id='word_1_118' title='bbox 455 1911 800 1960; x_wconf 85' lang='lat' dir='ltr'><strong>monstraret.</strong></span> <span class='ocrx_word' id='word_1_119' title='bbox 824 1901 1007 1971; x_wconf 80' lang='lat' dir='ltr'><strong>Neque</strong></span> <span class='ocrx_word' id='word_1_120' title='bbox 1036 1900 1157 1954; x_wconf 90' lang='lat' dir='ltr'><strong>ideo</strong></span> <span class='ocrx_word' id='word_1_121' title='bbox 1178 1906 1381 1951; x_wconf 88' lang='lat' dir='ltr'><strong>tantum</strong></span> <span class='ocrx_word' id='word_1_122' title='bbox 1404 1936 1420 1961; x_wconf 92' lang='lat'><strong>,</strong></span> <span class='ocrx_word' id='word_1_123' title='bbox 1457 1894 1549 1949; x_wconf 91' lang='lat' dir='ltr'><strong>sed</strong></span> <span class='ocrx_word' id='word_1_124' title='bbox 1597 1892 1755 1947; x_wconf 88' lang='lat' dir='ltr'><strong>etiam</strong></span> <span class='ocrx_word' id='word_1_125' title='bbox 1786 1898 1838 1943; x_wconf 93' lang='lat' dir='ltr'><strong>ut</strong></span> <span class='ocrx_word' id='word_1_126' title='bbox 1865 1897 1921 1942; x_wconf 92' lang='lat' dir='ltr'><strong>tu</strong></span> 
     </span>
    </p>
   </div>
   <div class='ocr_carea' id='block_1_18' title="bbox 332 1982 1924 2064">
    <p class='ocr_par' dir='ltr' id='par_1_18' title="bbox 332 1982 1924 2064">
     <span class='ocr_line' id='line_1_18' title="bbox 332 1982 1924 2064; baseline -0.011 -10"><span class='ocrx_word' id='word_1_127' title='bbox 332 2000 605 2063; x_wconf 86' lang='lat' dir='ltr'><strong>disceres,</strong></span> <span class='ocrx_word' id='word_1_128' title='bbox 635 1997 795 2051; x_wconf 91' lang='lat' dir='ltr'><strong>etiam</strong></span> <span class='ocrx_word' id='word_1_129' title='bbox 846 2009 1008 2064; x_wconf 90' lang='lat' dir='ltr'><strong>super</strong></span> <span class='ocrx_word' id='word_1_130' title='bbox 1052 2002 1102 2047; x_wconf 91' lang='lat' dir='ltr'><strong>te</strong></span> <span class='ocrx_word' id='word_1_131' title='bbox 1155 1990 1496 2060; x_wconf 81' lang='lat' dir='ltr'><strong>baptizatum,</strong></span> <span class='ocrx_word' id='word_1_132' title='bbox 1527 1985 1781 2055; x_wconf 80' lang='lat' dir='ltr'><strong>Spiritum</strong></span> <span class='ocrx_word' id='word_1_133' title='bbox 1829 1982 1924 2038; x_wconf 83' lang='lat' dir='ltr'><strong>de-</strong></span> 
     </span>
    </p>
   </div>
   <div class='ocr_carea' id='block_1_19' title="bbox 333 2089 611 2146">
    <p class='ocr_par' dir='ltr' id='par_1_19' title="bbox 333 2089 611 2146">
     <span class='ocr_line' id='line_1_19' title="bbox 333 2089 611 2146; baseline -0.018 1"><span class='ocrx_word' id='word_1_134' title='bbox 333 2089 611 2146; x_wconf 76' lang='lat' dir='ltr'><strong>scendere.</strong></span> 
     </span>
    </p>
   </div>
   <div class='ocr_carea' id='block_1_20' title="bbox 407 2172 1925 2251">
    <p class='ocr_par' dir='ltr' id='par_1_20' title="bbox 407 2172 1925 2251">
     <span class='ocr_line' id='line_1_20' title="bbox 407 2172 1925 2251; baseline -0.012 -16"><span class='ocrx_word' id='word_1_135' title='bbox 407 2183 463 2236; x_wconf 84' lang='lat'><strong>&#39;5.</strong></span> <span class='ocrx_word' id='word_1_136' title='bbox 484 2182 641 2235; x_wconf 77' lang='lat' dir='ltr'><strong>Fides</strong></span> <span class='ocrx_word' id='word_1_137' title='bbox 667 2197 768 2236; x_wconf 79' lang='lat' dir='ltr'><strong>non</strong></span> <span class='ocrx_word' id='word_1_138' title='bbox 795 2196 922 2251; x_wconf 81' lang='lat' dir='ltr'><strong>opus</strong></span> <span class='ocrx_word' id='word_1_139' title='bbox 938 2178 1084 2232; x_wconf 82' lang='lat' dir='ltr'><strong>habet</strong></span> <span class='ocrx_word' id='word_1_140' title='bbox 1112 2177 1317 2230; x_wconf 83' lang='lat' dir='ltr'><strong>visione.</strong></span> <span class='ocrx_word' id='word_1_141' title='bbox 1337 2172 1560 2245; x_wconf 77' lang='lat' dir='ltr'><strong>Spiritus</strong></span> <span class='ocrx_word' id='word_1_142' title='bbox 1589 2178 1791 2225; x_wconf 82' lang='lat' dir='ltr'><strong>sanctus</strong></span> <span class='ocrx_word' id='word_1_143' title='bbox 1823 2181 1925 2219; x_wconf 84' lang='lat' dir='ltr'><strong>non</strong></span> 
     </span>
    </p>
   </div>
   <div class='ocr_carea' id='block_1_21' title="bbox 334 2263 1925 2330">
    <p class='ocr_par' dir='ltr' id='par_1_21' title="bbox 334 2263 1925 2330">
     <span class='ocr_line' id='line_1_21' title="bbox 334 2263 1925 2330; baseline -0.008 -3"><span class='ocrx_word' id='word_1_144' title='bbox 334 2274 504 2327; x_wconf 84' lang='lat' dir='ltr'><strong>minor</strong></span> <span class='ocrx_word' id='word_1_145' title='bbox 550 2271 772 2327; x_wconf 76' lang='lat' dir='ltr'><strong>Christo.</strong></span> <span class='ocrx_word' id='word_1_146' title='bbox 837 2270 1066 2325; x_wconf 74' lang='lat' dir='ltr'><strong>Christus</strong></span> <span class='ocrx_word' id='word_1_147' title='bbox 1117 2267 1416 2321; x_wconf 69' lang='lat' dir='ltr'><strong>Judaeorum</strong></span> <span class='ocrx_word' id='word_1_148' title='bbox 1470 2274 1514 2319; x_wconf 85' lang='lat' dir='ltr'><strong>et</strong></span> <span class='ocrx_word' id='word_1_149' title='bbox 1570 2263 1817 2330; x_wconf 81' lang='lat' dir='ltr'><strong>baptisma</strong></span> <span class='ocrx_word' id='word_1_150' title='bbox 1878 2268 1925 2314; x_wconf 84' lang='lat' dir='ltr'><strong>et</strong></span> 
     </span>
    </p>
   </div>
   <div class='ocr_carea' id='block_1_22' title="bbox 335 2351 1923 2434">
    <p class='ocr_par' dir='ltr' id='par_1_22' title="bbox 335 2351 1923 2434">
     <span class='ocr_line' id='line_1_22' title="bbox 335 2351 1923 2434; baseline -0.009 -14"><span class='ocrx_word' id='word_1_151' title='bbox 335 2363 545 2421; x_wconf 85' lang='lat' dir='ltr'><strong>Pascha</strong></span> <span class='ocrx_word' id='word_1_152' title='bbox 573 2363 1108 2434; x_wconf 85' lang='lat' dir='ltr'><strong>abragat.—l)emum</strong></span> <span class='ocrx_word' id='word_1_153' title='bbox 1139 2374 1245 2413; x_wconf 89' lang='lat' dir='ltr'><strong>non</strong></span> <span class='ocrx_word' id='word_1_154' title='bbox 1270 2373 1406 2428; x_wconf 88' lang='lat' dir='ltr'><strong>opus</strong></span> <span class='ocrx_word' id='word_1_155' title='bbox 1448 2356 1604 2411; x_wconf 82' lang='lat' dir='ltr'><strong>nobis</strong></span> <span class='ocrx_word' id='word_1_156' title='bbox 1631 2365 1713 2410; x_wconf 85' lang='lat' dir='ltr'><strong>est</strong></span> <span class='ocrx_word' id='word_1_157' title='bbox 1739 2351 1923 2409; x_wconf 90' lang='lat' dir='ltr'><strong>sensili</strong></span> 
     </span>
    </p>
   </div>
   <div class='ocr_carea' id='block_1_23' title="bbox 336 2450 1922 2522">
    <p class='ocr_par' dir='ltr' id='par_1_23' title="bbox 336 2450 1922 2522">
     <span class='ocr_line' id='line_1_23' title="bbox 336 2450 1922 2522; baseline -0.008 -8"><span class='ocrx_word' id='word_1_158' title='bbox 336 2460 566 2522; x_wconf 84' lang='lat' dir='ltr'><strong>visione,</strong></span> <span class='ocrx_word' id='word_1_159' title='bbox 612 2474 736 2513; x_wconf 92' lang='lat' dir='ltr'><strong>cum</strong></span> <span class='ocrx_word' id='word_1_160' title='bbox 784 2457 916 2511; x_wconf 88' lang='lat' dir='ltr'><strong>ﬁdes</strong></span> <span class='ocrx_word' id='word_1_161' title='bbox 962 2457 1079 2510; x_wconf 85' lang='lat' dir='ltr'><strong>vice</strong></span> <span class='ocrx_word' id='word_1_162' title='bbox 1124 2455 1363 2509; x_wconf 89' lang='lat' dir='ltr'><strong>omnium</strong></span> <span class='ocrx_word' id='word_1_163' title='bbox 1412 2453 1544 2507; x_wconf 89' lang='lat' dir='ltr'><strong>satis</strong></span> <span class='ocrx_word' id='word_1_164' title='bbox 1590 2451 1658 2505; x_wconf 91' lang='lat' dir='ltr'><strong>sit</strong></span> <span class='ocrx_word' id='word_1_165' title='bbox 1708 2468 1722 2503; x_wconf 89' lang='lat'><strong>:</strong></span> <span class='ocrx_word' id='word_1_166' title='bbox 1775 2450 1922 2519; x_wconf 87' lang='lat' dir='ltr'><strong>signa</strong></span> 
     </span>
    </p>
   </div>
   <div class='ocr_carea' id='block_1_24' title="bbox 337 2540 1927 2622">
    <p class='ocr_par' dir='ltr' id='par_1_24' title="bbox 337 2540 1927 2622">
     <span class='ocr_line' id='line_1_24' title="bbox 337 2540 1927 2622; baseline -0.007 -16"><span class='ocrx_word' id='word_1_167' title='bbox 337 2553 536 2622; x_wconf 80' lang='lat' dir='ltr'><strong>quippe</strong></span> <span class='ocrx_word' id='word_1_168' title='bbox 567 2566 673 2606; x_wconf 91' lang='lat' dir='ltr'><strong>non</strong></span> <span class='ocrx_word' id='word_1_169' title='bbox 700 2548 1045 2605; x_wconf 82' lang='lat' dir='ltr'><strong>credentibus</strong></span> <span class='ocrx_word' id='word_1_170' title='bbox 1068 2589 1084 2614; x_wconf 92' lang='lat'><strong>,</strong></span> <span class='ocrx_word' id='word_1_171' title='bbox 1114 2547 1208 2602; x_wconf 91' lang='lat' dir='ltr'><strong>sed</strong></span> <span class='ocrx_word' id='word_1_172' title='bbox 1241 2545 1528 2601; x_wconf 85' lang='lat' dir='ltr'><strong>incredulis</strong></span> <span class='ocrx_word' id='word_1_173' title='bbox 1556 2544 1769 2598; x_wconf 85' lang='lat' dir='ltr'><strong>dantur.</strong></span> <span class='ocrx_word' id='word_1_174' title='bbox 1819 2540 1927 2596; x_wconf 88' lang='lat' dir='ltr'><strong>Cur</strong></span> 
     </span>
    </p>
   </div>
   <div class='ocr_carea' id='block_1_25' title="bbox 337 2633 1927 2709">
    <p class='ocr_par' dir='ltr' id='par_1_25' title="bbox 337 2633 1927 2709">
     <span class='ocr_line' id='line_1_25' title="bbox 337 2633 1927 2709; baseline -0.008 -11"><span class='ocrx_word' id='word_1_175' title='bbox 337 2653 517 2698; x_wconf 81' lang='lat' dir='ltr'><strong>autem</strong></span> <span class='ocrx_word' id='word_1_176' title='bbox 548 2644 600 2696; x_wconf 92' lang='lat' dir='ltr'><strong>in</strong></span> <span class='ocrx_word' id='word_1_177' title='bbox 628 2640 891 2695; x_wconf 69' lang='lat' dir='ltr'><strong>Columba:</strong></span> <span class='ocrx_word' id='word_1_178' title='bbox 929 2637 1148 2709; x_wconf 78' lang='lat' dir='ltr'><strong>specie?</strong></span> <span class='ocrx_word' id='word_1_179' title='bbox 1173 2637 1504 2692; x_wconf 80' lang='lat' dir='ltr'><strong>Mansuetum</strong></span> <span class='ocrx_word' id='word_1_180' title='bbox 1534 2644 1615 2689; x_wconf 88' lang='lat' dir='ltr'><strong>est</strong></span> <span class='ocrx_word' id='word_1_181' title='bbox 1644 2633 1839 2686; x_wconf 89' lang='lat' dir='ltr'><strong>animal</strong></span> <span class='ocrx_word' id='word_1_182' title='bbox 1872 2640 1927 2686; x_wconf 82' lang='lat' dir='ltr'><strong>et</strong></span> 
     </span>
    </p>
   </div>
   <div class='ocr_carea' id='block_1_26' title="bbox 338 2724 1929 2800">
    <p class='ocr_par' dir='ltr' id='par_1_26' title="bbox 338 2724 1929 2800">
     <span class='ocr_line' id='line_1_26' title="bbox 338 2724 1929 2800; baseline -0.008 -12"><span class='ocrx_word' id='word_1_183' title='bbox 338 2732 618 2788; x_wconf 88' lang='lat' dir='ltr'><strong>mundum.</strong></span> <span class='ocrx_word' id='word_1_184' title='bbox 664 2731 798 2799; x_wconf 83' lang='lat' dir='ltr'><strong>Quia</strong></span> <span class='ocrx_word' id='word_1_185' title='bbox 862 2729 1023 2800; x_wconf 81' lang='lat' dir='ltr'><strong>igitur</strong></span> <span class='ocrx_word' id='word_1_186' title='bbox 1063 2728 1332 2797; x_wconf 85' lang='lat' dir='ltr'><strong>Spiritus,</strong></span> <span class='ocrx_word' id='word_1_187' title='bbox 1379 2724 1801 2780; x_wconf 87' lang='lat' dir='ltr'><strong>mansuetudinis</strong></span> <span class='ocrx_word' id='word_1_188' title='bbox 1838 2730 1929 2777; x_wconf 80' lang='lat' dir='ltr'><strong>est</strong></span> 
     </span>
    </p>
   </div>
   <div class='ocr_carea' id='block_1_27' title="bbox 337 2817 1924 2894">
    <p class='ocr_par' dir='ltr' id='par_1_27' title="bbox 337 2817 1924 2894">
     <span class='ocr_line' id='line_1_27' title="bbox 337 2817 1924 2894; baseline -0.009 -13"><span class='ocrx_word' id='word_1_189' title='bbox 337 2825 568 2894; x_wconf 85' lang='lat' dir='ltr'><strong>Spiritus</strong></span> <span class='ocrx_word' id='word_1_190' title='bbox 592 2864 609 2890; x_wconf 94' lang='lat'><strong>,</strong></span> <span class='ocrx_word' id='word_1_191' title='bbox 649 2823 771 2878; x_wconf 89' lang='lat' dir='ltr'><strong>ideo</strong></span> <span class='ocrx_word' id='word_1_192' title='bbox 817 2822 906 2877; x_wconf 89' lang='lat' dir='ltr'><strong>illa</strong></span> <span class='ocrx_word' id='word_1_193' title='bbox 953 2820 1121 2875; x_wconf 82' lang='lat' dir='ltr'><strong>forma</strong></span> <span class='ocrx_word' id='word_1_194' title='bbox 1164 2818 1428 2889; x_wconf 81' lang='lat' dir='ltr'><strong>apparuit.</strong></span> <span class='ocrx_word' id='word_1_195' title='bbox 1465 2817 1711 2886; x_wconf 82' lang='lat' dir='ltr'><strong>Alioquin</strong></span> <span class='ocrx_word' id='word_1_196' title='bbox 1747 2824 1924 2868; x_wconf 88' lang='lat' dir='ltr'><strong>autem</strong></span> 
     </span>
    </p>
   </div>
   <div class='ocr_carea' id='block_1_28' title="bbox 338 2906 1923 2971">
    <p class='ocr_par' dir='ltr' id='par_1_28' title="bbox 338 2906 1923 2971">
     <span class='ocr_line' id='line_1_28' title="bbox 338 2906 1923 2971; baseline -0.008 0"><span class='ocrx_word' id='word_1_197' title='bbox 338 2925 579 2971; x_wconf 88' lang='lat' dir='ltr'><strong>veterem</strong></span> <span class='ocrx_word' id='word_1_198' title='bbox 612 2915 891 2969; x_wconf 84' lang='lat' dir='ltr'><strong>historiam</strong></span> <span class='ocrx_word' id='word_1_199' title='bbox 919 2913 1073 2968; x_wconf 89' lang='lat' dir='ltr'><strong>nobis</strong></span> <span class='ocrx_word' id='word_1_200' title='bbox 1105 2913 1157 2965; x_wconf 92' lang='lat' dir='ltr'><strong>in</strong></span> <span class='ocrx_word' id='word_1_201' title='bbox 1185 2910 1495 2965; x_wconf 86' lang='lat' dir='ltr'><strong>memoriam</strong></span> <span class='ocrx_word' id='word_1_202' title='bbox 1527 2915 1761 2964; x_wconf 85' lang='lat' dir='ltr'><strong>revocat.</strong></span> <span class='ocrx_word' id='word_1_203' title='bbox 1792 2906 1923 2960; x_wconf 91' lang='lat' dir='ltr'><strong>Nam</strong></span> 
     </span>
    </p>
   </div>
   <div class='ocr_carea' id='block_1_29' title="bbox 341 3000 1930 3073">
    <p class='ocr_par' dir='ltr' id='par_1_29' title="bbox 341 3000 1930 3073">
     <span class='ocr_line' id='line_1_29' title="bbox 341 3000 1930 3073; baseline -0.008 -10"><span class='ocrx_word' id='word_1_204' title='bbox 341 3024 467 3064; x_wconf 90' lang='lat' dir='ltr'><strong>cum</strong></span> <span class='ocrx_word' id='word_1_205' title='bbox 512 3007 637 3061; x_wconf 90' lang='lat' dir='ltr'><strong>olim</strong></span> <span class='ocrx_word' id='word_1_206' title='bbox 682 3006 952 3060; x_wconf 88' lang='lat' dir='ltr'><strong>communi</strong></span> <span class='ocrx_word' id='word_1_207' title='bbox 1001 3002 1277 3073; x_wconf 80' lang='lat' dir='ltr'><strong>naufragio</strong></span> <span class='ocrx_word' id='word_1_208' title='bbox 1323 3012 1489 3058; x_wconf 89' lang='lat' dir='ltr'><strong>totum</strong></span> <span class='ocrx_word' id='word_1_209' title='bbox 1542 3001 1726 3055; x_wconf 91' lang='lat' dir='ltr'><strong>orhem</strong></span> <span class='ocrx_word' id='word_1_210' title='bbox 1782 3000 1930 3052; x_wconf 86' lang='lat' dir='ltr'><strong>inva-</strong></span> 
     </span>
    </p>
   </div>
   <div class='ocr_carea' id='block_1_30' title="bbox 338 3092 1924 3169">
    <p class='ocr_par' dir='ltr' id='par_1_30' title="bbox 338 3092 1924 3169">
     <span class='ocr_line' id='line_1_30' title="bbox 338 3092 1924 3169; baseline -0.008 -13"><span class='ocrx_word' id='word_1_211' title='bbox 338 3102 523 3164; x_wconf 87' lang='lat' dir='ltr'><strong>dente,</strong></span> <span class='ocrx_word' id='word_1_212' title='bbox 556 3107 723 3155; x_wconf 90' lang='lat' dir='ltr'><strong>totum</strong></span> <span class='ocrx_word' id='word_1_213' title='bbox 752 3112 971 3169; x_wconf 88' lang='lat' dir='ltr'><strong>prorsus</strong></span> <span class='ocrx_word' id='word_1_214' title='bbox 997 3096 1269 3151; x_wconf 90' lang='lat' dir='ltr'><strong>hominum</strong></span> <span class='ocrx_word' id='word_1_215' title='bbox 1301 3109 1469 3166; x_wconf 87' lang='lat' dir='ltr'><strong>genus</strong></span> <span class='ocrx_word' id='word_1_216' title='bbox 1494 3092 1887 3162; x_wconf 85' lang='lat' dir='ltr'><strong>periclitaretur</strong></span> <span class='ocrx_word' id='word_1_217' title='bbox 1908 3129 1924 3155; x_wconf 94' lang='lat'><strong>,</strong></span> 
     </span>
    </p>
   </div>
   <div class='ocr_carea' id='block_1_31' title="bbox 343 3182 1926 3259">
    <p class='ocr_par' dir='ltr' id='par_1_31' title="bbox 343 3182 1926 3259">
     <span class='ocr_line' id='line_1_31' title="bbox 343 3182 1926 3259; baseline -0.008 -13"><span class='ocrx_word' id='word_1_218' title='bbox 343 3192 448 3247; x_wconf 84' lang='lat' dir='ltr'><strong>hoc</strong></span> <span class='ocrx_word' id='word_1_219' title='bbox 475 3190 670 3245; x_wconf 88' lang='lat' dir='ltr'><strong>animal</strong></span> <span class='ocrx_word' id='word_1_220' title='bbox 700 3188 985 3259; x_wconf 88' lang='lat' dir='ltr'><strong>apparuit,</strong></span> <span class='ocrx_word' id='word_1_221' title='bbox 1013 3195 1069 3242; x_wconf 91' lang='lat' dir='ltr'><strong>et</strong></span> <span class='ocrx_word' id='word_1_222' title='bbox 1099 3186 1430 3255; x_wconf 88' lang='lat' dir='ltr'><strong>tempestatis</strong></span> <span class='ocrx_word' id='word_1_223' title='bbox 1471 3185 1629 3239; x_wconf 89' lang='lat' dir='ltr'><strong>linem</strong></span> <span class='ocrx_word' id='word_1_224' title='bbox 1660 3182 1926 3247; x_wconf 75' lang='lat' dir='ltr'><strong>ostendit,</strong></span> 
     </span>
    </p>
   </div>
   <div class='ocr_carea' id='block_1_32' title="bbox 339 3274 1930 3341">
    <p class='ocr_par' dir='ltr' id='par_1_32' title="bbox 339 3274 1930 3341">
     <span class='ocr_line' id='line_1_32' title="bbox 339 3274 1930 3341; baseline -0.007 -3"><span class='ocrx_word' id='word_1_225' title='bbox 339 3298 411 3338; x_wconf 81' lang='lat' dir='ltr'><strong>ac</strong></span> <span class='ocrx_word' id='word_1_226' title='bbox 456 3297 662 3337; x_wconf 89' lang='lat' dir='ltr'><strong>ramum</strong></span> <span class='ocrx_word' id='word_1_227' title='bbox 709 3281 865 3336; x_wconf 61' lang='lat' dir='ltr'><strong>olivae</strong></span> <span class='ocrx_word' id='word_1_228' title='bbox 907 3289 1081 3335; x_wconf 91' lang='lat' dir='ltr'><strong>rostro</strong></span> <span class='ocrx_word' id='word_1_229' title='bbox 1127 3287 1312 3334; x_wconf 91' lang='lat' dir='ltr'><strong>tenens</strong></span> <span class='ocrx_word' id='word_1_230' title='bbox 1339 3319 1355 3341; x_wconf 95' lang='lat'><strong>,</strong></span> <span class='ocrx_word' id='word_1_231' title='bbox 1401 3291 1737 3332; x_wconf 90' lang='lat' dir='ltr'><strong>comnmuem</strong></span> <span class='ocrx_word' id='word_1_232' title='bbox 1786 3274 1930 3328; x_wconf 84' lang='lat' dir='ltr'><strong>orbis</strong></span> 
     </span>
    </p>
   </div>
   <div class='ocr_carea' id='block_1_33' title="bbox 343 3368 1930 3446">
    <p class='ocr_par' dir='ltr' id='par_1_33' title="bbox 343 3368 1930 3446">
     <span class='ocr_line' id='line_1_33' title="bbox 343 3368 1930 3446; baseline -0.009 -15"><span class='ocrx_word' id='word_1_233' title='bbox 343 3375 778 3446; x_wconf 86' lang='lat' dir='ltr'><strong>tranquillitatem</strong></span> <span class='ocrx_word' id='word_1_234' title='bbox 824 3373 1086 3429; x_wconf 79' lang='lat' dir='ltr'><strong>nuntiavit</strong></span> <span class='ocrx_word' id='word_1_235' title='bbox 1120 3391 1132 3425; x_wconf 92' lang='lat'><strong>:</strong></span> <span class='ocrx_word' id='word_1_236' title='bbox 1165 3388 1285 3443; x_wconf 69' lang='lat' dir='ltr'><strong>qua:</strong></span> <span class='ocrx_word' id='word_1_237' title='bbox 1309 3371 1487 3428; x_wconf 90' lang='lat' dir='ltr'><strong>omnia</strong></span> <span class='ocrx_word' id='word_1_238' title='bbox 1534 3369 1698 3440; x_wconf 88' lang='lat' dir='ltr'><strong>ﬁgura</strong></span> <span class='ocrx_word' id='word_1_239' title='bbox 1728 3368 1930 3423; x_wconf 80' lang='lat' dir='ltr'><strong>futuro-</strong></span> 
     </span>
    </p>
   </div>
   <div class='ocr_carea' id='block_1_34' title="bbox 342 3461 1931 3521">
    <p class='ocr_par' dir='ltr' id='par_1_34' title="bbox 342 3461 1931 3521">
     <span class='ocr_line' id='line_1_34' title="bbox 342 3461 1931 3521; baseline -0.003 -1"><span class='ocrx_word' id='word_1_240' title='bbox 342 3482 465 3521; x_wconf 86' lang='lat' dir='ltr'><strong>rum</strong></span> <span class='ocrx_word' id='word_1_241' title='bbox 508 3473 680 3521; x_wconf 89' lang='lat' dir='ltr'><strong>erant.</strong></span> <span class='ocrx_word' id='word_1_242' title='bbox 730 3464 881 3520; x_wconf 85' lang='lat' dir='ltr'><strong>Tunc</strong></span> <span class='ocrx_word' id='word_1_243' title='bbox 922 3464 1278 3520; x_wconf 38' lang='lat' dir='ltr'><strong>enimvmulto</strong></span> <span class='ocrx_word' id='word_1_244' title='bbox 1320 3462 1585 3518; x_wconf 89' lang='lat' dir='ltr'><strong>deteriore</strong></span> <span class='ocrx_word' id='word_1_245' title='bbox 1626 3461 1931 3516; x_wconf 86' lang='lat' dir='ltr'><strong>conditione</strong></span> 
     </span>
    </p>
   </div>
   <div class='ocr_carea' id='block_1_35' title="bbox 342 3554 1933 3624">
    <p class='ocr_par' dir='ltr' id='par_1_35' title="bbox 342 3554 1933 3624">
     <span class='ocr_line' id='line_1_35' title="bbox 342 3554 1933 3624; baseline -0.006 -10"><span class='ocrx_word' id='word_1_246' title='bbox 342 3573 436 3614; x_wconf 87' lang='lat' dir='ltr'><strong>res</strong></span> <span class='ocrx_word' id='word_1_247' title='bbox 463 3558 734 3612; x_wconf 89' lang='lat' dir='ltr'><strong>hominum</strong></span> <span class='ocrx_word' id='word_1_248' title='bbox 763 3564 952 3622; x_wconf 88' lang='lat' dir='ltr'><strong>erant,</strong></span> <span class='ocrx_word' id='word_1_249' title='bbox 980 3571 1044 3611; x_wconf 89' lang='lat' dir='ltr'><strong>ac</strong></span> <span class='ocrx_word' id='word_1_250' title='bbox 1068 3556 1234 3610; x_wconf 89' lang='lat' dir='ltr'><strong>multo</strong></span> <span class='ocrx_word' id='word_1_251' title='bbox 1273 3555 1475 3624; x_wconf 90' lang='lat' dir='ltr'><strong>majore</strong></span> <span class='ocrx_word' id='word_1_252' title='bbox 1516 3554 1587 3608; x_wconf 89' lang='lat' dir='ltr'><strong>illi</strong></span> <span class='ocrx_word' id='word_1_253' title='bbox 1615 3561 1767 3608; x_wconf 91' lang='lat' dir='ltr'><strong>erant</strong></span> <span class='ocrx_word' id='word_1_254' title='bbox 1806 3566 1933 3620; x_wconf 86' lang='lat' dir='ltr'><strong>sup-</strong></span> 
     </span>
    </p>
   </div>
   <div class='ocr_carea' id='block_1_36' title="bbox 344 3630 1930 3722">
    <p class='ocr_par' dir='ltr' id='par_1_36' title="bbox 344 3630 1930 3722">
     <span class='ocr_line' id='line_1_36' title="bbox 344 3630 1930 3722; baseline -0.006 -18"><span class='ocrx_word' id='word_1_255' title='bbox 344 3652 509 3722; x_wconf 89' lang='lat' dir='ltr'><strong>plicio</strong></span> <span class='ocrx_word' id='word_1_256' title='bbox 536 3650 702 3720; x_wconf 89' lang='lat' dir='ltr'><strong>digni.</strong></span> <span class='ocrx_word' id='word_1_257' title='bbox 749 3648 827 3703; x_wconf 86' lang='lat' dir='ltr'><strong>Ne</strong></span> <span class='ocrx_word' id='word_1_258' title='bbox 852 3648 1106 3718; x_wconf 87' lang='lat' dir='ltr'><strong>desperes</strong></span> <span class='ocrx_word' id='word_1_259' title='bbox 1136 3648 1295 3719; x_wconf 81' lang='lat' dir='ltr'><strong>igitur</strong></span> <span class='ocrx_word' id='word_1_260' title='bbox 1319 3688 1334 3713; x_wconf 90' lang='lat'><strong>,</strong></span> <span class='ocrx_word' id='word_1_261' title='bbox 1370 3648 1506 3700; x_wconf 91' lang='lat' dir='ltr'><strong>hanc</strong></span> <span class='ocrx_word' id='word_1_262' title='bbox 1533 3630 1625 3698; x_wconf 86' lang='lat' dir='ltr'><strong>tibi</strong></span> <span class='ocrx_word' id='word_1_263' title='bbox 1653 3644 1930 3698; x_wconf 86' lang='lat' dir='ltr'><strong>historiam</strong></span> 
     </span>
    </p>
   </div>
   <div class='ocr_carea' id='block_1_37' title="bbox 345 3728 1928 3806">
    <p class='ocr_par' dir='ltr' id='par_1_37' title="bbox 345 3728 1928 3806">
     <span class='ocr_line' id='line_1_37' title="bbox 345 3728 1928 3806; baseline -0.005 -11"><span class='ocrx_word' id='word_1_264' title='bbox 345 3743 402 3795; x_wconf 89' lang='lat' dir='ltr'><strong>in</strong></span> <span class='ocrx_word' id='word_1_265' title='bbox 445 3740 759 3796; x_wconf 89' lang='lat' dir='ltr'><strong>memoriam</strong></span> <span class='ocrx_word' id='word_1_266' title='bbox 792 3728 1024 3794; x_wconf 83' lang='lat' dir='ltr'><strong>revocat.</strong></span> <span class='ocrx_word' id='word_1_267' title='bbox 1072 3737 1202 3792; x_wconf 90' lang='lat' dir='ltr'><strong>Nam</strong></span> <span class='ocrx_word' id='word_1_268' title='bbox 1232 3748 1355 3791; x_wconf 90' lang='lat' dir='ltr'><strong>tunc</strong></span> <span class='ocrx_word' id='word_1_269' title='bbox 1399 3736 1691 3806; x_wconf 74' lang='lat' dir='ltr'><strong>desperatis</strong></span> <span class='ocrx_word' id='word_1_270' title='bbox 1734 3734 1928 3799; x_wconf 87' lang='lat' dir='ltr'><strong>rebus,</strong></span> 
     </span>
    </p>
   </div>
   <div class='ocr_carea' id='block_1_38' title="bbox 344 3828 1935 3901">
    <p class='ocr_par' dir='ltr' id='par_1_38' title="bbox 344 3828 1935 3901">
     <span class='ocr_line' id='line_1_38' title="bbox 344 3828 1935 3901; baseline -0.004 -14"><span class='ocrx_word' id='word_1_271' title='bbox 344 3834 522 3887; x_wconf 80' lang='lat' dir='ltr'><strong>exitus</strong></span> <span class='ocrx_word' id='word_1_272' title='bbox 574 3841 749 3887; x_wconf 88' lang='lat' dir='ltr'><strong>tamen</strong></span> <span class='ocrx_word' id='word_1_273' title='bbox 791 3830 1008 3901; x_wconf 90' lang='lat' dir='ltr'><strong>quidam</strong></span> <span class='ocrx_word' id='word_1_274' title='bbox 1049 3839 1104 3885; x_wconf 89' lang='lat' dir='ltr'><strong>et</strong></span> <span class='ocrx_word' id='word_1_275' title='bbox 1143 3829 1448 3884; x_wconf 86' lang='lat' dir='ltr'><strong>emendatio</strong></span> <span class='ocrx_word' id='word_1_276' title='bbox 1491 3828 1591 3882; x_wconf 84' lang='lat' dir='ltr'><strong>fuit</strong></span> <span class='ocrx_word' id='word_1_277' title='bbox 1621 3849 1634 3884; x_wconf 90' lang='lat'>:</span> <span class='ocrx_word' id='word_1_278' title='bbox 1667 3828 1761 3883; x_wconf 89' lang='lat' dir='ltr'><strong>sed</strong></span> <span class='ocrx_word' id='word_1_279' title='bbox 1811 3836 1935 3881; x_wconf 91' lang='lat' dir='ltr'><strong>tunc</strong></span> 
     </span>
    </p>
   </div>
   <div class='ocr_carea' id='block_1_39' title="bbox 346 3919 1931 3999">
    <p class='ocr_par' dir='ltr' id='par_1_39' title="bbox 346 3919 1931 3999">
     <span class='ocr_line' id='line_1_39' title="bbox 346 3919 1931 3999; baseline -0.004 -20"><span class='ocrx_word' id='word_1_280' title='bbox 346 3944 447 3999; x_wconf 80' lang='lat' dir='ltr'><strong>per</strong></span> <span class='ocrx_word' id='word_1_281' title='bbox 488 3926 801 3997; x_wconf 83' lang='lat' dir='ltr'><strong>supplicium</strong></span> <span class='ocrx_word' id='word_1_282' title='bbox 827 3966 842 3989; x_wconf 91' lang='lat'><strong>,</strong></span> <span class='ocrx_word' id='word_1_283' title='bbox 876 3938 1017 3978; x_wconf 91' lang='lat' dir='ltr'><strong>nunc</strong></span> <span class='ocrx_word' id='word_1_284' title='bbox 1055 3939 1184 3978; x_wconf 84' lang='lat' dir='ltr'><strong>vero</strong></span> <span class='ocrx_word' id='word_1_285' title='bbox 1225 3939 1323 3993; x_wconf 89' lang='lat' dir='ltr'><strong>per</strong></span> <span class='ocrx_word' id='word_1_286' title='bbox 1365 3923 1588 3994; x_wconf 81' lang='lat' dir='ltr'><strong>gratiam</strong></span> <span class='ocrx_word' id='word_1_287' title='bbox 1637 3930 1692 3975; x_wconf 90' lang='lat' dir='ltr'><strong>et</strong></span> <span class='ocrx_word' id='word_1_288' title='bbox 1733 3919 1931 3974; x_wconf 89' lang='lat' dir='ltr'><strong>donum</strong></span> 
     </span>
    </p>
   </div>
   <div class='ocr_carea' id='block_1_40' title="bbox 348 4015 1932 4087">
    <p class='ocr_par' dir='ltr' id='par_1_40' title="bbox 348 4015 1932 4087">
     <span class='ocr_line' id='line_1_40' title="bbox 348 4015 1932 4087; baseline -0.006 -14"><span class='ocrx_word' id='word_1_289' title='bbox 348 4019 639 4075; x_wconf 75' lang='lat' dir='ltr'><strong>ineffabile.</strong></span> <span class='ocrx_word' id='word_1_290' title='bbox 690 4018 919 4087; x_wconf 87' lang='lat' dir='ltr'><strong>Ideoque</strong></span> <span class='ocrx_word' id='word_1_291' title='bbox 961 4015 1206 4071; x_wconf 89' lang='lat' dir='ltr'><strong>columba</strong></span> <span class='ocrx_word' id='word_1_292' title='bbox 1255 4023 1522 4084; x_wconf 88' lang='lat' dir='ltr'><strong>apparet,</strong></span> <span class='ocrx_word' id='word_1_293' title='bbox 1569 4027 1676 4066; x_wconf 90' lang='lat' dir='ltr'><strong>non</strong></span> <span class='ocrx_word' id='word_1_294' title='bbox 1723 4026 1932 4065; x_wconf 90' lang='lat' dir='ltr'><strong>ramum</strong></span> 
     </span>
    </p>
   </div>
   <div class='ocr_carea' id='block_1_41' title="bbox 345 4102 1936 4175">
    <p class='ocr_par' dir='ltr' id='par_1_41' title="bbox 345 4102 1936 4175">
     <span class='ocr_line' id='line_1_41' title="bbox 345 4102 1936 4175; baseline -0.006 -12"><span class='ocrx_word' id='word_1_295' title='bbox 345 4111 503 4164; x_wconf 70' lang='lat' dir='ltr'><strong>oliva!</strong></span> <span class='ocrx_word' id='word_1_296' title='bbox 525 4109 722 4175; x_wconf 85' lang='lat' dir='ltr'><strong>ferens,</strong></span> <span class='ocrx_word' id='word_1_297' title='bbox 744 4108 838 4163; x_wconf 88' lang='lat' dir='ltr'><strong>sed</strong></span> <span class='ocrx_word' id='word_1_298' title='bbox 865 4108 1101 4163; x_wconf 90' lang='lat' dir='ltr'><strong>omnium</strong></span> <span class='ocrx_word' id='word_1_299' title='bbox 1129 4106 1390 4161; x_wconf 86' lang='lat' dir='ltr'><strong>malorum</strong></span> <span class='ocrx_word' id='word_1_300' title='bbox 1418 4105 1754 4159; x_wconf 87' lang='lat' dir='ltr'><strong>liberatorem</strong></span> <span class='ocrx_word' id='word_1_301' title='bbox 1784 4102 1936 4155; x_wconf 88' lang='lat' dir='ltr'><strong>nobis</strong></span> 
     </span>
    </p>
   </div>
   <div class='ocr_carea' id='block_1_42' title="bbox 346 4194 1933 4270">
    <p class='ocr_par' dir='ltr' id='par_1_42' title="bbox 346 4194 1933 4270">
     <span class='ocr_line' id='line_1_42' title="bbox 346 4194 1933 4270; baseline -0.006 -15"><span class='ocrx_word' id='word_1_302' title='bbox 346 4203 658 4269; x_wconf 87' lang='lat' dir='ltr'><strong>ostemlens,</strong></span> <span class='ocrx_word' id='word_1_303' title='bbox 681 4203 981 4270; x_wconf 87' lang='lat' dir='ltr'><strong>bonamque</strong></span> <span class='ocrx_word' id='word_1_304' title='bbox 1009 4216 1158 4269; x_wconf 91' lang='lat' dir='ltr'><strong>spem</strong></span> <span class='ocrx_word' id='word_1_305' title='bbox 1185 4197 1464 4255; x_wconf 85' lang='lat' dir='ltr'><strong>exhibens.</strong></span> <span class='ocrx_word' id='word_1_306' title='bbox 1493 4196 1675 4265; x_wconf 88' lang='lat' dir='ltr'><strong>Neque</strong></span> <span class='ocrx_word' id='word_1_307' title='bbox 1701 4194 1843 4248; x_wconf 91' lang='lat' dir='ltr'><strong>enim</strong></span> <span class='ocrx_word' id='word_1_308' title='bbox 1864 4208 1933 4248; x_wconf 85' lang='lat' dir='ltr'><strong>ex</strong></span> 
     </span>
    </p>
   </div>
   <div class='ocr_carea' id='block_1_43' title="bbox 346 4290 1934 4359">
    <p class='ocr_par' dir='ltr' id='par_1_43' title="bbox 346 4290 1934 4359">
     <span class='ocr_line' id='line_1_43' title="bbox 346 4290 1934 4359; baseline -0.008 -7"><span class='ocrx_word' id='word_1_309' title='bbox 346 4311 476 4352; x_wconf 83' lang='lat' dir='ltr'><strong>arca</strong></span> <span class='ocrx_word' id='word_1_310' title='bbox 512 4310 674 4350; x_wconf 91' lang='lat' dir='ltr'><strong>unum</strong></span> <span class='ocrx_word' id='word_1_311' title='bbox 703 4294 882 4350; x_wconf 90' lang='lat' dir='ltr'><strong>educit</strong></span> <span class='ocrx_word' id='word_1_312' title='bbox 910 4293 1201 4356; x_wconf 85' lang='lat' dir='ltr'><strong>hominem,</strong></span> <span class='ocrx_word' id='word_1_313' title='bbox 1225 4290 1318 4346; x_wconf 89' lang='lat' dir='ltr'><strong>sed</strong></span> <span class='ocrx_word' id='word_1_314' title='bbox 1348 4306 1469 4346; x_wconf 91' lang='lat' dir='ltr'><strong>cum</strong></span> <span class='ocrx_word' id='word_1_315' title='bbox 1498 4296 1738 4359; x_wconf 88' lang='lat' dir='ltr'><strong>apparet,</strong></span> <span class='ocrx_word' id='word_1_316' title='bbox 1767 4295 1934 4341; x_wconf 90' lang='lat' dir='ltr'><strong>totum</strong></span> 
     </span>
    </p>
   </div>
   <div class='ocr_carea' id='block_1_44' title="bbox 349 4378 1936 4453">
    <p class='ocr_par' dir='ltr' id='par_1_44' title="bbox 349 4378 1936 4453">
     <span class='ocr_line' id='line_1_44' title="bbox 349 4378 1936 4453; baseline -0.006 -12"><span class='ocrx_word' id='word_1_317' title='bbox 349 4388 538 4442; x_wconf 86' lang='lat' dir='ltr'><strong>orbem</strong></span> <span class='ocrx_word' id='word_1_318' title='bbox 565 4386 761 4442; x_wconf 85' lang='lat' dir='ltr'><strong>attollit</strong></span> <span class='ocrx_word' id='word_1_319' title='bbox 783 4386 835 4439; x_wconf 92' lang='lat' dir='ltr'><strong>in</strong></span> <span class='ocrx_word' id='word_1_320' title='bbox 866 4386 1056 4441; x_wconf 73' lang='lat' dir='ltr'><strong>czelum</strong></span> <span class='ocrx_word' id='word_1_321' title='bbox 1076 4426 1092 4449; x_wconf 93' lang='lat'><strong>,</strong></span> <span class='ocrx_word' id='word_1_322' title='bbox 1124 4393 1176 4439; x_wconf 89' lang='lat' dir='ltr'><strong>et</strong></span> <span class='ocrx_word' id='word_1_323' title='bbox 1207 4399 1302 4453; x_wconf 93' lang='lat' dir='ltr'><strong>pro</strong></span> <span class='ocrx_word' id='word_1_324' title='bbox 1331 4383 1484 4437; x_wconf 64' lang='lat' dir='ltr'><strong>olivae</strong></span> <span class='ocrx_word' id='word_1_325' title='bbox 1511 4397 1661 4436; x_wconf 91' lang='lat' dir='ltr'><strong>ramo</strong></span> <span class='ocrx_word' id='word_1_326' title='bbox 1690 4378 1936 4449; x_wconf 84' lang='lat' dir='ltr'><strong>adoptio-</strong></span> 
     </span>
    </p>
   </div>
   <div class='ocr_carea' id='block_1_45' title="bbox 351 4470 1937 4544">
    <p class='ocr_par' dir='ltr' id='par_1_45' title="bbox 351 4470 1937 4544">
     <span class='ocr_line' id='line_1_45' title="bbox 351 4470 1937 4544; baseline -0.008 -9"><span class='ocrx_word' id='word_1_327' title='bbox 351 4494 479 4535; x_wconf 88' lang='lat' dir='ltr'><strong>nem</strong></span> <span class='ocrx_word' id='word_1_328' title='bbox 508 4477 736 4531; x_wconf 88' lang='lat' dir='ltr'><strong>ﬁliorum</strong></span> <span class='ocrx_word' id='word_1_329' title='bbox 768 4476 1035 4531; x_wconf 88' lang='lat' dir='ltr'><strong>communi</strong></span> <span class='ocrx_word' id='word_1_330' title='bbox 1066 4475 1212 4530; x_wconf 87' lang='lat' dir='ltr'><strong>orbis</strong></span> <span class='ocrx_word' id='word_1_331' title='bbox 1238 4474 1422 4544; x_wconf 82' lang='lat' dir='ltr'><strong>generi</strong></span> <span class='ocrx_word' id='word_1_332' title='bbox 1461 4472 1634 4526; x_wconf 83' lang='lat' dir='ltr'><strong>ali‘ert.</strong></span> <span class='ocrx_word' id='word_1_333' title='bbox 1678 4470 1937 4541; x_wconf 82' lang='lat' dir='ltr'><strong>Magnitu—</strong></span> 
     </span>
    </p>
   </div>
   <div class='ocr_carea' id='block_1_46' title="bbox 349 4560 1939 4638">
    <p class='ocr_par' dir='ltr' id='par_1_46' title="bbox 349 4560 1939 4638">
     <span class='ocr_line' id='line_1_46' title="bbox 349 4560 1939 4638; baseline -0.006 -16"><span class='ocrx_word' id='word_1_334' title='bbox 349 4570 533 4624; x_wconf 84' lang='lat' dir='ltr'><strong>dinem</strong></span> <span class='ocrx_word' id='word_1_335' title='bbox 573 4581 701 4638; x_wconf 90' lang='lat' dir='ltr'><strong>ergo</strong></span> <span class='ocrx_word' id='word_1_336' title='bbox 727 4566 852 4621; x_wconf 86' lang='lat' dir='ltr'><strong>doni</strong></span> <span class='ocrx_word' id='word_1_337' title='bbox 896 4576 1070 4621; x_wconf 90' lang='lat' dir='ltr'><strong>tecum</strong></span> <span class='ocrx_word' id='word_1_338' title='bbox 1102 4574 1355 4635; x_wconf 89' lang='lat' dir='ltr'><strong>reputans</strong></span> <span class='ocrx_word' id='word_1_339' title='bbox 1380 4604 1393 4629; x_wconf 94' lang='lat'><strong>,</strong></span> <span class='ocrx_word' id='word_1_340' title='bbox 1436 4580 1502 4619; x_wconf 92' lang='lat' dir='ltr'><strong>nc</strong></span> <span class='ocrx_word' id='word_1_341' title='bbox 1530 4563 1790 4619; x_wconf 90' lang='lat' dir='ltr'><strong>minorem</strong></span> <span class='ocrx_word' id='word_1_342' title='bbox 1822 4560 1939 4628; x_wconf 84' lang='lat' dir='ltr'><strong>ejus</strong></span> 
     </span>
    </p>
   </div>
   <div class='ocr_carea' id='block_1_47' title="bbox 351 4656 1937 4731">
    <p class='ocr_par' dir='ltr' id='par_1_47' title="bbox 351 4656 1937 4731">
     <span class='ocr_line' id='line_1_47' title="bbox 351 4656 1937 4731; baseline -0.008 -15"><span class='ocrx_word' id='word_1_343' title='bbox 351 4662 664 4731; x_wconf 81' lang='lat' dir='ltr'><strong>dignitatem</strong></span> <span class='ocrx_word' id='word_1_344' title='bbox 692 4660 1000 4720; x_wconf 80' lang='lat' dir='ltr'><strong>existimes,</strong></span> <span class='ocrx_word' id='word_1_345' title='bbox 1046 4657 1186 4727; x_wconf 89' lang='lat' dir='ltr'><strong>quod</strong></span> <span class='ocrx_word' id='word_1_346' title='bbox 1218 4658 1269 4710; x_wconf 93' lang='lat' dir='ltr'><strong>in</strong></span> <span class='ocrx_word' id='word_1_347' title='bbox 1309 4656 1399 4711; x_wconf 86' lang='lat' dir='ltr'><strong>tali</strong></span> <span class='ocrx_word' id='word_1_348' title='bbox 1447 4656 1626 4725; x_wconf 90' lang='lat' dir='ltr'><strong>specie</strong></span> <span class='ocrx_word' id='word_1_349' title='bbox 1662 4660 1937 4724; x_wconf 89' lang='lat' dir='ltr'><strong>appareat.</strong></span> 
     </span>
    </p>
   </div>
   <div class='ocr_carea' id='block_1_48' title="bbox 353 4745 1939 4822">
    <p class='ocr_par' dir='ltr' id='par_1_48' title="bbox 353 4745 1939 4822">
     <span class='ocr_line' id='line_1_48' title="bbox 353 4745 1939 4822; baseline -0.008 -12"><span class='ocrx_word' id='word_1_350' title='bbox 353 4754 489 4810; x_wconf 83' lang='lat' dir='ltr'><strong>Nam</strong></span> <span class='ocrx_word' id='word_1_351' title='bbox 517 4752 775 4822; x_wconf 85' lang='lat' dir='ltr'><strong>quosdam</strong></span> <span class='ocrx_word' id='word_1_352' title='bbox 801 4750 960 4805; x_wconf 91' lang='lat' dir='ltr'><strong>audio</strong></span> <span class='ocrx_word' id='word_1_353' title='bbox 985 4750 1245 4812; x_wconf 74' lang='lat' dir='ltr'><strong>dicentes,</strong></span> <span class='ocrx_word' id='word_1_354' title='bbox 1281 4756 1481 4802; x_wconf 89' lang='lat' dir='ltr'><strong>tantum</strong></span> <span class='ocrx_word' id='word_1_355' title='bbox 1523 4762 1644 4803; x_wconf 89' lang='lat' dir='ltr'><strong>esse</strong></span> <span class='ocrx_word' id='word_1_356' title='bbox 1671 4745 1939 4801; x_wconf 89' lang='lat' dir='ltr'><strong>hominem</strong></span> 
     </span>
    </p>
   </div>
   <div class='ocr_carea' id='block_1_49' title="bbox 352 4834 1944 4910">
    <p class='ocr_par' dir='ltr' id='par_1_49' title="bbox 352 4834 1944 4910">
     <span class='ocr_line' id='line_1_49' title="bbox 352 4834 1944 4910; baseline -0.01 -7"><span class='ocrx_word' id='word_1_357' title='bbox 352 4848 500 4903; x_wconf 86' lang='lat' dir='ltr'><strong>inter</strong></span> <span class='ocrx_word' id='word_1_358' title='bbox 529 4852 585 4899; x_wconf 89' lang='lat' dir='ltr'><strong>et</strong></span> <span class='ocrx_word' id='word_1_359' title='bbox 623 4843 926 4897; x_wconf 84' lang='lat' dir='ltr'><strong>columbam</strong></span> <span class='ocrx_word' id='word_1_360' title='bbox 954 4841 1238 4895; x_wconf 89' lang='lat' dir='ltr'><strong>discrimen</strong></span> <span class='ocrx_word' id='word_1_361' title='bbox 1262 4879 1276 4904; x_wconf 94' lang='lat'><strong>,</strong></span> <span class='ocrx_word' id='word_1_362' title='bbox 1323 4848 1577 4910; x_wconf 89' lang='lat' dir='ltr'><strong>quantum</strong></span> <span class='ocrx_word' id='word_1_363' title='bbox 1621 4838 1761 4892; x_wconf 86' lang='lat' dir='ltr'><strong>inter</strong></span> <span class='ocrx_word' id='word_1_364' title='bbox 1786 4834 1944 4891; x_wconf 88' lang='lat' dir='ltr'><strong>Chri-</strong></span> 
     </span>
    </p>
   </div>
   <div class='ocr_carea' id='block_1_50' title="bbox 355 4925 1941 5002">
    <p class='ocr_par' dir='ltr' id='par_1_50' title="bbox 355 4925 1941 5002">
     <span class='ocr_line' id='line_1_50' title="bbox 355 4925 1941 5002; baseline -0.006 -13"><span class='ocrx_word' id='word_1_365' title='bbox 355 4943 505 4989; x_wconf 83' lang='lat' dir='ltr'><strong>stum</strong></span> <span class='ocrx_word' id='word_1_366' title='bbox 536 4941 592 4988; x_wconf 90' lang='lat' dir='ltr'><strong>et</strong></span> <span class='ocrx_word' id='word_1_367' title='bbox 613 4932 870 5002; x_wconf 86' lang='lat' dir='ltr'><strong>Spiritum</strong></span> <span class='ocrx_word' id='word_1_368' title='bbox 897 4974 911 4996; x_wconf 93' lang='lat'><strong>,</strong></span> <span class='ocrx_word' id='word_1_369' title='bbox 952 4932 1075 5001; x_wconf 86' lang='lat' dir='ltr'><strong>quia</strong></span> <span class='ocrx_word' id='word_1_370' title='bbox 1101 4931 1190 4985; x_wconf 84' lang='lat' dir='ltr'><strong>ille</strong></span> <span class='ocrx_word' id='word_1_371' title='bbox 1214 4932 1266 4984; x_wconf 92' lang='lat' dir='ltr'><strong>in</strong></span> <span class='ocrx_word' id='word_1_372' title='bbox 1294 4939 1480 4983; x_wconf 89' lang='lat' dir='ltr'><strong>natura</strong></span> <span class='ocrx_word' id='word_1_373' title='bbox 1506 4939 1688 4984; x_wconf 90' lang='lat' dir='ltr'><strong>nostra</strong></span> <span class='ocrx_word' id='word_1_374' title='bbox 1709 4968 1724 4992; x_wconf 94' lang='lat'><strong>,</strong></span> <span class='ocrx_word' id='word_1_375' title='bbox 1777 4926 1864 4980; x_wconf 92' lang='lat' dir='ltr'><strong>hic</strong></span> <span class='ocrx_word' id='word_1_376' title='bbox 1890 4925 1941 4979; x_wconf 92' lang='lat' dir='ltr'><strong>in</strong></span> 
     </span>
    </p>
   </div>
   <div class='ocr_carea' id='block_1_51' title="bbox 355 5015 1943 5092">
    <p class='ocr_par' dir='ltr' id='par_1_51' title="bbox 355 5015 1943 5092">
     <span class='ocr_line' id='line_1_51' title="bbox 355 5015 1943 5092; baseline -0.006 -14"><span class='ocrx_word' id='word_1_377' title='bbox 355 5025 542 5092; x_wconf 83' lang='lat' dir='ltr'><strong>specie</strong></span> <span class='ocrx_word' id='word_1_378' title='bbox 579 5022 840 5078; x_wconf 65' lang='lat' dir='ltr'><strong>columba:</strong></span> <span class='ocrx_word' id='word_1_379' title='bbox 881 5021 1146 5091; x_wconf 87' lang='lat' dir='ltr'><strong>apparuit.</strong></span> <span class='ocrx_word' id='word_1_380' title='bbox 1211 5019 1347 5088; x_wconf 87' lang='lat' dir='ltr'><strong>Quid</strong></span> <span class='ocrx_word' id='word_1_381' title='bbox 1395 5018 1461 5073; x_wconf 88' lang='lat' dir='ltr'><strong>ad</strong></span> <span class='ocrx_word' id='word_1_382' title='bbox 1509 5019 1625 5073; x_wconf 57' lang='lat' dir='ltr'><strong>lta‘c</strong></span> <span class='ocrx_word' id='word_1_383' title='bbox 1662 5015 1943 5072; x_wconf 86' lang='lat' dir='ltr'><strong>dicendum</strong></span> 
     </span>
    </p>
   </div>
   <div class='ocr_carea' id='block_1_52' title="bbox 355 5109 1949 5169">
    <p class='ocr_par' dir='ltr' id='par_1_52' title="bbox 355 5109 1949 5169">
     <span class='ocr_line' id='line_1_52' title="bbox 355 5109 1949 5169; baseline -0.005 -1"><span class='ocrx_word' id='word_1_384' title='bbox 355 5115 484 5168; x_wconf 82' lang='lat' dir='ltr'><strong>est?</strong></span> <span class='ocrx_word' id='word_1_385' title='bbox 530 5113 750 5169; x_wconf 88' lang='lat' dir='ltr'><strong>Scilicet</strong></span> <span class='ocrx_word' id='word_1_386' title='bbox 793 5111 983 5166; x_wconf 78' lang='lat' dir='ltr'><strong>Filium</strong></span> <span class='ocrx_word' id='word_1_387' title='bbox 1030 5111 1125 5165; x_wconf 91' lang='lat' dir='ltr'><strong>Dei</strong></span> <span class='ocrx_word' id='word_1_388' title='bbox 1173 5122 1417 5165; x_wconf 90' lang='lat' dir='ltr'><strong>naturam</strong></span> <span class='ocrx_word' id='word_1_389' title='bbox 1469 5109 1699 5163; x_wconf 85' lang='lat' dir='ltr'><strong>hominis</strong></span> <span class='ocrx_word' id='word_1_390' title='bbox 1742 5121 1949 5162; x_wconf 87' lang='lat' dir='ltr'><strong>assum-</strong></span> 
     </span>
    </p>
   </div>
   <div class='ocr_carea' id='block_1_53' title="bbox 359 5199 1948 5274">
    <p class='ocr_par' dir='ltr' id='par_1_53' title="bbox 359 5199 1948 5274">
     <span class='ocr_line' id='line_1_53' title="bbox 359 5199 1948 5274; baseline -0.004 -14"><span class='ocrx_word' id='word_1_391' title='bbox 359 5205 572 5274; x_wconf 83' lang='lat' dir='ltr'><strong>psisse;</strong></span> <span class='ocrx_word' id='word_1_392' title='bbox 599 5204 859 5273; x_wconf 85' lang='lat' dir='ltr'><strong>Spiritum</strong></span> <span class='ocrx_word' id='word_1_393' title='bbox 887 5218 1014 5259; x_wconf 90' lang='lat' dir='ltr'><strong>vero</strong></span> <span class='ocrx_word' id='word_1_394' title='bbox 1034 5217 1139 5257; x_wconf 91' lang='lat' dir='ltr'><strong>non</strong></span> <span class='ocrx_word' id='word_1_395' title='bbox 1170 5211 1415 5255; x_wconf 89' lang='lat' dir='ltr'><strong>naturam</strong></span> <span class='ocrx_word' id='word_1_396' title='bbox 1439 5200 1717 5270; x_wconf 87' lang='lat' dir='ltr'><strong>accepisse</strong></span> <span class='ocrx_word' id='word_1_397' title='bbox 1742 5199 1948 5254; x_wconf 89' lang='lat' dir='ltr'><strong>colum-</strong></span> 
     </span>
    </p>
   </div>
   <div class='ocr_carea' id='block_1_54' title="bbox 361 5290 1948 5363">
    <p class='ocr_par' dir='ltr' id='par_1_54' title="bbox 361 5290 1948 5363">
     <span class='ocr_line' id='line_1_54' title="bbox 361 5290 1948 5363; baseline -0.004 -13"><span class='ocrx_word' id='word_1_398' title='bbox 361 5304 469 5351; x_wconf 63' lang='lat' dir='ltr'><strong>bae.</strong></span> <span class='ocrx_word' id='word_1_399' title='bbox 498 5295 625 5350; x_wconf 86' lang='lat' dir='ltr'><strong>ideo</strong></span> <span class='ocrx_word' id='word_1_400' title='bbox 649 5294 971 5363; x_wconf 78' lang='lat' dir='ltr'><strong>evangelista</strong></span> <span class='ocrx_word' id='word_1_401' title='bbox 999 5308 1106 5348; x_wconf 91' lang='lat' dir='ltr'><strong>non</strong></span> <span class='ocrx_word' id='word_1_402' title='bbox 1136 5293 1188 5347; x_wconf 91' lang='lat' dir='ltr'><strong>in</strong></span> <span class='ocrx_word' id='word_1_403' title='bbox 1216 5302 1424 5357; x_wconf 90' lang='lat' dir='ltr'><strong>natura,</strong></span> <span class='ocrx_word' id='word_1_404' title='bbox 1450 5291 1545 5347; x_wconf 88' lang='lat' dir='ltr'><strong>sed</strong></span> <span class='ocrx_word' id='word_1_405' title='bbox 1573 5291 1626 5345; x_wconf 92' lang='lat' dir='ltr'><strong>in</strong></span> <span class='ocrx_word' id='word_1_406' title='bbox 1651 5290 1829 5361; x_wconf 87' lang='lat' dir='ltr'><strong>specie</strong></span> <span class='ocrx_word' id='word_1_407' title='bbox 1852 5303 1948 5343; x_wconf 88' lang='lat' dir='ltr'><strong>co-</strong></span> 
     </span>
    </p>
   </div>
   <div class='ocr_carea' id='block_1_55' title="bbox 364 5380 1951 5454">
    <p class='ocr_par' dir='ltr' id='par_1_55' title="bbox 364 5380 1951 5454">
     <span class='ocr_line' id='line_1_55' title="bbox 364 5380 1951 5454; baseline -0.004 -13"><span class='ocrx_word' id='word_1_408' title='bbox 364 5386 561 5441; x_wconf 78' lang='lat' dir='ltr'><strong>lumba:</strong></span> <span class='ocrx_word' id='word_1_409' title='bbox 585 5385 719 5439; x_wconf 87' lang='lat' dir='ltr'><strong>dixit</strong></span> <span class='ocrx_word' id='word_1_410' title='bbox 747 5402 762 5438; x_wconf 95' lang='lat'>:</span> <span class='ocrx_word' id='word_1_411' title='bbox 793 5398 966 5454; x_wconf 88' lang='lat' dir='ltr'><strong>neque</strong></span> <span class='ocrx_word' id='word_1_412' title='bbox 991 5394 1173 5454; x_wconf 88' lang='lat' dir='ltr'><strong>postea</strong></span> <span class='ocrx_word' id='word_1_413' title='bbox 1201 5398 1450 5453; x_wconf 85' lang='lat' dir='ltr'><strong>umquam</strong></span> <span class='ocrx_word' id='word_1_414' title='bbox 1483 5384 1582 5436; x_wconf 91' lang='lat' dir='ltr'><strong>hac</strong></span> <span class='ocrx_word' id='word_1_415' title='bbox 1613 5381 1777 5451; x_wconf 89' lang='lat' dir='ltr'><strong>ﬁgura</strong></span> <span class='ocrx_word' id='word_1_416' title='bbox 1807 5380 1951 5434; x_wconf 85' lang='lat' dir='ltr'><strong>visus</strong></span> 
     </span>
    </p>
   </div>
   <div class='ocr_carea' id='block_1_56' title="bbox 364 5471 1951 5544">
    <p class='ocr_par' dir='ltr' id='par_1_56' title="bbox 364 5471 1951 5544">
     <span class='ocr_line' id='line_1_56' title="bbox 364 5471 1951 5544; baseline -0.004 -12"><span class='ocrx_word' id='word_1_417' title='bbox 364 5488 450 5532; x_wconf 81' lang='lat' dir='ltr'><strong>est</strong></span> <span class='ocrx_word' id='word_1_418' title='bbox 476 5519 493 5544; x_wconf 91' lang='lat'><strong>,</strong></span> <span class='ocrx_word' id='word_1_419' title='bbox 520 5478 615 5533; x_wconf 89' lang='lat' dir='ltr'><strong>sed</strong></span> <span class='ocrx_word' id='word_1_420' title='bbox 647 5489 775 5531; x_wconf 87' lang='lat' dir='ltr'><strong>tunc</strong></span> <span class='ocrx_word' id='word_1_421' title='bbox 805 5484 1029 5530; x_wconf 89' lang='lat' dir='ltr'><strong>tantum.</strong></span> <span class='ocrx_word' id='word_1_422' title='bbox 1061 5473 1117 5530; x_wconf 87' lang='lat' dir='ltr'><strong>Si</strong></span> <span class='ocrx_word' id='word_1_423' title='bbox 1145 5489 1305 5543; x_wconf 89' lang='lat' dir='ltr'><strong>porro</strong></span> <span class='ocrx_word' id='word_1_424' title='bbox 1333 5473 1449 5542; x_wconf 77' lang='lat' dir='ltr'><strong>eius</strong></span> <span class='ocrx_word' id='word_1_425' title='bbox 1478 5472 1599 5526; x_wconf 89' lang='lat' dir='ltr'><strong>ideo</strong></span> <span class='ocrx_word' id='word_1_426' title='bbox 1642 5471 1951 5542; x_wconf 87' lang='lat' dir='ltr'><strong>dignitatem</strong></span> 
     </span>
    </p>
   </div>
   <div class='ocr_carea' id='block_1_57' title="bbox 367 5567 1956 5634">
    <p class='ocr_par' dir='ltr' id='par_1_57' title="bbox 367 5567 1956 5634">
     <span class='ocr_line' id='line_1_57' title="bbox 367 5567 1956 5634; baseline 0 -11"><span class='ocrx_word' id='word_1_427' title='bbox 367 5571 634 5624; x_wconf 86' lang='lat' dir='ltr'><strong>minorem</strong></span> <span class='ocrx_word' id='word_1_428' title='bbox 663 5569 832 5634; x_wconf 87' lang='lat' dir='ltr'><strong>dicas,</strong></span> <span class='ocrx_word' id='word_1_429' title='bbox 864 5568 967 5623; x_wconf 89' lang='lat' dir='ltr'><strong>hoc</strong></span> <span class='ocrx_word' id='word_1_430' title='bbox 988 5567 1336 5623; x_wconf 87' lang='lat' dir='ltr'><strong>ratiocinandi</strong></span> <span class='ocrx_word' id='word_1_431' title='bbox 1364 5569 1524 5624; x_wconf 92' lang='lat' dir='ltr'><strong>modo</strong></span> <span class='ocrx_word' id='word_1_432' title='bbox 1551 5568 1839 5625; x_wconf 88' lang='lat' dir='ltr'><strong>Cherubini</strong></span> <span class='ocrx_word' id='word_1_433' title='bbox 1863 5568 1956 5623; x_wconf 89' lang='lat' dir='ltr'><strong>illo</strong></span> 
     </span>
    </p>
   </div>
   <div class='ocr_carea' id='block_1_58' title="bbox 372 5662 1959 5734">
    <p class='ocr_par' dir='ltr' id='par_1_58' title="bbox 372 5662 1959 5734">
     <span class='ocr_line' id='line_1_58' title="bbox 372 5662 1959 5734; baseline 0.001 -18"><span class='ocrx_word' id='word_1_434' title='bbox 372 5662 609 5731; x_wconf 82' lang='lat' dir='ltr'><strong>majores</strong></span> <span class='ocrx_word' id='word_1_435' title='bbox 633 5662 968 5732; x_wconf 84' lang='lat' dir='ltr'><strong>reperientur</strong></span> <span class='ocrx_word' id='word_1_436' title='bbox 996 5701 1011 5726; x_wconf 91' lang='lat'><strong>,</strong></span> <span class='ocrx_word' id='word_1_437' title='bbox 1058 5669 1113 5716; x_wconf 91' lang='lat' dir='ltr'><strong>et</strong></span> <span class='ocrx_word' id='word_1_438' title='bbox 1141 5670 1397 5734; x_wconf 85' lang='lat' dir='ltr'><strong>quantum</strong></span> <span class='ocrx_word' id='word_1_439' title='bbox 1433 5662 1607 5733; x_wconf 88' lang='lat' dir='ltr'><strong>aquila</strong></span> <span class='ocrx_word' id='word_1_440' title='bbox 1656 5662 1827 5733; x_wconf 90' lang='lat' dir='ltr'><strong>major</strong></span> <span class='ocrx_word' id='word_1_441' title='bbox 1873 5671 1959 5717; x_wconf 81' lang='lat' dir='ltr'><strong>est</strong></span> 
     </span>
    </p>
   </div>
   <div class='ocr_carea' id='block_1_59' title="bbox 367 5751 1951 5825">
    <p class='ocr_par' dir='ltr' id='par_1_59' title="bbox 367 5751 1951 5825">
     <span class='ocr_line' id='line_1_59' title="bbox 367 5751 1951 5825; baseline -0.001 -15"><span class='ocrx_word' id='word_1_442' title='bbox 367 5754 617 5811; x_wconf 85' lang='lat' dir='ltr'><strong>columba</strong></span> <span class='ocrx_word' id='word_1_443' title='bbox 651 5770 668 5808; x_wconf 88' lang='lat'>:</span> <span class='ocrx_word' id='word_1_444' title='bbox 697 5768 819 5809; x_wconf 89' lang='lat' dir='ltr'><strong>nam</strong></span> <span class='ocrx_word' id='word_1_445' title='bbox 847 5753 923 5809; x_wconf 92' lang='lat' dir='ltr'><strong>illi</strong></span> <span class='ocrx_word' id='word_1_446' title='bbox 967 5751 1104 5810; x_wconf 87' lang='lat' dir='ltr'><strong>hanc</strong></span> <span class='ocrx_word' id='word_1_447' title='bbox 1135 5766 1423 5825; x_wconf 84' lang='lat' dir='ltr'><strong>suscepere</strong></span> <span class='ocrx_word' id='word_1_448' title='bbox 1460 5753 1728 5824; x_wconf 74' lang='lat' dir='ltr'><strong>speciem;</strong></span> <span class='ocrx_word' id='word_1_449' title='bbox 1756 5762 1812 5810; x_wconf 88' lang='lat' dir='ltr'><strong>et</strong></span> <span class='ocrx_word' id='word_1_450' title='bbox 1853 5768 1951 5808; x_wconf 89' lang='lat' dir='ltr'><strong>an-</strong></span> 
     </span>
    </p>
   </div>
   <div class='ocr_carea' id='block_1_60' title="bbox 1419 362 2347 433">
    <p class='ocr_par' dir='ltr' id='par_1_60' title="bbox 1419 362 2347 433">
     <span class='ocr_line' id='line_1_60' title="bbox 1419 362 2347 433; baseline -0.013 0"><span class='ocrx_word' id='word_1_451' title='bbox 1419 376 1484 433; x_wconf 93' lang='lat' dir='ltr'><strong>lN</strong></span> <span class='ocrx_word' id='word_1_452' title='bbox 1520 366 1927 431; x_wconf 68' lang='lat' dir='ltr'><strong>MATTIIEUM</strong></span> <span class='ocrx_word' id='word_1_453' title='bbox 1965 362 2191 421; x_wconf 80' lang='lat' dir='ltr'><strong>IIOMIL.</strong></span> <span class='ocrx_word' id='word_1_454' title='bbox 2235 365 2347 423; x_wconf 71' lang='grc' dir='ltr'><strong>ΧΗ.</strong></span> 
     </span>
    </p>
   </div>
   <div class='ocr_carea' id='block_1_61' title="bbox 3503 374 3610 431">
    <p class='ocr_par' dir='ltr' id='par_1_61' title="bbox 3503 374 3610 431">
     <span class='ocr_line' id='line_1_61' title="bbox 3503 374 3610 431; baseline 0.009 -1"><span class='ocrx_word' id='word_1_455' title='bbox 3503 374 3610 431; x_wconf 72' lang='grc' dir='ltr'><strong>Ξαϐ</strong></span> 
     </span>
    </p>
   </div>
   <div class='ocr_carea' id='block_1_62' title="bbox 2027 485 3611 560">
    <p class='ocr_par' dir='ltr' id='par_1_62' title="bbox 2027 485 3611 560">
     <span class='ocr_line' id='line_1_62' title="bbox 2027 485 3611 560; baseline 0.004 -21"><span class='ocrx_word' id='word_1_456' title='bbox 2027 485 2129 555; x_wconf 83' lang='lat' dir='ltr'><strong>geli</strong></span> <span class='ocrx_word' id='word_1_457' title='bbox 2157 501 2369 556; x_wconf 86' lang='lat' dir='ltr'><strong>quoque</strong></span> <span class='ocrx_word' id='word_1_458' title='bbox 2394 488 2812 557; x_wconf 74' lang='lat' dir='ltr'><strong>praestantiores,</strong></span> <span class='ocrx_word' id='word_1_459' title='bbox 2839 487 2930 559; x_wconf 89' lang='lat' dir='ltr'><strong>qui</strong></span> <span class='ocrx_word' id='word_1_460' title='bbox 2956 486 3231 544; x_wconf 87' lang='lat' dir='ltr'><strong>hominum</strong></span> <span class='ocrx_word' id='word_1_461' title='bbox 3257 487 3435 559; x_wconf 85' lang='lat' dir='ltr'><strong>specie</strong></span> <span class='ocrx_word' id='word_1_462' title='bbox 3464 503 3611 560; x_wconf 67' lang='lat' dir='ltr'><strong>saepe</strong></span> 
     </span>
    </p>
   </div>
   <div class='ocr_carea' id='block_1_63' title="bbox 2021 581 3607 652">
    <p class='ocr_par' dir='ltr' id='par_1_63' title="bbox 2021 581 3607 652">
     <span class='ocr_line' id='line_1_63' title="bbox 2021 581 3607 652; baseline -0.001 -19"><span class='ocrx_word' id='word_1_463' title='bbox 2021 587 2397 649; x_wconf 87' lang='lat' dir='ltr'><strong>apparuerunt.</strong></span> <span class='ocrx_word' id='word_1_464' title='bbox 2433 581 2502 633; x_wconf 80' lang='lat' dir='ltr'><strong>At</strong></span> <span class='ocrx_word' id='word_1_465' title='bbox 2530 595 2634 633; x_wconf 93' lang='lat' dir='ltr'><strong>non</strong></span> <span class='ocrx_word' id='word_1_466' title='bbox 2667 581 2760 647; x_wconf 90' lang='lat' dir='ltr'><strong>ita,</strong></span> <span class='ocrx_word' id='word_1_467' title='bbox 2788 595 2895 635; x_wconf 92' lang='lat' dir='ltr'><strong>non</strong></span> <span class='ocrx_word' id='word_1_468' title='bbox 2916 582 2988 636; x_wconf 90' lang='lat' dir='ltr'><strong>ita</strong></span> <span class='ocrx_word' id='word_1_469' title='bbox 3015 583 3199 652; x_wconf 89' lang='lat' dir='ltr'><strong>utique</strong></span> <span class='ocrx_word' id='word_1_470' title='bbox 3222 597 3311 638; x_wconf 87' lang='lat' dir='ltr'><strong>res</strong></span> <span class='ocrx_word' id='word_1_471' title='bbox 3336 597 3395 638; x_wconf 91' lang='lat' dir='ltr'><strong>se</strong></span> <span class='ocrx_word' id='word_1_472' title='bbox 3426 581 3607 636; x_wconf 89' lang='lat' dir='ltr'><strong>habet.</strong></span> 
     </span>
    </p>
   </div>
   <div class='ocr_carea' id='block_1_64' title="bbox 2020 670 3610 745">
    <p class='ocr_par' dir='ltr' id='par_1_64' title="bbox 2020 670 3610 745">
     <span class='ocr_line' id='line_1_64' title="bbox 2020 670 3610 745; baseline 0.002 -19"><span class='ocrx_word' id='word_1_473' title='bbox 2020 670 2153 726; x_wconf 92' lang='lat' dir='ltr'><strong>Nam</strong></span> <span class='ocrx_word' id='word_1_474' title='bbox 2193 671 2335 726; x_wconf 88' lang='lat' dir='ltr'><strong>aliud</strong></span> <span class='ocrx_word' id='word_1_475' title='bbox 2364 678 2447 726; x_wconf 91' lang='lat' dir='ltr'><strong>est</strong></span> <span class='ocrx_word' id='word_1_476' title='bbox 2473 672 2671 727; x_wconf 88' lang='lat' dir='ltr'><strong>veritas</strong></span> <span class='ocrx_word' id='word_1_477' title='bbox 2694 674 3008 729; x_wconf 70' lang='lat' dir='ltr'><strong>(nconomia:</strong></span> <span class='ocrx_word' id='word_1_478' title='bbox 3030 714 3046 739; x_wconf 91' lang='lat'><strong>,</strong></span> <span class='ocrx_word' id='word_1_479' title='bbox 3077 674 3220 729; x_wconf 88' lang='lat' dir='ltr'><strong>aliud</strong></span> <span class='ocrx_word' id='word_1_480' title='bbox 3248 683 3610 745; x_wconf 72' lang='lat' dir='ltr'><strong>temporariam</strong></span> 
     </span>
    </p>
   </div>
   <div class='ocr_carea' id='block_1_65' title="bbox 2022 763 3611 835">
    <p class='ocr_par' dir='ltr' id='par_1_65' title="bbox 2022 763 3611 835">
     <span class='ocr_line' id='line_1_65' title="bbox 2022 763 3611 835; baseline 0.003 -20"><span class='ocrx_word' id='word_1_481' title='bbox 2022 763 2243 816; x_wconf 84' lang='lat' dir='ltr'><strong>visionis</strong></span> <span class='ocrx_word' id='word_1_482' title='bbox 2272 763 2568 818; x_wconf 88' lang='lat' dir='ltr'><strong>concessio.</strong></span> <span class='ocrx_word' id='word_1_483' title='bbox 2618 763 2696 818; x_wconf 88' lang='lat' dir='ltr'><strong>Ne</strong></span> <span class='ocrx_word' id='word_1_484' title='bbox 2715 763 2893 833; x_wconf 88' lang='lat' dir='ltr'><strong>itaque</strong></span> <span class='ocrx_word' id='word_1_485' title='bbox 2920 766 3159 834; x_wconf 85' lang='lat' dir='ltr'><strong>ingratus</strong></span> <span class='ocrx_word' id='word_1_486' title='bbox 3186 766 3262 820; x_wconf 89' lang='lat' dir='ltr'><strong>sis</strong></span> <span class='ocrx_word' id='word_1_487' title='bbox 3285 781 3411 835; x_wconf 86' lang='lat' dir='ltr'><strong>erga</strong></span> <span class='ocrx_word' id='word_1_488' title='bbox 3439 768 3611 820; x_wconf 78' lang='lat' dir='ltr'><strong>bene-</strong></span> 
     </span>
    </p>
   </div>
   <div class='ocr_carea' id='block_1_66' title="bbox 2023 852 3606 928">
    <p class='ocr_par' dir='ltr' id='par_1_66' title="bbox 2023 852 3606 928">
     <span class='ocr_line' id='line_1_66' title="bbox 2023 852 3606 928; baseline 0.003 -21"><span class='ocrx_word' id='word_1_489' title='bbox 2023 852 2276 907; x_wconf 83' lang='lat' dir='ltr'><strong>faetorem</strong></span> <span class='ocrx_word' id='word_1_490' title='bbox 2301 893 2317 918; x_wconf 92' lang='lat'><strong>,</strong></span> <span class='ocrx_word' id='word_1_491' title='bbox 2362 869 2537 924; x_wconf 90' lang='lat' dir='ltr'><strong>neque</strong></span> <span class='ocrx_word' id='word_1_492' title='bbox 2579 857 2902 911; x_wconf 86' lang='lat' dir='ltr'><strong>contrariam</strong></span> <span class='ocrx_word' id='word_1_493' title='bbox 2954 855 3187 925; x_wconf 89' lang='lat' dir='ltr'><strong>repende</strong></span> <span class='ocrx_word' id='word_1_494' title='bbox 3214 856 3384 912; x_wconf 86' lang='lat' dir='ltr'><strong>vicem</strong></span> <span class='ocrx_word' id='word_1_495' title='bbox 3425 857 3475 911; x_wconf 93' lang='lat' dir='ltr'><strong>ei</strong></span> <span class='ocrx_word' id='word_1_496' title='bbox 3515 858 3606 928; x_wconf 88' lang='lat' dir='ltr'><strong>qui</strong></span> 
     </span>
    </p>
   </div>
   <div class='ocr_carea' id='block_1_67' title="bbox 2023 946 3609 1005">
    <p class='ocr_par' dir='ltr' id='par_1_67' title="bbox 2023 946 3609 1005">
     <span class='ocr_line' id='line_1_67' title="bbox 2023 946 3609 1005; baseline 0.003 -5"><span class='ocrx_word' id='word_1_497' title='bbox 2023 946 2116 1000; x_wconf 86' lang='lat' dir='ltr'><strong>tibi</strong></span> <span class='ocrx_word' id='word_1_498' title='bbox 2145 946 2490 1002; x_wconf 87' lang='lat' dir='ltr'><strong>beatitudinis</strong></span> <span class='ocrx_word' id='word_1_499' title='bbox 2518 949 2716 1003; x_wconf 81' lang='lat' dir='ltr'><strong>fontem</strong></span> <span class='ocrx_word' id='word_1_500' title='bbox 2756 948 2993 1003; x_wconf 88' lang='lat' dir='ltr'><strong>donavit.</strong></span> <span class='ocrx_word' id='word_1_501' title='bbox 3046 947 3146 1004; x_wconf 89' lang='lat' dir='ltr'><strong>Ubi</strong></span> <span class='ocrx_word' id='word_1_502' title='bbox 3190 949 3331 1004; x_wconf 90' lang='lat' dir='ltr'><strong>enim</strong></span> <span class='ocrx_word' id='word_1_503' title='bbox 3359 957 3440 1004; x_wconf 75' lang='lat' dir='ltr'><strong>est</strong></span> <span class='ocrx_word' id='word_1_504' title='bbox 3479 950 3609 1005; x_wconf 80' lang='lat' dir='ltr'><strong>ado-</strong></span> 
     </span>
    </p>
   </div>
   <div class='ocr_carea' id='block_1_68' title="bbox 2023 1036 3608 1110">
    <p class='ocr_par' dir='ltr' id='par_1_68' title="bbox 2023 1036 3608 1110">
     <span class='ocr_line' id='line_1_68' title="bbox 2023 1036 3608 1110; baseline 0.004 -20"><span class='ocrx_word' id='word_1_505' title='bbox 2023 1036 2219 1105; x_wconf 88' lang='lat' dir='ltr'><strong>ptionis</strong></span> <span class='ocrx_word' id='word_1_506' title='bbox 2247 1037 2478 1105; x_wconf 86' lang='lat' dir='ltr'><strong>dignitas</strong></span> <span class='ocrx_word' id='word_1_507' title='bbox 2501 1079 2516 1105; x_wconf 93' lang='lat'><strong>,</strong></span> <span class='ocrx_word' id='word_1_508' title='bbox 2562 1039 2632 1093; x_wconf 88' lang='lat' dir='ltr'><strong>ibi</strong></span> <span class='ocrx_word' id='word_1_509' title='bbox 2664 1050 2718 1092; x_wconf 89' lang='lat' dir='ltr'><strong>et</strong></span> <span class='ocrx_word' id='word_1_510' title='bbox 2747 1040 3010 1094; x_wconf 89' lang='lat' dir='ltr'><strong>malorum</strong></span> <span class='ocrx_word' id='word_1_511' title='bbox 3038 1040 3280 1110; x_wconf 87' lang='lat' dir='ltr'><strong>depulsio</strong></span> <span class='ocrx_word' id='word_1_512' title='bbox 3304 1082 3319 1105; x_wconf 93' lang='lat'><strong>,</strong></span> <span class='ocrx_word' id='word_1_513' title='bbox 3360 1050 3415 1096; x_wconf 87' lang='lat' dir='ltr'><strong>et</strong></span> <span class='ocrx_word' id='word_1_514' title='bbox 3441 1042 3608 1097; x_wconf 85' lang='lat' dir='ltr'><strong>bono-</strong></span> 
     </span>
    </p>
   </div>
   <div class='ocr_carea' id='block_1_69' title="bbox 2022 1130 3610 1202">
    <p class='ocr_par' dir='ltr' id='par_1_69' title="bbox 2022 1130 3610 1202">
     <span class='ocr_line' id='line_1_69' title="bbox 2022 1130 3610 1202; baseline 0.001 -18"><span class='ocrx_word' id='word_1_515' title='bbox 2022 1145 2139 1184; x_wconf 90' lang='lat' dir='ltr'><strong>rum</strong></span> <span class='ocrx_word' id='word_1_516' title='bbox 2184 1130 2422 1184; x_wconf 88' lang='lat' dir='ltr'><strong>omnimn</strong></span> <span class='ocrx_word' id='word_1_517' title='bbox 2483 1148 2695 1187; x_wconf 88' lang='lat' dir='ltr'><strong>munus.</strong></span> <span class='ocrx_word' id='word_1_518' title='bbox 2764 1131 2889 1186; x_wconf 86' lang='lat' dir='ltr'><strong>Ideo</strong></span> <span class='ocrx_word' id='word_1_519' title='bbox 2936 1131 3216 1187; x_wconf 89' lang='lat' dir='ltr'><strong>Judaicum</strong></span> <span class='ocrx_word' id='word_1_520' title='bbox 3254 1131 3467 1202; x_wconf 81' lang='lat' dir='ltr'><strong>quidem</strong></span> <span class='ocrx_word' id='word_1_521' title='bbox 3516 1132 3610 1188; x_wconf 87' lang='lat' dir='ltr'><strong>ba-</strong></span> 
     </span>
    </p>
   </div>
   <div class='ocr_carea' id='block_1_70' title="bbox 2024 1222 3605 1295">
    <p class='ocr_par' dir='ltr' id='par_1_70' title="bbox 2024 1222 3605 1295">
     <span class='ocr_line' id='line_1_70' title="bbox 2024 1222 3605 1295; baseline 0.001 -20"><span class='ocrx_word' id='word_1_522' title='bbox 2024 1222 2213 1292; x_wconf 91' lang='lat' dir='ltr'><strong>ptisma</strong></span> <span class='ocrx_word' id='word_1_523' title='bbox 2244 1223 2531 1295; x_wconf 81' lang='lat' dir='ltr'><strong>abrogatur</strong></span> <span class='ocrx_word' id='word_1_524' title='bbox 2553 1265 2568 1287; x_wconf 95' lang='lat'><strong>,</strong></span> <span class='ocrx_word' id='word_1_525' title='bbox 2617 1238 2857 1277; x_wconf 77' lang='lat' dir='ltr'><strong>nostrum</strong></span> <span class='ocrx_word' id='word_1_526' title='bbox 2885 1231 3059 1278; x_wconf 87' lang='lat' dir='ltr'><strong>autem</strong></span> <span class='ocrx_word' id='word_1_527' title='bbox 3091 1225 3372 1278; x_wconf 80' lang='lat' dir='ltr'><strong>exordium</strong></span> <span class='ocrx_word' id='word_1_528' title='bbox 3402 1223 3562 1279; x_wconf 88' lang='lat' dir='ltr'><strong>habet</strong></span> <span class='ocrx_word' id='word_1_529' title='bbox 3589 1239 3605 1277; x_wconf 92' lang='lat'><strong>:</strong></span> 
     </span>
    </p>
   </div>
   <div class='ocr_carea' id='block_1_71' title="bbox 2022 1316 3607 1387">
    <p class='ocr_par' dir='ltr' id='par_1_71' title="bbox 2022 1316 3607 1387">
     <span class='ocr_line' id='line_1_71' title="bbox 2022 1316 3607 1387; baseline 0.001 -18"><span class='ocrx_word' id='word_1_530' title='bbox 2022 1326 2182 1386; x_wconf 85' lang='lat' dir='ltr'><strong>atque</strong></span> <span class='ocrx_word' id='word_1_531' title='bbox 2226 1316 2455 1384; x_wconf 87' lang='lat' dir='ltr'><strong>idipsum</strong></span> <span class='ocrx_word' id='word_1_532' title='bbox 2486 1317 2625 1386; x_wconf 86' lang='lat' dir='ltr'><strong>quod</strong></span> <span class='ocrx_word' id='word_1_533' title='bbox 2657 1316 2708 1371; x_wconf 89' lang='lat' dir='ltr'><strong>iu</strong></span> <span class='ocrx_word' id='word_1_534' title='bbox 2742 1316 3023 1383; x_wconf 85' lang='lat' dir='ltr'><strong>Paschate,</strong></span> <span class='ocrx_word' id='word_1_535' title='bbox 3051 1318 3103 1370; x_wconf 93' lang='lat' dir='ltr'><strong>in</strong></span> <span class='ocrx_word' id='word_1_536' title='bbox 3131 1316 3449 1385; x_wconf 89' lang='lat' dir='ltr'><strong>baptismate</strong></span> <span class='ocrx_word' id='word_1_537' title='bbox 3473 1330 3607 1387; x_wconf 77' lang='lat' dir='ltr'><strong>quo-</strong></span> 
     </span>
    </p>
   </div>
   <div class='ocr_carea' id='block_1_72' title="bbox 2023 1408 3612 1481">
    <p class='ocr_par' dir='ltr' id='par_1_72' title="bbox 2023 1408 3612 1481">
     <span class='ocr_line' id='line_1_72' title="bbox 2023 1408 3612 1481; baseline 0.001 -21"><span class='ocrx_word' id='word_1_538' title='bbox 2023 1425 2128 1480; x_wconf 86' lang='lat' dir='ltr'><strong>que</strong></span> <span class='ocrx_word' id='word_1_539' title='bbox 2152 1409 2392 1481; x_wconf 78' lang='lat' dir='ltr'><strong>contigit.</strong></span> <span class='ocrx_word' id='word_1_540' title='bbox 2433 1408 2564 1463; x_wconf 87' lang='lat' dir='ltr'><strong>Nam</strong></span> <span class='ocrx_word' id='word_1_541' title='bbox 2592 1425 2713 1463; x_wconf 89' lang='lat' dir='ltr'><strong>cum</strong></span> <span class='ocrx_word' id='word_1_542' title='bbox 2743 1419 3028 1478; x_wconf 87' lang='lat' dir='ltr'><strong>utrumque</strong></span> <span class='ocrx_word' id='word_1_543' title='bbox 3072 1409 3266 1478; x_wconf 87' lang='lat' dir='ltr'><strong>pascha</strong></span> <span class='ocrx_word' id='word_1_544' title='bbox 3298 1408 3612 1463; x_wconf 87' lang='lat' dir='ltr'><strong>celebrave-</strong></span> 
     </span>
    </p>
   </div>
   <div class='ocr_carea' id='block_1_73' title="bbox 2024 1501 3609 1573">
    <p class='ocr_par' dir='ltr' id='par_1_73' title="bbox 2024 1501 3609 1573">
     <span class='ocr_line' id='line_1_73' title="bbox 2024 1501 3609 1573; baseline 0 -15"><span class='ocrx_word' id='word_1_545' title='bbox 2024 1502 2115 1570; x_wconf 88' lang='lat' dir='ltr'><strong>rit,</strong></span> <span class='ocrx_word' id='word_1_546' title='bbox 2145 1504 2371 1557; x_wconf 89' lang='lat' dir='ltr'><strong>alterum</strong></span> <span class='ocrx_word' id='word_1_547' title='bbox 2404 1502 2703 1572; x_wconf 86' lang='lat' dir='ltr'><strong>abrogavit,</strong></span> <span class='ocrx_word' id='word_1_548' title='bbox 2732 1501 2888 1557; x_wconf 89' lang='lat' dir='ltr'><strong>alteri</strong></span> <span class='ocrx_word' id='word_1_549' title='bbox 2917 1518 3045 1556; x_wconf 85' lang='lat' dir='ltr'><strong>vero</strong></span> <span class='ocrx_word' id='word_1_550' title='bbox 3073 1502 3389 1573; x_wconf 90' lang='lat' dir='ltr'><strong>principium</strong></span> <span class='ocrx_word' id='word_1_551' title='bbox 3417 1501 3564 1556; x_wconf 83' lang='lat' dir='ltr'><strong>dedit</strong></span> <span class='ocrx_word' id='word_1_552' title='bbox 3592 1517 3609 1558; x_wconf 87' lang='lat'>:</span> 
     </span>
    </p>
   </div>
   <div class='ocr_carea' id='block_1_74' title="bbox 2024 1591 3609 1662">
    <p class='ocr_par' dir='ltr' id='par_1_74' title="bbox 2024 1591 3609 1662">
     <span class='ocr_line' id='line_1_74' title="bbox 2024 1591 3609 1662; baseline -0.002 -14"><span class='ocrx_word' id='word_1_553' title='bbox 2024 1603 2083 1648; x_wconf 84' lang='lat' dir='ltr'><strong>et</strong></span> <span class='ocrx_word' id='word_1_554' title='bbox 2103 1593 2214 1648; x_wconf 68' lang='lat' dir='ltr'><strong>11ic</strong></span> <span class='ocrx_word' id='word_1_555' title='bbox 2250 1608 2463 1647; x_wconf 88' lang='lat' dir='ltr'><strong>rursum</strong></span> <span class='ocrx_word' id='word_1_556' title='bbox 2489 1634 2505 1659; x_wconf 92' lang='lat'><strong>,</strong></span> <span class='ocrx_word' id='word_1_557' title='bbox 2549 1608 2669 1647; x_wconf 92' lang='lat' dir='ltr'><strong>cum</strong></span> <span class='ocrx_word' id='word_1_558' title='bbox 2696 1591 2972 1647; x_wconf 80' lang='lat' dir='ltr'><strong>Judaicum</strong></span> <span class='ocrx_word' id='word_1_559' title='bbox 3024 1592 3284 1662; x_wconf 90' lang='lat' dir='ltr'><strong>baptisma</strong></span> <span class='ocrx_word' id='word_1_560' title='bbox 3330 1591 3609 1661; x_wconf 77' lang='lat' dir='ltr'><strong>implevit,</strong></span> 
     </span>
    </p>
   </div>
   <div class='ocr_carea' id='block_1_75' title="bbox 2027 1683 3613 1754">
    <p class='ocr_par' dir='ltr' id='par_1_75' title="bbox 2027 1683 3613 1754">
     <span class='ocr_line' id='line_1_75' title="bbox 2027 1683 3613 1754; baseline -0.002 -13"><span class='ocrx_word' id='word_1_561' title='bbox 2027 1697 2153 1742; x_wconf 90' lang='lat' dir='ltr'><strong>tunc</strong></span> <span class='ocrx_word' id='word_1_562' title='bbox 2210 1694 2264 1740; x_wconf 92' lang='lat' dir='ltr'><strong>et</strong></span> <span class='ocrx_word' id='word_1_563' title='bbox 2308 1684 2561 1740; x_wconf 76' lang='lat' dir='ltr'><strong>Ecclesia:</strong></span> <span class='ocrx_word' id='word_1_564' title='bbox 2613 1683 2946 1754; x_wconf 85' lang='lat' dir='ltr'><strong>baptismatis</strong></span> <span class='ocrx_word' id='word_1_565' title='bbox 2994 1683 3185 1754; x_wconf 88' lang='lat' dir='ltr'><strong>januas</strong></span> <span class='ocrx_word' id='word_1_566' title='bbox 3226 1684 3430 1753; x_wconf 90' lang='lat' dir='ltr'><strong>aperit;</strong></span> <span class='ocrx_word' id='word_1_567' title='bbox 3475 1685 3613 1738; x_wconf 90' lang='lat' dir='ltr'><strong>sicut</strong></span> 
     </span>
    </p>
   </div>
   <div class='ocr_carea' id='block_1_76' title="bbox 2028 1773 3614 1840">
    <p class='ocr_par' dir='ltr' id='par_1_76' title="bbox 2028 1773 3614 1840">
     <span class='ocr_line' id='line_1_76' title="bbox 2028 1773 3614 1840; baseline -0.001 -10"><span class='ocrx_word' id='word_1_568' title='bbox 2028 1786 2153 1831; x_wconf 90' lang='lat' dir='ltr'><strong>tunc</strong></span> <span class='ocrx_word' id='word_1_569' title='bbox 2177 1776 2229 1830; x_wconf 93' lang='lat' dir='ltr'><strong>in</strong></span> <span class='ocrx_word' id='word_1_570' title='bbox 2257 1791 2358 1829; x_wconf 88' lang='lat' dir='ltr'><strong>una</strong></span> <span class='ocrx_word' id='word_1_571' title='bbox 2388 1790 2571 1831; x_wconf 89' lang='lat' dir='ltr'><strong>mensa</strong></span> <span class='ocrx_word' id='word_1_572' title='bbox 2597 1816 2612 1840; x_wconf 93' lang='lat'><strong>,</strong></span> <span class='ocrx_word' id='word_1_573' title='bbox 2644 1776 2721 1829; x_wconf 91' lang='lat' dir='ltr'><strong>sic</strong></span> <span class='ocrx_word' id='word_1_574' title='bbox 2743 1789 2886 1830; x_wconf 89' lang='lat' dir='ltr'><strong>nunc</strong></span> <span class='ocrx_word' id='word_1_575' title='bbox 2924 1774 2976 1828; x_wconf 89' lang='lat' dir='ltr'><strong>in</strong></span> <span class='ocrx_word' id='word_1_576' title='bbox 3006 1790 3113 1829; x_wconf 92' lang='lat' dir='ltr'><strong>uno</strong></span> <span class='ocrx_word' id='word_1_577' title='bbox 3134 1773 3352 1829; x_wconf 77' lang='lat' dir='ltr'><strong>{lumine</strong></span> <span class='ocrx_word' id='word_1_578' title='bbox 3375 1815 3391 1840; x_wconf 95' lang='lat'><strong>,</strong></span> <span class='ocrx_word' id='word_1_579' title='bbox 3422 1783 3476 1829; x_wconf 93' lang='lat' dir='ltr'><strong>et</strong></span> <span class='ocrx_word' id='word_1_580' title='bbox 3498 1789 3614 1828; x_wconf 80' lang='lat' dir='ltr'><strong>um-</strong></span> 
     </span>
    </p>
   </div>
   <div class='ocr_carea' id='block_1_77' title="bbox 2024 1866 3614 1936">
    <p class='ocr_par' dir='ltr' id='par_1_77' title="bbox 2024 1866 3614 1936">
     <span class='ocr_line' id='line_1_77' title="bbox 2024 1866 3614 1936; baseline -0.003 -12"><span class='ocrx_word' id='word_1_581' title='bbox 2024 1868 2174 1924; x_wconf 89' lang='lat' dir='ltr'><strong>bram</strong></span> <span class='ocrx_word' id='word_1_582' title='bbox 2204 1868 2503 1932; x_wconf 85' lang='lat' dir='ltr'><strong>delineans,</strong></span> <span class='ocrx_word' id='word_1_583' title='bbox 2535 1878 2588 1923; x_wconf 92' lang='lat' dir='ltr'><strong>et</strong></span> <span class='ocrx_word' id='word_1_584' title='bbox 2608 1867 2888 1922; x_wconf 84' lang='lat' dir='ltr'><strong>veritatem</strong></span> <span class='ocrx_word' id='word_1_585' title='bbox 2916 1866 3139 1921; x_wconf 77' lang='lat' dir='ltr'><strong>addens.</strong></span> <span class='ocrx_word' id='word_1_586' title='bbox 3167 1866 3398 1936; x_wconf 87' lang='lat' dir='ltr'><strong>Spiritus</strong></span> <span class='ocrx_word' id='word_1_587' title='bbox 3417 1866 3614 1933; x_wconf 85' lang='lat' dir='ltr'><strong>quippe</strong></span> 
     </span>
    </p>
   </div>
   <div class='ocr_carea' id='block_1_78' title="bbox 2025 1957 3615 2029">
    <p class='ocr_par' dir='ltr' id='par_1_78' title="bbox 2025 1957 3615 2029">
     <span class='ocr_line' id='line_1_78' title="bbox 2025 1957 3615 2029; baseline -0.003 -15"><span class='ocrx_word' id='word_1_588' title='bbox 2025 1960 2247 2029; x_wconf 79' lang='lat' dir='ltr'><strong>gratiam</strong></span> <span class='ocrx_word' id='word_1_589' title='bbox 2276 1959 2378 2014; x_wconf 89' lang='lat' dir='ltr'><strong>hoc</strong></span> <span class='ocrx_word' id='word_1_590' title='bbox 2404 1960 2576 2013; x_wconf 89' lang='lat' dir='ltr'><strong>solum</strong></span> <span class='ocrx_word' id='word_1_591' title='bbox 2606 1960 2867 2029; x_wconf 87' lang='lat' dir='ltr'><strong>baptisma</strong></span> <span class='ocrx_word' id='word_1_592' title='bbox 2898 1958 3094 2023; x_wconf 88' lang='lat' dir='ltr'><strong>habet;</strong></span> <span class='ocrx_word' id='word_1_593' title='bbox 3123 1957 3346 2013; x_wconf 79' lang='lat' dir='ltr'><strong>Joannis</strong></span> <span class='ocrx_word' id='word_1_594' title='bbox 3371 1972 3498 2011; x_wconf 90' lang='lat' dir='ltr'><strong>vero</strong></span> <span class='ocrx_word' id='word_1_595' title='bbox 3521 1957 3615 2010; x_wconf 86' lang='lat' dir='ltr'><strong>ba-</strong></span> 
     </span>
    </p>
   </div>
   <div class='ocr_carea' id='block_1_79' title="bbox 2027 2047 3615 2121">
    <p class='ocr_par' dir='ltr' id='par_1_79' title="bbox 2027 2047 3615 2121">
     <span class='ocr_line' id='line_1_79' title="bbox 2027 2047 3615 2121; baseline -0.003 -16"><span class='ocrx_word' id='word_1_596' title='bbox 2027 2051 2217 2121; x_wconf 63' lang='lat' dir='ltr'><strong>ptisma</strong></span> <span class='ocrx_word' id='word_1_597' title='bbox 2246 2051 2347 2104; x_wconf 91' lang='lat' dir='ltr'><strong>hoc</strong></span> <span class='ocrx_word' id='word_1_598' title='bbox 2377 2050 2521 2103; x_wconf 88' lang='lat' dir='ltr'><strong>dono</strong></span> <span class='ocrx_word' id='word_1_599' title='bbox 2547 2065 2770 2104; x_wconf 89' lang='lat' dir='ltr'><strong>vacuum</strong></span> <span class='ocrx_word' id='word_1_600' title='bbox 2815 2059 2951 2104; x_wconf 88' lang='lat' dir='ltr'><strong>erat.</strong></span> <span class='ocrx_word' id='word_1_601' title='bbox 2984 2047 3211 2118; x_wconf 89' lang='lat' dir='ltr'><strong>Ideoque</strong></span> <span class='ocrx_word' id='word_1_602' title='bbox 3239 2047 3364 2101; x_wconf 92' lang='lat' dir='ltr'><strong>dum</strong></span> <span class='ocrx_word' id='word_1_603' title='bbox 3388 2047 3476 2101; x_wconf 88' lang='lat' dir='ltr'><strong>alii</strong></span> <span class='ocrx_word' id='word_1_604' title='bbox 3498 2061 3615 2100; x_wconf 80' lang='lat' dir='ltr'><strong>om—</strong></span> 
     </span>
    </p>
   </div>
   <div class='ocr_carea' id='block_1_80' title="bbox 2027 2137 3613 2213">
    <p class='ocr_par' dir='ltr' id='par_1_80' title="bbox 2027 2137 3613 2213">
     <span class='ocr_line' id='line_1_80' title="bbox 2027 2137 3613 2213; baseline -0.003 -17"><span class='ocrx_word' id='word_1_605' title='bbox 2027 2157 2124 2196; x_wconf 89' lang='lat' dir='ltr'><strong>nes</strong></span> <span class='ocrx_word' id='word_1_606' title='bbox 2150 2141 2572 2213; x_wconf 89' lang='lat' dir='ltr'><strong>baptizarentur,</strong></span> <span class='ocrx_word' id='word_1_607' title='bbox 2597 2138 2727 2193; x_wconf 90' lang='lat' dir='ltr'><strong>nihil</strong></span> <span class='ocrx_word' id='word_1_608' title='bbox 2759 2140 2864 2194; x_wconf 90' lang='lat' dir='ltr'><strong>tale</strong></span> <span class='ocrx_word' id='word_1_609' title='bbox 2885 2139 3139 2209; x_wconf 84' lang='lat' dir='ltr'><strong>contigit;</strong></span> <span class='ocrx_word' id='word_1_610' title='bbox 3167 2138 3262 2193; x_wconf 91' lang='lat' dir='ltr'><strong>sed</strong></span> <span class='ocrx_word' id='word_1_611' title='bbox 3297 2139 3349 2192; x_wconf 92' lang='lat' dir='ltr'><strong>in</strong></span> <span class='ocrx_word' id='word_1_612' title='bbox 3378 2137 3467 2192; x_wconf 92' lang='lat' dir='ltr'><strong>illo</strong></span> <span class='ocrx_word' id='word_1_613' title='bbox 3495 2147 3613 2191; x_wconf 88' lang='lat' dir='ltr'><strong>tan-</strong></span> 
     </span>
    </p>
   </div>
   <div class='ocr_carea' id='block_1_81' title="bbox 2028 2229 3614 2305">
    <p class='ocr_par' dir='ltr' id='par_1_81' title="bbox 2028 2229 3614 2305">
     <span class='ocr_line' id='line_1_81' title="bbox 2028 2229 3614 2305; baseline -0.004 -14"><span class='ocrx_word' id='word_1_614' title='bbox 2028 2245 2139 2291; x_wconf 89' lang='lat' dir='ltr'><strong>tum</strong></span> <span class='ocrx_word' id='word_1_615' title='bbox 2170 2235 2257 2305; x_wconf 91' lang='lat' dir='ltr'><strong>qui</strong></span> <span class='ocrx_word' id='word_1_616' title='bbox 2282 2233 2409 2290; x_wconf 86' lang='lat' dir='ltr'><strong>illud</strong></span> <span class='ocrx_word' id='word_1_617' title='bbox 2438 2234 2729 2288; x_wconf 79' lang='lat' dir='ltr'><strong>traditurus</strong></span> <span class='ocrx_word' id='word_1_618' title='bbox 2754 2240 2900 2297; x_wconf 89' lang='lat' dir='ltr'><strong>erat;</strong></span> <span class='ocrx_word' id='word_1_619' title='bbox 2924 2241 2981 2285; x_wconf 91' lang='lat' dir='ltr'><strong>nt</strong></span> <span class='ocrx_word' id='word_1_620' title='bbox 3009 2246 3129 2286; x_wconf 93' lang='lat' dir='ltr'><strong>cum</strong></span> <span class='ocrx_word' id='word_1_621' title='bbox 3155 2229 3481 2299; x_wconf 87' lang='lat' dir='ltr'><strong>supradictis</strong></span> <span class='ocrx_word' id='word_1_622' title='bbox 3510 2229 3614 2285; x_wconf 88' lang='lat' dir='ltr'><strong>hoc</strong></span> 
     </span>
    </p>
   </div>
   <div class='ocr_carea' id='block_1_82' title="bbox 2027 2321 3617 2400">
    <p class='ocr_par' dir='ltr' id='par_1_82' title="bbox 2027 2321 3617 2400">
     <span class='ocr_line' id='line_1_82' title="bbox 2027 2321 3617 2400; baseline -0.006 -17"><span class='ocrx_word' id='word_1_623' title='bbox 2027 2344 2241 2400; x_wconf 87' lang='lat' dir='ltr'><strong>quoque</strong></span> <span class='ocrx_word' id='word_1_624' title='bbox 2266 2329 2464 2392; x_wconf 88' lang='lat' dir='ltr'><strong>discas,</strong></span> <span class='ocrx_word' id='word_1_625' title='bbox 2490 2342 2595 2381; x_wconf 92' lang='lat' dir='ltr'><strong>non</strong></span> <span class='ocrx_word' id='word_1_626' title='bbox 2622 2325 2907 2395; x_wconf 90' lang='lat' dir='ltr'><strong>puritatem</strong></span> <span class='ocrx_word' id='word_1_627' title='bbox 2934 2322 3310 2394; x_wconf 72' lang='lat' dir='ltr'><strong>baptizantis‘,</strong></span> <span class='ocrx_word' id='word_1_628' title='bbox 3330 2322 3424 2376; x_wconf 91' lang='lat' dir='ltr'><strong>sed</strong></span> <span class='ocrx_word' id='word_1_629' title='bbox 3446 2321 3617 2390; x_wconf 83' lang='lat' dir='ltr'><strong>bapti-</strong></span> 
     </span>
    </p>
   </div>
   <div class='ocr_carea' id='block_1_83' title="bbox 2029 2413 3612 2485">
    <p class='ocr_par' dir='ltr' id='par_1_83' title="bbox 2029 2413 3612 2485">
     <span class='ocr_line' id='line_1_83' title="bbox 2029 2413 3612 2485; baseline -0.007 -8"><span class='ocrx_word' id='word_1_630' title='bbox 2029 2421 2131 2477; x_wconf 86' lang='lat' dir='ltr'><strong>zati</strong></span> <span class='ocrx_word' id='word_1_631' title='bbox 2159 2419 2408 2473; x_wconf 77' lang='lat' dir='ltr'><strong>virtutem</strong></span> <span class='ocrx_word' id='word_1_632' title='bbox 2451 2417 2502 2473; x_wconf 90' lang='lat' dir='ltr'><strong>id</strong></span> <span class='ocrx_word' id='word_1_633' title='bbox 2535 2417 2742 2472; x_wconf 81' lang='lat' dir='ltr'><strong>fecisse.</strong></span> <span class='ocrx_word' id='word_1_634' title='bbox 2797 2416 2948 2470; x_wconf 89' lang='lat' dir='ltr'><strong>Tune</strong></span> <span class='ocrx_word' id='word_1_635' title='bbox 2991 2416 3169 2485; x_wconf 87' lang='lat' dir='ltr'><strong>itaque</strong></span> <span class='ocrx_word' id='word_1_636' title='bbox 3198 2422 3253 2468; x_wconf 90' lang='lat' dir='ltr'><strong>et</strong></span> <span class='ocrx_word' id='word_1_637' title='bbox 3278 2414 3396 2469; x_wconf 67' lang='lat' dir='ltr'><strong>«eli</strong></span> <span class='ocrx_word' id='word_1_638' title='bbox 3442 2413 3612 2477; x_wconf 88' lang='lat' dir='ltr'><strong>aperti</strong></span> 
     </span>
    </p>
   </div>
   <div class='ocr_carea' id='block_1_84' title="bbox 2029 2504 3615 2580">
    <p class='ocr_par' dir='ltr' id='par_1_84' title="bbox 2029 2504 3615 2580">
     <span class='ocr_line' id='line_1_84' title="bbox 2029 2504 3615 2580; baseline -0.005 -14"><span class='ocrx_word' id='word_1_639' title='bbox 2029 2520 2174 2579; x_wconf 90' lang='lat' dir='ltr'><strong>sunt,</strong></span> <span class='ocrx_word' id='word_1_640' title='bbox 2203 2521 2256 2566; x_wconf 89' lang='lat' dir='ltr'><strong>et</strong></span> <span class='ocrx_word' id='word_1_641' title='bbox 2282 2510 2512 2580; x_wconf 72' lang='lat' dir='ltr'><strong>Spiritus</strong></span> <span class='ocrx_word' id='word_1_642' title='bbox 2533 2506 2860 2577; x_wconf 84' lang='lat' dir='ltr'><strong>supervenit.</strong></span> <span class='ocrx_word' id='word_1_643' title='bbox 2881 2505 3011 2560; x_wconf 92' lang='lat' dir='ltr'><strong>Nam</strong></span> <span class='ocrx_word' id='word_1_644' title='bbox 3034 2520 3062 2557; x_wconf 90' lang='lat' dir='ltr'><strong>a</strong></span> <span class='ocrx_word' id='word_1_645' title='bbox 3093 2505 3260 2560; x_wconf 90' lang='lat' dir='ltr'><strong>veteri</strong></span> <span class='ocrx_word' id='word_1_646' title='bbox 3291 2504 3500 2559; x_wconf 90' lang='lat' dir='ltr'><strong>vivendi</strong></span> <span class='ocrx_word' id='word_1_647' title='bbox 3522 2519 3615 2573; x_wconf 86' lang='lat' dir='ltr'><strong>ge-</strong></span> 
     </span>
    </p>
   </div>
   <div class='ocr_carea' id='block_1_85' title="bbox 2031 2598 3617 2673">
    <p class='ocr_par' dir='ltr' id='par_1_85' title="bbox 2031 2598 3617 2673">
     <span class='ocr_line' id='line_1_85' title="bbox 2031 2598 3617 2673; baseline -0.006 -13"><span class='ocrx_word' id='word_1_648' title='bbox 2031 2621 2159 2661; x_wconf 87' lang='lat' dir='ltr'><strong>nere</strong></span> <span class='ocrx_word' id='word_1_649' title='bbox 2187 2620 2286 2659; x_wconf 91' lang='lat' dir='ltr'><strong>nos</strong></span> <span class='ocrx_word' id='word_1_650' title='bbox 2308 2605 2418 2673; x_wconf 79' lang='lat' dir='ltr'><strong>jam</strong></span> <span class='ocrx_word' id='word_1_651' title='bbox 2466 2601 2693 2656; x_wconf 85' lang='lat' dir='ltr'><strong>traducit</strong></span> <span class='ocrx_word' id='word_1_652' title='bbox 2731 2600 2798 2654; x_wconf 91' lang='lat' dir='ltr'><strong>ad</strong></span> <span class='ocrx_word' id='word_1_653' title='bbox 2827 2614 3022 2654; x_wconf 90' lang='lat' dir='ltr'><strong>novum</strong></span> <span class='ocrx_word' id='word_1_654' title='bbox 3053 2639 3069 2665; x_wconf 93' lang='lat'><strong>,</strong></span> <span class='ocrx_word' id='word_1_655' title='bbox 3119 2598 3309 2667; x_wconf 85' lang='lat' dir='ltr'><strong>januas</strong></span> <span class='ocrx_word' id='word_1_656' title='bbox 3355 2611 3617 2668; x_wconf 90' lang='lat' dir='ltr'><strong>supernas</strong></span> 
     </span>
    </p>
   </div>
   <div class='ocr_carea' id='block_1_86' title="bbox 2030 2689 3614 2766">
    <p class='ocr_par' dir='ltr' id='par_1_86' title="bbox 2030 2689 3614 2766">
     <span class='ocr_line' id='line_1_86' title="bbox 2030 2689 3614 2766; baseline -0.006 -14"><span class='ocrx_word' id='word_1_657' title='bbox 2030 2697 2305 2766; x_wconf 86' lang='lat' dir='ltr'><strong>aperiens,</strong></span> <span class='ocrx_word' id='word_1_658' title='bbox 2338 2704 2393 2750; x_wconf 87' lang='lat' dir='ltr'><strong>et</strong></span> <span class='ocrx_word' id='word_1_659' title='bbox 2418 2693 2673 2763; x_wconf 90' lang='lat' dir='ltr'><strong>Spiritum</strong></span> <span class='ocrx_word' id='word_1_660' title='bbox 2712 2691 2836 2747; x_wconf 90' lang='lat' dir='ltr'><strong>inde</strong></span> <span class='ocrx_word' id='word_1_661' title='bbox 2867 2692 3084 2745; x_wconf 89' lang='lat' dir='ltr'><strong>mittens</strong></span> <span class='ocrx_word' id='word_1_662' title='bbox 3128 2690 3194 2745; x_wconf 87' lang='lat' dir='ltr'><strong>ad</strong></span> <span class='ocrx_word' id='word_1_663' title='bbox 3224 2690 3368 2744; x_wconf 88' lang='lat' dir='ltr'><strong>illam</strong></span> <span class='ocrx_word' id='word_1_664' title='bbox 3392 2689 3614 2759; x_wconf 89' lang='lat' dir='ltr'><strong>patriam</strong></span> 
     </span>
    </p>
   </div>
   <div class='ocr_carea' id='block_1_87' title="bbox 2031 2780 3619 2852">
    <p class='ocr_par' dir='ltr' id='par_1_87' title="bbox 2031 2780 3619 2852">
     <span class='ocr_line' id='line_1_87' title="bbox 2031 2780 3619 2852; baseline -0.006 -10"><span class='ocrx_word' id='word_1_665' title='bbox 2031 2796 2310 2842; x_wconf 83' lang='lat' dir='ltr'><strong>vocantem</strong></span> <span class='ocrx_word' id='word_1_666' title='bbox 2330 2804 2344 2852; x_wconf 93' lang='lat'><strong>;</strong></span> <span class='ocrx_word' id='word_1_667' title='bbox 2366 2800 2466 2841; x_wconf 86' lang='lat' dir='ltr'><strong>nec</strong></span> <span class='ocrx_word' id='word_1_668' title='bbox 2485 2795 2687 2839; x_wconf 87' lang='lat' dir='ltr'><strong>tantum</strong></span> <span class='ocrx_word' id='word_1_669' title='bbox 2709 2791 3010 2850; x_wconf 88' lang='lat' dir='ltr'><strong>vocantem,</strong></span> <span class='ocrx_word' id='word_1_670' title='bbox 3029 2780 3124 2837; x_wconf 87' lang='lat' dir='ltr'><strong>sed</strong></span> <span class='ocrx_word' id='word_1_671' title='bbox 3145 2791 3199 2837; x_wconf 86' lang='lat' dir='ltr'><strong>et</strong></span> <span class='ocrx_word' id='word_1_672' title='bbox 3221 2795 3340 2836; x_wconf 90' lang='lat' dir='ltr'><strong>cum</strong></span> <span class='ocrx_word' id='word_1_673' title='bbox 3359 2781 3619 2850; x_wconf 83' lang='lat' dir='ltr'><strong>dignitate</strong></span> 
     </span>
    </p>
   </div>
   <div class='ocr_carea' id='block_1_88' title="bbox 2032 2872 3617 2958">
    <p class='ocr_par' dir='ltr' id='par_1_88' title="bbox 2032 2872 3617 2958">
     <span class='ocr_line' id='line_1_88' title="bbox 2032 2872 3617 2958; baseline -0.006 -22"><span class='ocrx_word' id='word_1_674' title='bbox 2032 2881 2281 2936; x_wconf 79' lang='lat' dir='ltr'><strong>maxima.</strong></span> <span class='ocrx_word' id='word_1_675' title='bbox 2334 2878 2447 2958; x_wconf 67' lang='lat' dir='ltr'><strong>an</strong></span> <span class='ocrx_word' id='word_1_676' title='bbox 2478 2878 2622 2933; x_wconf 90' lang='lat' dir='ltr'><strong>enim</strong></span> <span class='ocrx_word' id='word_1_677' title='bbox 2651 2876 2870 2946; x_wconf 87' lang='lat' dir='ltr'><strong>angelos</strong></span> <span class='ocrx_word' id='word_1_678' title='bbox 2897 2884 2952 2931; x_wconf 88' lang='lat' dir='ltr'><strong>et</strong></span> <span class='ocrx_word' id='word_1_679' title='bbox 2979 2875 3328 2945; x_wconf 76' lang='lat' dir='ltr'><strong>archangelos</strong></span> <span class='ocrx_word' id='word_1_680' title='bbox 3346 2873 3487 2937; x_wconf 81' lang='lat' dir='ltr'><strong>fecit,</strong></span> <span class='ocrx_word' id='word_1_681' title='bbox 3519 2872 3617 2929; x_wconf 89' lang='lat' dir='ltr'><strong>sed</strong></span> 
     </span>
    </p>
   </div>
   <div class='ocr_carea' id='block_1_89' title="bbox 2034 2964 3617 3027">
    <p class='ocr_par' dir='ltr' id='par_1_89' title="bbox 2034 2964 3617 3027">
     <span class='ocr_line' id='line_1_89' title="bbox 2034 2964 3617 3027; baseline -0.006 0"><span class='ocrx_word' id='word_1_682' title='bbox 2034 2972 2170 3027; x_wconf 81' lang='lat' dir='ltr'><strong>ﬁlius</strong></span> <span class='ocrx_word' id='word_1_683' title='bbox 2196 2972 2288 3025; x_wconf 84' lang='lat' dir='ltr'><strong>Dei</strong></span> <span class='ocrx_word' id='word_1_684' title='bbox 2320 2981 2372 3025; x_wconf 91' lang='lat' dir='ltr'><strong>et</strong></span> <span class='ocrx_word' id='word_1_685' title='bbox 2393 2970 2619 3025; x_wconf 90' lang='lat' dir='ltr'><strong>dilectos</strong></span> <span class='ocrx_word' id='word_1_686' title='bbox 2645 2987 2659 3024; x_wconf 90' lang='lat'><strong>:</strong></span> <span class='ocrx_word' id='word_1_687' title='bbox 2683 2970 2761 3023; x_wconf 90' lang='lat' dir='ltr'><strong>sic</strong></span> <span class='ocrx_word' id='word_1_688' title='bbox 2790 2982 2888 3023; x_wconf 91' lang='lat' dir='ltr'><strong>nos</strong></span> <span class='ocrx_word' id='word_1_689' title='bbox 2913 2964 2980 3021; x_wconf 90' lang='lat' dir='ltr'><strong>ad</strong></span> <span class='ocrx_word' id='word_1_690' title='bbox 3003 2967 3144 3020; x_wconf 88' lang='lat' dir='ltr'><strong>illam</strong></span> <span class='ocrx_word' id='word_1_691' title='bbox 3164 2976 3361 3021; x_wconf 89' lang='lat' dir='ltr'><strong>sortem</strong></span> <span class='ocrx_word' id='word_1_692' title='bbox 3378 2964 3617 3019; x_wconf 87' lang='lat' dir='ltr'><strong>attrahit.</strong></span> 
     </span>
    </p>
   </div>
   <div class='ocr_carea' id='block_1_90' title="bbox 2103 3055 3621 3133">
    <p class='ocr_par' dir='ltr' id='par_1_90' title="bbox 2103 3055 3621 3133">
     <span class='ocr_line' id='line_1_90' title="bbox 2103 3055 3621 3133; baseline -0.007 -16"><span class='ocrx_word' id='word_1_693' title='bbox 2103 3065 2157 3117; x_wconf 71' lang='grc'><strong>4.</strong></span> <span class='ocrx_word' id='word_1_694' title='bbox 2202 3063 2326 3117; x_wconf 79' lang='lat' dir='ltr'><strong>llaec</strong></span> <span class='ocrx_word' id='word_1_695' title='bbox 2354 3063 2593 3133; x_wconf 88' lang='lat' dir='ltr'><strong>cogitans</strong></span> <span class='ocrx_word' id='word_1_696' title='bbox 2614 3061 2789 3114; x_wconf 85' lang='lat' dir='ltr'><strong>omnia</strong></span> <span class='ocrx_word' id='word_1_697' title='bbox 2816 3100 2832 3124; x_wconf 96' lang='lat'><strong>,</strong></span> <span class='ocrx_word' id='word_1_698' title='bbox 2861 3070 2915 3114; x_wconf 86' lang='lat' dir='ltr'><strong>et</strong></span> <span class='ocrx_word' id='word_1_699' title='bbox 2943 3057 3231 3113; x_wconf 88' lang='lat' dir='ltr'><strong>dilectione</strong></span> <span class='ocrx_word' id='word_1_700' title='bbox 3259 3055 3499 3110; x_wconf 87' lang='lat' dir='ltr'><strong>vocantis</strong></span> <span class='ocrx_word' id='word_1_701' title='bbox 3519 3095 3533 3117; x_wconf 96' lang='lat'><strong>,</strong></span> <span class='ocrx_word' id='word_1_702' title='bbox 3564 3062 3621 3108; x_wconf 93' lang='lat' dir='ltr'><strong>et</strong></span> 
     </span>
    </p>
   </div>
   <div class='ocr_carea' id='block_1_91' title="bbox 2033 3146 3620 3218">
    <p class='ocr_par' dir='ltr' id='par_1_91' title="bbox 2033 3146 3620 3218">
     <span class='ocr_line' id='line_1_91' title="bbox 2033 3146 3620 3218; baseline -0.006 -11"><span class='ocrx_word' id='word_1_703' title='bbox 2033 3154 2307 3208; x_wconf 82' lang='lat' dir='ltr'><strong>consortio</strong></span> <span class='ocrx_word' id='word_1_704' title='bbox 2333 3153 2426 3207; x_wconf 90' lang='lat' dir='ltr'><strong>illo</strong></span> <span class='ocrx_word' id='word_1_705' title='bbox 2454 3152 2653 3206; x_wconf 59' lang='lat' dir='ltr'><strong>crrlesti</strong></span> <span class='ocrx_word' id='word_1_706' title='bbox 2679 3160 2734 3206; x_wconf 90' lang='lat' dir='ltr'><strong>et</strong></span> <span class='ocrx_word' id='word_1_707' title='bbox 2762 3150 2955 3205; x_wconf 80' lang='lat' dir='ltr'><strong>collato</strong></span> <span class='ocrx_word' id='word_1_708' title='bbox 2976 3148 3181 3204; x_wconf 87' lang='lat' dir='ltr'><strong>honore</strong></span> <span class='ocrx_word' id='word_1_709' title='bbox 3211 3148 3423 3218; x_wconf 88' lang='lat' dir='ltr'><strong>dignam</strong></span> <span class='ocrx_word' id='word_1_710' title='bbox 3455 3146 3620 3200; x_wconf 88' lang='lat' dir='ltr'><strong>ducas</strong></span> 
     </span>
    </p>
   </div>
   <div class='ocr_carea' id='block_1_92' title="bbox 2034 3239 3621 3314">
    <p class='ocr_par' dir='ltr' id='par_1_92' title="bbox 2034 3239 3621 3314">
     <span class='ocr_line' id='line_1_92' title="bbox 2034 3239 3621 3314; baseline -0.005 -15"><span class='ocrx_word' id='word_1_711' title='bbox 2034 3247 2195 3299; x_wconf 91' lang='lat' dir='ltr'><strong>vitam</strong></span> <span class='ocrx_word' id='word_1_712' title='bbox 2223 3254 2462 3314; x_wconf 90' lang='lat' dir='ltr'><strong>oportet;</strong></span> <span class='ocrx_word' id='word_1_713' title='bbox 2494 3243 2694 3298; x_wconf 93' lang='lat' dir='ltr'><strong>mundo</strong></span> <span class='ocrx_word' id='word_1_714' title='bbox 2733 3242 3048 3306; x_wconf 87' lang='lat' dir='ltr'><strong>cruciﬁxus,</strong></span> <span class='ocrx_word' id='word_1_715' title='bbox 3090 3251 3144 3296; x_wconf 90' lang='lat' dir='ltr'><strong>et</strong></span> <span class='ocrx_word' id='word_1_716' title='bbox 3186 3239 3441 3295; x_wconf 87' lang='lat' dir='ltr'><strong>mundum</strong></span> <span class='ocrx_word' id='word_1_717' title='bbox 3472 3239 3523 3292; x_wconf 93' lang='lat' dir='ltr'><strong>in</strong></span> <span class='ocrx_word' id='word_1_718' title='bbox 3568 3248 3621 3291; x_wconf 89' lang='lat' dir='ltr'><strong>te</strong></span> 
     </span>
    </p>
   </div>
   <div class='ocr_carea' id='block_1_93' title="bbox 2033 3330 3618 3408">
    <p class='ocr_par' dir='ltr' id='par_1_93' title="bbox 2033 3330 3618 3408">
     <span class='ocr_line' id='line_1_93' title="bbox 2033 3330 3618 3408; baseline -0.009 -14"><span class='ocrx_word' id='word_1_719' title='bbox 2033 3337 2374 3408; x_wconf 81' lang='lat' dir='ltr'><strong>cruciﬁgens,</strong></span> <span class='ocrx_word' id='word_1_720' title='bbox 2423 3351 2544 3391; x_wconf 90' lang='lat' dir='ltr'><strong>cum</strong></span> <span class='ocrx_word' id='word_1_721' title='bbox 2575 3332 2719 3388; x_wconf 92' lang='lat' dir='ltr'><strong>omni</strong></span> <span class='ocrx_word' id='word_1_722' title='bbox 2760 3333 3032 3403; x_wconf 86' lang='lat' dir='ltr'><strong>diligentia</strong></span> <span class='ocrx_word' id='word_1_723' title='bbox 3062 3331 3275 3386; x_wconf 66' lang='lat' dir='ltr'><strong>carleste</strong></span> <span class='ocrx_word' id='word_1_724' title='bbox 3320 3330 3618 3385; x_wconf 88' lang='lat' dir='ltr'><strong>institntmn</strong></span> 
     </span>
    </p>
   </div>
   <div class='ocr_carea' id='block_1_94' title="bbox 2034 3420 3617 3498">
    <p class='ocr_par' dir='ltr' id='par_1_94' title="bbox 2034 3420 3617 3498">
     <span class='ocr_line' id='line_1_94' title="bbox 2034 3420 3617 3498; baseline -0.008 -14"><span class='ocrx_word' id='word_1_725' title='bbox 2034 3429 2258 3485; x_wconf 79' lang='lat' dir='ltr'><strong>exhibe:</strong></span> <span class='ocrx_word' id='word_1_726' title='bbox 2286 3444 2457 3497; x_wconf 85' lang='lat' dir='ltr'><strong>neque</strong></span> <span class='ocrx_word' id='word_1_727' title='bbox 2483 3427 2604 3498; x_wconf 88' lang='lat' dir='ltr'><strong>quia</strong></span> <span class='ocrx_word' id='word_1_728' title='bbox 2645 3439 2842 3495; x_wconf 89' lang='lat' dir='ltr'><strong>corpus</strong></span> <span class='ocrx_word' id='word_1_729' title='bbox 2867 3432 3011 3478; x_wconf 90' lang='lat' dir='ltr'><strong>tuum</strong></span> <span class='ocrx_word' id='word_1_730' title='bbox 3041 3422 3273 3477; x_wconf 89' lang='lat' dir='ltr'><strong>nondum</strong></span> <span class='ocrx_word' id='word_1_731' title='bbox 3306 3420 3617 3475; x_wconf 87' lang='lat' dir='ltr'><strong>translatum</strong></span> 
     </span>
    </p>
   </div>
   <div class='ocr_carea' id='block_1_95' title="bbox 2035 3515 3621 3588">
    <p class='ocr_par' dir='ltr' id='par_1_95' title="bbox 2035 3515 3621 3588">
     <span class='ocr_line' id='line_1_95' title="bbox 2035 3515 3621 3588; baseline -0.006 -12"><span class='ocrx_word' id='word_1_732' title='bbox 2035 3531 2117 3576; x_wconf 89' lang='lat' dir='ltr'><strong>est</strong></span> <span class='ocrx_word' id='word_1_733' title='bbox 2156 3522 2207 3574; x_wconf 91' lang='lat' dir='ltr'><strong>in</strong></span> <span class='ocrx_word' id='word_1_734' title='bbox 2247 3520 2460 3585; x_wconf 75' lang='lat' dir='ltr'><strong>cadum,</strong></span> <span class='ocrx_word' id='word_1_735' title='bbox 2506 3527 2658 3588; x_wconf 89' lang='lat' dir='ltr'><strong>putes</strong></span> <span class='ocrx_word' id='word_1_736' title='bbox 2704 3527 2755 3572; x_wconf 92' lang='lat' dir='ltr'><strong>te</strong></span> <span class='ocrx_word' id='word_1_737' title='bbox 2780 3515 2975 3585; x_wconf 88' lang='lat' dir='ltr'><strong>aliquid</strong></span> <span class='ocrx_word' id='word_1_738' title='bbox 2999 3530 3119 3570; x_wconf 86' lang='lat' dir='ltr'><strong>cum</strong></span> <span class='ocrx_word' id='word_1_739' title='bbox 3152 3523 3292 3569; x_wconf 89' lang='lat' dir='ltr'><strong>terra</strong></span> <span class='ocrx_word' id='word_1_740' title='bbox 3332 3527 3621 3568; x_wconf 83' lang='lat' dir='ltr'><strong>commune</strong></span> 
     </span>
    </p>
   </div>
   <div class='ocr_carea' id='block_1_96' title="bbox 2039 3604 3624 3679">
    <p class='ocr_par' dir='ltr' id='par_1_96' title="bbox 2039 3604 3624 3679">
     <span class='ocr_line' id='line_1_96' title="bbox 2039 3604 3624 3679; baseline -0.006 -15"><span class='ocrx_word' id='word_1_741' title='bbox 2039 3612 2250 3667; x_wconf 87' lang='lat' dir='ltr'><strong>habere.</strong></span> <span class='ocrx_word' id='word_1_742' title='bbox 2276 3612 2446 3679; x_wconf 89' lang='lat' dir='ltr'><strong>Caput</strong></span> <span class='ocrx_word' id='word_1_743' title='bbox 2469 3612 2610 3665; x_wconf 93' lang='lat' dir='ltr'><strong>enim</strong></span> <span class='ocrx_word' id='word_1_744' title='bbox 2637 3620 2783 3664; x_wconf 87' lang='lat' dir='ltr'><strong>tuum</strong></span> <span class='ocrx_word' id='word_1_745' title='bbox 2806 3607 2971 3661; x_wconf 89' lang='lat' dir='ltr'><strong>habes</strong></span> <span class='ocrx_word' id='word_1_746' title='bbox 2993 3608 3046 3662; x_wconf 94' lang='lat' dir='ltr'><strong>in</strong></span> <span class='ocrx_word' id='word_1_747' title='bbox 3069 3606 3204 3661; x_wconf 71' lang='lat' dir='ltr'><strong>cmlo</strong></span> <span class='ocrx_word' id='word_1_748' title='bbox 3228 3605 3441 3660; x_wconf 89' lang='lat' dir='ltr'><strong>sedens.</strong></span> <span class='ocrx_word' id='word_1_749' title='bbox 3471 3604 3624 3659; x_wconf 87' lang='lat' dir='ltr'><strong>lden-</strong></span> 
     </span>
    </p>
   </div>
   <div class='ocr_carea' id='block_1_97' title="bbox 2036 3698 3620 3776">
    <p class='ocr_par' dir='ltr' id='par_1_97' title="bbox 2036 3698 3620 3776">
     <span class='ocr_line' id='line_1_97' title="bbox 2036 3698 3620 3776; baseline -0.004 -20"><span class='ocrx_word' id='word_1_750' title='bbox 2036 3719 2139 3776; x_wconf 85' lang='lat' dir='ltr'><strong>que</strong></span> <span class='ocrx_word' id='word_1_751' title='bbox 2167 3704 2420 3758; x_wconf 90' lang='lat' dir='ltr'><strong>Dominus</strong></span> <span class='ocrx_word' id='word_1_752' title='bbox 2445 3718 2563 3757; x_wconf 87' lang='lat' dir='ltr'><strong>cum</strong></span> <span class='ocrx_word' id='word_1_753' title='bbox 2596 3701 2742 3771; x_wconf 90' lang='lat' dir='ltr'><strong>prius</strong></span> <span class='ocrx_word' id='word_1_754' title='bbox 2774 3701 2876 3756; x_wconf 93' lang='lat' dir='ltr'><strong>huc</strong></span> <span class='ocrx_word' id='word_1_755' title='bbox 2900 3700 3156 3761; x_wconf 85' lang='lat' dir='ltr'><strong>venisset,</strong></span> <span class='ocrx_word' id='word_1_756' title='bbox 3186 3698 3511 3768; x_wconf 80' lang='lat' dir='ltr'><strong>angelusque</strong></span> <span class='ocrx_word' id='word_1_757' title='bbox 3531 3712 3620 3751; x_wconf 44' lang='lat' dir='ltr'><strong>se-</strong></span> 
     </span>
    </p>
   </div>
   <div class='ocr_carea' id='block_1_98' title="bbox 2038 3788 3619 3860">
    <p class='ocr_par' dir='ltr' id='par_1_98' title="bbox 2038 3788 3619 3860">
     <span class='ocr_line' id='line_1_98' title="bbox 2038 3788 3619 3860; baseline -0.006 -11"><span class='ocrx_word' id='word_1_758' title='bbox 2038 3812 2159 3850; x_wconf 90' lang='lat' dir='ltr'><strong>cum</strong></span> <span class='ocrx_word' id='word_1_759' title='bbox 2181 3794 2525 3859; x_wconf 83' lang='lat' dir='ltr'><strong>adduxisset,</strong></span> <span class='ocrx_word' id='word_1_760' title='bbox 2564 3802 2690 3847; x_wconf 90' lang='lat' dir='ltr'><strong>tunc</strong></span> <span class='ocrx_word' id='word_1_761' title='bbox 2716 3802 2767 3847; x_wconf 89' lang='lat' dir='ltr'><strong>te</strong></span> <span class='ocrx_word' id='word_1_762' title='bbox 2790 3800 3066 3860; x_wconf 91' lang='lat' dir='ltr'><strong>assumpto</strong></span> <span class='ocrx_word' id='word_1_763' title='bbox 3106 3790 3229 3843; x_wconf 91' lang='lat' dir='ltr'><strong>illnc</strong></span> <span class='ocrx_word' id='word_1_764' title='bbox 3256 3788 3419 3851; x_wconf 88' lang='lat' dir='ltr'><strong>abiit,</strong></span> <span class='ocrx_word' id='word_1_765' title='bbox 3462 3797 3520 3841; x_wconf 91' lang='lat' dir='ltr'><strong>ut</strong></span> <span class='ocrx_word' id='word_1_766' title='bbox 3565 3798 3619 3840; x_wconf 93' lang='lat' dir='ltr'><strong>tu</strong></span> 
     </span>
    </p>
   </div>
   <div class='ocr_carea' id='block_1_99' title="bbox 2038 3881 3618 3955">
    <p class='ocr_par' dir='ltr' id='par_1_99' title="bbox 2038 3881 3618 3955">
     <span class='ocr_line' id='line_1_99' title="bbox 2038 3881 3618 3955; baseline -0.008 -14"><span class='ocrx_word' id='word_1_767' title='bbox 2038 3896 2322 3955; x_wconf 89' lang='lat' dir='ltr'><strong>antequam</strong></span> <span class='ocrx_word' id='word_1_768' title='bbox 2350 3885 2476 3938; x_wconf 89' lang='lat' dir='ltr'><strong>illuc</strong></span> <span class='ocrx_word' id='word_1_769' title='bbox 2500 3882 2759 3938; x_wconf 80' lang='lat' dir='ltr'><strong>ascendas</strong></span> <span class='ocrx_word' id='word_1_770' title='bbox 2779 3921 2795 3943; x_wconf 83' lang='lat'><strong>,</strong></span> <span class='ocrx_word' id='word_1_771' title='bbox 2839 3881 3046 3936; x_wconf 87' lang='lat' dir='ltr'><strong>ediscas</strong></span> <span class='ocrx_word' id='word_1_772' title='bbox 3075 3896 3231 3951; x_wconf 89' lang='lat' dir='ltr'><strong>posse</strong></span> <span class='ocrx_word' id='word_1_773' title='bbox 3260 3889 3311 3934; x_wconf 90' lang='lat' dir='ltr'><strong>te</strong></span> <span class='ocrx_word' id='word_1_774' title='bbox 3340 3888 3535 3932; x_wconf 90' lang='lat' dir='ltr'><strong>terram</strong></span> <span class='ocrx_word' id='word_1_775' title='bbox 3564 3885 3618 3930; x_wconf 92' lang='lat' dir='ltr'><strong>ut</strong></span> 
     </span>
    </p>
   </div>
   <div class='ocr_carea' id='block_1_100' title="bbox 2038 3970 3620 4041">
    <p class='ocr_par' dir='ltr' id='par_1_100' title="bbox 2038 3970 3620 4041">
     <span class='ocr_line' id='line_1_100' title="bbox 2038 3970 3620 4041; baseline -0.007 -8"><span class='ocrx_word' id='word_1_776' title='bbox 2038 3980 2227 4033; x_wconf 79' lang='lat' dir='ltr'><strong>czrlum</strong></span> <span class='ocrx_word' id='word_1_777' title='bbox 2297 3977 2554 4031; x_wconf 89' lang='lat' dir='ltr'><strong>incolere.</strong></span> <span class='ocrx_word' id='word_1_778' title='bbox 2606 3977 3019 4030; x_wconf 82' lang='lat' dir='ltr'><strong>Perseveremus</strong></span> <span class='ocrx_word' id='word_1_779' title='bbox 3064 3973 3241 4041; x_wconf 90' lang='lat' dir='ltr'><strong>itaque</strong></span> <span class='ocrx_word' id='word_1_780' title='bbox 3289 3970 3620 4026; x_wconf 89' lang='lat' dir='ltr'><strong>nobilitatem</strong></span> 
     </span>
    </p>
   </div>
   <div class='ocr_carea' id='block_1_101' title="bbox 2039 4059 3626 4137">
    <p class='ocr_par' dir='ltr' id='par_1_101' title="bbox 2039 4059 3626 4137">
     <span class='ocr_line' id='line_1_101' title="bbox 2039 4059 3626 4137; baseline -0.006 -13"><span class='ocrx_word' id='word_1_781' title='bbox 2039 4083 2274 4133; x_wconf 89' lang='lat' dir='ltr'><strong>scrvare,</strong></span> <span class='ocrx_word' id='word_1_782' title='bbox 2303 4084 2460 4137; x_wconf 87' lang='lat' dir='ltr'><strong>quam</strong></span> <span class='ocrx_word' id='word_1_783' title='bbox 2489 4068 2557 4121; x_wconf 91' lang='lat' dir='ltr'><strong>ab</strong></span> <span class='ocrx_word' id='word_1_784' title='bbox 2582 4066 2731 4121; x_wconf 89' lang='lat' dir='ltr'><strong>initio</strong></span> <span class='ocrx_word' id='word_1_785' title='bbox 2760 4065 3113 4134; x_wconf 88' lang='lat' dir='ltr'><strong>suscepimus,</strong></span> <span class='ocrx_word' id='word_1_786' title='bbox 3146 4064 3454 4132; x_wconf 87' lang='lat' dir='ltr'><strong>regiamque</strong></span> <span class='ocrx_word' id='word_1_787' title='bbox 3478 4059 3626 4116; x_wconf 86' lang='lat' dir='ltr'><strong>illam</strong></span> 
     </span>
    </p>
   </div>
   <div class='ocr_carea' id='block_1_102' title="bbox 2039 4154 3625 4228">
    <p class='ocr_par' dir='ltr' id='par_1_102' title="bbox 2039 4154 3625 4228">
     <span class='ocr_line' id='line_1_102' title="bbox 2039 4154 3625 4228; baseline -0.006 -12"><span class='ocrx_word' id='word_1_788' title='bbox 2039 4160 2308 4216; x_wconf 79' lang='lat' dir='ltr'><strong>crelestem</strong></span> <span class='ocrx_word' id='word_1_789' title='bbox 2351 4157 2588 4228; x_wconf 88' lang='lat' dir='ltr'><strong>quotidie</strong></span> <span class='ocrx_word' id='word_1_790' title='bbox 2626 4173 2967 4227; x_wconf 68' lang='lat' dir='ltr'><strong>quaeramus,</strong></span> <span class='ocrx_word' id='word_1_791' title='bbox 3015 4171 3078 4213; x_wconf 89' lang='lat' dir='ltr'><strong>ac</strong></span> <span class='ocrx_word' id='word_1_792' title='bbox 3117 4155 3399 4226; x_wconf 59' lang='lat' dir='ltr'><strong>praesentia</strong></span> <span class='ocrx_word' id='word_1_793' title='bbox 3443 4154 3625 4208; x_wconf 88' lang='lat' dir='ltr'><strong>omnia</strong></span> 
     </span>
    </p>
   </div>
   <div class='ocr_carea' id='block_1_103' title="bbox 2041 4244 3627 4317">
    <p class='ocr_par' dir='ltr' id='par_1_103' title="bbox 2041 4244 3627 4317">
     <span class='ocr_line' id='line_1_103' title="bbox 2041 4244 3627 4317; baseline -0.004 -12"><span class='ocrx_word' id='word_1_794' title='bbox 2041 4250 2286 4305; x_wconf 90' lang='lat' dir='ltr'><strong>umbram</strong></span> <span class='ocrx_word' id='word_1_795' title='bbox 2334 4259 2389 4304; x_wconf 89' lang='lat' dir='ltr'><strong>et</strong></span> <span class='ocrx_word' id='word_1_796' title='bbox 2429 4249 2694 4304; x_wconf 91' lang='lat' dir='ltr'><strong>somnium</strong></span> <span class='ocrx_word' id='word_1_797' title='bbox 2722 4263 2841 4302; x_wconf 86' lang='lat' dir='ltr'><strong>esse</strong></span> <span class='ocrx_word' id='word_1_798' title='bbox 2872 4258 3141 4317; x_wconf 90' lang='lat' dir='ltr'><strong>putemus.</strong></span> <span class='ocrx_word' id='word_1_799' title='bbox 3186 4246 3372 4316; x_wconf 85' lang='lat' dir='ltr'><strong>Neque</strong></span> <span class='ocrx_word' id='word_1_800' title='bbox 3397 4245 3538 4300; x_wconf 90' lang='lat' dir='ltr'><strong>enim</strong></span> <span class='ocrx_word' id='word_1_801' title='bbox 3579 4244 3627 4299; x_wconf 92' lang='lat' dir='ltr'><strong>si</strong></span> 
     </span>
    </p>
   </div>
   <div class='ocr_carea' id='block_1_104' title="bbox 2041 4342 3631 4414">
    <p class='ocr_par' dir='ltr' id='par_1_104' title="bbox 2041 4342 3631 4414">
     <span class='ocr_line' id='line_1_104' title="bbox 2041 4342 3631 4414; baseline -0.003 -16"><span class='ocrx_word' id='word_1_802' title='bbox 2041 4344 2304 4414; x_wconf 87' lang='lat' dir='ltr'><strong>quispiam</strong></span> <span class='ocrx_word' id='word_1_803' title='bbox 2329 4359 2421 4397; x_wconf 82' lang='lat' dir='ltr'><strong>rex</strong></span> <span class='ocrx_word' id='word_1_804' title='bbox 2453 4352 2696 4398; x_wconf 87' lang='lat' dir='ltr'><strong>terrenus</strong></span> <span class='ocrx_word' id='word_1_805' title='bbox 2743 4351 2793 4396; x_wconf 91' lang='lat' dir='ltr'><strong>te</strong></span> <span class='ocrx_word' id='word_1_806' title='bbox 2821 4342 3124 4397; x_wconf 87' lang='lat' dir='ltr'><strong>mendicum</strong></span> <span class='ocrx_word' id='word_1_807' title='bbox 3151 4353 3203 4396; x_wconf 85' lang='lat' dir='ltr'><strong>et</strong></span> <span class='ocrx_word' id='word_1_808' title='bbox 3229 4355 3519 4411; x_wconf 91' lang='lat' dir='ltr'><strong>pauperem</strong></span> <span class='ocrx_word' id='word_1_809' title='bbox 3546 4356 3631 4395; x_wconf 92' lang='lat' dir='ltr'><strong>re-</strong></span> 
     </span>
    </p>
   </div>
   <div class='ocr_carea' id='block_1_105' title="bbox 2044 4430 3628 4504">
    <p class='ocr_par' dir='ltr' id='par_1_105' title="bbox 2044 4430 3628 4504">
     <span class='ocr_line' id='line_1_105' title="bbox 2044 4430 3628 4504; baseline -0.003 -17"><span class='ocrx_word' id='word_1_810' title='bbox 2044 4446 2201 4504; x_wconf 87' lang='lat' dir='ltr'><strong>pente</strong></span> <span class='ocrx_word' id='word_1_811' title='bbox 2229 4436 2280 4489; x_wconf 92' lang='lat' dir='ltr'><strong>in</strong></span> <span class='ocrx_word' id='word_1_812' title='bbox 2304 4435 2467 4489; x_wconf 85' lang='lat' dir='ltr'><strong>tilium</strong></span> <span class='ocrx_word' id='word_1_813' title='bbox 2495 4432 2799 4502; x_wconf 87' lang='lat' dir='ltr'><strong>adoptaret,</strong></span> <span class='ocrx_word' id='word_1_814' title='bbox 2826 4432 3092 4502; x_wconf 75' lang='lat' dir='ltr'><strong>tugurium</strong></span> <span class='ocrx_word' id='word_1_815' title='bbox 3121 4440 3267 4485; x_wconf 85' lang='lat' dir='ltr'><strong>tmtm</strong></span> <span class='ocrx_word' id='word_1_816' title='bbox 3294 4430 3518 4501; x_wconf 86' lang='lat' dir='ltr'><strong>ejusque</strong></span> <span class='ocrx_word' id='word_1_817' title='bbox 3546 4430 3628 4483; x_wconf 89' lang='lat' dir='ltr'><strong>vi-</strong></span> 
     </span>
    </p>
   </div>
   <div class='ocr_carea' id='block_1_106' title="bbox 2046 4519 3627 4595">
    <p class='ocr_par' dir='ltr' id='par_1_106' title="bbox 2046 4519 3627 4595">
     <span class='ocr_line' id='line_1_106' title="bbox 2046 4519 3627 4595; baseline -0.004 -15"><span class='ocrx_word' id='word_1_818' title='bbox 2046 4526 2248 4584; x_wconf 80' lang='lat' dir='ltr'><strong>litatem</strong></span> <span class='ocrx_word' id='word_1_819' title='bbox 2307 4525 2444 4579; x_wconf 90' lang='lat' dir='ltr'><strong>ultra</strong></span> <span class='ocrx_word' id='word_1_820' title='bbox 2493 4526 2826 4595; x_wconf 89' lang='lat' dir='ltr'><strong>respiceres,</strong></span> <span class='ocrx_word' id='word_1_821' title='bbox 2872 4522 3079 4577; x_wconf 87' lang='lat' dir='ltr'><strong>etiamsi</strong></span> <span class='ocrx_word' id='word_1_822' title='bbox 3124 4521 3242 4576; x_wconf 66' lang='lat' dir='ltr'><strong>hare</strong></span> <span class='ocrx_word' id='word_1_823' title='bbox 3291 4536 3396 4575; x_wconf 92' lang='lat' dir='ltr'><strong>non</strong></span> <span class='ocrx_word' id='word_1_824' title='bbox 3440 4519 3627 4591; x_wconf 78' lang='lat' dir='ltr'><strong>grandi</strong></span> 
     </span>
    </p>
   </div>
   <div class='ocr_carea' id='block_1_107' title="bbox 2047 4612 3623 4686">
    <p class='ocr_par' dir='ltr' id='par_1_107' title="bbox 2047 4612 3623 4686">
     <span class='ocr_line' id='line_1_107' title="bbox 2047 4612 3623 4686; baseline -0.006 -12"><span class='ocrx_word' id='word_1_825' title='bbox 2047 4618 2330 4681; x_wconf 83' lang='lat' dir='ltr'><strong>intervallo</strong></span> <span class='ocrx_word' id='word_1_826' title='bbox 2380 4625 2716 4686; x_wconf 89' lang='lat' dir='ltr'><strong>separantur.</strong></span> <span class='ocrx_word' id='word_1_827' title='bbox 2763 4614 2841 4669; x_wconf 90' lang='lat' dir='ltr'><strong>Ne</strong></span> <span class='ocrx_word' id='word_1_828' title='bbox 2887 4615 3066 4683; x_wconf 90' lang='lat' dir='ltr'><strong>itaque</strong></span> <span class='ocrx_word' id='word_1_829' title='bbox 3114 4614 3201 4667; x_wconf 91' lang='lat' dir='ltr'><strong>hic</strong></span> <span class='ocrx_word' id='word_1_830' title='bbox 3246 4612 3520 4681; x_wconf 89' lang='lat' dir='ltr'><strong>quidpiam</strong></span> <span class='ocrx_word' id='word_1_831' title='bbox 3565 4627 3623 4664; x_wconf 76' lang='lat' dir='ltr'><strong>ex</strong></span> 
     </span>
    </p>
   </div>
   <div class='ocr_carea' id='block_1_108' title="bbox 2046 4700 3629 4779">
    <p class='ocr_par' dir='ltr' id='par_1_108' title="bbox 2046 4700 3629 4779">
     <span class='ocr_line' id='line_1_108' title="bbox 2046 4700 3629 4779; baseline -0.007 -15"><span class='ocrx_word' id='word_1_832' title='bbox 2046 4709 2313 4779; x_wconf 90' lang='lat' dir='ltr'><strong>prioribus</strong></span> <span class='ocrx_word' id='word_1_833' title='bbox 2357 4708 2409 4761; x_wconf 90' lang='lat' dir='ltr'><strong>in</strong></span> <span class='ocrx_word' id='word_1_834' title='bbox 2451 4716 2629 4762; x_wconf 90' lang='lat' dir='ltr'><strong>mente</strong></span> <span class='ocrx_word' id='word_1_835' title='bbox 2674 4720 2901 4761; x_wconf 88' lang='lat' dir='ltr'><strong>verses:</strong></span> <span class='ocrx_word' id='word_1_836' title='bbox 2934 4720 3054 4759; x_wconf 90' lang='lat' dir='ltr'><strong>nam</strong></span> <span class='ocrx_word' id='word_1_837' title='bbox 3099 4702 3167 4757; x_wconf 90' lang='lat' dir='ltr'><strong>ad</strong></span> <span class='ocrx_word' id='word_1_838' title='bbox 3211 4703 3367 4766; x_wconf 70' lang='lat' dir='ltr'><strong>longe</strong></span> <span class='ocrx_word' id='word_1_839' title='bbox 3413 4700 3629 4755; x_wconf 88' lang='lat' dir='ltr'><strong>meliora</strong></span> 
     </span>
    </p>
   </div>
   <div class='ocr_carea' id='block_1_109' title="bbox 2046 4789 3631 4862">
    <p class='ocr_par' dir='ltr' id='par_1_109' title="bbox 2046 4789 3631 4862">
     <span class='ocr_line' id='line_1_109' title="bbox 2046 4789 3631 4862; baseline -0.012 -4"><span class='ocrx_word' id='word_1_840' title='bbox 2046 4809 2276 4858; x_wconf 77' lang='lat' dir='ltr'><strong>vocatus</strong></span> <span class='ocrx_word' id='word_1_841' title='bbox 2324 4813 2405 4853; x_wconf 92' lang='lat' dir='ltr'><strong>es.</strong></span> <span class='ocrx_word' id='word_1_842' title='bbox 2463 4795 2566 4862; x_wconf 85' lang='lat' dir='ltr'><strong>Qui</strong></span> <span class='ocrx_word' id='word_1_843' title='bbox 2591 4795 2737 4848; x_wconf 88' lang='lat' dir='ltr'><strong>enim</strong></span> <span class='ocrx_word' id='word_1_844' title='bbox 2781 4803 2959 4859; x_wconf 87' lang='lat' dir='ltr'><strong>vocat,</strong></span> <span class='ocrx_word' id='word_1_845' title='bbox 2993 4792 3309 4861; x_wconf 87' lang='lat' dir='ltr'><strong>angelorum</strong></span> <span class='ocrx_word' id='word_1_846' title='bbox 3366 4789 3631 4842; x_wconf 86' lang='lat' dir='ltr'><strong>Dominus</strong></span> 
     </span>
    </p>
   </div>
   <div class='ocr_carea' id='block_1_110' title="bbox 2047 4883 3638 4960">
    <p class='ocr_par' dir='ltr' id='par_1_110' title="bbox 2047 4883 3638 4960">
     <span class='ocr_line' id='line_1_110' title="bbox 2047 4883 3638 4960; baseline -0.01 -12"><span class='ocrx_word' id='word_1_847' title='bbox 2047 4905 2150 4958; x_wconf 90' lang='lat' dir='ltr'><strong>est,</strong></span> <span class='ocrx_word' id='word_1_848' title='bbox 2211 4895 2464 4960; x_wconf 90' lang='lat' dir='ltr'><strong>bonaque</strong></span> <span class='ocrx_word' id='word_1_849' title='bbox 2529 4888 2623 4941; x_wconf 89' lang='lat' dir='ltr'><strong>tibi</strong></span> <span class='ocrx_word' id='word_1_850' title='bbox 2687 4886 2885 4939; x_wconf 84' lang='lat' dir='ltr'><strong>collata</strong></span> <span class='ocrx_word' id='word_1_851' title='bbox 2956 4883 3222 4937; x_wconf 87' lang='lat' dir='ltr'><strong>rationem</strong></span> <span class='ocrx_word' id='word_1_852' title='bbox 3300 4895 3516 4935; x_wconf 89' lang='lat' dir='ltr'><strong>omnem</strong></span> <span class='ocrx_word' id='word_1_853' title='bbox 3585 4890 3638 4932; x_wconf 85' lang='lat' dir='ltr'><strong>et</strong></span> 
     </span>
    </p>
   </div>
   <div class='ocr_carea' id='block_1_111' title="bbox 2051 4972 3639 5052">
    <p class='ocr_par' dir='ltr' id='par_1_111' title="bbox 2051 4972 3639 5052">
     <span class='ocr_line' id='line_1_111' title="bbox 2051 4972 3639 5052; baseline -0.01 -11"><span class='ocrx_word' id='word_1_854' title='bbox 2051 5001 2283 5041; x_wconf 85' lang='lat' dir='ltr'><strong>mentem</strong></span> <span class='ocrx_word' id='word_1_855' title='bbox 2319 4990 2598 5052; x_wconf 74' lang='lat' dir='ltr'><strong>superant.</strong></span> <span class='ocrx_word' id='word_1_856' title='bbox 2657 4976 2776 5032; x_wconf 89' lang='lat' dir='ltr'><strong>Non</strong></span> <span class='ocrx_word' id='word_1_857' title='bbox 2807 4977 2953 5031; x_wconf 89' lang='lat' dir='ltr'><strong>enim</strong></span> <span class='ocrx_word' id='word_1_858' title='bbox 2982 4990 3011 5029; x_wconf 91' lang='lat' dir='ltr'><strong>a</strong></span> <span class='ocrx_word' id='word_1_859' title='bbox 3046 4983 3188 5028; x_wconf 86' lang='lat' dir='ltr'><strong>terra</strong></span> <span class='ocrx_word' id='word_1_860' title='bbox 3240 4972 3295 5026; x_wconf 90' lang='lat' dir='ltr'><strong>in</strong></span> <span class='ocrx_word' id='word_1_861' title='bbox 3356 4981 3553 5025; x_wconf 84' lang='lat' dir='ltr'><strong>terram</strong></span> <span class='ocrx_word' id='word_1_862' title='bbox 3588 4980 3639 5025; x_wconf 90' lang='lat' dir='ltr'><strong>te</strong></span> 
     </span>
    </p>
   </div>
   <div class='ocr_carea' id='block_1_112' title="bbox 2051 5061 3634 5139">
    <p class='ocr_par' dir='ltr' id='par_1_112' title="bbox 2051 5061 3634 5139">
     <span class='ocr_line' id='line_1_112' title="bbox 2051 5061 3634 5139; baseline -0.01 -9"><span class='ocrx_word' id='word_1_863' title='bbox 2051 5074 2341 5139; x_wconf 80' lang='lat' dir='ltr'><strong>transfert,</strong></span> <span class='ocrx_word' id='word_1_864' title='bbox 2390 5079 2450 5125; x_wconf 90' lang='lat' dir='ltr'><strong>ut</strong></span> <span class='ocrx_word' id='word_1_865' title='bbox 2484 5070 2575 5124; x_wconf 81' lang='lat' dir='ltr'><strong>ille</strong></span> <span class='ocrx_word' id='word_1_866' title='bbox 2604 5084 2733 5133; x_wconf 82' lang='lat' dir='ltr'><strong>rex;</strong></span> <span class='ocrx_word' id='word_1_867' title='bbox 2776 5065 2871 5121; x_wconf 91' lang='lat' dir='ltr'><strong>sed</strong></span> <span class='ocrx_word' id='word_1_868' title='bbox 2916 5079 2947 5119; x_wconf 86' lang='lat' dir='ltr'><strong>a</strong></span> <span class='ocrx_word' id='word_1_869' title='bbox 2992 5073 3131 5118; x_wconf 86' lang='lat' dir='ltr'><strong>terra</strong></span> <span class='ocrx_word' id='word_1_870' title='bbox 3163 5063 3217 5117; x_wconf 90' lang='lat' dir='ltr'><strong>in</strong></span> <span class='ocrx_word' id='word_1_871' title='bbox 3245 5061 3460 5129; x_wconf 78' lang='lat' dir='ltr'><strong>caelum,</strong></span> <span class='ocrx_word' id='word_1_872' title='bbox 3504 5068 3561 5117; x_wconf 90' lang='lat' dir='ltr'><strong>et</strong></span> <span class='ocrx_word' id='word_1_873' title='bbox 3605 5076 3634 5114; x_wconf 90' lang='lat' dir='ltr'><strong>a</strong></span> 
     </span>
    </p>
   </div>
   <div class='ocr_carea' id='block_1_113' title="bbox 2052 5156 3641 5233">
    <p class='ocr_par' dir='ltr' id='par_1_113' title="bbox 2052 5156 3641 5233">
     <span class='ocr_line' id='line_1_113' title="bbox 2052 5156 3641 5233; baseline -0.009 -9"><span class='ocrx_word' id='word_1_874' title='bbox 2052 5169 2262 5224; x_wconf 90' lang='lat' dir='ltr'><strong>mortali</strong></span> <span class='ocrx_word' id='word_1_875' title='bbox 2294 5175 2480 5220; x_wconf 91' lang='lat' dir='ltr'><strong>natura</strong></span> <span class='ocrx_word' id='word_1_876' title='bbox 2523 5164 2575 5217; x_wconf 93' lang='lat' dir='ltr'><strong>in</strong></span> <span class='ocrx_word' id='word_1_877' title='bbox 2625 5161 2848 5233; x_wconf 87' lang='lat' dir='ltr'><strong>gloriam</strong></span> <span class='ocrx_word' id='word_1_878' title='bbox 2895 5158 3250 5214; x_wconf 89' lang='lat' dir='ltr'><strong>immortalem</strong></span> <span class='ocrx_word' id='word_1_879' title='bbox 3297 5167 3353 5213; x_wconf 92' lang='lat' dir='ltr'><strong>et</strong></span> <span class='ocrx_word' id='word_1_880' title='bbox 3399 5156 3641 5211; x_wconf 74' lang='lat' dir='ltr'><strong>inell&#39;abi-</strong></span> 
     </span>
    </p>
   </div>
   <div class='ocr_carea' id='block_1_114' title="bbox 2053 5250 3638 5331">
    <p class='ocr_par' dir='ltr' id='par_1_114' title="bbox 2053 5250 3638 5331">
     <span class='ocr_line' id='line_1_114' title="bbox 2053 5250 3638 5331; baseline -0.009 -13"><span class='ocrx_word' id='word_1_881' title='bbox 2053 5265 2182 5327; x_wconf 91' lang='lat' dir='ltr'><strong>lem,</strong></span> <span class='ocrx_word' id='word_1_882' title='bbox 2215 5276 2332 5331; x_wconf 75' lang='lat' dir='ltr'><strong>qua:</strong></span> <span class='ocrx_word' id='word_1_883' title='bbox 2358 5269 2483 5313; x_wconf 91' lang='lat' dir='ltr'><strong>tunc</strong></span> <span class='ocrx_word' id='word_1_884' title='bbox 2508 5265 2711 5311; x_wconf 91' lang='lat' dir='ltr'><strong>tantum</strong></span> <span class='ocrx_word' id='word_1_885' title='bbox 2737 5254 2880 5309; x_wconf 88' lang='lat' dir='ltr'><strong>clare</strong></span> <span class='ocrx_word' id='word_1_886' title='bbox 2905 5255 3101 5322; x_wconf 89' lang='lat' dir='ltr'><strong>poterit</strong></span> <span class='ocrx_word' id='word_1_887' title='bbox 3126 5250 3375 5322; x_wconf 87' lang='lat' dir='ltr'><strong>perspici,</strong></span> <span class='ocrx_word' id='word_1_888' title='bbox 3402 5264 3523 5304; x_wconf 90' lang='lat' dir='ltr'><strong>cum</strong></span> <span class='ocrx_word' id='word_1_889' title='bbox 3551 5250 3638 5303; x_wconf 86' lang='lat' dir='ltr'><strong>illa</strong></span> 
     </span>
    </p>
   </div>
   <div class='ocr_carea' id='block_1_115' title="bbox 2058 5340 3641 5416">
    <p class='ocr_par' dir='ltr' id='par_1_115' title="bbox 2058 5340 3641 5416">
     <span class='ocr_line' id='line_1_115' title="bbox 2058 5340 3641 5416; baseline -0.007 -10"><span class='ocrx_word' id='word_1_890' title='bbox 2058 5354 2313 5408; x_wconf 82' lang='lat' dir='ltr'><strong>fruemur.</strong></span> <span class='ocrx_word' id='word_1_891' title='bbox 2357 5350 2504 5405; x_wconf 87' lang='lat' dir='ltr'><strong>Talia</strong></span> <span class='ocrx_word' id='word_1_892' title='bbox 2537 5358 2713 5405; x_wconf 90' lang='lat' dir='ltr'><strong>tamen</strong></span> <span class='ocrx_word' id='word_1_893' title='bbox 2741 5355 3166 5416; x_wconf 75' lang='lat' dir='ltr'><strong>consequutnrus</strong></span> <span class='ocrx_word' id='word_1_894' title='bbox 3192 5342 3353 5403; x_wconf 89' lang='lat' dir='ltr'><strong>bona,</strong></span> <span class='ocrx_word' id='word_1_895' title='bbox 3386 5340 3641 5411; x_wconf 77' lang='lat' dir='ltr'><strong>pecunias</strong></span> 
     </span>
    </p>
   </div>
   <div class='ocr_carea' id='block_1_116' title="bbox 2058 5429 3645 5505">
    <p class='ocr_par' dir='ltr' id='par_1_116' title="bbox 2058 5429 3645 5505">
     <span class='ocr_line' id='line_1_116' title="bbox 2058 5429 3645 5505; baseline -0.01 -7"><span class='ocrx_word' id='word_1_896' title='bbox 2058 5444 2186 5498; x_wconf 87' lang='lat' dir='ltr'><strong>mihi</strong></span> <span class='ocrx_word' id='word_1_897' title='bbox 2216 5453 2647 5505; x_wconf 89' lang='lat' dir='ltr'><strong>commemoras,</strong></span> <span class='ocrx_word' id='word_1_898' title='bbox 2692 5445 3067 5505; x_wconf 86' lang='lat' dir='ltr'><strong>terrenamque</strong></span> <span class='ocrx_word' id='word_1_899' title='bbox 3110 5446 3355 5502; x_wconf 86' lang='lat' dir='ltr'><strong>pompam</strong></span> <span class='ocrx_word' id='word_1_900' title='bbox 3401 5429 3645 5484; x_wconf 78' lang='lat' dir='ltr'><strong>retines?</strong></span> 
     </span>
    </p>
   </div>
   <div class='ocr_carea' id='block_1_117' title="bbox 2061 5520 3639 5602">
    <p class='ocr_par' dir='ltr' id='par_1_117' title="bbox 2061 5520 3639 5602">
     <span class='ocr_line' id='line_1_117' title="bbox 2061 5520 3639 5602; baseline -0.011 -12"><span class='ocrx_word' id='word_1_901' title='bbox 2061 5551 2160 5590; x_wconf 89' lang='lat' dir='ltr'><strong>nec</strong></span> <span class='ocrx_word' id='word_1_902' title='bbox 2211 5542 2364 5602; x_wconf 89' lang='lat' dir='ltr'><strong>putas</strong></span> <span class='ocrx_word' id='word_1_903' title='bbox 2409 5530 2524 5585; x_wconf 78' lang='lat' dir='ltr'><strong>lure</strong></span> <span class='ocrx_word' id='word_1_904' title='bbox 2561 5530 2736 5583; x_wconf 91' lang='lat' dir='ltr'><strong>omnia</strong></span> <span class='ocrx_word' id='word_1_905' title='bbox 2781 5543 2900 5598; x_wconf 75' lang='lat' dir='ltr'><strong>qua:</strong></span> <span class='ocrx_word' id='word_1_906' title='bbox 2940 5526 3040 5580; x_wconf 88' lang='lat' dir='ltr'><strong>sub</strong></span> <span class='ocrx_word' id='word_1_907' title='bbox 3081 5531 3354 5594; x_wconf 83' lang='lat' dir='ltr'><strong>aspectum</strong></span> <span class='ocrx_word' id='word_1_908' title='bbox 3406 5520 3639 5585; x_wconf 88' lang='lat' dir='ltr'><strong>cadunt,</strong></span> 
     </span>
    </p>
   </div>
   <div class='ocr_carea' id='block_1_118' title="bbox 2062 5612 3647 5692">
    <p class='ocr_par' dir='ltr' id='par_1_118' title="bbox 2062 5612 3647 5692">
     <span class='ocr_line' id='line_1_118' title="bbox 2062 5612 3647 5692; baseline -0.011 -11"><span class='ocrx_word' id='word_1_909' title='bbox 2062 5624 2428 5682; x_wconf 88' lang='lat' dir='ltr'><strong>mendicorum</strong></span> <span class='ocrx_word' id='word_1_910' title='bbox 2459 5621 2650 5692; x_wconf 89' lang='lat' dir='ltr'><strong>pannis</strong></span> <span class='ocrx_word' id='word_1_911' title='bbox 2675 5635 2796 5676; x_wconf 87' lang='lat' dir='ltr'><strong>esse</strong></span> <span class='ocrx_word' id='word_1_912' title='bbox 2824 5616 3047 5674; x_wconf 80' lang='lat' dir='ltr'><strong>viliora?</strong></span> <span class='ocrx_word' id='word_1_913' title='bbox 3081 5615 3153 5671; x_wconf 85' lang='lat' dir='ltr'><strong>Et</strong></span> <span class='ocrx_word' id='word_1_914' title='bbox 3190 5612 3463 5686; x_wconf 87' lang='lat' dir='ltr'><strong>quomodo</strong></span> <span class='ocrx_word' id='word_1_915' title='bbox 3496 5618 3647 5667; x_wconf 86' lang='lat' dir='ltr'><strong>tanto</strong></span> 
     </span>
    </p>
   </div>
   <div class='ocr_carea' id='block_1_119' title="bbox 2132 5770 3337 5842">
    <p class='ocr_par' dir='ltr' id='par_1_119' title="bbox 2132 5770 3337 5842">
     <span class='ocr_line' id='line_1_119' title="bbox 2132 5770 3337 5842; baseline -0.015 -12"><span class='ocrx_word' id='word_1_916' title='bbox 2132 5784 2149 5814; x_wconf 76' lang='grc' dir='ltr'>ι</span> <span class='ocrx_word' id='word_1_917' title='bbox 2184 5787 2328 5841; x_wconf 86' lang='lat' dir='ltr'><strong>Unus,</strong></span> <span class='ocrx_word' id='word_1_918' title='bbox 2352 5790 2447 5829; x_wconf 82' lang='lat' dir='ltr'><strong>non</strong></span> <span class='ocrx_word' id='word_1_919' title='bbox 2465 5779 2721 5842; x_wconf 75' lang='lat' dir='ltr'><strong>puritatem</strong></span> <span class='ocrx_word' id='word_1_920' title='bbox 2744 5771 2986 5838; x_wconf 75' lang='lat' dir='ltr'><strong>baptismi;</strong></span> <span class='ocrx_word' id='word_1_921' title='bbox 3009 5770 3169 5821; x_wconf 87' lang='lat' dir='ltr'><strong>minus</strong></span> <span class='ocrx_word' id='word_1_922' title='bbox 3180 5772 3337 5819; x_wconf 78' lang='lat' dir='ltr'><strong>recte.</strong></span> 
     </span>
    </p>
   </div>
  </div>
