4052 6432
501 354 609 410 907

502 473 711 526 honore
739 465 932 535 dignus
958 453 1237 514 habearis‘l
1263 467 1422 521 quam
1447 448 1813 506 defensionem
1857 446 2094 517 proferre

512 559 730 632 possis?
773 558 882 611 imo
909 551 1086 623 potius
1123 560 1254 615 quas
1282 559 1467 614 pmnas
1492 558 1599 596 non
1627 541 1743 595 lues
1763 582 1777 605 ,
1809 555 1928 595 eum
1975 547 2095 608 post

505 627 713 707 iantnm
764 646 962 700 donum
1007 640 1072 694 ad
1119 638 1351 708 priorem
1403 632 1661 687 vomitum
1710 630 1935 686 curras?
1978 627 2092 684 Non

507 739 652 795 enim
695 736 830 791 ultra
863 742 922 787 ut
968 732 1128 785 homo
1153 771 1168 791 ,
1213 725 1306 781 sed
1353 733 1408 778 ut
1438 723 1576 778 ﬁlius
1625 721 1718 777 Dei
1750 730 2092 791 peccatorum

505 841 694 898 parias
722 823 913 889 dabis,
966 821 1166 887 tibique
1198 817 1415 870 honoris
1459 809 1766 882 magnitudo
1809 809 1874 863 ad
1922 808 2095 878 majus

505 916 824 986 supplicium
853 912 994 965 viam
1027 907 1253 980 parabit.
1300 902 1574 972 Siquidem
1623 913 1719 953 nos
1744 941 1758 963 ,
1813 907 2096 968 peccantes

503 1022 716 1075 servos,
748 1015 802 1060 et
824 1005 962 1059 ﬁlios
991 1001 1361 1069 delinquentes
1390 1010 1496 1048 non
1544 992 1656 1062 pari
1701 990 1962 1061 supplicio
1987 990 2099 1058 ple-

503 1100 859 1162 ctimus,cum
889 1093 1120 1148 maxime
1145 1090 1215 1142 illi
1246 1101 1432 1156 magna
1457 1093 1576 1138 sunt
1604 1099 1633 1138 a
1664 1083 1816 1137 nobis
1841 1081 2096 1136 beneﬁcia

506 1186 843 1258 consequuti.
872 1183 1004 1239 Nam
1032 1181 1076 1234 si
1105 1181 1148 1233 is
1169 1177 1260 1248 qui
1291 1173 1594 1246 paradisum
1621 1173 1671 1226 in
1700 1181 1898 1226 sortem
1939 1186 2096 1224 acce-

507 1289 679 1350 perat,
716 1275 859 1349 quod
886 1273 1050 1330 semel
1091 1281 1454 1340 transgressus
1476 1274 1619 1322 esset
1643 1307 1654 1326 ,
1682 1273 1824 1318 tanta
1851 1273 1970 1333 post
1998 1262 2098 1314 ho-

508 1387 693 1451 norem
723 1368 943 1438 pertulit
973 1365 1108 1419 mala
1134 1381 1147 1430 ;
1180 1378 1278 1415 nos
1304 1361 1392 1431 qui
1421 1359 1610 1413 caelum
1638 1357 1943 1424 accepimus
1976 1397 1990 1418 ,
2019 1363 2100 1407 at-

507 1447 612 1534 que
643 1461 912 1531 Unigeniti
943 1455 1238 1513 coheredes
1265 1453 1386 1507 facti
1410 1467 1594 1505 sumus
1613 1490 1628 1513 ,
1659 1463 1816 1517 quam
1845 1447 2100 1515 impetra-

508 1556 684 1608 bimus
715 1552 921 1606 veniam
949 1591 964 1616 ,
992 1548 1036 1602 si
1057 1547 1124 1601 ad
1154 1551 1455 1613 serpentem
1499 1541 1682 1594 relicta
1701 1537 1945 1592 columba
1974 1552 2100 1590 enr-

509 1643 732 1698 ramus?
757 1641 872 1696 Non
901 1641 1044 1692 enim
1072 1636 1209 1690 ultra
1238 1633 1536 1687 audiemus.
1570 1629 1723 1682 Terra
1750 1644 1819 1690 es,
1845 1636 1890 1679 et
1919 1626 1970 1678 in
1992 1635 2096 1678 ler-

509 1753 624 1790 ram
645 1733 904 1788 reverteris
932 1729 1084 1802 (Gen.
1131 1729 1184 1782 5.
1219 1724 1331 1796 l9),
1364 1738 1534 1792 neque
1582 1720 1880 1790 Operaberis
1919 1729 2103 1772 terram

513 1830 667 1901 (Gen.
701 1829 753 1883 4.
789 1825 897 1896 12)
923 1866 939 1891 ,
968 1822 1052 1878 vel
1077 1821 1180 1875 alia
1207 1819 1333 1874 olim
1359 1816 1520 1881 dicta,
1555 1813 1648 1868 sed
1675 1813 1834 1882 longe
1866 1811 1949 1864 his
1983 1825 2102 1880 gra-

516 1921 667 1976 viora
694 1961 709 1985 ,
740 1919 985 1973 tenebras
1010 1913 1306 1970 exteriores
1329 1951 1346 1976 ,
1387 1905 1598 1962 vincula
1629 1903 1946 1967 iusolubilia,
1980 1917 2102 1954 ver-

514 2028 656 2067 mem
679 2023 1026 2071 venenosum,
1053 2003 1334 2059 stridorem
1355 1999 1621 2055 dentium;
1644 2005 1699 2048 et
1725 1994 1842 2064 jure
1863 1991 2100 2063 quidem.

515 2107 614 2176 Qui
642 2106 783 2160 enim
812 2119 910 2158 nec
940 2109 1061 2172 post
1089 2107 1291 2152 tantum
1321 2091 1638 2148 beneﬁcium
1668 2087 1859 2142 melior
1887 2083 2101 2150 evadit,

509 2175 631 2269 jure
657 2206 924 2252 extremas
967 2201 1021 2246 et
1059 2188 1402 2261 gravissimas
1446 2195 1631 2252 ptenas
1669 2179 1836 2234 dabit.
1883 2175 2106 2245 Aperuit

515 2291 644 2345 olim
685 2297 739 2344 et
762 2285 956 2342 clausit
983 2283 1173 2338 caelum
1204 2279 1364 2341 Elias,
1396 2274 1491 2330 sed
1524 2273 1594 2327 ita
1636 2279 1695 2326 nt
1733 2269 1962 2339 pluviam
2009 2275 2100 2321 aut

515 2381 820 2436 demitteret
862 2386 954 2430 aut
985 2373 1240 2428 retineret
1267 2367 1343 2440 (5.
1378 2365 1504 2436 Reg.
1540 2363 1631 2433 17)
1660 2380 1673 2416 :
1704 2361 1796 2416 tibi
1825 2375 1953 2413 vero
1999 2374 2104 2412 non

515 2475 587 2527 ita
617 2471 808 2526 cadum
849 2466 1088 2536 aperitur
1113 2505 1130 2532 ,
1161 2461 1254 2516 sed
1286 2468 1341 2514 ut
1371 2458 1494 2512 illuc
1522 2452 1812 2517 ascendas;
1857 2450 2107 2520 quodque

514 2564 686 2634 majus
724 2569 842 2628 est,
890 2574 996 2614 non
1043 2566 1102 2611 ut
1144 2551 1406 2608 ascendas
1453 2557 1657 2603 tantum
1683 2587 1699 2612 ,
1732 2543 1827 2598 sed
1874 2551 1932 2598 ut
1971 2541 2109 2595 alios

516 2657 679 2711 etiam
709 2664 885 2708 tecum
911 2650 1099 2713 ducas,
1130 2647 1175 2701 si
1207 2643 1365 2704 velis,
1400 2649 1598 2694 tantam
1623 2635 1718 2692 tibi
1761 2635 1814 2689 in
1842 2634 1953 2688 suis
1984 2648 2108 2686 om--

517 2747 676 2801 nibus
700 2743 948 2798 fiduciam
992 2747 1046 2794 et
1086 2742 1403 2807 potestatem
1445 2729 1609 2784 dedit.
1641 2722 1902 2792 Quoniam
1948 2723 2109 2793 igitur

517 2838 590 2892 ibi
619 2837 811 2891 domus
837 2840 1018 2887 nostra
1045 2839 1146 2892 est,
1179 2825 1286 2880 illic
1307 2821 1484 2878 omnia
1511 2820 1865 2888 deponamus,
1891 2824 1946 2869 et
1975 2812 2106 2867 nihil

522 2929 609 2983 hic
638 2927 1023 2994 relinquamus,
1058 2936 1124 2975 ne
1155 2919 1243 2973 illa
1264 2915 1571 2988 perdamus.
1604 2910 1700 2965 Hic
1728 2909 1870 2964 enim
1899 2905 2106 2961 etiamsi

518 3021 727 3074 clavem
753 3015 1009 3070 adhibeas
1035 3056 1048 3078 ,
1079 3021 1132 3066 et
1161 3017 1343 3079 portas
1368 3015 1423 3061 et
1447 3014 1657 3069 vectes,
1687 3003 1730 3056 si
1758 3000 1903 3055 mille
1925 3014 2108 3052 servos

518 3111 677 3164 sistas
701 3151 716 3175 ,
762 3116 818 3162 et
852 3105 1190 3160 insidiatores
1217 3113 1407 3156 omnes
1435 3097 1671 3152 declines
1691 3136 1706 3160 ,
1736 3092 1942 3147 etiamsi
1976 3091 2110 3145 invi-

518 3202 710 3255 dorum
741 3197 926 3254 oculos
954 3194 1196 3264 cﬁ'ugias,
1225 3191 1324 3246 etsi
1355 3191 1545 3250 tineas,
1574 3184 1783 3241 etiamsi
1816 3183 2108 3252 perniciem

524 3306 682 3361 quam
711 3298 952 3343 vetustas
972 3285 1130 3340 all‘ert
1157 3325 1172 3348 ,
1204 3280 1343 3353 quod
1374 3290 1548 3333 tamen
1583 3276 1696 3330 ﬁeri
1728 3274 1931 3345 nequit,
1961 3289 2106 3326 mor—

519 3393 629 3436 tem
655 3390 801 3434 certe
831 3393 937 3432 non
967 3375 1189 3445 effugies
1213 3415 1227 3439 ,
1275 3385 1487 3441 unoque
1538 3366 1794 3436 temporis
1835 3373 2109 3419 momento

527 3474 643 3527 hazc
671 3472 849 3526 omnia
896 3468 1204 3523 auferentur
1235 3482 1247 3519 :
1295 3477 1394 3518 nec
1425 3459 1586 3515 modo
1614 3457 1926 3511 auferentur
1947 3495 1960 3514 .
2014 3454 2107 3508 sed

518 3566 681 3622 etiam
727 3578 869 3632 szepe
901 3563 952 3615 in
982 3575 1171 3614 manus
1200 3556 1540 3610 inimicorum
1573 3551 1866 3605 tradentur.
1895 3549 1951 3601 Si
1979 3563 2110 3601 vero

520 3659 574 3712 in
603 3655 820 3709 domum
859 3651 1003 3705 illam
1045 3649 1409 3707 transmittas,
1443 3641 1692 3698 omnibus
1740 3639 1823 3692 his
1862 3637 2109 3705 superior

518 3749 649 3803 eris.
690 3745 872 3813 Neque
897 3742 1038 3797 enim
1069 3740 1248 3793 claves
1273 3777 1288 3800 ,
1328 3735 1415 3789 vel
1455 3742 1657 3803 portas,
1691 3730 1773 3784 vel
1799 3738 1980 3783 vectes
2007 3725 2107 3779 ad-

522 3838 708 3892 hibere
736 3841 986 3905 oportet;
1031 3845 1199 3899 usque
1239 3827 1374 3882 adeo
1401 3824 1602 3878 munita
1642 3832 1726 3875 est
1767 3821 1854 3875 illa
1883 3819 2070 3873 civitas
2091 3859 2104 3880 ,

522 3941 630 3985 tam
663 3924 1096 3996 inexpugnabilis
1122 3921 1292 3983 locus,
1317 3927 1422 3972 tam
1451 3915 1756 3970 inaccessos
1780 3909 2106 3980 corruptioni

517 4033 574 4077 ct
600 4017 937 4089 malignitati.

588 4111 642 4166 5.
685 4112 876 4162 Annon
921 4113 1175 4160 extremae
1214 4097 1497 4154 dementiae
1524 4105 1641 4156 est,
1675 4094 1746 4148 ibi
1791 4093 1969 4147 omnia
2011 4105 2099 4145 ac-

519 4202 793 4257 cumulare
817 4198 904 4252 ubi
935 4196 1178 4263 deposita
1207 4197 1430 4259 pereunt
1469 4196 1523 4242 et.
1542 4193 1980 4255 corrumpuntur,
2013 4183 2104 4237 ubi

519 4309 652 4348 vero
697 4293 897 4344 intacta
947 4294 1166 4340 manent
1211 4292 1265 4337 et
1289 4289 1586 4351 augentur,
1621 4278 1689 4331 ibi
1722 4293 1790 4332 ne
1831 4277 2104 4330 minimam

520 4401 706 4440 eorum
739 4391 948 4453 partem
976 4379 1279 4448 deponere,
1308 4388 1429 4427 cum
1459 4370 1691 4424 n'iaxime
1737 4369 1806 4424 ibi
1836 4369 1952 4424 sine
1997 4368 2103 4422 ﬁne

519 4477 712 4530 victuri
768 4471 976 4526 simus?
1021 4469 1144 4523 Ideo
1185 4465 1414 4537 gentiles
1463 4460 1619 4514 Iidem
1653 4467 1851 4531 negant
1896 4461 1961 4512 iis
1987 4472 2105 4526 qua!

525 4567 759 4624 dicimus
793 4583 805 4619 :
837 4579 956 4618 nam
987 4578 1052 4618 ex
1102 4559 1287 4623 factis,
1322 4571 1428 4610 non
1459 4573 1524 4611 ex
1566 4553 1720 4607 dictis
1765 4552 2105 4607 demonstra-

1221 336 1276 392 S.
1317 334 1597 394 JOANNIS
1631 333 2111 392 ςιιιιιιδοετοιιι
2147 334 2464 392 ARCIIIEP.
2506 335 3043 394 CONSTANTINOP.

3678 338 3783 394 208

2201 447 2402 503 tionem
2447 463 2476 502 a
2527 449 2682 503 nobis
2713 449 2933 518 exigunt
2966 466 2978 500 :
3006 464 3068 503 ac
3097 463 3218 503 cum
3270 448 3452 505 rident
3497 466 3598 508 nos
3642 453 3786 509 ardes

2201 547 2477 595 exstruere
2501 540 2836 610 splendidas,
2867 539 3052 595 hortos
3079 549 3133 595 et
3162 541 3350 596 balnea
3375 558 3567 611 parare
3587 587 3602 608 ,
3631 560 3785 615 agros

2202 645 2402 695 emere,
2435 631 2621 685 nolunt
2658 631 2886 686 credere
2932 647 3028 686 nos
3058 633 3355 702 profectum
3389 635 3440 688 in
3469 635 3632 688 aliam
3661 635 3781 690 civi-

2203 729 2364 775 tatem
2397 737 2608 791 parare.
2655 723 2785 777 Nam
2832 723 2876 776 si
2927 724 2996 777 ita
3040 732 3215 789 esset,
3249 725 3432 791 aiunt,
3460 726 3639 780 omnia
3671 743 3791 796 qua:

2203 809 2292 865 hic
2317 811 2519 866 habent
2549 814 2601 866 in
2645 822 2921 882 argentum
2969 822 3328 881 commutata,
3375 816 3484 871 illic
3520 817 3792 886 deponere

2207 913 2620 971 prmvcrterent;
2667 905 3132 976 conjecturamqne
3178 907 3381 962 ducunt
3420 923 3486 964 ex
3535 909 3638 975 iis,
3673 915 3792 979 qn'a}

2206 993 2294 1049 hic
2322 995 2435 1049 ﬁeri
2482 996 2679 1051 solent.
2708 974 3085 1064 Opulentiores
3110 999 3306 1068 quippe
3332 999 3576 1054 videmus
3608 974 3659 1054 in
3686 974 3804 1055 illis?

2205 1086 2439 1140 maxime
2460 1086 2679 1140 urbibus
2711 1087 2900 1142 domos
2919 1130 2934 1154 ,
2979 1102 3139 1158 agros
3159 1129 3174 1152 ,
3201 1089 3408 1160 aliaque
3432 1091 3611 1144 omnia
3639 1105 3790 1144 com-

2207 1193 2396 1247 parare
2421 1218 2435 1243 ,
2464 1179 2514 1232 in
2539 1179 2730 1248 quibus
2775 1181 2932 1235 sedes
2961 1182 3181 1250 posituri
3215 1192 3341 1236 sunt
3369 1197 3382 1234 :
3413 1182 3508 1236 sed
3535 1198 3634 1237 nos
3659 1198 3790 1238 con-

2208 1279 2287 1325 tra
2312 1270 2555 1336 facimus,
2583 1285 2800 1339 terram,
2823 1289 2980 1344 quam
3013 1275 3293 1343 paulopost
3313 1275 3550 1330 relicturi
3580 1290 3790 1341 sumus,

2207 1377 2400 1431 magno
2424 1377 2544 1416 cum
2573 1363 2751 1418 studio
2777 1365 3112 1433 possidemus
3129 1407 3144 1428 ,
3175 1381 3273 1420 nec
3318 1367 3571 1434 pecunias
3595 1366 3756 1422 modo
3774 1407 3789 1431 ,

2207 1451 2302 1505 scd
2350 1454 2664 1523 sanguinem
2691 1457 2851 1510 etiam
2898 1471 2995 1524 pro
3027 1457 3207 1525 paucis
3256 1468 3414 1511 terra:
3437 1458 3718 1528 iugeribus
3742 1469 3792 1512 et

2208 1541 2455 1597 domibus
2481 1545 2786 1609 fundimus;
2817 1547 2882 1600 ad
2910 1547 3099 1602 calum
3127 1563 3254 1602 vero
3279 1549 3697 1617 comparandum
3724 1565 3791 1605 ne
3826 1601 3830 1606 .

2209 1638 2475 1707 superﬂua
2527 1640 2742 1709 quidem
2791 1657 3014 1710 erogare
3068 1642 3345 1705 volumus,
3400 1643 3609 1697 etiamsi
3664 1643 3792 1698 illud

2211 1743 2380 1797 parvo
2408 1732 2580 1800 pretio
2609 1740 2818 1786 ematur
2844 1773 2858 1795 ,
2883 1740 2938 1786 et
2987 1732 3040 1786 in
3087 1733 3472 1800 sempiternum
3523 1734 3795 1803 possidea-

2212 1832 2315 1888 tur,
2342 1826 2386 1880 si
2407 1841 2670 1880 emamus.
2705 1826 2991 1896 Propterea
3018 1836 3290 1881 extremas
3314 1826 3558 1882 dabimus
3587 1844 3794 1898 pmnas,

2208 1932 2328 1972 eum
2357 1916 2482 1972 nudi
2511 1928 2564 1974 et
2586 1933 2847 1987 pauperes
2867 1933 2932 1972 eo
2960 1919 3324 1988 migrabimus;
3356 1918 3464 1972 imo
3488 1920 3670 1989 potius
3691 1936 3796 1974 non

2210 2009 2280 2064 ob
2307 2017 2671 2081 paupertatem
2703 2019 2961 2074 nostram,
2991 2009 3083 2063 sed
3113 2009 3256 2079 quod
3285 2009 3419 2065 alios
3447 2009 3499 2064 in
3527 2011 3669 2064 hanc
3697 2012 3797 2065 mi—

2210 2103 2402 2157 seriam
2432 2102 2845 2171 conjeCerimus,
2877 2101 3196 2156 intolerabili
3230 2101 3518 2156 calamitati
3543 2101 3798 2170 subjicie-

2213 2210 2352 2248 mur.
2381 2194 2511 2249 Nam
2556 2209 2679 2249 cum
2723 2194 2952 2263 gentiles
2997 2193 3213 2248 videant
3237 2193 3322 2248 his
3369 2193 3560 2249 studiis
3589 2195 3799 2250 deditos

2214 2287 2374 2341 tantis
2402 2285 2504 2340 frui
2535 2287 2806 2356 mysteriis
2835 2303 2848 2338 :
2881 2284 3050 2339 multo
3094 2285 3266 2356 magis
3292 2295 3348 2340 et
3394 2284 3494 2354 ipsi
3525 2288 3800 2354 prmsenti-

2212 2377 2313 2432 bus
2338 2378 2498 2432 rebus
2537 2377 2869 2440 addicentur,
2918 2377 3188 2446 ingentem
3233 2377 3408 2445 ignem
3440 2391 3599 2445 supra
3646 2386 3802 2444 caput

2214 2479 2457 2526 nostrum
2486 2470 2905 2525 accumulantes.
2948 2467 3082 2523 Cum
3115 2469 3255 2521 enim
3286 2483 3406 2532 nos,
3440 2468 3530 2537 qui
3560 2482 3799 2536 praesen-

2215 2563 2347 2616 tium
2372 2576 2550 2616 rerum
2594 2569 2964 2628 contemptum
3012 2557 3132 2612 illos
3158 2557 3352 2611 docere
3378 2558 3662 2622 debemus,
3693 2572 3801 2611 ma-

2219 2653 2363 2707 xime
2390 2652 2627 2706 omnium
2663 2651 2873 2704 illarum
2906 2651 2956 2703 in
2988 2649 3068 2704 eis
3093 2647 3440 2718 cupiditatem
3466 2649 3766 2703 excitemus
3786 2689 3800 2710 .
3829 2653 3833 2657 “

2215 2743 2482 2812 quomodo
2527 2743 2750 2796 salutem
2795 2739 3047 2808 consequi
3092 2739 3418 2805 poterimus,
3448 2737 3539 2808 qui
3579 2738 3802 2792 aliorum

2219 2835 2469 2904 perniciei
2519 2849 2704 2904 pmnas
2757 2835 2936 2888 subire
2965 2833 3295 2888 debeamus?
3323 2832 3437 2887 Non
3466 2832 3622 2887 audis
3652 2833 3803 2888 Chri-

2217 2934 2356 2977 stum
2382 2925 2649 2979 dicentem
2671 2965 2685 2988 ,
2717 2941 2775 2979 se
2803 2939 2901 2994 pro
2930 2925 3043 2979 sale
3070 2935 3126 2979 et
3171 2923 3505 2992 lampadibus
3543 2939 3644 2978 nos
3676 2925 3804 2979 reli-

2217 3017 2398 3086 quisse
2429 3017 2481 3070 in
2533 3018 2635 3071 hoc
2681 3016 2882 3071 mundo
2904 3058 2918 3081 ,
2951 3026 3008 3069 nt
3037 3017 3310 3086 voluptate
3338 3015 3645 3071 diffluentes
3675 3031 3803 3070 con.

2217 3107 2542 3177 stringamus
2561 3150 2575 3169 ,
2605 3117 2658 3163 et
2691 3108 2929 3177 pecunia:
2960 3107 3150 3161 studiis
3194 3107 3572 3162 obtenebratos
3601 3107 3802 3162 illumi-

2219 3199 2449 3253 nemus?
2480 3199 2534 3254 Si
2564 3214 2696 3269 ergo
2725 3199 2845 3253 illos
2871 3199 3040 3268 magis
3064 3199 3116 3252 in
3151 3199 3402 3254 tenebras
3429 3198 3804 3268 conjiciamus,

2217 3300 2273 3344 et
2299 3290 2575 3346 molliores
2603 3290 2912 3359 reddamus,
2941 3307 3062 3360 qua:
3093 3290 3246 3345 nobis
3291 3305 3416 3361 spes
3445 3290 3637 3344 salutis
3663 3291 3804 3345 erit?

2215 3381 2414 3436 Nulla:
2443 3381 2535 3437 sed
2582 3381 2850 3450 ejulantes
2891 3391 2946 3436 et.
2982 3381 3232 3436 dentibus
3275 3381 3582 3446 stridentes,
3636 3381 3806 3451 ligatis

2219 3477 2443 3550 pedibus
2471 3475 2826 3543 manibusque
2853 3475 2906 3528 in
2937 3474 3199 3544 gehenna:
3227 3473 3401 3538 ignem
3432 3474 3803 3541 conjiciemur,

2217 3578 2497 3638 postquam
2520 3567 2826 3621 divitiarum
2849 3565 3154 3620 sollicitudo
3181 3578 3279 3618 nos
3301 3565 3458 3633 plane
3487 3564 3802 3620 confecerit.

2217 3663 2344 3717 Hmc
2383 3663 2563 3731 itaque
2592 3660 2888 3729 cogitantes
2911 3698 2927 3722 ,
2954 3658 3132 3710 omnia
3177 3657 3298 3710 talis
3342 3656 3566 3711 fallacia:
3596 3657 3803 3710 vincula

2216 3755 2518 3815 solvamus,
2556 3769 2623 3805 ne
2652 3752 2703 3804 in
2733 3749 2822 3803 illa
2847 3747 3147 3802 incidamus
3172 3762 3292 3817 quae
3319 3746 3425 3816 igni
3454 3747 3807 3814 inexstingni-

2218 3847 2308 3902 bili
2337 3862 2436 3902 nos
2463 3845 2716 3901 traditura
2739 3852 2881 3899 sunt.
2920 3839 3052 3894 Nam
3083 3841 3170 3911 qui
3200 3839 3400 3894 divitiis
3427 3839 3613 3901 servit,
3636 3849 3691 3892 et
3715 3854 3806 3894 ca-

2219 3942 2357 3996 tenis
2381 3940 2488 4005 hic,
2506 3950 2562 3996 et
2589 3940 2794 3995 catenis
2820 3939 2928 3994 illic
2946 3945 3202 4007 perpetuo
3226 3932 3515 3987 adstrictus
3539 3932 3644 3986 erit
3673 3953 3686 3985 :
3715 3931 3802 4000 qui

2214 4043 2393 4090 autem
2439 4033 2508 4088 ab
2534 4033 2634 4087 hac
2672 4031 2966 4100 cupiditate
3005 4028 3141 4082 liber
3159 4033 3274 4089 est,
3307 4031 3533 4093 utraque
3563 4021 3806 4076 libertate

2219 4132 2450 4202 potietur
2477 4148 2491 4184 :
2520 4143 2678 4198 quam
2708 4136 2767 4182 ut
2798 4141 2894 4181 nos
2922 4139 3136 4196 quoque
3166 4135 3539 4191 assequamur,
3571 4117 3805 4172 contrito

2217 4223 2364 4292 gravi
2393 4222 2487 4276 illo
2513 4219 2752 4275 avaritiae
2775 4218 2903 4289 jugo
2925 4258 2938 4281 ,
2968 4215 3033 4270 ad
3066 4218 3255 4270 earlum
3303 4211 3557 4265 advolare
3578 4217 3804 4263 conten-

2215 4319 2441 4383 damus,
2493 4314 2664 4385 gratia
2716 4321 2772 4367 et
2821 4309 3149 4380 benignitate
3199 4305 3406 4361 Domini
3461 4302 3631 4357 nostri
3681 4300 3805 4355 Jesu

2214 4408 2446 4474 Christi,
2473 4407 2556 4462 cui
2579 4405 2746 4477 gloria
2777 4413 2828 4460 et
2857 4401 3138 4472 imperium
3167 4399 3220 4452 in
3247 4397 3442 4450 smcula
3464 4394 3805 4449 szcculorum.

2216 4503 2408 4555 Amen.

513 4655 3806 4724 ____________________________________..__._.__————_.

1875 4799 2224 4862 HOMILIA
2269 4793 2446 4856 XIII.

507 4965 642 5018 CAP.
672 4963 726 5017 4.
755 4977 805 5013 v.
841 4961 890 5014 Ι.
924 4957 1063 5011 Tunc
1085 4954 1236 5010 Jews
1261 4953 1444 5006 ductus
1472 4958 1543 5003 est
1571 4949 1624 5001 in
1647 4946 1897 5001 desertum
1919 4959 1951 4996 a
1979 4941 2102 5010 Spi-

899 5052 1000 5103 ritu
1019 5090 1033 5112 ,
1061 5058 1114 5101 ut
1141 5055 1414 5101 tentaretur
1434 5060 1464 5095 a
1495 5039 1716 5095 diabalo.

582 5148 634 5201 1.
669 5143 772 5199 Cur
799 5141 1029 5196 Christus
1057 5138 1236 5192 tentari
1256 5145 1302 5189 et
1320 5135 1560 5205 jeiunare
1581 5128 1812 5185 voluerit.
1837 5125 2102 5179 Tentatio-

513 5239 590 5291 nis
639 5240 860 5306 fructus.
895 5229 1295 5298 lntemperantia
1339 5226 1574 5280 vitiorum
1619 5221 1793 5275 radix.
1821 5216 2100 5278 —Tnnc;

512 5327 899 5400 qttandonam?
929 5332 1050 5393 post
1087 5321 1407 5377 descensum
1454 5319 1602 5372 illum
1643 5314 1874 5384 Spiritus
1894 5312 2099 5373 sancti,

517 5434 637 5493 post
663 5437 849 5476 vocem
883 5419 1026 5473 illam
1059 5429 1292 5486 superne
1316 5413 1546 5466 delatam
1578 5417 1633 5464 et
1656 5409 1922 5462 dicentem
1953 5423 1967 5458 :
2003 5403 2102 5456 llic

512 5524 585 5568 est
614 5513 658 5566 F
661 5514 778 5569 ilius
803 5527 937 5564 metu
967 5508 1201 5573 dilectus,
1231 5507 1281 5558 in
1304 5522 1401 5575 quo
1430 5502 1552 5556 mihi
1573 5498 1859 5569 complacui
1881 5496 2097 5570 (Matth.

515 5608 568 5661 3.
605 5606 712 5668 l7).
741 5603 1001 5670 Quodque
1045 5601 1238 5654 mirum
1270 5605 1385 5658 est,
1432 5610 1462 5648 a
1508 5593 1711 5663 Spiritu
1756 5599 1983 5643 sancto:
2017 5587 2100 5641 hic

512 5695 661 5749 enim
685 5695 856 5763 ipsum
913 5691 1134 5744 adduxit
1181 5687 1326 5741 illuc.
1357 5685 1491 5750 Quia
1533 5683 1676 5737 enim
1706 5679 1884 5734 omnia
1914 5676 1979 5732 ad
2009 5677 2101 5730 do-

513 5783 744 5839 cendum
772 5797 868 5839 nos
895 5780 1020 5836 fecit
1044 5788 1098 5835 et
1126 5791 1315 5848 passus
1340 5783 1426 5831 est
1447 5813 1460 5840 ,
1490 5773 1616 5827 illuc
1637 5770 1868 5836 adduci,
1895 5777 1949 5824 et
1973 5783 2094 5822 cum

2216 4934 2434 4992 diabolo
2462 4945 2694 5002 pugnam
2720 4926 3061 4982 committere
3094 4919 3262 4976 voluit
3282 4958 3297 4983 ,
3339 4925 3398 4972 ut
3436 4913 3807 4984 unusquisque

2213 5026 2603 5097 baptizatoriun
2625 5063 2639 5088 ,
2671 5021 2716 5075 si
2765 5029 2886 5087 post
2929 5015 3251 5085 baptismum
3285 5009 3516 5078 majores
3537 5006 3806 5061 sustineat

2213 5119 2552 5179 tentationes,
2581 5129 2650 5167 ne
2698 5111 2939 5165 turbetur
2958 5149 2973 5173 ,
3006 5105 3156 5176 quasi
3203 5103 3528 5170 insperatam
3557 5111 3671 5151 rem
3702 5110 3804 5148 cx-

2213 5219 2414 5280 pcrtus,
2446 5205 2539 5260 sed
2569 5213 2780 5259 maneat
2823 5201 3030 5254 fortiter
3056 5194 3237 5249 omnia
3282 5191 3494 5255 ferens,
3523 5197 3708 5257 utpote
3741 5199 3806 5238 re

2211 5278 2501 5356 secundum
2527 5305 2727 5352 rectam
2756 5291 2948 5347 seriem
2978 5286 3275 5342 accidente.
3325 5280 3536 5336 Etenim
3566 5278 3688 5334 ideo
3713 5294 3807 5331 ar-

2211 5409 2296 5448 ma
2323 5391 2612 5458 accepisti;
2666 5401 2770 5440 non
2797 5393 2856 5437 ut
2902 5380 3110 5443 otieris,
3151 5375 3246 5432 sed
3292 5387 3516 5444 pugnes.
3560 5369 3685 5424 Ideo
3717 5368 3806 5422 in-

2208 5491 2461 5556 gruentes
2497 5479 2820 5535 tentationes
2846 5489 2952 5528 non
2982 5468 3206 5539 impedit
3248 5467 3389 5520 Deus
3422 5480 3436 5516 :
3468 5462 3640 5532 primo
3681 5459 3805 5527 qui-

2207 5551 2331 5634 dem
2363 5586 2421 5631 ut
2443 5573 2620 5629 discas
2652 5581 2704 5625 te
2727 5567 2897 5625 multo
2921 5565 3195 5620 fortiorem
3236 5557 3468 5621 factum;
3498 5551 3696 5608 deinde
3735 5560 3801 5604 ut

2211 5670 2488 5726 moderate
2513 5665 2692 5735 sapias
2712 5704 2727 5729 ,
2776 5673 2952 5728 neque
2993 5655 3258 5710 donorum
3299 5640 3669 5718 magnitudine
3697 5656 3797 5694 ex-

2208 5763 2434 5830 tollaris,
2464 5773 2585 5816 cum
2609 5765 2660 5812 te
2690 5753 3016 5809 tentationes
3043 5745 3371 5817 reprimant;
3399 5738 3466 5795 ad
3497 5737 3614 5794 haec
3642 5748 3799 5798 vero.
