4052 6424
352 413 454 470 207

358 526 780 598 ἀπολαύσωμεν.
807 526 1076 583 Τοιούτων
1106 530 1286 586 τοίνυν
1311 533 1521 603 μέλλων
1546 535 1795 607 μετέχειν
1815 538 1953 605 ἀγα-

357 614 490 675 θῶν,
523 613 829 683 χρημάτων
856 631 948 683 μοι
982 615 1279 688 μέμνησαι,
1305 620 1400 672 καὶ
1428 622 1527 690 τῆς
1553 622 1790 674 ἐνταῦθα
1819 640 1953 692 φαν-

356 698 549 756 τασίας
577 695 783 769 ἀντέχῃ
806 713 821 759 ς
846 697 942 751 καὶ
979 698 1043 750 οὐ
1081 698 1327 769 νομίζεις
1355 700 1572 757 ἅπαντα
1596 702 1664 756 τά
1695 702 1949 776 ὁρώμενα

346 781 464 833 τῶν
501 779 598 832 τοῦ
640 778 1067 850 προσαιτοῦντος
1113 782 1321 852 ῥακίων
1364 784 1726 857 εὐτελέστερα
1769 782 1944 850 εἷναις

356 861 466 914 Kal
497 859 617 926 πῶς
671 861 823 928 ἄξιος
849 864 1067 936 φανήσῃ
1096 864 1302 936 ταύτης
1333 866 1433 935 τῆς
1464 867 1663 938 τιμῆς;
1706 868 1867 923 ποίαν
1890 868 1949 923 δὲ

353 946 501 1010 ἕξεις
548 945 847 1015 ἀπολογίαν
876 949 1072 1011 εἰπεῖν,
1116 947 1315 1019 μᾶλλον
1345 948 1403 1002 δὲ
1448 951 1610 1003 ποίαν
1652 952 1712 1004 οὐ
1756 950 1949 1018 δώσεις

351 1026 532 1100 δίκην,
562 1029 703 1101 μετά
729 1030 997 1101 τοσαύτην
1012 1031 1220 1104 δωρεάν
1243 1032 1336 1086 ἐπὶ
1351 1033 1441 1087 τὸν
1462 1034 1727 1106 πρότερον
1753 1035 1947 1106 ἐμετδν

352 1112 601 1182 τρέχωνς
633 1113 834 1167 Οὐκέτι
864 1113 972 1184 7&9
1014 1114 1091 1177 ὡς
1132 1114 1418 1187 ἄνθρωπος
1466 1117 1672 1182 ἁπλῶς,
1714 1119 1831 1173 ἀλλ’
1868 1120 1946 1184 ώς

352 1194 471 1258 υίὸς
502 1194 643 1249 Θεοῦ
680 1195 946 1267 ἁμαρτὼν
977 1197 1207 1270 κολάζῃ,
1264 1200 1357 1253 καὶ
1395 1201 1606 1269 γίνεταί
1640 1219 1721 1255 σοι
1752 1202 1813 1256 τὸ
1847 1203 1945 1274 τῆς

348 1278 521 1349 τιμῆς
551 1280 780 1350 μέγεθος
822 1282 1032 1350 ἐφόδιον
1065 1285 1332 1354 τιμωρίας
1375 1286 1639 1355 μείζονος.
1686 1288 1795 1341 Kal
1835 1288 1944 1360 7&9

349 1360 445 1413 καὶ
463 1363 624 1431 ἡμεῖς
645 1365 743 1432 οὐχ
762 1363 963 1433 ὁμοίως
988 1364 1208 1429 δούλους
1223 1367 1661 1440 ἁμαρτάνοντας,
1684 1370 1777 1423 καὶ
1793 1370 1944 1434 υἱοὺς

347 1444 412 1496 τὸ
432 1445 566 1499 αὐτὸ
586 1445 1044 1517 πλημμελοῦντας
1074 1448 1376 1520 κολάζομεν
1401 1467 1415 1482 ο
1446 1452 1540 1505 καὶ
1559 1452 1795 1522 μάλιστα
1815 1454 1942 1506 ὅταν

350 1529 566 1599 μεγάλα
598 1530 725 1600 παρ’
760 1530 919 1602 ἡμῶν
947 1532 1372 1605 εὑεργετημένοι
1404 1536 1425 1567 ⁹
1457 1535 1715 1606 τύχωσιν.
1742 1537 1805 1589 Εἰ
1832 1538 1941 1609 γάρ

344 1613 376 1664 ὀ
397 1613 725 1682 παράδεισον
739 1612 921 1684 λαχὼν
949 1613 1120 1687 [166].
1135 1615 1222 1670 διά
1250 1617 1380 1687 μίαν
1402 1618 1687 1690 παρακοήν
1705 1619 1940 1673 τοσαῦτα

348 1695 491 1763 μετά
522 1696 619 1758 τὴν
652 1697 817 1769 τιμὴν
842 1698 1049 1769 ὑπέστη
1080 1699 1233 1753 δεινά
1251 1715 1264 1729 ⁸
1287 1695 1337 1753 ὀί
1366 1701 1457 1755 τὸν
1488 1702 1713 1774 οὐρανὸν
1736 1703 1940 1758 ἀπολα-

345 1777 533 1841 ϐόντες
566 1780 747 1849 ἡμεῖς,
781 1781 879 1833 καὶ⁵
899 1778 978 1852 τῷ
1000 1780 1299 1850 Μονογενεῖ
1327 1783 1607 1855 γενόμενοι
1634 1786 1840 1855 συγκλη
1850 1803 1940 1857 ρο-

343 1858 522 1929 νὸμοι,
570 1861 694 1914 τίνα
735 1860 928 1933 ἕξομεν
973 1863 1330 1936 συγγνώμην,
1380 1866 1459 1937 τῷ
1495 1866 1617 1936 ὄφει
1661 1867 1802 1938 μετὰ
1842 1869 1941 1939 τὴν

344 1944 675 2015 περιστεράν
704 1945 1168 2017 προστρέχοντεςς
1210 1949 1408 2002 Οὐκέτι
1441 1949 1572 2021 7&9,
1610 1949 1702 2018 Γῆ
1731 1951 1804 2017 εἴ,
1838 1951 1938 2005 καί

340 2026 433 2091 εἰς
454 2024 574 2095 γῆν
599 2027 935 2097 ἁπελεύσῃ,
960 2028 1073 2094 καὶ,
1103 2028 1281 2100 Ἐργᾷ
1303 2031 1420 2098 τὴν
1440 2032 1574 2102 γῆν,
1597 2034 1692 2087 καὶ
1714 2033 1780 2088 τὰ
1807 2034 1941 2104 πρό·

339 2123 479 2178 τερα
493 2109 842 2180 ἀκουσόμεθα
875 2114 1079 2174 ἐκεῖνα,
1110 2112 1247 2167 ἀλλά
1262 2114 1330 2168 τά
1351 2114 1531 2186 πολλῷ
1547 2115 1751 2169 τούτων
1777 2116 1934 2187 χαλε-

340 2190 585 2263 πώτερα.
618 2194 679 2247 τὸ
716 2195 909 2259 σκότος
944 2195 1005 2248 τὸ
1034 2186 1318 2272 ἐξώτερον.
1350 2197 1420 2252 τά
1446 2198 1623 2269 δεσμά
1648 2198 1718 2252 τά
1739 2186 1932 2265 ἄλυτα,

337 2274 431 2327 τὸν
453 2275 713 2346 σκώληκα
751 2278 842 2330 τὸν
872 2277 1101 2345 ἰοϐόλον,
1133 2279 1225 2333 τδν
1253 2279 1498 2352 βρυγμὸν
1535 2281 1645 2334 τῶν
1672 2282 1931 2337 ὀδόντωνο

336 2355 436 2410 καὶ
468 2357 615 2426 μάλα
644 2359 890 2422 εἰκότως.
942 2360 1000 2414 '0
1046 2360 1157 2433 7&9
1188 2362 1323 2433 μηδὲ
1366 2362 1658 2436 εὐεργεσίᾳ
1695 2364 1934 2440 τοσαύτη

335 2441 628 2511 γενόμενος
656 2442 901 2512 βελτίων,
931 2444 1154 2510 δικαίως
1184 2445 1252 2500 ἂν
1269 2445 1369 2518 τὴν
1394 2447 1633 2517 ἐσχάτην
1653 2448 1749 2501 καὶ
1775 2449 1935 2517 χαλε-

334 2526 591 2597 πωτέραν
625 2526 737 2597 δῴη
774 2527 796 2558 ³
826 2526 1005 2598 δίκην.
1046 2529 1264 2594 Ἥνοιξέ
1301 2547 1435 2583 ποτε
1464 2531 1559 2584 καί
1591 2530 1801 2584 ἔκλεισε
1839 2532 1931 2584 τὸν

333 2608 563 2678 οὐρανὸν
608 2610 816 2675 Ἠλίας,
858 2611 975 2664 ἀλλ’
1019 2610 1159 2666 ὥστε
1213 2613 1367 2667 ὑετὸν
1410 2616 1758 2683 κατενεγκεῖν
1788 2615 1811 2647 ⁸
1834 2618 1930 2670 καὶ

331 2691 681 2746 ἀναστεῖλαιο
720 2694 807 2748 σοὶ
845 2694 903 2748 δέ
948 2695 1048 2766 οὐχ
1076 2694 1253 2760 οὕτως
1296 2697 1640 2765 ἀνοίγεταιηό
1676 2698 1926 2772 οὐρανὸς,

331 2775 451 2830 ἀλλ’
486 2776 626 2830 ὥστε
651 2777 919 2848 ἀναϐῆναί
951 2796 1012 2832 σε
1044 2779 1163 2832 ἐκεῖ
1184 2796 1198 2810 ’
1234 2780 1331 2833 καὶ
1372 2781 1433 2834 τὸ
1472 2781 1536 2853 δὴ
1573 2780 1777 2852 μεῖξον,
1829 2784 1929 2857 οὐχ

329 2858 474 2913 ὥστε
498 2860 786 2932 ἀναϐῆναι,
819 2861 935 2915 ἀλλ’
961 2861 1102 2917 ὥστε
1128 2864 1222 2916 καὶ
1261 2864 1485 2934 ἐτέρους
1518 2866 1835 2935 ἀναγαγεῖν,
1876 2868 1924 2922 εἰ

331 2942 355 2974 ⁸
389 2942 740 3015 βουληθείης·
770 2944 1038 3016 τοσαύτην
1077 2962 1159 2999 σοι
1205 2948 1515 3018 παρρησίαν
1549 2954 1642 3002 καὶ
1675 2949 1925 3016 ἐξουσίαν

328 3027 394 3079 ἐν
413 3029 528 3090 τοῖς
554 3028 746 3081 ἑαυτοῦ
780 3028 980 3082 ἔδωκεν
1006 3031 1228 3084 ἅπασιν.
1274 3031 1428 3085 Ἐπεὶ
1455 3028 1547 3087 οὖν
1567 3033 1685 3087 ἐκεῖ
1703 3035 1861 3107 ἡμῶν
1889 3037 1923 3109 ἡ

327 3109 498 3171 οἰκία,
536 3111 659 3164 ἐκεῖ
704 3111 884 3165 πάντα
925 3111 1281 3183 ἀποθώμεθα,
1337 3115 1431 3168 καὶ
1468 3115 1637 3185 μηδὲν
1691 3117 1925 3173 ἐνταῦθα

328 3191 722 3263 καταλίπωμεν
754 3195 796 3261 ⁸,
828 3194 918 3249 ῖνα
951 3195 1026 3266 μὴ
1057 3196 1195 3249 αὐτά
1225 3196 1598 3268 ἀπολέσωμεν.
1657 3199 1923 3255 Ἐνταῦθα

332 3275 435 3345 μὲν
458 3275 567 3347 γὰρ
600 3277 703 3330 κᾶν
742 3276 893 3331 κλεῖν
923 3278 1139 3348 ἐπιθῇς,
1172 3279 1278 3335 κᾶν
1308 3279 1482 3351 θύρας
1526 3282 1621 3335 καὶ
1669 3284 1920 3353 μοχλοὺς,

326 3360 442 3412 κᾶν
486 3360 717 3430 μυρίους
746 3362 1051 3434 ἐπιστήσῃς
1087 3363 1329 3425 οἰκέτας,
1378 3364 1471 3417 καὶ
1520 3365 1736 3419 πάντων
1764 3384 1920 3438 περιο

326 3442 464 3514 γένῃ
500 3443 608 3497 τῶν
636 3443 982 3513 κακούργων.
1012 3445 1117 3499 κᾶν
1141 3446 1160 3476 ⁷
1191 3447 1317 3509 τοὺς
1349 3446 1457 3499 τῶν
1492 3446 1777 3518 βασκάνων
1804 3449 1920 3504 δια-

326 3526 511 3598 φύγῃς
549 3527 888 3597 ὀφθαλμοὺς,
917 3528 1021 3584 κάν
1042 3529 1170 3593 τοὺς
1200 3530 1387 3600 σῆτας,
1412 3530 1516 3585 κᾶν
1548 3530 1646 3602 τὴν
1691 3532 1800 3586 ἀπὸ
1825 3534 1920 3588 τοῦ

325 3609 525 3680 χρόνου
549 3610 844 3681 γινομένην
873 3611 1173 3672 ἀπώλειαν,
1195 3612 1331 3683 ὅπερ
1356 3612 1643 3679 ἀδύνατον,
1672 3615 1762 3668 τὸν
1790 3616 1920 3686 γοῦν

327 3692 559 3747 θάνατον
586 3693 647 3745 οὐ
668 3693 932 3767 διαφεύξῃ
965 3695 1117 3759 ποτὲ,
1137 3694 1251 3748 ἀλλ’
1285 3696 1638 3771 ἀφαιρεθήσῃ
1662 3698 1683 3729 ⁸
1707 3697 1920 3752 ἅπαντα

324 3780 515 3834 ἐκεῖνα
563 3782 622 3834 ἐν
677 3782 778 3851 μιᾷ
816 3780 1010 3853 καιροῦ
1057 3784 1199 3853 ῥοπῇ
1227 3799 1242 3813 ·
1297 3783 1392 3836 καί
1426 3785 1528 3837 οὐκ
1576 3786 1920 3862 ἀφαιρεθήσῃ

328 3863 514 3934 μόνον,
546 3863 684 3917 ἀλλά
710 3864 805 3917 καὶ
832 3865 913 3927 εἰς
946 3865 1046 3928 τάς
1079 3864 1189 3917 τῶν
1215 3863 1428 3937 ἐχθρῶν
1452 3866 1712 3931 πολλάκις
1736 3886 1916 3942 παρα-

325 3946 567 4016 πέμψεις
598 3951 809 4019 χεῖρας.
837 3950 935 4002 Ἂν
955 3948 1012 4001 δὲ
1048 3950 1128 4013 εἰς
1161 3950 1380 4018 ἐκείνην
1410 3951 1789 4026 παραπέμψῃς
1815 3954 1918 4022 τὴν

322 4029 528 4094 οἰκίαν,
555 4029 773 4083 πάντων
799 4030 1071 4104 ἀνώτερος
1114 4032 1233 4104 ἔσῃ.
1267 4032 1405 4086 Οὐτε
1442 4034 1551 4106 7&9
1582 4035 1751 4102 κλεῖν,
1792 4037 1918 4091 οὔτε

323 4113 495 4185 θύρας
520 4113 611 4168 καὶ
634 4112 865 4184 μοχλοὺς
897 4116 1165 4169 ἐπιθεῖναι
1186 4115 1268 4169 δεῖ
1292 4133 1305 4145 ⁸
1326 4117 1551 4190 τοιαύτη
1579 4121 1679 4189 τῆς
1708 4119 1918 4185 πόλεως

320 4197 543 4266 ἐκείνης
564 4199 597 4269 ἡ
618 4197 848 4267 δύναμις
869 4215 884 4229 ο
919 4198 1092 4263 οὕτως
1121 4199 1320 4254 ἄσυλον
1353 4200 1413 4253 τὸ
1443 4201 1640 4272 χωρίον
1667 4203 1805 4265 ἐστὶ,
1824 4205 1917 4258 καὶ

322 4280 504 4352 φθορᾷ
529 4281 624 4335 καὶ
649 4282 882 4353 πονηρίᾳ
904 4284 1053 4355 πάσῃ
1077 4284 1277 4338 ἀϐατον
1310 4284 1465 4337 τοῦτο
1497 4284 1770 4357 ὑφέστηκε
1798 4286 1840 4341 ⁸.

393 4370 457 4420 ε’.
482 4365 607 4428 Πῶς
637 4361 732 4419 οὖν
750 4366 850 4419 οὐκ
867 4368 1101 4437 ἐσχάτης
1120 4367 1325 4433 ἀνοίας,
1346 4368 1473 4422 ἔνθα
1494 4369 1593 4438 μὲν
1616 4370 1913 4427 ἀπόλλυται

319 4448 419 4500 καὶ
445 4446 817 4519 διαφθείρεται
844 4449 912 4502 τά
952 4449 1341 4520 ἀποτιθέμενα,
1377 4451 1639 4522 σωρεύειν
1668 4454 1903 4522 ἅπαντα,

310 4530 453 4589 ιῐνθα
476 4530 534 4584 δέ
567 4530 822 4599 ἀνέπαφα
871 4531 1045 4600 μένει,
1084 4533 1177 4585 καὶ
1202 4532 1374 4585 πλείω
1402 4534 1632 4603 γίνεται,
1674 4537 1910 4595 ἐνταῦθα

316 4612 463 4685 μηδὲ
489 4614 553 4667 τὸ
573 4613 863 4669 πολλοστὸν
889 4615 1242 4669 ἀποτίθεσθαι
1273 4616 1460 4686 μέρος,
1488 4622 1583 4674 καὶ
1615 4621 1788 4677 ταῦτα
1819 4624 1910 4679 τὸν

319 4696 537 4751 ἅπαντα
558 4696 852 4768 μέλλοντας
867 4700 984 4751 ἐκεῖ
1007 4698 1300 4768 βιώσεσθαι
1321 4701 1363 4733 ¹⁰
1386 4702 1606 4772 χρόνον;
1626 4705 1728 4758 Διά
1751 4706 1909 4760 τοῦτο

318 4777 419 4833 καὶ
445 4778 707 4858 ’Έλληνες
734 4779 1023 4834 ἀπιστοῦσι
1058 4784 1170 4845 τοῖς
1201 4782 1332 4854 παρ’
1369 4784 1525 4858 ἡμῶν
1555 4785 1870 4858 λεγομένοις
1890 4804 1905 4817 ·

313 4859 413 4929 ἀφ’
452 4853 528 4913 ὧν
572 4859 685 4931 7&9
743 4860 1076 4932 πράττομεν,
1118 4863 1219 4916 οὐκ
1257 4853 1351 4933 ἀφ’
1386 4853 1463 4918 ὧν
1510 4853 1772 4937 λέγομεν,
1807 4868 1908 4941 τὴν

371 4983 833 5064 ἐιὲηργετῃμένρε
854 4985 920 5064 Α,
948 4985 1007 5040 Β·
1023 4986 1552 5064 δ-εῖέεργετού,μενοι
1568 5001 1631 5064 Aet.
1647 5010 1784 5064 τυγχ

1519 416 1587 473 IN
1634 416 2054 476 MATTHEUM
2100 420 2335 482 IIOMIL.
2367 426 2508 485 XIII.

1787 4995 2147 5066 άνωσινΕάᾶ.
2188 4992 2363 5066 ³δῴη]
2389 4993 2481 5049 Sic
2512 4992 2783 5066 Κριτιοτί
2812 4990 2996 5066 δώσει.
3037 4990 3221 5066 ξκατα

3526 431 3639 490 εοε

2053 541 2185 613 παρ’
2205 541 2362 612 ἡμῶν
2383 542 2655 606 ἀπόδειξιν
2677 543 2974 614 λαμϐάνειν
2999 541 3241 596 ἐθέλουσι
3261 559 3276 575 ο
3302 542 3395 597 καὶ
3417 544 3638 602 ἐπειδὰν

2053 621 2238 678 ίδωσιν
2276 624 2456 688 οἰκίας
2484 626 2970 695 οἰκοδομουμένους
3005 624 3285 694 λαμπρὰς,
3327 626 3422 679 καὶ
3453 644 3635 697 παρα-

2049 703 2259 770 δείσους
2298 708 2809 773 κατασκευάζοντας
2851 708 2946 760 καὶ
2991 707 3189 778 λουτρά
3215 748 3230 772 ,
3280 712 3375 761 καὶ
3428 712 3636 782 ἀγροὺς

2049 789 2421 860 ὠνουμένους,
2466 792 2567 844 οὐκ
2616 790 2858 844 ἐθέλουσι
2908 790 2948 821 ¹¹
2993 789 3315 854 πιστεῦσαι,
3363 792 3444 844 δτι
3497 792 3643 863 πρὺρ

2050 872 2243 944 ἑτέραν
2289 873 2826 945 παρασκευαζόμεθα
2854 873 2897 906 ¹²
2935 873 3142 937 πόλεως
3193 872 3520 944 ἀποδημίαν.
3569 876 3632 928 Εἰ

2047 958 2156 1030 γάρ
2184 956 2343 1011 τοῦτο
2372 953 2463 1030 ἦν,
2496 960 2681 1029 φησὶν,
2726 959 2941 1013 ἅπαντα
2981 958 3051 1012 τὰ
3092 957 3328 1010 ἐνταῦθα
3359 958 3426 1011 ἂν
3471 959 3635 1030 ἐξαρε-

2046 1039 2394 1111 γυρίσαντες,
2437 1043 2556 1094 ἐκεῖ
2593 1042 3003 1112 προαπέθεντοο
3047 1041 3142 1094 καὶ
3188 1039 3347 1093 τοῦτο
3377 1040 3485 1091 ἀπὸ
3521 1040 3630 1094 τῶν

2047 1121 2282 1175 ἐνταῦθα
2334 1124 2633 1194 γινομένων
2681 1123 3054 1194 στοχάζονται.
3104 1122 3217 1176 Kal
3262 1122 3370 1193 7&9
3416 1123 3632 1194 ὁρῶμεν

2045 1205 2172 1267 τοὺς
2205 1206 2411 1277 σφόδρα
2442 1206 2712 1277 εὐπόρους
2749 1208 2806 1259 ἐν
2838 1206 3077 1268 ἐκείναις
3111 1204 3349 1274 μάλιστα
3377 1207 3498 1269 ταῖς
3528 1206 3629 1260 πό-

2044 1286 2192 1339 λεσιν
2220 1289 2398 1351 οἰκίας
2439 1289 2534 1342 καὶ
2570 1290 2776 1359 ἀγροὺς
2814 1287 2908 1341 καὶ
2937 1288 3006 1341 τά
3040 1287 3177 1341 ἄλλα
3209 1288 3387 1341 πάντα
3429 1304 3631 1357 κεκτη·

2047 1369 2273 1438 μένους,
2336 1370 2395 1423 ἐν
2447 1367 2537 1433 αίς
2586 1369 2883 1437 διατρίϐειν
2926 1368 3229 1438 μέλλουσιν.
3286 1369 3426 1421 Ἀλλ’
3466 1370 3627 1439 ἡμεῖς

2040 1450 2355 1505 τούναντίον
2383 1451 2648 1523 ποιοῦμεν
2666 1468 2679 1481 ·
2720 1452 2813 1505 καὶ
2840 1451 2939 1522 τὴν
2972 1451 3068 1522 μὲν
3094 1450 3135 1482 ⁸³
3159 1453 3285 1522 γῆν,
3324 1453 3391 1522 ἢν
3433 1452 3627 1523 μικρὸν

2043 1532 2269 1605 ὕστερον
2288 1536 2510 1604 ἀφιέναι
2533 1534 2820 1606 μέλλομεν,
2848 1537 2986 1604 μετά
3013 1534 3216 1603 πολλῆς
3238 1533 3497 1603 κτώμεθα
3524 1534 3628 1603 τῆς

2044 1617 2312 1688 σπουδῆς,
2355 1618 2478 1688 οὐχὶ
2526 1618 2785 1687 χρήματα
2816 1615 2968 1688 [167]
3018 1617 3197 1686 μόνον,
3244 1615 3379 1669 ἀλλά
3432 1617 3526 1670 καὶ
3561 1616 3626 1670 τὺ

2040 1694 2181 1770 αἷμα
2201 1700 2333 1754 αὐτὸ
2360 1703 2674 1772 προϊέμενοι
2701 1700 2842 1771 ὑπὲρ
2863 1698 3113 1770 πλέθρων
3134 1699 3176 1730 ³⁸
3194 1700 3287 1751 καὶ
3306 1699 3624 1769 οἰκημάτων

2038 1783 2236 1854 ὀλίγων
2257 1799 2272 1814 ⁶
2303 1785 2443 1857 ὑπὲρ
2481 1784 2537 1837 δέ
2567 1783 2660 1836 τοῦ
2708 1782 2802 1836 τὸν
2828 1781 3058 1854 οὐρανὸν
3099 1780 3360 1852 πρίασθαι
3403 1781 3524 1835 οὐδὲ
3554 1781 3625 1838 τὰ

2041 1866 2275 1938 περιττά
2326 1867 2424 1938 τῆς
2473 1866 2665 1938 χρείας
2715 1863 3023 1935 ἀνεχόμεθα
3071 1864 3284 1930 δοῦναι,
3313 1863 3410 1917 καὶ
3449 1863 3623 1918 ταῦτα

2037 1949 2225 2020 ὀλίγης
2253 1949 2415 2003 αὐτδν
2440 1940 2735 2019 ⁸μέλλοντες
2764 1946 3020 2000 ὠνεῖσθαι
3051 1946 3233 2018 τιμῆς,
3267 1945 3363 1999 καὶ
3398 1947 3624 2000 διαπαν-

2035 2031 2127 2096 τδς
2154 2031 2322 2103 ἔχειν,
2367 2032 2481 2101 εἴγε
2514 2031 2677 2085 αὐτὸν
2701 2029 3078 2102 ώνησαίμεθα.
3105 2030 3204 2082 Διά
3229 2046 3314 2082 τοι
3337 2028 3498 2083 τοῦτο
3521 2029 3622 2101 τὴν

2035 2115 2272 2185 ἐσχάτην
2294 2114 2538 2184 δώσομεν
2566 2113 2743 2184 δίκην,
2761 2112 2960 2183 γυμνοὶ
2982 2111 3080 2165 καὶ
3109 2111 3339 2182 πένητες
3370 2111 3622 2177 ἀπιόντες

2033 2198 2171 2251 ἐκεῖ’
2195 2197 2394 2268 μᾶλλον
2415 2197 2471 2249 δέ
2488 2196 2586 2266 οὐχ
2605 2196 2744 2266 ὑπὲρ
2760 2197 2859 2266 τῆς
2880 2195 3160 2266 ἡμετέρας
3170 2193 3467 2266 πτωχείας,
3486 2194 3623 2248 ἀλλά

2033 2282 2128 2335 καὶ
2156 2280 2299 2353 ὑπὲρ
2335 2275 2411 2335 ὧν
2443 2280 2638 2343 ἀλλους
2666 2278 2942 2343 τοιούτους
2971 2278 3253 2349 ποιοῦμεν,
3280 2278 3383 2341 τάς
3423 2278 3622 2350 ἀνηκέ-

2035 2381 2192 2430 στους
2210 2365 2415 2433 ὑποστη
2424 2364 2628 2434 σόμεθα
2646 2380 2711 2416 συ
2718 2363 2952 2434 μφοράς.
2968 2361 3138 2415 Ὅταν
3157 2362 3266 2433 γὰρ
3292 2362 3475 2414 ῐδωσιν
3490 2361 3621 2415 Ἔλ-

2030 2448 2191 2519 ληνες
2213 2449 2343 2519 περὶ
2369 2447 2543 2501 ταῦτα
2576 2445 2977 2510 σπουδάζοντας
3012 2446 3140 2509 τοὺς
3184 2443 3455 2498 τοσούτων
3480 2446 3619 2498 ἀπο-

2029 2530 2329 2594 λαύσαντας
2352 2530 2688 2602 μυστηρίων,
2723 2528 2905 2598 πολλῷ
2930 2528 3130 2599 μᾶλλον
3159 2528 3314 2581 αὐτοὶ
3342 2526 3451 2581 τῶν
3482 2545 3621 2596 παρ-

2027 2614 2199 2667 όντων
2247 2613 2585 2680 ἀνθέξονται.
2627 2611 2790 2665 Ὅθεν
2835 2612 2972 2666 πολύ
3008 2611 3053 2644 ⁸⁵
3097 2613 3190 2666 καὶ
3236 2609 3487 2665 ἐντεῦθεν
3522 2608 3617 2663 ἐπὶ

2027 2697 2125 2769 τὴν
2168 2698 2444 2769 ἡμετέραν
2486 2697 2735 2767 κεφαλὴν
2775 2695 3090 2769 σωρεύομεν
3121 2694 3268 2764 πῦρ.
3296 2696 3465 2747 Ὅταν
3504 2694 3619 2765 γὰρ

2027 2781 2078 2834 οἰ
2120 2780 2393 2834 διδάσκειν
2439 2781 2638 2844 αὐτοὺς
2670 2779 2978 2848 ὀφείλοντες
3024 2779 3301 2850 ὐπερορᾷν
3339 2776 3449 2831 τῶν
3490 2794 3617 2847 φαιο

2026 2861 2268 2932 νομένων
2302 2863 2580 2924 ἁπάντων,
2612 2860 2765 2916 αὐτοί
2797 2861 3032 2933 μάλιστα
3067 2862 3284 2916 πάντων
3305 2860 3503 2923 αὐτοὺς
3533 2861 3616 2924 εἰς

2024 2942 2123 3015 τὴν
2147 2942 2352 2997 τούτων
2380 2943 2743 3016 ἐμϐάλλωμεν
2768 2944 3084 3017 ἐπιθυμίαν,
3116 2944 3247 2997 πότε
3272 2942 3615 3014 δυνησόμεθα

2028 3027 2289 3100 σωθῆναι,
2324 3028 2425 3099 τῆς
2465 3027 2670 3101 ἐτέρων
2701 3028 2974 3092 ἀπωλείας
3000 3029 3099 3093 τὰς
3130 3027 3358 3091 εὐθύνας
3388 3027 3618 3097 ὑπέχονο

2024 3128 2148 3177 τες;
2188 3113 2304 3165 Οὐκ
2348 3113 2569 3177 ἀκούεις
2614 3110 2709 3166 τοῦ
2757 3112 2995 3185 Χριστοῦ
3039 3111 3328 3182 λέγοντος,
3363 3111 3446 3164 ὅτι
3489 3108 3613 3164 ἀντὶ

2024 3195 2170 3249 ἀλῶν
2195 3196 2289 3248 καὶ
2312 3195 2608 3265 λαμπάδων
2630 3196 2841 3267 ἀφῆκεν
2857 3196 3004 3267 ἡμᾶς
3025 3191 3164 3250 εἶναι
3190 3197 3234 3227 ¹⁶
3249 3197 3305 3248 ἐν
3322 3193 3400 3265 τῷ
3421 3194 3616 3265 κόσμῳ

2020 3280 2219 3352 τούτῳ,
2262 3280 2351 3333 ἵνα
2390 3281 2484 3334 καὶ
2528 3282 2655 3342 τοὺς
2690 3280 3045 3351 διαρρέοντας
3089 3279 3195 3332 ὑπὸ
3233 3282 3443 3349 τρυφῆς
3476 3280 3613 3331 ἐπι-

2026 3365 2384 3434 σφίγγωμεν,
2434 3364 2529 3418 καὶ
2577 3363 2703 3427 τοὺς
2748 3368 2814 3434 τῇ
2880 3364 3121 3436 μερίμνῃ
3154 3361 3264 3416 τῶν
3310 3361 3615 3433 χρημάτων

2026 3447 2441 3517 ἐσκοτωμένους
2471 3444 2834 3516 φωτίζωμεν;
2863 3447 3033 3499 Ὅταν
3065 3442 3158 3498 οῦν
3186 3444 3280 3497 καὶ
3309 3445 3391 3507 είς
3420 3444 3614 3509 σκότος

2022 3530 2218 3593 αὐτοὺς
2252 3529 2612 3600 ἐμϐάλλωμεν
2656 3529 2862 3593 πλεῖον,
2902 3529 2999 3582 καὶ
3040 3529 3404 3599 χαυνοτέρους
3438 3527 3611 3583 ποιῶ-

2025 3629 2147 3682 μεν,
2177 3611 2260 3676 τίς
2287 3610 2440 3665 ἔσται
2471 3611 2747 3683 σωτηρίας
2784 3613 2916 3683 ἡμῖν
2946 3612 3137 3676 ἐλπίς;
3168 3611 3282 3664 Οὐκ
3325 3610 3472 3663 ἔστιν
3517 3611 3612 3663 οὐ-

2020 3696 2214 3768 δεμία·
2253 3696 2371 3749 ἀλλ’
2407 3694 2739 3767 οἰμώζοντες
2763 3737 2779 3762 ,
2812 3695 2907 3749 καὶ
2943 3696 3072 3760 τοὺς
3114 3694 3333 3757 ὀδόντας
3379 3693 3613 3765 βρύχον-

2018 3798 2129 3844 τες.
2150 3781 2245 3834 καὶ
2269 3780 2543 3851 δεδεμένοι
2573 3779 2740 3844 πόδας
2764 3779 2858 3834 καὶ
2876 3782 3064 3850 χεῖρας
3088 3781 3168 3842 εἰς
3184 3778 3247 3833 τὸ
3263 3778 3365 3849 τῆς
3383 3777 3614 3847 γεέννης

2019 3863 2432 3937 ἀπελευσόμεθα
2463 3860 2574 3935 πῦρ
2604 3863 2669 3928 ¹⁷,
2709 3862 2847 3932 μετά
2878 3863 2940 3916 τὸ
2954 3862 3400 3935 κατεργασθῆναι
3426 3860 3612 3924 καλῶς

2017 3953 2138 4014 ταῖς
2178 3948 2274 4003 τοῦ
2320 3947 2551 4002 πλούτου
2599 3947 2868 4019 φροντίσι.
2908 3946 3075 4000 Ταῦτ’
3116 3943 3211 4000 οὖν
3256 3947 3611 4016 ἐννοήσαντες

2018 4035 2269 4097 ἅπαντα,
2301 4033 2372 4087 τά
2416 4032 2593 4103 δεσμά
2620 4031 2874 4100 λύσωμεν
2908 4031 3011 4101 τῆς
3051 4031 3309 4101 τοιαύτης
3353 4030 3607 4099 ἀπάτης,

2018 4118 2106 4170 ῖνα
2140 4116 2277 4188 μηδὲ
2312 4116 2393 4177 εἰς
2429 4116 2614 4167 ἐκεῖνα
2653 4113 2990 4184 ἐμπέσωμεν
3018 4112 3085 4166 τά
3125 4112 3203 4183 τῷ
3240 4113 3380 4184 πυρὶ
3420 4128 3601 4183 παρα-

2016 4201 2227 4255 διδόντα
2258 4199 2408 4270 ἡμᾶς
2429 4197 2508 4267 τῷ
2532 4196 2804 4267 ἀσϐέστῳ.
2846 4195 2906 4249 '0
2938 4196 3037 4267 μὲν
3064 4195 3175 4267 7&9
3206 4196 3454 4267 χρήμασι
3482 4195 3606 4248 δουο

2019 4283 2212 4349 λεύων,
2249 4282 2344 4336 καί¹
2379 4283 2500 4344 ταῖς
2546 4278 2780 4333 ἐνταῦθα
2822 4278 3046 4333 ἁλύσεσι
3079 4280 3174 4333 καὶ
3207 4282 3326 4343 ταῖς
3364 4280 3482 4332 ἐκεῖ
3526 4280 3608 4332 διο

2018 4366 2233 4439 ηνεκῶς
2268 4365 2422 4419 ἔσται
2451 4363 2755 4427 ὑπεύθυνος
2773 4380 2787 4392 ·
2816 4365 2845 4417 ὀ
2870 4362 2925 4415 δὲ
2951 4362 3156 4435 ταύτης
3185 4362 3607 4432 ἀπηλλαγμένος

2018 4451 2119 4521 τῆς
2160 4447 2479 4519 ἐπιθυμίας,
2516 4447 2782 4518 ἑκατέρας
2826 4447 3075 4514 τεύξεται
3111 4448 3210 4517 τῆς
3249 4445 3561 4517 ἐλευθερίας
3584 4462 3606 4477 δ

2014 4528 2083 4607 ἧς
2116 4533 2206 4587 ἴνα
2236 4531 2332 4586 καὶ
2358 4533 2521 4603 ἡμεῖς
2552 4529 2919 4601 ἐπιτύχωμεν,
2941 4531 3034 4583 τὸν
3066 4529 3304 4601 χαλεπὸν
3333 4530 3433 4598 τῆς
3457 4528 3606 4598 φιλο-

2016 4616 2329 4688 χρηματίας
2353 4613 2744 4684 συντρίψαντες
2773 4613 2955 4681 ζυγὸν,
2976 4613 3349 4685 πτερώσωμεν
3377 4612 3607 4675 ἑαυτοὺς

2016 4700 2153 4770 πρὸς
2182 4699 2273 4753 τὸν
2304 4697 2555 4769 οὐρανὸν,
2591 4698 2775 4770 χάριτι
2805 4698 2899 4750 καὶ
2934 4696 3317 4767 φιλανθρωπίᾳ
3348 4693 3443 4747 τοῦ
3485 4695 3601 4746 Κυ-

2016 4785 2135 4857 ρίου
2175 4780 2334 4854 ἡμῶν
2370 4779 2545 4851 Ἰησοῦ
2575 4778 2837 4851 Χριστοῦ,
2870 4773 2915 4846 ᾧ
2943 4780 2975 4850 ἡ
3009 4779 3134 4843 δόξα
3165 4778 3262 4832 καὶ
3294 4778 3356 4830 τὸ
3398 4777 3604 4855 κράτος

2013 4870 2093 4933 εἰς
2116 4868 2241 4932 τοὺς
2259 4865 2464 4928 αἰῶνας
2485 4864 2592 4917 τῶν
2618 4863 2849 4918 αἰώνων.
2892 4864 3084 4935 Ἀμήν.

3264 4991 3419 5059 αγείν
3446 4990 3511 5046 Δ.
3533 4991 3594 5045 Β.

345 5055 357 5069 0
374 5006 833 5124 -ειὲηργετημενοι
854 5006 920 5087 11;
952 5006 1007 5040 D.
1023 5006 1065 5041 υ
1107 5006 1552 5079 εὐεργετούμενοι
1572 5006 1628 5047 el
1647 5006 1986 5082 τυγχάνωσιν
2011 5006 2147 5049 Eam.
2188 5006 2209 5027 '
2226 5006 2337 5065 δψη
2389 5006 2481 5049 διο
2512 5006 2573 5048 ις.
2600 5006 2783 5075 ᾳπιςτι
2812 5006 2946 5093 (5100:.=
3037 5006 3059 5023 ν
3081 5006 3419 5134 καταγαγειν
3446 5006 3511 5046 Δ.
3533 5006 3594 5045 Β.

313 5055 381 5178 ἶᾶῖ
407 5054 701 5186 πέξὶακξῗ
718 5053 856 5179 ﬁt}?
872 5057 1495 5186 ,άῖὣῖῗλῗίπὲἳίῖ-ζιξθαῖ
1511 5062 1755 5186 75.11.“:
1768 5062 2906 5186 ιἓξ»ξῖήῗεπυ⁸σῗῗξῗ⁸ίέῗθέῗξξὲἑεεῗ¹δέιῖἓῗ
2933 5061 3233 5185 δίξὲέιῖῗηέῗ
3259 5059 3599 5186 νίῖῗὲξῖξὲξῗ

316 5125 381 5178 υ.
407 5122 616 5190 πέφυκε
638 5122 701 5177 F.
737 5125 846 5179 vid.
872 5126 1061 5181 adnol.
1124 5128 1167 5159 ’°

312 5193 757 5280 εσκευασάμεθα.
786 5196 830 5227 ⁸³
849 5197 944 5249 καὶ
974 5197 1073 5266 τὴν
1094 5193 1220 5321 μέν]
1240 5200 1337 5267 τὴν

316 5261 478 5321 πολυί
518 5263 610 5317 blc
629 5261 694 5318 E.
727 5265 821 5319 καὶ
855 5267 988 5320 πολύ
1015 5268 1074 5321 D.
1152 5308 1155 5313 ς
1194 5268 1328 5321 πολύ

316 5261 478 5333 πολύῖ
518 5261 610 5317 Sid
629 5261 694 5318 E.
727 5265 821 5319 καὶ
855 5267 988 5320 πολύ
1015 5261 1074 5321 D.
1096 5261 1155 5321 Ρ

1200 5129 1495 5198 βιώσασθαι
1524 5129 1658 5187 ΙςιΙιὶ.

1741 5134 2123 5206 ¹¹-ἐθελήσουσι
2150 5134 2213 5206 λ.
2239 5134 2302 5190 C.
2332 5134 2609 5206 πιστεύειν

1434 5219 1474 5277 ν
1479 5202 1589 5277 γάρ
1606 5203 1673 5256 Δ.
1692 5202 1750 5257 Β.
1878 5200 2214 5277 ’δμπλέθρωνι
2234 5206 2362 5259 add.
2381 5204 2486 5273 γῆς
2508 5205 2570 5277 Α.
2596 5203 2655 5257 Β.
2675 5218 2798 5277 me}
2817 5200 3153 5277 πριάσασθαι
3177 5201 3322 5277 Ειίιί.-
3338 5203 3400 5277 ff
3424 5200 3593 5277 :‘OOéy

1194 5268 1328 5345 πολύ
1531 5268 1925 5345 (λγσωρεύομεν

2028 5268 2154 5331 ἰυῈ.
2188 5268 2342 5329 Ᾱτιιι.
2384 5268 2564 5329 ὀιέιιϊί
2598 5290 2727 5345 cum
2749 5268 3229 5345 Gefo'mpsémrag.

2687 5132 2779 5187 dd.
2864 5132 2906 5163 ¹²
2933 5130 3023 5203 Sic
3155 5130 3596 5203 Efyulgnrgg’p.

3310 5273 3352 5304 “
3370 5272 3483 5326 Οὐκ
3516 5269 3593 5325 οἷ-

427 5331 669 5422 Αάντὶ
698 5335 753 5389 ἀ.
784 5352 847 5422 κ.
882 5336 934 5391 λ.
956 5338 1174 5422 ἀφῆκεν
1198 5340 1345 5422 ἡμᾶς
1362 5344 1390 5395 ό
1418 5341 1652 5422 ξίριστὸς
1679 5331 2119 5422 ἐῐνμαιἊξΒηα-
2163 5345 2341 5422 {agr
2366 5346 2579 5422 ἀνάγκη
2591 5331 2969 5422 οἰμώζοντας,
2989 5344 3085 5398 καὶ
3124 5360 3175 5398 τ.
3188 5331 3244 5396 ό.
3270 5341 3592 5413 βρύχονται,

315 5405 408 5456 καὶ
429 5402 745 5474 δεδεμένους
773 5421 833 5460 π.
865 5423 918 5460 κ.
940 5402 1095 5477 χίείς
1124 5408 1187 5461 τὸ
1200 5402 1299 5480 τῆς
1411 5402 1837 5483 ἀποπέμπεσθαι
1867 5415 1928 5468 πῖ

2028 5436 2061 5469 ι.
2082 5416 2143 5471 B.
2175 5416 2237 5471 C.
2265 5415 2371 5469 Pro
2401 5402 2636 5485 vul'gaiis
2657 5402 2811 5468 'slaiu
2841 5402 3027 5469 νεῖ-εδ.

317 5645 458 5724 Τότε
492 5644 731 5724 ἀπήχθη
765 5649 801 5702 ό
831 5647 1087 5724 Ἰησοῦς,
1101 5651 1189 5715 εἰς
1224 5649 1341 5724 τὴν
1375 5648 1601 5724 ἔρημον
1629 5652 1751 5709 ὑπὸ
1788 5584 2186 5721 ἓὲωἰῗιηξγῐὲ.
2222 5653 2330 5707 Kal
2353 5651 2416 5706 τδ
2431 5652 2497 5723 δὴ
2531 5651 2866 5724 θαυμαστὸν,
2897 5652 2979 5705 ὅτι
3009 5649 3115 5705 ὑπὸ
3142 5648 3238 5703 τοῦ
3266 5647 3591 5720 Πνεύματος

402 5719 771 5789 Πνεύματος,
792 5718 1190 5788 πειρασθῆναι
1216 5720 1336 5775 ὑπὸ
1368 5718 1805 5778 τοῦτδιαϐὀλου.

382 5815 453 5867 α’.
485 5814 623 5867 Τότε
640 5826 652 5840 ·
685 5814 852 5880 πότε;
883 5814 1038 5867 Μετά
1066 5814 1164 5885 τὴν
1184 5815 1280 5869 τοῦ
1308 5817 1627 5890 Πνεύματος
1648 5819 1896 5877 κάθοδον.

320 5895 457 5965 μετά
483 5900 580 5967 τὴν
604 5896 789 5966 φωνὴν
811 5897 908 5968 τὴν
925 5897 1132 5951 ἀνωθεν
1155 5899 1465 5970 ἐνεχθεῖσαν
1486 5903 1580 5956 καί
1600 5904 1868 5971 λέγουσαν
1882 5920 1897 5935 ·

332 5972 521 6044 Οὗτός
544 5979 718 6033 ἐστιν
742 5984 776 6035 ὁ
812 5981 942 6048 Υίός
968 5999 1087 6052 μου
1125 5985 1160 6037 ό
1193 5982 1520 6053 ἀγαπητὸς,
1548 5985 1617 6039 ἐν
1648 5979 1697 6054 ᾧ
1724 5986 1903 6055 ηὐδό-

393 6067 436 6100 ⁸⁸
463 6068 676 6139 ἐνάγειν
691 6072 758 6125 Δ.

2002 5737 2099 5792 τοῦ
2125 5737 2281 5805 ἀγίου
2296 5754 2310 5767 ο
2327 5735 2489 5790 τοῦτο
2506 5736 2615 5807 7&9
2635 5736 2800 5790 αὐτὸν
2821 5736 3045 5803 ἀνάγειν
3070 5734 3113 5766 ³⁸
3145 5732 3381 5787 ἐνταῦθά
3401 5748 3587 5801 φησιν.

2020 5820 2238 5889 Ἐπειδὴ
2271 5819 2381 5890 7&9
2411 5819 2591 5875 πάντα
2622 5819 2760 5890 πρὸς
2804 5816 3155 5872 διδασκαλίαν
3186 5816 3343 5887 ἡμῶν
3386 5816 3587 5886 ἐπρατ-

1953 5891 1964 5900 ’
2007 5920 2068 5956 τε
2099 5904 2194 5957 καὶ
2221 5904 2511 5974 ὑπέμενεν,
2532 5903 2785 5973 ἀνέχεται
2820 5903 2914 5956 καὶ
2942 5903 3040 5972 τῆς
3070 5903 3250 5955 ἐκεῖσε
3273 5901 3592 5969 ἀναγωγῆς,

2012 5987 2106 6040 καὶ
2138 5986 2240 6057 τῆς
2276 5986 2413 6059 πρὸς
2442 5986 2533 6039 τὸν
2550 5985 2796 6039 διάϐολον
2822 5984 3032 6054 πάλης’
3067 5984 3153 6037 ἵνα
3176 5983 3331 6058 [168]
3359 5984 3589 6045 ἕκαστος
