4052 6428
481 453 591 507 909

474 562 584 617 τῶν
622 561 1062 634 βαπτιζομένων,
1107 565 1155 616 εί
1198 565 1339 634 μετὰ
1381 566 1439 618 :6
1476 565 1760 636 βάπτισμα
1797 567 2054 635 μείζονας

474 647 786 714 ὑπομείνειε
837 647 1214 715 πειρασμοὺς,
1250 647 1325 718 μὴ
1375 649 1742 719 ταράττηται,
1790 649 1866 712 ῶς
1908 649 2062 720 παρὰ

475 729 804 798 προσδοκίαν
852 726 948 780 τοῦ
994 729 1322 799 πράγματος
1366 731 1651 800 γινομένου
1675 771 1688 790 .
1737 731 1873 785 ἀλλά
1924 733 2060 804 μένῃ

474 811 739 878 γενναίως
779 810 957 863 πάντα
988 813 1192 882 φέρων,
1220 813 1296 876 ῶς
1329 814 1470 874 κατὰ
1506 813 1825 867 ἀκολουθίαν
1867 815 2059 869 τούτου

477 894 882 965 συμϐαίνοντος.
915 897 1024 950 Kal
1061 897 1170 966 γὰρ
1217 898 1305 950 διά
1331 897 1489 950 τοῦτο
1517 898 1708 960 ἔλαϐες
1752 897 1893 952 ὅπλα
1914 939 1929 962 ,
1960 901 2060 970 οὑχ

473 978 562 1031 ἵνα
587 978 782 1048 ἀργῇς.
805 978 919 1031 ἀλλ’
950 979 1036 1031 ἵνα
1063 979 1326 1050 πολεμῇς.
1348 979 1445 1032 Διά
1473 980 1628 1033 τοῦτο
1655 980 1777 1033 οὑδέ
1807 981 2060 1044 ἐπιόντας

474 1061 677 1115 κωλύει
723 1063 851 1124 τοὺς
901 1063 1240 1132 πειρασμοὺς
1285 1066 1314 1115 6
1350 1064 1512 1126 Θεός·
1565 1064 1778 1134 πρῶτον
1831 1065 1928 1132 μὲν
1973 1065 2061 1118 ἵνα

478 1143 659 1214 μάθῃς
700 1145 782 1197 ὄτι
824 1144 1003 1215 πολλῷ
1043 1145 1272 1212 γέγονας
1320 1147 1698 1218 ἰσχυρότεροςο
1746 1147 1934 1201 ἔπειτα
1974 1148 2060 1200 ἵνα

480 1227 648 1299 μένῃς
679 1227 1005 1298 μετριάζων,
1041 1227 1176 1296 μηδέ
1221 1229 1262 1259 ⁷³
1296 1228 1372 1297 τῷ
1424 1229 1644 1297 μεγέθει
1686 1230 1795 1283 τῶν
1841 1231 2060 1301 δωρεῶν

477 1308 741 1379 ἐπαρθῇς,
773 1309 883 1362 τῶν
915 1310 1239 1380 πειρασμῶν
1274 1311 1581 1364 συστέλλειν
1613 1330 1672 1365 σε
1703 1313 2016 1382 δυναμένων
2037 1331 2051 1344 ·

477 1391 615 1461 πρὸς
642 1391 870 1454 τούτοις,
898 1391 984 1444 ἵνα
1007 1395 1035 1445 6
1058 1393 1291 1462 πονηρὸς
1319 1394 1528 1464 δαίμων
1553 1398 1775 1458 ἐκεῖνος,
1800 1398 1828 1448 6
1855 1395 1992 1459 τέως
2014 1395 2059 1426 ’θ

477 1474 834 1543 ἀμφιϐάλλων
870 1475 998 1546 περί⁵
1023 1475 1124 1542 τῆς
1153 1476 1253 1543 σῆς
1282 1477 1656 1541 ἀποστάσεως,
1681 1478 1788 1530 ἀπὸ
1823 1481 1920 1548 τῆς
1951 1478 2061 1547 βα-

478 1559 640 1612 σάνου
667 1557 776 1610 τῶν
804 1559 1124 1628 πειρασμῶν
1147 1559 1561 1631 πληροφορηθῇ,
1585 1562 1666 1613 ὃτι
1695 1561 1876 1614 τέλεον
1899 1562 2059 1616 αὑτὸν

475 1639 859 1708 ἐγκαταλιπὼν
889 1642 1162 1710 ἀπέστηςο
1197 1643 1458 1715 τέταρτον
1481 1646 1548 1706 ’⁷,
1591 1646 1678 1698 ἵνα
1717 1645 2063 1716 ἰσχυρότερος

475 1723 572 1776 καὶ
608 1723 825 1792 σιδήρου
860 1724 1060 1787 παντὸς
1097 1724 1461 1798 εὑτονώτερος
1510 1727 1684 1799 ταύτῃ
1724 1746 2066 1782 κατασκευα-

477 1806 640 1876 σθῇς·
686 1805 968 1874 πέμπτον,
1007 1805 1096 1859 ἵνα
1125 1807 1401 1874 ἀπόδειξιν
1434 1808 1605 1881 λάϐῃς
1638 1813 1783 1880 σαφῆ
1827 1811 1933 1862 τῶν
1972 1830 2059 1865 πι-

479 1888 810 1942 στευθέντων
860 1905 942 1940 σοι
975 1888 1283 1960 θησαυρῶν.
1322 1892 1456 1944 Ούδέ
1495 1891 1604 1963 γὰρ
1653 1893 1718 1946 ἂν
1760 1894 1993 1964 ἐπῆλθεν
2033 1896 2061 1947 6

478 1972 744 2036 διάϐολος,
775 1973 824 2024 εἰ
857 1974 932 2043 μή
978 1991 1037 2026 σε
1085 1975 1142 2026 ἐν
1182 1975 1388 2044 μείζονι
1424 1977 1713 2046 γενόμενον
1757 1972 1863 2030 εἶδε
1906 1979 2062 2048 τιμῇ.

494 2054 771 2107 Ἐντεῦθεν
811 2055 942 2122 γοῦν
987 2056 1083 2109 καὶ
1127 2055 1187 2120 ἐξ
1227 2059 1404 2128 ἀρχῆς
1435 2059 1708 2127 ἐπανέστη
1746 2059 1823 2129 τῷ
1873 2060 2064 2129 Ἀδάμ,

482 2137 670 2206 ἐπειδὴ
703 2137 905 2208 πολλῆς
941 2136 1102 2192 αὑτὸν
1140 2136 1278 2192 εἶδεν
1329 2140 1712 2194 ἀπολαύσαντα
1750 2141 1850 2210 τῆς
1885 2142 2061 2206 ἀξίας.

482 2220 581 2272 Διά
614 2219 772 2274 τοῦτο
802 2223 1146 2291 παρετάξατο
1175 2223 1310 2294 πρὸς
1340 2223 1432 2276 τὸν
1476 2224 1619 2285 Ἰὼϐ,
1650 2225 1838 2295 ἐπειδὴ
1871 2243 2066 2293 στεφα-

481 2303 738 2373 νούμενον
765 2305 928 2358 αὑτὸν
957 2307 1052 2359 καὶ
1081 2307 1592 2378 ἀνακηρυττόμενον
1623 2307 1882 2362 ἐθεάσατο
1917 2311 2066 2380 παρὰ

477 2388 570 2442 τοῦ
599 2388 706 2442 τῶν
739 2389 876 2442 ὅλων
915 2391 1070 2444 Θεοῦ.
1118 2393 1228 2446 Kal
1271 2392 1387 2456 πῶς
1417 2389 1510 2446 οὑν
1550 2411 1714 2464 φησιν
1738 2411 1752 2426 °
1789 2396 2060 2465 Εὕχεσθε

469 2471 556 2540 μὴ
586 2472 884 2526 εἰσελθεῖν
906 2476 993 2540 είς
1017 2477 1391 2546 πειρασμόν;
1414 2477 1512 2531 Διά
1535 2475 1693 2530 τοῦτο
1715 2479 1815 2531 οὑκ
1843 2479 2060 2533 ἀνιόντα

474 2555 638 2608 αὑτὸν
673 2556 858 2619 ἁπλῶς
886 2555 1126 2610 δείκνυσί
1162 2576 1244 2612 σοι
1261 2559 1352 2612 τὸν
1381 2559 1612 2631 Ἰησοῦν,
1637 2562 1772 2616 ἀλλά
1798 2564 1842 2593 ”
1867 2564 2067 2631 ἀναγόο-

479 2656 638 2706 μενον
663 2639 804 2691 κατὰ
836 2638 928 2690 τὸν
968 2642 1068 2710 τῆς
1111 2642 1427 2712 οἰκονομίας
1467 2642 1646 2712 λόγον,
1697 2647 2064 2715 αἰνιττόμενος

472 2721 563 2774 διὰ
589 2720 812 2783 τούτων,
836 2722 917 2774 ὅτι
948 2722 1049 2774 οὐκ
1079 2722 1276 2788 αὑτοὺς
1309 2725 1584 2796 ἐπιπηδᾷν
1609 2728 1736 2798 χρὴ,
1767 2728 1884 2782 ἀλλ’
1913 2729 2065 2783 ἑλκο-

480 2804 675 2873 μένους
703 2805 926 2857 ἑστάναι
961 2805 1248 2872 γενναίως.
1287 2808 1397 2861 Kal
1429 2808 1532 2878 69a
1564 2810 1666 2863 1:06
1697 2810 1878 2866 λαϐὼν
1905 2814 2066 2866 αὑτὸν

473 2887 534 2939 :6
579 2887 800 2956 Πνεῦμα
830 2887 1139 2958 ἀνήγαγενο
1174 2891 1274 2943 οὑκ
1315 2892 1396 2954 εἰς
1429 2891 1582 2945 πόλιν
1620 2895 1714 2947 καί
1753 2896 1798 2926 ’³
1837 2897 2065 2967 ἀγορὰν,

473 2969 589 3024 ἀλλ’
616 2971 696 3034 είς
723 2970 950 3041 ἔρημον.
1007 2972 1226 3043 Ἐπειδὴ
1255 2971 1365 3044 γάρ
1407 2975 1498 3028 τὸν
1538 2975 1784 3031 διάϐολον
1826 2980 2065 3034 ἐπισπά-

477 3053 676 3107 σασθαι
704 3053 978 3118 ἐϐούλετο,
1007 3054 1068 3107 οὑ
1101 3055 1191 3108 διὰ
1219 3057 1317 3126 τῆς
1359 3057 1552 3128 πείνης
1585 3060 1766 3128 μόνον,
1808 3062 1943 3116 ἀλλά
1974 3064 2068 3117 καὶ

472 3138 563 3190 διὰ
586 3136 681 3189 τοῦ
711 3138 882 3191 τόπου
904 3137 1118 3192 δίδωσιν
1141 3139 1288 3210 αὑτῷ
1317 3140 1506 3212 λαϐὴν.
1534 3143 1666 3196 Τότε
1695 3144 1804 3215 γὰρ
1829 3146 2066 3216 μάλιστα

473 3220 770 3274 ἐπιτίθεται
813 3223 841 3274 6
885 3221 1162 3286 διάϐολος,
1196 3224 1324 3277 ὅταν
1362 3224 1445 3296 ἴδῃ
1505 3230 1928 3296 μεμονωμένους
1971 3229 2065 3282 καὶ

472 3305 592 3357 καθ’
625 3307 852 3368 ἑαυτοὺς
892 3305 1071 3370 ὄντας.
1110 3307 1267 3361 Οὕτω
1304 3310 1398 3370 καί
1437 3313 1500 3379 τῇ
1538 3313 1757 3379 γυναικί
1788 3314 1937 3384 παρὰ
1966 3317 2063 3383 τὴν

471 3388 644 3459 ἀρχὴν
677 3389 901 3442 ἐπέθετο
936 3390 1001 3452 ’⁸,
1051 3391 1219 3461 μόνην
1264 3393 1434 3462 αὐτὴν
1471 3394 1798 3463 ἀπολαϐὼν,
1838 3399 1932 3451 καὶ
1969 3397 2061 3451 τοῦ

470 3471 662 3540 ἀνδρδς
705 3473 874 3541 χωρὶς
927 3467 1091 3527 οὖσαν
1133 3473 1329 3546 εὑρών.
1363 3476 1534 3530 Ὅταν
1574 3477 1673 3547 μὲν
1709 3480 1754 3510 ’³
1796 3481 1906 3550 γάρ
1942 3481 2062 3550 μεθ’

472 3555 675 3623 ἐτέρων
701 3555 860 3618 ὑντας
890 3556 973 3626 ῐδῃ
1009 3557 1103 3610 καὶ
1136 3562 1704 3631 συγκεκροτημένους,
1733 3563 1828 3633 οὑχ
1859 3565 2062 3633 ὁμοίως

472 3639 688 3710 θαρρεῖ.
725 3638 846 3691 οὑδέ
887 3639 1086 3694 ἔπεισι.
1123 3642 1216 3694 Διὸ
1259 3642 1362 3714 χρὴ
1397 3644 1632 3712 μάλιστα
1662 3647 1756 3698 καὶ
1785 3647 1873 3700 διὰ
1904 3647 2063 3701 τοῦτο

473 3723 594 3790 μετ’
622 3721 869 3790 ἀλλήλων
909 3722 1274 3788 ἀγελάζεσθαι
1307 3726 1566 3796 συνεχῶς.
1596 3727 1738 3781 ὥστε
1777 3731 1852 3798 μὴ
1887 3731 2064 3798 εὐχει-

474 3802 680 3876 ρώτους
705 3799 846 3856 εἶναι
872 3803 948 3875 τῷ
975 3805 1228 3877 διαϐόλῳ.
1270 3807 1460 3877 Εὑρὼν
1491 3811 1670 3862 τοίνυν
1707 3812 1872 3864 αὑτὸν
1906 3813 1962 3863 ἐν
1991 3815 2058 3881 τῇ

471 3887 686 3965 ἐρήμῳ,
711 3887 805 3939 καὶ¹
834 3888 1025 3958 ἐρήμῳ
1049 3889 1237 3959 ἀϐάτῳ
1269 3890 1287 3954 (
1300 3890 1382 3943 ὅτι
1410 3891 1519 3962 γὰρ
1546 3892 1767 3961 τοιαύτη
1800 3896 1834 3965 ἡ
1858 3893 2062 3965 ἕρημος

468 3964 558 4038 ἦν,
591 3972 619 4024 6
641 3969 867 4040 Μάρκος
905 3971 1169 4040 ἐδήλωσεν
1194 3973 1383 4036 εἰπὼν,
1409 3975 1490 4027 ὅτι
1517 3976 1678 4029 Μετὰ
1703 3964 2063 4045 τῶνίθηρίων

467 4049 590 4118 ἧν)’
609 4054 710 4124 ὅρα
736 4052 852 4122 μεθ’
877 4055 1008 4124 ὅσης
1031 4057 1396 4127 προσέρχεται
1425 4059 1763 4128 κακουργίας
1786 4060 1880 4114 καὶ
1897 4078 2062 4131 πονη-

473 4135 615 4203 ρίας,
638 4136 732 4188 καὶ
755 4139 908 4188 ποῖον
942 4142 1256 4210 παρατηρεῐ
1287 4141 1497 4211 καιρόν.
1529 4141 1661 4194 Οὐδὲ
1695 4141 1804 4213 γάρ
1836 4143 2059 4212 νηστεύ-

469 4231 616 4298 οντι,
657 4217 792 4270 ἀλλά
851 4219 1104 4272 πεινῶντι
1149 4221 1544 4292 προσέρχεται·
1596 4223 1682 4275 ἵνα
1736 4224 1801 4275 σὺ
1851 4226 2056 4298 μάθῃς,

468 4296 658 4364 ὴλίκον
687 4299 720 4366 ή
766 4301 990 4368 νηστεία
1033 4301 1226 4365 καλὸν,
1268 4307 1362 4356 καὶ
1395 4304 1512 4367 πῶς
1558 4305 1721 4358 ὅπλον
1755 4307 1872 4359 ἐστὶ
1918 4296 2061 4363 κατὰ

469 4379 562 4432 τοῦ
587 4379 835 4433 διαϐόλου
883 4383 1161 4452 μέγιστον,
1195 4385 1288 4438 καὶ
1328 4388 1410 4439 ὅτι
1453 4389 1590 4456 μετά
1634 4388 1695 4441 :6
1735 4388 1957 4461 λουτρὸν
1996 4393 2056 4446 οὑ

469 4465 647 4533 τρυφῇ
699 4463 795 4516 καὶ
842 4464 983 4538 μέθῃ
1029 4467 1123 4520 καὶ
1166 4468 1418 4539 τραπέζῃ
1455 4469 1756 4542 πληθούσῃ,
1791 4471 1926 4526 ἀλλά
1963 4493 2058 4546 νη-

470 4545 624 4618 στείᾳ.
659 4548 950 4619 προσέχειν
985 4549 1084 4602 δεῖ.
1120 4550 1219 4604 Διά
1263 4551 1373 4621 γάρ
1404 4552 1561 4606 τοῦτο
1601 4555 1692 4606 καὶ
1735 4555 1896 4620 αὑτὸς
1937 4545 2058 4629 ἐνή-

469 4646 712 4693 στευσεν,
750 4631 850 4684 οὐκ
896 4632 944 4664 ’⁸
980 4631 1141 4697 αὑτὸς
1185 4632 1389 4704 ταύτης
1440 4634 1712 4703 δεόμενος,
1761 4637 1877 4691 ἀλλ’
1909 4641 2060 4709 ἡμᾶς

469 4713 760 4768 παιδεύων.
797 4714 1015 4786 Ἐπειδὴ
1044 4714 1152 4787 γάρ
1195 4715 1264 4770 τά
1299 4718 1674 4788 ἁμαρτήματα
1710 4721 1778 4775 τά
1825 4721 1932 4791 1:96
1963 4721 2058 4774 :06

467 4795 691 4869 λουτροῦ
725 4799 786 4852 :6
827 4800 1025 4870 γαστρὶ
1068 4799 1340 4854 δουλεύειν
1385 4803 1678 4872 εἰσήγαγεν
1705 4822 1717 4834 ο
1762 4805 1951 4876 ὥσπερ
1992 4805 2057 4858 ἂν

468 4883 521 4934 εἴ
550 4899 632 4946 τις
651 4883 910 4961 νοσοῦντα
932 4883 1060 4955 ὑγιῆ
1091 4886 1347 4955 ποιήσας,
1371 4885 1580 4939 κελεύοι
1606 4888 1679 4958 μὴ
1703 4887 1852 4961 [169]
1882 4891 2055 4942 ποιεῖν

469 4963 672 5024 ἐκεῖνα,
707 4965 767 5029 ἐξ
795 4959 869 5020 ὧν
897 4970 930 5037 ὴ
957 4969 1114 5032 νόσος
1141 4969 1366 5036 γέγονεν
1385 4984 1402 5000 ο
1433 4969 1574 5022 οὑτω
1599 4969 1661 5042 δὴ
1698 4959 1793 5024 καὶ
1818 4959 2054 5026 ἐνταῦθα

469 5046 564 5098 καί
589 5045 632 5076 ’⁷
661 5047 822 5111 αὑτὸς
849 5048 985 5118 μετά
1011 5051 1072 5103 :6
1099 5051 1323 5122 λουτρὸν
1350 5051 1603 5122 νηστείαν
1631 5055 1910 5123 εἰσήγαγε.
1941 5055 2050 5107 Kal

469 5127 577 5198 γάρ
606 5129 817 5181 καὶτὸν
860 5131 1031 5201 Ἀδὰμ
1069 5133 1102 5203 ή
1149 5135 1390 5204 ἀκρασία
1423 5137 1520 5204 τῆς
1544 5137 1780 5206 γαστρὸς
1829 5137 2048 5200 ἐξέϐαλε

467 5209 562 5264 τοῦ
598 5210 962 5280 παραδείσου,
1000 5214 1096 5266 καὶ
1137 5217 1228 5269 τὸν
1263 5217 1648 5288 κατακλυσμὸν
1681 5219 1770 5272 τὸν
1817 5221 1908 5271 ἐπὶ
1955 5221 2049 5273 τοῦ

467 5294 592 5347 Νῶε
643 5293 783 5366 αὕτη
824 5295 1125 5366 πεποίηκε,
1159 5300 1250 5352 καὶ
1286 5301 1413 5363 τοὺς
1459 5301 1706 5372 Σοδόμων
1751 5306 2051 5374 κεραυνοὺς

468 5377 608 5446 α’ύτη
641 5380 974 5450 κατήγαγεν.
1002 5382 1065 5434 Εἰ
1094 5382 1203 5453 γάρ
1242 5383 1336 5436 καὶ
1365 5385 1621 5451 πορνείας
1671 5385 1924 5456 ἔγκλημα
1958 5382 2046 5456 ἦν,

466 5461 580 5513 ἀλλ’
611 5462 758 5532 ὅμως
805 5463 1075 5533 ἑκατέρας
1110 5465 1206 5530 τῆς
1265 5465 1595 5538 κολάσεως-ὴ
1643 5469 1768 5538 ῥίζα
1800 5469 2049 5523 ἐντεῦθεν

467 5544 609 5614 ἐφύη
624 5560 638 5574 ο
662 5545 798 5616 ὅπερ
821 5546 916 5600 καὶ
935 5547 964 5600 6
988 5545 1245 5619 Ἰεζεκιὴλ
1268 5549 1636 5619 αἰνιττόμενος
1656 5551 1810 5619 ἔλεγε
1837 5568 1850 5581 ·
1875 5552 2052 5616 Πλὴν

466 5627 642 5681 τοῦτο
673 5627 740 5681 τὸ
785 5629 1064 5700 ἀνόμημα
1102 5631 1401 5697 Σοδόμων,
1447 5631 1535 5684 ὅτι
1563 5633 1634 5686 ἐν
1672 5635 2051 5702 ὑπερηφανίᾳ

1182 451 1241 505 S.
1281 448 1566 504 JOANMS
1606 448 2095 505 CIIRYSOSTOMI
2127 449 2452 506 ARCIIIEP.
2494 445 3048 504 CONSTANTINOP.

3642 439 3746 493 210

2163 568 2263 621 καί
2323 567 2394 619 ἐν
2422 567 2470 598 ’⁸
2513 562 2843 634 πλησμονῇ
2889 561 3125 629 ἄρτων,
3174 560 3279 612 καί
3329 555 3400 610 ἐν
3441 553 3752 619 εὐθηνίαις

2160 647 2542 702 ἐσπατὰλων.
2577 646 2737 700 Οὕτω
2763 645 2857 699 καὶ
2896 643 3139 697 Ἰουδαῖοι
3180 641 3251 693 τὰ
3285 640 3516 709 μέγιστα
3562 635 3746 706 εἰργά-

2163 748 2324 783 σαντο
2351 731 2517 792 κακὰ,
2547 730 2654 783 ἀπὸ
2685 732 2783 799 τῆς
2815 727 2986 796 μέθης
3021 725 3118 778 καὶ
3144 725 3244 794 τῆς
3267 722 3480 792 τρυφῆς
3510 719 3604 772 ἐπὶ
3644 718 3742 786 τὴν

2160 814 2391 883 ἀνομίαν
2419 813 2786 879 ἐξοκείλαντες
2798 851 2812 864 .

2233 895 2301 966 β’.
2334 896 2432 949 Διά
2459 897 2522 966 δὴ
2555 895 2713 948 τοῦτο
2737 895 2831 947 καὶ
2858 892 3021 956 αὑτὸς
3058 890 3309 962 νηστεύει
3333 885 3748 955 τεσσαράκοντα

2164 979 2412 1049 ἡμέρας,
2446 979 2578 1048 ἡμῖν
2631 977 2700 1029 τά
2752 977 3018 1046 φάρμακα
3058 974 3160 1042 τῆς
3205 971 3476 1040 σωτηρίας
3510 967 3745 1029 δεικνὺς,

2163 1064 2258 1116 καὶ
2300 1062 2360 1114 οὑ
2412 1062 2739 1132 προέρχεται
2775 1060 3114 1130 περαιτέρω,
3159 1057 3301 1109 ῶστε
3344 1055 3418 1124 μὴ
3465 1052 3629 1105 πάλιν
3677 1052 3745 1118 τῇ

2160 1144 2434 1216 ὑπερϐολῇ
2465 1145 2560 1197 τοῦ
2602 1143 2876 1214 θαύματος
2907 1140 3273 1209 ἀπιπηθῆναι
3298 1137 3400 1204 τῆς
3430 1134 3746 1202 οἰκονομίας

2161 1230 2258 1300 τὴν
2285 1229 2562 1298 ἀλήθειαν.
2594 1227 2708 1280 Νῦν
2744 1228 2842 1298 μὲν
2876 1227 2986 1296 γάρ
3011 1226 3112 1278 οὑκ
3144 1224 3209 1276 ἂν
3238 1225 3282 1254 ’³
3315 1219 3472 1274 τοῦτο
3500 1218 3739 1287 ἐγένετο,

2161 1313 2348 1370 ἐπειδὴ
2377 1312 2471 1364 καὶ
2509 1311 2747 1380 Μωῦσῆς
2779 1311 2873 1363 καὶ
2905 1309 3090 1371 Ἠλίας
3127 1305 3488 1378 προλαϐόντες
3517 1305 3596 1365 εἰς
3626 1317 3750 1354 :06-

2168 1395 2326 1448 οῦτον
2376 1395 2606 1465 ίσχυσαν
2657 1395 2893 1461 ἐξελθεῖν
2937 1394 3145 1463 μῆκος,
3189 1393 3256 1460 τῇ
3297 1389 3392 1442 τοῦ
3438 1387 3573 1440 Θεοῦ
3616 1402 3751 1453 κρα-

2165 1483 2472 1551 ταιούμενοι
2499 1481 2541 1512 ³⁰
2563 1480 2807 1549 δυνάμει.
2841 1481 2904 1532 Εἰ
2932 1479 2985 1532 δὲ
3021 1477 3329 1548 περαιτέρω
3360 1473 3594 1543 προέϐη,
3623 1469 3750 1523 πολ-

2165 1564 2277 1628 λοῖς
2329 1565 2394 1618 ἂν
2440 1566 2533 1618 καὶ
2581 1563 2829 1617 ἐντεῦθεν
2876 1564 3102 1625 ἄπιστος
3150 1560 3325 1624 ἔδοξεν
3371 1555 3511 1612 εἶναι
3563 1558 3596 1626 ἠ
3650 1555 3752 1624 τῆς

2167 1649 2368 1717 σαρκὸς
2415 1648 2700 1718 ἀνάληψις.
2746 1648 3064 1718 Νηστεύσας
3109 1646 3289 1698 τοίνυν
3336 1641 3751 1711 τεσσαράκοντα

2166 1733 2380 1802 ἡμέρας
2423 1735 2514 1786 καὶ
2561 1731 2758 1795 νύκτας
2787 1731 3075 1794 τοσαύτας,
3117 1729 3414 1794 ’Υστερον
3440 1726 3746 1779 ἐπείνασε*

2165 1815 2335 1885 λαϐὴν
2362 1815 2509 1885 αὑτῷ
2541 1815 2792 1885 παρέχων
2820 1817 2897 1878 εἰς
2917 1814 2977 1867 :6
3007 1809 3342 1883 προσελθεῖν,
3381 1810 3469 1861 ἵνα
3500 1807 3750 1876 συμπλα-

2167 1898 2283 1961 κεὶς
2307 1896 2449 1968 δείξῃ
2477 1897 2592 1959 π’ὒς
2615 1897 2695 1949 δεῖ
2722 1895 3094 1968 περιγίνεσθαι
3116 1896 3158 1926 ’⁸
3185 1893 3280 1946 καὶ
3304 1893 3480 1962 νικᾷν.
3504 1889 3661 1942 Οῦτω
3683 1887 3749 1958 δὴ

2169 1981 2262 2032 καὶ
2296 1978 2529 2050 ἀθληταὶ
2562 1979 2772 2032 ποιοῦσι
2789 1995 2802 2008 ’
2835 1981 2962 2042 τοὺς
2985 1978 3092 2049 γὰρ
3119 1975 3368 2048 μαθητὰς
3392 1976 3515 2037 τοὺς
3538 1973 3750 2027 ἐαυτῶν

2166 2062 2507 2119 διδάσκοντες
2536 2062 2906 2131 περιγίνεσθαι
2944 2062 3038 2114 καὶ
3065 2061 3242 2130 νικᾷν,
3273 2059 3490 2120 ἑκόντες
3530 2058 3587 2109 ἐν
3630 2058 3751 2118 ταῖς

2167 2143 2529 2215 παλαίστραις
2559 2145 2961 2215 συμπλέκονται
2987 2144 3215 2214 ἑτέροις,
3244 2145 3301 2196 ἐν
3326 2144 3438 2203 τοῖς
3465 2139 3573 2193 τῶν
3599 2141 3751 2193 ἀντι-

2169 2227 2356 2280 πάλων
2394 2227 2610 2296 σώμασι
2640 2228 2969 2297 παρέχοντες
2990 2227 3198 2289 τούτοις
3229 2225 3454 2296 θεωρεῖν
3486 2216 3580 2276 καί
3623 2239 3751 2276 παι-

2166 2309 2416 2363 δεύεσθαι
2445 2311 2543 2378 τῆς
2566 2311 2723 2380 νίκης
2751 2311 2843 2363 τὸν
2881 2310 3102 2381 τρόπον.
3138 2311 3204 2363 "O
3232 2309 3295 2379 δὴ
3329 2309 3425 2361 καὶ
3463 2308 3585 2360 τότε
3625 2305 3751 2374 ἐγέ-

2168 2410 2307 2446 νετο.
2343 2393 2558 2464 Ἐπειδὴ
2586 2392 2693 2462 γὰρ
2728 2393 2978 2447 ἐϐούλετο
3019 2393 3182 2446 αὑτὸν
3230 2388 3635 2445 ἐπισπάσασθαι
3671 2389 3753 2451 είς

2167 2474 2346 2532 τοῦτο.
2382 2477 2474 2528 καὶ
2523 2475 2583 2528 τὸ
2621 2478 2814 2546 πεινῇν
2843 2475 2992 2544 αὑτῷ
3037 2475 3337 2545 κατάδηλον
3368 2475 3612 2542 ἐποίησε,
3655 2471 3751 2523 καὶ

2168 2558 2532 2629 προσελθόντα
2574 2558 2811 2624 ἐδέξατο,
2849 2561 2944 2611 καὶ
2985 2559 3302 2628 δεξάμενος,
3338 2556 3484 2620 άπαξ
3527 2556 3624 2609 καὶ
3669 2554 3752 2616 δἰς

2169 2643 2262 2696 καὶ
2298 2645 2417 2712 τρὶς
2447 2642 2610 2696 αὑτὸν
2652 2642 2954 2714 κατέρραξε
2979 2643 3023 2674 ³⁸
3056 2643 3172 2711 μετ’
3199 2640 3449 2704 εὐκολίας
3474 2640 3575 2709 τῆς
3601 2636 3754 2707 αὐτῷ

2169 2725 2573 2796 προσηκούσης.
2611 2726 2750 2778 Ἀλλ’
2772 2725 2858 2779 ’ίνα
2895 2725 2970 2795 μὴ
3009 2725 3439 2796 παρατρέχοντες
3465 2723 3564 2785 τάς
3594 2721 3754 2783 νίκας

2167 2809 2390 2874 ταύτας,
2429 2808 2822 2887 λυμαινώμεθα
2857 2809 3010 2878 ὑμῶν
3055 2810 3154 2877 τὴν
3191 2807 3478 2876 ὠφέλειαν.
3509 2804 3618 2858 ἀπὺ
3655 2803 3755 2873 τῆς

2171 2891 2396 2963 πρώτης
2445 2893 2745 2963 ἀρξάμενοι
2784 2891 3087 2961 προσϐολῆς
3123 2891 3362 2961 ἑκάστην
3415 2889 3552 2960 μετά
3593 2889 3752 2957 ἀκρι-

2170 2975 2321 3038 ϐείας
2347 2975 2709 3046 ἐξετάσωμεν.
2729 2975 2947 3045 Ἐπειδὴ
2963 2975 3072 3046 γάρ
3093 2974 3366 3037 ἐπείνασε,
3383 2972 3536 3043 φησὶ,
3558 2974 3754 3038 Προσ-

2169 3057 2362 3111 ελθὼν
2395 3062 2427 3114 ό
2469 3058 2757 3127 πειράζων
2800 3059 2971 3112 εἶπεν
3020 3058 3212 3124 αὐτῷ·
3258 3059 3327 3110 El
3365 3055 3497 3122 Υἱὸς
3540 3049 3600 3107 εἷ
3644 3050 3753 3105 τοῦ

2172 3140 2356 3206 Θεοῦ,
2403 3143 2533 3196 εἰπὲ
2574 3144 2674 3196 ἵνα
2726 3145 2780 3196 οἱ
2829 3145 2985 3196 ,λίθοι
3029 3136 3193 3196 οὗτοι
3239 3140 3402 3208 ἄρτοι
3445 3137 3751 3208 γένωνται.

2185 3223 2401 3294 Ἐπειδὴ
2434 3225 2543 3297 γὰρ
2587 3227 2786 3297 ὴκουσε
2823 3225 3009 3295 φωνῆς
3050 3223 3254 3278 ἀνωθεν
3302 3221 3612 3295 φερομένης
3659 3218 3755 3272 καὶ

2172 3308 2467 3378 λεγούσης·
2517 3307 2704 3375 Οὗτός
2745 3310 2916 3362 ἐστιν
2961 3313 2992 3363 ό
3037 3311 3163 3374 Υἱός
3192 3325 3310 3376 μου
3347 3311 3378 3360 ό
3403 3303 3752 3372 ἀγαπητόςο

2171 3392 2370 3463 ἤκουσε
2399 3393 2455 3446 δέ
2487 3395 2578 3445 καὶ
2627 3393 2872 3446 Ἰωάννου
2910 3391 3146 3445 τοσαῦτα
3184 3391 3313 3461 περί
3353 3387 3516 3442 αὑτοῦ
3549 3403 3756 3457 μαρτυ·

2176 3475 2426 3544 ροῦντος,
2472 3470 2590 3528 εἶτα
2645 3469 2754 3528 εἶδε
2784 3473 3091 3527 πεινῶντα’
3127 3475 3185 3526 ἐν
3228 3471 3509 3544 ἀμηχανία
3559 3468 3755 3522 λοιπὸν

2169 3555 2258 3630 ἦν,
2299 3559 2394 3612 καὶ
2427 3557 2550 3611 06:5
2580 3559 2662 3612 ὅτι
2704 3557 2986 3629 ἄνθρωπος
3028 3553 3095 3628 ἦν
3123 3555 3278 3626 ψιλὸς
3309 3554 3599 3608 πιστεῦσαι
3627 3551 3757 3622 ὴδύο

2171 3661 2320 3703 νατο,
2373 3643 2460 3696 διὰ
2499 3645 2567 3698 τά
2617 3644 2744 3716 περί
2777 3644 2942 3697 αὑτοῦ
2972 3643 3264 3714 λεχθέντα·
3317 3642 3423 3695 οὐδ’
3469 3636 3536 3694 αὖ
3590 3639 3755 3694 πάλιν
3843 3702 3851 3708 _

2173 3725 2599 3794 παραδέξασθαι,
2630 3727 2711 3779 ὅτι
2745 3727 2872 3788 Υἰδς
2899 3721 2967 3796 ἦν
3003 3726 3096 3778 τοῦ
3125 3724 3283 3787 Θεοῦ,
3310 3724 3398 3778 διὰ
3431 3724 3492 3776 :6
3532 3722 3754 3792 βλέπειν

2170 3809 2330 3861 αὑτὸν
2351 3809 2639 3863 πεινῶντα.
2669 3809 2831 3862 Ὅθεν
2859 3810 2916 3860 ἐν
2941 3809 3222 3879 ἀμηχανίᾳ
3241 3807 3549 3876 γενόμενος,
3574 3807 3752 3876 ἀμφι·

2171 3892 2355 3956 ϐόλους
2390 3893 2581 3961 ἀφίησι
2605 3893 2807 3962 φωνάς.
2845 3892 2951 3944 Καὶ
2979 3891 3168 3962 ῶσπερ
3203 3890 3281 3960 τῷ
3312 3889 3486 3960 Ἀδὰμ
3523 3888 3755 3960 προσελ-

2171 3973 2277 4028 θὼν
2309 3975 2460 4046 παρά
2483 3976 2580 4047 τὴν
2615 3975 2810 4046 ἀρχὴν,
2839 3975 3062 4028 πλάττει
3095 3973 3163 4027 τὰ
3201 3973 3276 4045 μὴ
3302 3973 3452 4036 ὅντα,
3480 3975 3566 4028 ἵνα
3600 3973 3751 4044 μάθῃ

2168 4059 2236 4109 τά
2259 4057 2421 4110 δντα’
2455 4057 2598 4112 οῦτω
2637 4058 2702 4128 δὴ
2741 4059 2836 4111 καὶ
2868 4056 3123 4121 ἐνταῦθα,
3155 4057 3254 4109 οὑκ
3291 4056 3448 4118 εἰδὼς
3477 4056 3664 4125 σαφῶς
3693 4056 3754 4107 τὸ

2169 4140 2478 4213 ἀπόρρητον
2512 4143 2610 4211 τῆς
2657 4141 2968 4210 οἰκονομίας
3000 4141 3327 4210 μυστήριον,
3362 4139 3458 4193 καὶ
3486 4139 3570 4202 τίς
3619 4138 3752 4191 ποτέ

2170 4223 2318 4275 ἐστιν
2339 4227 2366 4276 ὀ
2395 4224 2606 4294 παρὼν,
2624 4224 2710 4275 ἓτε
2721 4241 2788 4294 ρα
2811 4225 3081 4293 ἐπιχειρεῖ
3109 4222 3326 4275 πλέκειν
3349 4221 3560 4286 δίκτυα,
3583 4221 3651 4274 δι’
3676 4238 3753 4273 ων

2168 4305 2304 4376 ᾤετο
2352 4307 2593 4360 εἴσεσθαι
2632 4307 2692 4360 :6
2732 4306 3114 4376 κεκρυμμένον
3150 4306 3242 4357 καὶ
3291 4304 3519 4372 ἀσαφές.
3557 4305 3666 4356 Kal
3698 4303 3752 4356 τί

2168 4405 2332 4458 φησιν
2353 4407 2367 4454 ;
2400 4388 2467 4442 Εἰ
2494 4390 2627 4455 Υἱὸς
2655 4385 2714 4442 εἴ
2727 4388 2833 4443 τοῦ
2857 4388 3029 4451 Θεοῦ,
3055 4388 3186 4441 sum
3209 4389 3309 4440 Ira
3331 4390 3385 4440 οὶ
3407 4389 3564 4440 λίθοι
3585 4382 3756 4440 οὗτοι

2169 4469 2320 4543 [170]
2353 4472 2516 4541 ἄρτοι
2551 4473 2856 4542 γένωνται.
2897 4473 3010 4525 Οὐκ
3058 4467 3230 4534 εἶπεν,
3289 4469 3506 4539 Ἐπειδὴ
3537 4470 3750 4538 πεινᾷς,

2165 4554 2394 4618 anum
2433 4555 2566 4620 Υἰὸς
2611 4551 2668 4609 εἶ
2717 4555 2825 4609 τοῦ
2871 4555 3047 4608 Θεοῦ·
3094 4553 3331 4623 νομίζων
3387 4552 3754 4607 ὑποκλέπτειν

2159 4639 2322 4691 αὑτὸν
2355 4641 2465 4702 τοῖς
2512 4639 2828 4708 ἐγκωμίοις.
2857 4637 2948 4691 Διὸ
2983 4638 3076 4691 καὶ
3109 4638 3208 4706 τὴν
3241 4639 3431 4688 πεῖναν
3469 4635 3751 4704 ἐσίγησεν,

2161 4721 2246 4773 ἵνα
2271 4719 2345 4791 μὴ
2386 4720 2512 4791 δόξῃ
2547 4722 2840 4792 προφέρειν
2862 4721 2907 4752 ’³
2931 4719 3078 4789 αὐτῷ
3115 4719 3272 4772 τοῦτο
3313 4720 3403 4771 καὶ
3447 4716 3749 4780 ὀνειδίζειν.

2162 4806 2238 4858 Οὑ
2280 4804 2389 4874 γὰρ
2430 4804 2584 4867 εἰδὼς
2610 4804 2718 4857 τῶν
2765 4803 3234 4874 οἰκονομουμένων
3272 4803 3334 4855 :6
3383 4803 3631 4873 μέγεθος,
3663 4803 3752 4854 al-

2162 4888 2326 4958 σχρδν
2369 4886 2518 4956 αὑτῷ
2568 4887 2724 4940 τοῦτο
2779 4886 3027 4956 ἐνόμιζεν
3083 4884 3241 4939 εἶναι.
3293 4885 3384 4938 Διὸ
3439 4884 3750 4939 κολακεύων

2160 4971 2323 5024 αὑτὸν
2358 4969 2627 5032 ὑπούλως,
2659 4969 2761 5039 τῆς
2797 4970 2954 5034 ἀξίας
2991 4972 3265 5041 μέμνηται
3310 4969 3497 5039 μόνης.
3541 4969 3608 5021 Τί
3653 4963 3751 5022 οὖν

2157 5055 2187 5106 6
2213 5053 2479 5122 Χριστός;
2519 5052 2623 5105 Τὸν
2661 5052 2828 5120 τῦφον
2861 5051 3026 5106 αὑτοῦ
3071 5051 3370 5122 καθαιρῶν,
3412 5053 3506 5104 καὶ
3533 5050 3749 5126 δεικνὺς

2157 5138 2260 5191 οὑκ
2286 5136 2548 5206 αἰσχύνης
2580 5135 2730 5200 ἀξιον
2768 5135 2830 5188 ὃν
2863 5136 2925 5188 τὸ
2955 5137 3188 5207 συμϐἀν,
3215 5134 3338 5187 οὐδὲ
3385 5132 3602 5199 ἀνάξιον
3644 5134 3751 5204 τῆς

2160 5219 2326 5273 αὑτοῦ
2369 5219 2576 5286 σοφίας,
2604 5219 2742 5288 ὅπερ
2771 5217 3084 5271 κολακεύων
3113 5217 3274 5271 αὑτὸν
3307 5220 3513 5281 ἐκεῖνος
3545 5219 3747 5271 ἀπεσι-

2157 5319 2314 5372 γησε,
2353 5301 2511 5354 τοῦτο
2558 5303 2637 5364 είς
2678 5302 2842 5372 μέσον
2892 5301 3057 5364 αὐτὸς
3102 5301 3366 5372 προφέρει
3399 5302 3496 5354 καὶ
3539 5302 3743 5371 τίθησι,

2157 5385 2362 5453 λέγων’
2411 5387 2531 5438 Οὐκ
2580 5385 2673 5438 ἐπ’
2723 5385 2880 5454 ἄρτῳ
2913 5386 3077 5456 μόνῳ
3126 5383 3363 5450 ζήσεται
3408 5385 3741 5453 ἅνθρωπος.

2161 5469 2322 5522 Ὅθεν
2343 5468 2568 5539 ἄρχεται
2591 5468 2699 5521 ἀπὸ
2718 5469 2766 5499 ³⁸
2797 5469 2898 5537 τῆς
2925 5468 3067 5522 κατὰ
3085 5468 3182 5538 τὴν
3206 5469 3450 5540 γαστέρα
3474 5469 3743 5538 ἀνάγκης.

2158 5553 2230 5605 Σὺ
2259 5551 2316 5604 δέ
2348 5569 2437 5622 μοι
2471 5552 2662 5606 σκόπει
2701 5552 2794 5605 τοῦ
2832 5551 3072 5624 πονηροῦ
3105 5551 3360 5620 δαίμονος
3394 5553 3605 5605 ἐκείνου
3642 5553 3744 5624 τὴν

2155 5635 2531 5706 κακουργίαν,
2573 5635 2667 5688 καὶ
2699 5635 2862 5689 πόθεν
2905 5637 3131 5707 ἄρχεται
3161 5633 3271 5687 τῶν
3321 5635 3738 5707 παλαισμάτων,

537 5729 580 5760 ¹’
606 5730 764 5802 μηδέ]
788 5733 880 5786 καὶ
903 5735 1035 5804 μηδέ
1058 5735 1120 5789 D.
1142 5735 1199 5790 E.
1225 5735 1287 5790 F.
1344 5736 1388 5766 ’°
1405 5737 1432 5788 6
1455 5735 1610 5807 τέως]
1636 5736 1731 5790 ἆτε
1757 5737 1831 5801 ὠς
1844 5737 1904 5791 F.
1930 5737 2059 5793 Mor.

537 5799 656 5861 ἰείς
686 5811 740 5854 ει
771 5817 824 5863 p.
848 5819 899 5863 ι).
921 5807 1000 5863 εἰς
1015 5805 1112 5863 τὴν
1136 5807 1342 5863 ἔρημον
1365 5806 1501 5862 Edd.
1556 5807 1893 5860 ’λέπετίθετο
1918 5807 1978 5861 F.
2050 5811 2059 5840 ¹

2180 5739 2240 5792 :6
2263 5740 2390 5792 τέτα
2431 5757 2521 5792 τον
2542 5739 2676 5794 Edd.
2737 5740 2782 5769 "
2813 5738 2972 5809 ἀλλά]
3001 5739 3124 5792 add.
3149 5737 3242 5792 καί
3269 5737 3329 5790 D.
3347 5737 3408 5792 E.
3440 5739 3504 5794 F.
3555 5741 3600 5771 ’³
3620 5742 3742 5812 καί]

2165 5809 2220 5862 έν
2251 5825 2360 5863 om.
2488 5810 2548 5863 F.
2627 5810 2672 5840 "
2697 5807 2822 5863 οὐκ]
2855 5809 2952 5863 οὑγ
2974 5809 3049 5863 ὡς
3075 5807 3172 5863 En.
3237 5809 3279 5838 ’⁷
3316 5808 3408 5861 καί
3428 5825 3542 5863 om.
3581 5811 3646 5863 A.
3676 5810 3734 5863 Β.

1556 5807 1893 5845 ίδέηφεφίθεφη
1919 5807 1957 5845 π
2050 5811 2070 5840 ί

466 5799 558 5851 καὶ
578 5799 824 5870 εἰςείμ.
848 5799 1000 5871 ρ.ἐί’ς
1015 5805 1112 5877 τὴν
1136 5807 1342 5879 ἔρημον
1365 5806 1501 5862 Edd.
1556 5799 1893 5860 ’δ’ἐπετίθετο
1918 5807 1978 5861 F.
2050 5811 2059 5840 ¹

463 5870 518 5948 ’_"_
542 5871 835 5948 ἐνοεηὶιίὶ..
864 5871 1002 5928 E.F.
1035 5877 1252 5948 ἐνίειιιε
1279 5875 1554 5948 εὐθηνίαις
1589 5892 1700 5948 om,
1744 5876 1806 5930 E.
1963 5879 2008 5909 ’⁸
2043 5897 2059 5932 ι

2165 5809 2220 5862 έν
2251 5825 2360 5863 om.
2393 5799 2454 5863 Ε.
2488 5810 2548 5863 F.
2627 5810 2672 5840 "
2697 5807 2822 5880 οὑκ]
2855 5799 3049 5878 οὐχ’ὡς
3075 5807 3172 5876 Ep.
3237 5809 3279 5838 ’⁷
3316 5808 3408 5861 καί
3428 5825 3542 5863 om.
3581 5811 3646 5863 A.
3676 5806 3734 5864 BI

2165 5877 2240 5948 ἰν]
2265 5879 2418 5932 οὐδέν
2439 5880 2504 5934 Δ.
2540 5881 2585 5911 ³⁰
2616 5879 2708 5934 Sic
2737 5881 2798 5933 E.
2835 5899 2852 5930 ι
2879 5878 3302 5948 κραταιούμενοι
3325 5877 3483 5936 MSS.
3519 5883 3734 5935 mulli.)

489 5871 507 5899 "
542 5871 600 5919 ἐν
629 5883 738 5924 om.
777 5874 835 5924 (Ζ.
864 5871 907 5925 Ε

2488 5810 2548 5863 F.
2627 5810 2672 5880 ’⁸
2697 5807 2822 5880 οὑκ]
2855 5807 3049 5878 οὐχ’ὼς
3075 5807 3172 5880 Ep.
3237 5809 3279 5838 ’⁷
3316 5808 3542 5880 καίοιη.
3581 5811 3646 5863 A.
3676 5807 3734 5864 BI

463 5937 691 6021 ριοίξιείξ
732 5940 904 6021 Vu_lgo
922 5947 1304 6021 κρατούμενοι.
1349 5937 2059 6021 περιγενέσθαι-(Ιήῇϐ.

2189 5937 2249 6004 Ἐξ
2286 5959 2340 6004 ει
2362 5965 2446 6021 pr.
2475 5950 2542 6021 ί).
2621 5937 2980 6021 ”κατέρρηξε
2997 5937 3194 6021 pr._D'._
3237 5947 3283 5978 ³³
3302 5950 3622 6021 προφέρειν]
3644 5950 3738 6004 Sic

461 6008 528 6093 Α.
557 6006 617 6059 Β.
733 6005 895 6093 Vulgo
921 6005 1265 6093 προσφέρειν.
1331 6017 1391 6093 ξ’
1407 6005 1568 6093 Ὅθεν
1589 6005 1808 6093 ’ἐκεῖνος
1827 6005 2052 6088 ἄρχεται

2165 6021 2254 6093 ΞΕ.
2275 6005 2385 6073 Kal
2419 6019 2581 6072 πόθεν
2602 6005 2862 6093 ἀρχεταὶξ
2908 6005 3044 6074 Ἇτὲό
3067 6017 3129 6074 F.
3168 6005 3655 6075 Ιιαηίὴὶίείνιώκῖι
3701 6039 3737 6074 a

465 6085 780 6133 arcessitam
811 6085 1008 6134 ventris
1048 6085 1292 6157 incipere.
1323 6087 1417 6142 Ge.
1450 6087 1764 6141 (Ilausulam
1796 6085 1931 6142 sani:
1958 6106 2119 6156 quam
2145 6091 2430 6147 molestam
2467 6085 2808 6164 praclei'iﬁisil
2836 6090 2986 6144 Mm.
