4052 6422
348 415 453 474 209

353 546 407 587 ιιι
433 532 700 602 malignus
725 530 814 586 ille
833 529 1064 590 daemon,
1084 543 1150 582 an
1171 526 1240 582 ab
1256 540 1315 581 se
1335 524 1646 580 discesseris
1665 521 1935 582 dubitans,

353 623 708 677 tentationum
736 623 1101 692 experimento
1127 620 1324 674 certior
1351 620 1459 682 fiat,
1493 628 1543 672 te
1574 618 1690 688 ipso
1721 631 1938 686 prorsus

352 713 542 767 relicto
572 713 921 775 abscessisse;
946 719 1138 780 quarto
1165 720 1223 765 ut
1245 709 1434 764 fortior
1462 719 1514 763 et
1544 714 1658 778 ipso
1688 709 1828 762 ferro
1851 723 1940 763 so-

352 803 508 858 lidior
550 803 629 857 sic
667 802 902 868 evadas;
931 803 1118 872 quinto
1143 812 1199 856 ut
1225 801 1460 856 thesauri
1489 801 1582 854 tibi
1612 800 1796 855 crediti
1821 815 1940 855 cer-

355 907 462 951 tum
497 896 698 951 habeas
727 905 1125 966 argumentum.
1173 893 1358 963 Neque
1384 893 1526 948 enim
1555 902 1606 948 te
1652 893 1939 949 invasisset

352 987 628 1051 diabolus,
661 987 762 1041 nisi
795 996 847 1041 te
889 987 941 1040 in
967 985 1170 1055 majore
1202 985 1430 1054 positum
1459 984 1665 1039 honore
1691 984 1932 1040 vidisset.

353 1079 465 1134 llac
491 1080 560 1134 de
584 1093 742 1134 causa
768 1080 912 1134 enim
940 1079 1008 1132 ab
1049 1079 1204 1131 initio
1233 1077 1520 1132 insurrexit
1548 1077 1602 1130 in
1633 1076 1894 1130 Adamnm
1917 1117 1932 1140 ,

352 1173 475 1241 quia
503 1171 666 1225 multa
693 1169 841 1224 illum
865 1168 966 1223 frui
991 1168 1202 1223 videbat
1226 1169 1499 1237 dignitate.
1527 1168 1652 1222 Ideo
1671 1177 1725 1222 et
1748 1176 1932 1221 contra

353 1265 545 1319 Johum
576 1263 748 1317 aciem
776 1262 1055 1323 instruxit,
1085 1262 1208 1331 quia
1250 1261 1399 1314 illum
1439 1269 1754 1314 coronatum
1786 1257 1932 1313 etab

352 1357 722 1409 universorum
758 1355 865 1409 Deo
904 1353 1231 1408 celebratum
1273 1353 1505 1406 videbat.
1543 1353 1608 1405 Et
1637 1368 1734 1406 cur
1764 1352 1928 1417 dicit,

358 1445 514 1498 Orate
538 1460 600 1498 ne
628 1445 823 1498 intretis
861 1446 913 1497 in
940 1445 1261 1497 tentationem
1290 1441 1502 1512 (Matt/3.
1531 1443 1622 1496 26.
1654 1445 1774 1510 41)?
1803 1443 1934 1496 Pro-

355 1547 537 1607 pterea
566 1535 750 1592 Jesum
782 1551 887 1589 non
917 1536 1056 1590 ultro
1081 1545 1296 1590 euntem
1338 1535 1553 1590 exhibet
1576 1576 1590 1599 ,
1621 1535 1716 1589 sed
1761 1535 1932 1588 addu-

345 1638 496 1684 ctum
542 1627 838 1683 secundum
865 1628 1178 1683 oeconomia:
1206 1629 1465 1681 rationem
1509 1645 1522 1680 :
1552 1627 1893 1680 subindicans
1913 1667 1928 1692 ,

354 1736 460 1776 non
486 1719 830 1776 insiliendum
852 1734 992 1784 esse,
1018 1718 1113 1774 sed
1137 1718 1184 1773 si
1213 1718 1558 1781 adducamur,
1585 1718 1790 1772 fortiter
1811 1732 1932 1773 esse

352 1810 621 1866 standum.
669 1811 734 1864 Et
776 1809 1054 1865 considera
1085 1824 1190 1876 quo
1236 1809 1382 1862 illum
1428 1809 1657 1879 Spiritus
1682 1808 1926 1871 duxerit;

353 1918 459 1954 non
490 1903 539 1954 in
573 1901 782 1965 urbem,
816 1916 913 1954 nec
953 1901 1008 1955 in
1037 1899 1231 1964 forum,
1273 1900 1367 1954 sed
1397 1900 1451 1953 in
1477 1901 1766 1954 desertum.
1795 1898 1929 1966 Quia

351 1994 495 2048 enim
527 1993 796 2046 diabolum
826 1993 998 2062 ipsum
1025 1992 1238 2046 volebat
1264 1991 1481 2044 allicere
1505 2030 1520 2055 ,
1550 2004 1654 2043 non
1687 2005 1753 2044 ex
1789 1989 1930 2044 fame

352 2096 557 2139 tantum
582 2126 596 2146 .
642 2085 734 2139 sed
762 2087 921 2139 etiam
946 2100 1012 2139 ex
1057 2084 1176 2138 loco
1200 2083 1536 2138 occasionem
1566 2081 1640 2135 illi
1685 2081 1926 2150 praebuit.

350 2178 504 2232 Tunc
528 2177 669 2231 enim
697 2175 928 2231 maxime
952 2175 1192 2230 diabolus
1219 2175 1440 2244 ingruit,
1470 2188 1590 2228 cum
1621 2174 1762 2227 solos
1789 2172 1931 2228 videt

348 2286 413 2324 ac
459 2269 685 2324 seorsim
728 2279 969 2339 agentes.
1014 2267 1102 2322 Sic
1127 2268 1403 2322 mulierem
1448 2266 1600 2320 initio
1643 2280 1928 2336 aggressus

347 2370 463 2423 est,
494 2361 662 2414 solam
705 2361 912 2425 adiens,
938 2361 1158 2413 absente
1189 2357 1324 2412 viro.
1365 2358 1498 2412 Cum
1534 2359 1676 2413 enim
1721 2359 1928 2427 aliquos

347 2451 509 2505 simul
553 2461 607 2505 et
651 2458 1001 2520 congregatos
1049 2449 1224 2515 videt,
1278 2464 1382 2502 non
1438 2448 1600 2503 audet
1654 2448 1922 2501 invadere.

347 2542 473 2595 Ideo
497 2550 709 2610 oportet
730 2541 828 2595 hac
855 2541 1083 2594 maxime
1108 2540 1175 2594 de
1198 2554 1354 2594 causa
1380 2538 1685 2607 frequenter
1706 2553 1929 2606 congre-

345 2634 498 2700 gari,
545 2647 614 2688 ne
654 2631 871 2687 diabolo
897 2641 1053 2698 captu
1099 2629 1286 2685 faciles
1326 2630 1516 2683 simus.
1565 2628 1769 2683 Invenit
1798 2643 1926 2698 ergo

345 2726 494 2780 illum
539 2724 782 2780 diabolus
831 2725 885 2778 in
935 2723 1186 2788 deserto,
1229 2730 1284 2777 et
1328 2721 1382 2775 in
1429 2719 1714 2776 solitudine
1761 2719 1922 2772 invia.

343 2819 495 2885 Quod
519 2819 662 2872 enim
685 2817 805 2870 talis
829 2829 972 2871 esset
999 2813 1234 2870 solitudo
1254 2853 1268 2875 ,
1297 2813 1505 2868 Marcus
1547 2811 1811 2883 signiﬁcat
1842 2811 1926 2866 bis

343 2911 520 2966 verbis
551 2928 565 2964 :
595 2909 720 2964 Erat
748 2925 860 2963 cum
885 2907 1051 2963 bestiis
1074 2907 1262 2979 (Marc.
1286 2907 1336 2960 1.
1368 2907 1478 2975 15).
1504 2903 1780 2973 Perpende
1801 2919 1923 2958 cum

342 3012 538 3072 quanta
569 3001 775 3056 vafritie
803 3010 857 3055 et
907 3001 1141 3069 nequitia
1171 2998 1415 3062 accedat,
1449 3006 1504 3051 et
1532 2996 1673 3065 quod
1707 3005 1920 3064 tempus

339 3099 608 3151 observet.
633 3095 746 3150 Non
769 3095 910 3150 enim
928 3096 1260 3164 jejunantem
1281 3092 1424 3157 adit,
1447 3091 1542 3146 sed
1563 3091 1919 3145 esurientem:

341 3203 402 3244 ut
425 3191 600 3245 discas
623 3199 877 3260 quantum
909 3188 1105 3242 bonum
1151 3188 1220 3240 sit
1249 3186 1530 3256 jejunium,
1562 3195 1923 3253 quantumque

341 3285 414 3337 Sit
440 3292 624 3336 contra
665 3281 934 3336 diabolum
968 3279 1166 3343 telum;
1197 3289 1253 3331 et
1288 3277 1432 3347 quod
1462 3287 1580 3344 post
1605 3276 1920 3344 baptismum

342 3393 451 3432 non
482 3375 717 3440 deliciis,
752 3391 858 3429 non
887 3374 1171 3436 ebrietati,
1201 3385 1306 3424 non
1339 3384 1536 3425 mensae
1558 3409 1572 3431 ,
1601 3368 1692 3423 sed
1715 3368 1923 3436 jejunio

344 3485 509 3540 opera
540 3471 610 3523 sit
633 3467 829 3522 danda.
866 3467 1160 3535 PrOpterea
1189 3464 1330 3520 enim
1377 3464 1464 3518 ille
1496 3462 1784 3531 jejunavit,
1816 3476 1920 3514 non

340 3562 484 3632 quod
530 3561 735 3632 jejunio
777 3575 912 3629 opus
969 3559 1218 3616 haberet.
1271 3556 1365 3610 sed
1420 3564 1478 3609 ut
1529 3569 1628 3608 nos
1665 3553 1919 3608 erudiret.

339 3655 475 3721 Quia
503 3662 715 3723 peccata
735 3662 860 3707 ante
882 3652 1148 3706 lavacrum
1166 3650 1366 3704 ventris
1392 3647 1606 3718 crapula
1637 3646 1884 3699 intulerat
1907 3661 1920 3696 :

340 3746 793 3816 quemadmodum
823 3746 867 3800 si
896 3745 1016 3815 quis
1057 3753 1316 3813 :rgrotum
1355 3741 1420 3795 ad
1464 3741 1744 3794 sanitatem
1773 3739 1840 3792 ab
1865 3752 1925 3791 se

341 3837 622 3893 reductum
646 3837 831 3908 jubeat
857 3852 961 3890 non
995 3835 1082 3890 illa
1120 3833 1295 3888 facere
1328 3832 1469 3887 unde
1497 3831 1718 3884 morbus
1747 3829 1925 3882 illatus

341 3942 464 3985 est:
493 3932 569 3984 sic
597 3941 650 3986 et
679 3931 771 3984 ille
803 3939 926 4000 post
954 3929 1220 3982 laviicrnm
1251 3927 1456 3980 induxit
1477 3923 1764 3994 jejunium.
1792 3921 1924 3975 Nam

341 4036 396 4080 et
427 4024 685 4078 Adamum
714 4020 1121 4091 intemperantia
1152 4019 1351 4072 ventris
1380 4033 1446 4071 ex
1474 4015 1719 4085 paradiso
1745 4013 1923 4081 ejecit,

342 4126 401 4173 et
418 4116 674 4173 diluvium
704 4123 942 4182 tempore
979 4111 1107 4167 Noae
1136 4109 1378 4173 induxit,
1410 4116 1568 4177 atque
1600 4107 1650 4160 iti
1681 4103 1928 4159 Sodomi-

344 4220 428 4264 tas
460 4208 674 4263 fulmina
710 4207 948 4261 immisit.
979 4203 1198 4258 Etiamsi
1222 4201 1363 4256 enim
1393 4198 1672 4267 utrobique
1699 4191 1945 4248 fornica;

346 4302 508 4356 tionis
535 4301 739 4354 crimen
769 4305 885 4351 erat
902 4339 917 4363 ,
945 4305 1180 4350 attamen
1206 4293 1477 4360 utriusque
1503 4287 1747 4356 supplicii
1777 4285 1926 4339 radix

347 4394 474 4451 inde
521 4392 716 4464 prodiit
763 4389 951 4459 :quod
996 4397 1051 4443 et
1097 4384 1342 4441 Ezechiel
1388 4383 1627 4437 indicans
1670 4378 1924 4434 dicebat:

355 4486 711 4541 Verumtamen
751 4485 846 4536 hoc
877 4489 982 4535 erat
1011 4487 1270 4551 peccatum
1296 4475 1670 4535 Sodomorum,
1691 4471 1927 4539 quoniam

344 4579 402 4630 in
430 4575 666 4645 superbia
705 4584 751 4627 et
795 4574 848 4626 in
889 4571 1149 4624 saturitate
1188 4583 1409 4636 panum,
1437 4573 1484 4617 et
1523 4565 1578 4616 in
1619 4561 1930 4615 abundantia

347 4667 669 4725 tasciviebaut
694 4665 905 4738 (Ezech.
931 4663 1016 4720 16.
1040 4659 1153 4734 49).
1177 4661 1265 4715 Sic
1289 4667 1344 4714 et
1361 4657 1532 4716 Judaei
1548 4656 1774 4709 maxima
1803 4669 1928 4723 per-

348 4767 628 4831 petiarunt
671 4758 808 4813 mala
833 4797 848 4822 ,
892 4755 962 4810 ab
1002 4753 1259 4808 ebrietate
1278 4759 1330 4805 et
1356 4748 1596 4805 ciborum
1621 4745 1825 4801 deliciis
1873 4743 1928 4798 in

346 4853 682 4922 iniquitatem
713 4848 1090 4918 impingentes.

420 4944 477 4999 2.
523 4938 645 4998 Ideo
672 4951 728 4997 et
755 4941 868 5010 ipse
889 4939 1096 5010 jejunat
1128 4933 1472 5007 quadraginta
1503 4931 1711 4995 diebus,
1744 4927 1930 4983 salutis

347 5036 508 5092 nobis
534 5035 772 5091 remedia
822 5031 1111 5089 ostendens
1133 5070 1149 5095 ,
1176 5043 1350 5097 neque
1396 5026 1620 5080 ulterius
1648 5021 1888 5092 procedit
1911 5061 1927 5086 ,

345 5145 418 5185 ne
461 5129 530 5185 ob
572 5142 851 5184 excessum
915 5121 1186 5187 miraculi,
1232 5118 1545 5174 oeconomia:
1584 5115 1778 5170 veritas
1822 5127 1928 5167 non

343 5222 682 5280 crederetur.
706 5217 864 5274 Nunc
888 5215 1030 5271 enim
1059 5212 1277 5267 minime
1304 5207 1433 5264 illud
1457 5206 1767 5269 timendum,
1793 5219 1930 5274 quo-

349 5316 492 5371 niam
522 5313 733 5384 Moyscs
756 5317 812 5364 et
837 5307 984 5362 Elias
1018 5304 1115 5359 Dei
1140 5300 1372 5373 potentia
1399 5299 1550 5363 fulti,
1579 5295 1642 5349 ad
1676 5295 1818 5348 illam
1845 5293 1930 5362 jeo

344 5408 482 5481 junii
520 5403 922 5464 diuturnitatem
947 5398 1247 5468 pertingere
1295 5398 1598 5463 potuerunt.
1648 5387 1704 5444 Si
1753 5395 1929 5440 autem

347 5477 575 5555 ulterius
603 5508 918 5566 progressus
945 5489 1150 5552 fuisset,
1184 5486 1307 5540 hinc
1335 5482 1577 5554 plurimis
1606 5477 1932 5535 incredibilis

348 5593 464 5646 visa
493 5586 685 5646 fuisset
707 5584 884 5641 carnis
903 5579 1220 5649 assumptio.
1254 5576 1312 5630 2.
1342 5573 1469 5630 Cum
1497 5573 1777 5644 jejuuasset
1800 5583 1928 5639 ergo

346 5674 688 5753 quadraginta
714 5675 889 5731 diebus
913 5683 958 5728 et
985 5668 1326 5739 quadraginta
1345 5664 1590 5727 noctibus,
1615 5671 1786 5731 postea
1811 5674 1932 5712 estt-

347 5773 437 5826 riit
465 5785 481 5826 :
510 5769 845 5827 occasionem
876 5760 1163 5820 accedendi
1191 5756 1403 5814 diabolo
1427 5753 1669 5824 praibens
1688 5791 1704 5814 ,
1730 5759 1787 5804 ut
1811 5765 1934 5804 con-

347 5878 564 5935 gressus
611 5859 920 5918 ostenderet
948 5897 962 5924 ,
991 5850 1258 5926 quomodo
1279 5854 1547 5919 oporteret
1587 5857 1931 5932 Superat-Kac

1491 410 1555 465 IN
1591 399 1996 463 MATTlUEL‘M
2037 399 2262 459 ιιοιιιιμ
2296 406 2427 468 ΧΙΙΙ.

3526 427 3633 482 ειο

2045 525 2281 581 vincere.
2330 530 2418 584 Sic
2462 540 2518 586 et
2563 532 2780 588 athleta:
2839 530 3080 592 faciunt:
3113 553 3236 592 nam
3293 548 3350 592 ut
3387 540 3627 610 discipu-

2047 620 2126 673 los
2167 635 2294 676 suos
2339 621 2566 677 doceant
2589 625 2857 692 quomodo
2897 627 3111 681 vincere
3156 637 3441 698 oporteat,
3488 631 3626 685 ultro

2045 726 2163 765 cum
2206 715 2324 767 aliis
2365 713 2417 768 in
2464 716 2711 784 palmstra
2758 731 2817 770 se
2858 718 3220 787 complicant,
3267 721 3320 773 in
3367 720 3625 775 adversa-

2044 807 2244 861 riorum
2297 809 2618 877 corporibus
2667 811 3026 878 spectaculum
3093 811 3220 878 ipsis
3264 811 3622 874 exhibentes,

2044 911 2101 953 ut
2151 901 2394 958 vincendi
2453 903 2669 956 modum
2741 903 2999 956 ediscant.
3057 903 3208 970 Quod
3269 914 3393 958 tunc
3452 906 3623 960 etiam

2044 991 2242 1045 factum
2269 1003 2367 1046 est.
2394 992 2527 1059 Quia
2573 995 2714 1046 enim
2765 993 3038 1047 diabolum
3081 995 3295 1048 volebat
3344 995 3409 1047 ad
3451 1006 3624 1049 certa-

2043 1100 2162 1138 men
2181 1085 2471 1146 attrabere,
2520 1084 2713 1138 famem
2743 1097 2924 1139 notam
2955 1087 3053 1154 ipsi
3081 1085 3226 1150 fecit,
3275 1088 3624 1142 accedentem

2044 1178 2283 1245 excepit,
2316 1187 2708 1246 exceptumque
2735 1177 2923 1242 semel,
2955 1179 3035 1232 bis
3063 1189 3117 1231 et
3139 1188 3239 1242 ter,
3291 1180 3460 1247 ipsum
3500 1196 3622 1233 cum

2042 1266 2293 1320 facilitate
2338 1267 2436 1320 sibi
2466 1278 2802 1335 competente
2829 1269 3131 1335 prostravit.
3159 1268 3261 1323 Sed
3309 1285 3377 1321 ne
3421 1269 3515 1321 bas
3546 1270 3624 1320 vi-

2038 1359 2236 1411 ctorias
2279 1367 2750 1426 praitercurrentes
2771 1400 2784 1421 ,
2817 1359 3025 1412 utilitati
3075 1369 3268 1413 vestra:
3296 1359 3497 1427 aliquid
3524 1359 3620 1412 dc-

2042 1449 2333 1513 trabamus,
2363 1465 2391 1501 a
2423 1449 2593 1518 pritno
2635 1464 2923 1518 congressu
2949 1450 3058 1502 orsi
3085 1489 3100 1514 ,
3155 1449 3395 1518 singulos
3423 1450 3622 1505 deinde

2036 1550 2285 1594 accurate
2308 1541 2665 1610 exploremus.
2694 1541 2952 1606 Quoniam
2979 1541 3184 1607 esuriit,
3221 1543 3329 1596 ait:
3369 1543 3422 1597 5.
3465 1542 3619 1595 Acce-

2038 1633 2162 1686 dms
2188 1641 2404 1686 teutator
2430 1632 2557 1684 dixit
2584 1632 2629 1684 ei
2648 1645 2670 1684 :
2708 1630 2768 1684 Si
2800 1630 2846 1683 F
2849 1632 2967 1684 ilius
2993 1630 3089 1684 Dei
3113 1648 3194 1693 es,
3225 1630 3307 1684 die
3347 1641 3400 1684 ut
3422 1631 3620 1700 lapides

2035 1726 2120 1780 isti
2142 1742 2295 1795 panes
2316 1727 2461 1792 ﬁant.
2507 1724 2636 1790 Quia
2681 1724 2824 1778 enim
2869 1723 3110 1777 audierat
3137 1739 3321 1778 vocem
3377 1725 3446 1778 de
3483 1725 3619 1777 czelo

2035 1817 2301 1870 dicentem
2322 1833 2334 1869 :
2369 1815 2468 1868 Hic
2493 1826 2564 1869 est
2593 1813 2758 1868 Filius
2774 1832 2915 1868 mem
2932 1816 3142 1869 dilectus
3168 1815 3246 1886 (Μ
3251 1818 3376 1868 attlt.
3401 1818 3453 1871 ὃ.
3475 1818 3562 1884 Π)
3596 1832 3616 1882 ;

2035 1905 2277 1958 audierat
2310 1907 2432 1958 item
2461 1905 2721 1958 .lo:innem
2757 1913 2900 1957 tanta
2929 1905 2998 1958 de
3033 1905 3150 1972 ipso
3198 1904 3608 1971 testificantem;

2033 1996 2332 2065 deindeqne
2355 1996 2488 2048 vidit
2539 1995 2685 2048 illum
2731 1995 3094 2048 esurientem:
3126 1995 3360 2049 incertus
3402 1995 3615 2049 demum

2034 2099 2144 2143 erat
2169 2104 2182 2151 ;
2212 2103 2382 2157 neque
2411 2089 2552 2140 enim
2580 2086 2750 2153 ipsum
2782 2086 3051 2138 hominem
3103 2099 3224 2139 esse
3281 2101 3467 2154 purum
3493 2100 3614 2139 cre-

2034 2180 2161 2233 dere
2189 2189 2415 2248 poteral,
2465 2177 2535 2231 ob
2555 2192 2616 2230 ea
2639 2192 2756 2245 qua:
2784 2176 2852 2230 de
2875 2175 2968 2228 illo
2993 2176 3134 2228 dicta
3171 2176 3412 2240 inerant,
3439 2190 3616 2244 neque

2033 2287 2156 2326 eum
2172 2271 2362 2325 Fiiium
2394 2271 2483 2324 Dei
2512 2269 2812 2333 admittere,
2833 2267 2972 2336 quod
2992 2267 3194 2320 videret
3217 2267 3364 2320 illum
3385 2268 3613 2321 esurire.

2033 2363 2368 2432 Quapropter
2418 2360 2610 2412 dubius
2648 2358 2832 2423 animi,
2875 2357 3063 2410 dubias
3090 2358 3283 2410 emittit
3314 2372 3491 2411 voces.
3535 2357 3614 2412 Ac

2033 2453 2479 2523 quemadmodum
2509 2451 2714 2504 Adamo
2743 2451 2792 2502 in
2819 2449 3081 2517 principio
3106 2450 3316 2502 obviam
3350 2450 3570 2504 veniens
3591 2490 3610 2515 ,

2032 2561 2152 2616 qua;
2182 2559 2287 2599 non
2319 2553 2475 2599 erant
2501 2542 2668 2611 ﬁngit,
2699 2551 2755 2594 nt
2775 2557 2893 2610 (pne
2923 2548 3077 2594 erant
3109 2541 3404 2594 edisceret:
3439 2541 3510 2594 ita
3555 2550 3612 2596 et

2031 2652 2187 2703 nunc,
2208 2652 2328 2690 cum
2369 2651 2472 2688 non
2491 2635 2632 2688 clare
2652 2640 2999 2700 cognosceret
3023 2645 3273 2685 arcanum
3296 2631 3610 2685 meonomirc

2033 2730 2368 2801 mysterium,
2403 2742 2501 2781 nec
2527 2727 2646 2794 quis
2689 2733 2832 2778 esset
2885 2724 2972 2777 ille
3004 2732 3131 2776 tunc
3183 2737 3420 2790 praesens
3444 2763 3458 2785 ,
3506 2723 3610 2776 alia

2034 2829 2249 2874 nectere
2276 2821 2408 2873 retia
2437 2818 2675 2877 molitur,
2701 2817 2852 2884 queis
2879 2813 3114 2884 putabat,
3139 2813 3192 2867 id
3219 2814 3359 2882 quod
3387 2813 3616 2868 abscon-

2031 2911 2200 2965 ditum
2232 2910 2626 2978 obscurumque
2677 2916 2792 2960 erat
2829 2921 2887 2958 se
2915 2905 3122 2959 discere
3169 2919 3346 2973 posse.
3406 2904 3608 2972 Ecquid

2032 3005 2144 3058 ait?
2174 3004 2234 3055 Si
2264 3002 2436 3055 Filius
2472 3001 2568 3053 Dei
2591 3016 2661 3064 es,
2681 3000 2762 3052 die
2797 3009 2851 3050 ut
2890 2997 3085 3066 lapides
3119 2998 3204 3050 isti
3256 3013 3408 3061 panes
3459 2998 3606 3065 ﬁant.

2028 3094 2144 3148 Non
2171 3093 2324 3156 dixit,
2347 3091 2607 3158 Quoniam
2634 3088 2840 3150 esuris;
2864 3087 2981 3151 sed,
3010 3085 3072 3141 Si
3093 3085 3260 3139 Filius
3280 3085 3376 3138 Dei
3404 3102 3490 3139 es:
3517 3101 3614 3155 pu-

2035 3194 2150 3237 tans
2177 3200 2236 3237 se
2265 3197 2424 3252 posse
2448 3182 2592 3235 illum
2619 3179 2890 3249 pellicere.
2936 3176 3062 3230 Ideo
3085 3177 3281 3232 famem
3307 3176 3492 3241 tacuit,
3541 3193 3612 3231 ne

2027 3277 2298 3331 videretur
2327 3274 2452 3328 illud
2487 3274 2582 3342 ipsi
2611 3273 2847 3341 proferre
2869 3279 2924 3323 ut
2950 3268 3315 3338 exprobraret.
3338 3266 3469 3322 Cum
3500 3283 3606 3321 non

2029 3376 2212 3422 nosset
2249 3367 2392 3420 enim
2449 3377 2628 3418 rerum
2673 3377 2793 3431 quae
2821 3359 3614 3430 dispensabantnrmagnitudi-

2029 3477 2172 3522 nem,
2207 3458 2256 3512 id
2281 3457 2354 3511 illi
2386 3457 2582 3525 probro
2604 3453 2716 3508 fore
2743 3453 2960 3521 putabat
2991 3459 3352 3520 :quapropter
3385 3448 3612 3502 adulan-

2031 3555 2098 3606 tis
2124 3567 2272 3606 more
2303 3550 2529 3604 subdole
2568 3548 2879 3617 dignitatem
2938 3545 3056 3612 ejus
3103 3543 3271 3596 solam
3322 3551 3607 3596 memorat.

2029 3645 2166 3714 Quid
2211 3643 2370 3714 igitur
2392 3640 2673 3696 Christus?
2693 3637 2912 3692 Fastum
2927 3636 3044 3706 ejus
3064 3634 3366 3704 deprimens
3387 3674 3402 3696 ,
3431 3642 3611 3686 osten-

2030 3740 2269 3808 densque
2297 3750 2394 3790 nec
2418 3733 2735 3803 probrosum
2767 3729 2822 3782 id
2853 3742 2974 3781 esse
3007 3725 3148 3796 quod
3179 3724 3478 3786 acciderat,
3513 3737 3611 3776 nec

2037 3829 2297 3900 sapientia
2328 3842 2422 3880 sua
2452 3823 2749 3892 indignum,
2774 3818 2916 3888 quod
2941 3818 3026 3871 ille
3048 3814 3317 3870 adulando
3337 3821 3571 3867 tacuerat
3591 3853 3608 3877 ,

2036 3922 2137 3975 hoc
2163 3921 2214 3974 in
2240 3918 2472 3972 medium
2499 3914 2702 3985 profert
2726 3926 2789 3964 ac
2817 3910 2979 3964 dicit:
3013 3909 3066 3961 4.
3097 3906 3216 3960 Non
3241 3906 3294 3957 in
3326 3905 3434 3958 solo
3481 3919 3612 3972 pauc

2033 4015 2158 4068 vivet
2180 4013 2348 4065 homo.
2395 4009 2486 4062 Sic
2509 4023 2536 4058 a
2565 4003 2883 4058 necessitate
2914 3999 3114 4053 ventris
3142 3994 3346 4064 incipit.
3373 3995 3453 4047 Tu
3483 4008 3614 4046 vero

2033 4104 2164 4159 mibi
2192 4098 2409 4167 maligni
2435 4094 2695 4149 danuonis
2714 4091 3003 4145 versutiam
3047 4086 3315 4157 perpende
3338 4126 3354 4150 ,
3385 4093 3437 4138 et
3469 4083 3616 4137 unde

2035 4208 2308 4254 certamen
2341 4189 2574 4258 incipiat,
2627 4194 2681 4239 et
2704 4181 2969 4254 quomodo
3000 4194 3108 4234 suae
3140 4192 3244 4231 non
3270 4176 3617 4230 obliviscatur

2036 4289 2186 4343 artis.
2213 4285 2294 4339 Ab
2321 4283 2387 4336 iis
2408 4280 2552 4336 enim
2576 4277 2727 4347 queis
2757 4273 2985 4342 primum
3017 4268 3291 4322 hominem
3311 4265 3615 4334 dejecerat,

2035 4397 2098 4437 ac
2123 4378 2388 4436 sexcentis
2415 4375 2568 4428 malis
2596 4365 3019 4426 circumdederat
3043 4363 3082 4428 ί,
3119 4362 3186 4414 ab
3213 4358 3400 4413 iisdem
3429 4357 3614 4412 dolum
3683 4396 3688 4405 .

2037 4473 2221 4536 nectit,
2250 4469 2316 4524 de
2343 4465 2542 4522 ventris
2570 4457 2971 4528 intemperantia
3001 4455 3209 4522 loquor.
3234 4449 3427 4505 Multos
3451 4448 3618 4503 etiam

2046 4579 2187 4619 nunc
2215 4563 2406 4617 stultos
2429 4557 2618 4612 audire
2639 4564 2740 4616 est,
2773 4551 2858 4620 qui
2881 4548 3059 4601 dicunt
3083 4549 3333 4598 sexcenta
3358 4555 3451 4609 per
3480 4552 3617 4591 ven-

2045 4668 2178 4712 trem
2205 4653 2343 4708 mala
2371 4650 2512 4704 illata
2535 4659 2673 4700 esse.
2703 4643 2772 4696 At
2792 4639 3032 4694 Christus
3086 4630 3379 4687 ostendens
3422 4631 3622 4680 virtute

2039 4747 2322 4818 praeditum
2347 4757 2450 4795 non
2475 4752 2630 4808 posse
2656 4726 3052 4802 bactyranuide
3087 4719 3333 4818 compelli
3377 4717 3622 4818 aii-quat:-

2042 4808 2165 4896 dam
2216 4845 2400 4891 contra
2428 4831 2675 4885 decorem
2706 4818 3052 4878 admittemla,
3080 4824 3134 4868 et
3157 4811 3344 4874 esurit,
3371 4818 3424 4862 et
3445 4808 3622 4877 jussui

2041 4948 2145 4986 non
2174 4937 2342 4998 paret,
2365 4925 2563 4979 docens
2597 4921 2646 4972 in
2691 4916 2836 4969 nullo
2853 4908 3074 4978 obsequi
3102 4903 3313 4959 diabolo
3335 4915 3435 4956 nos
3461 4913 3624 4998 o-porb

2040 4989 2186 5079 tere:
2205 5022 2336 5090 Quia
2359 5017 2502 5072 enim
2529 5013 2730 5082 primus
2756 5006 2916 5058 homo
2943 5001 3045 5054 hoc
3071 5005 3224 5066 pacto
3253 4989 3619 5090 Deumpﬂ'en-

2041 5081 2397 5182 deratlegem
2442 5081 2824 5172 transgressus,
2871 5109 2934 5148 ex
2966 5086 3259 5145 abundanti
3315 5094 3371 5139 te
3416 5081 3577 5137 docet
3604 5122 3621 5145 ,

2043 5208 2250 5265 etiamsi
2275 5175 2349 5270 id,
2373 5199 2512 5273 quod
2537 5197 2624 5251 ille
2647 5193 2817 5263 jubet,
2841 5184 3198 5255 transgressio
3224 5195 3327 5234 non
3353 5179 3444 5243 sit,
3467 5191 3534 5230 ne
3549 5175 3615 5228 sit

2046 5303 2204 5358 etiam
2236 5272 2711 5364 obteinperandum
2733 5299 2874 5338 esse.
2909 5275 3114 5348 Ecquid
3144 5272 3624 5364 transgressionem

2045 5355 2204 5448 dico?
2233 5387 2344 5444 Etsi
2367 5355 2491 5455 qtiid
2521 5379 2649 5434 utile
2676 5376 2854 5429 dicant
2878 5370 3182 5430 dwmones,
3215 5362 3420 5430 inquit,
3452 5371 3519 5455 ne
3547 5355 3626 5455 sic

2042 5446 2255 5558 quoque
2285 5446 2675 5533 illisiattendas.
2727 5467 2818 5521 Sic
2866 5464 3007 5519 enim
3041 5460 3130 5558 ille
3147 5457 3444 5558 rei-minimas.
3483 5446 3630 5558 loqui

2043 5539 2232 5638 victuit.
2264 5569 2620 5644 praedicantes
2647 5562 2822 5630 ipsum
2845 5569 2968 5610 esse
3015 5549 3108 5606 Dei
3147 5546 3336 5644 Filium
3380 5539 3630 5638 (Luat.

2045 5671 2167 5740 55).
2226 5638 2427 5721 Paulus
2472 5657 2600 5710 item
2647 5651 2876 5720 idipsum
2948 5643 3243 5701 clamantes
3297 5638 3626 5700 increpant,

2108 5846 2125 5878 ι
2148 5852 2290 5899 unus,
2304 5844 2352 5889 et
2380 5834 2626 5887 sexcentos
2649 5823 2768 5876 alios
2786 5811 3044 5871 innumeris
3067 5806 3205 5859 malis
3229 5798 3630 5857 circumdederat.
