4052 6434
402 442 499 498 ΞΗ

398 551 609 613 etiamsi
646 549 718 613 id,
759 544 900 618 quod
954 538 1240 599 dicebam,
1293 533 1425 588 utile
1469 539 1651 595 esset;
1702 527 1796 582 sed
1853 526 1972 579 illos

401 648 570 719 magis
631 640 897 710 magisque
943 628 1277 697 deprimens,
1307 635 1601 689 eorumque
1629 628 1821 673 contra
1874 629 1975 669 nos

404 714 620 791 insidias
644 734 947 785 obstruens.
973 724 1131 778 etiam
1154 735 1277 774 cum
1303 715 1554 771 salutaria
1576 714 1820 781 dogmata
1843 725 1981 779 prte—

404 830 664 887 dicarem,
692 816 1058 890 prepnlsahat,
1086 827 1272 867 eorum
1302 809 1583 862 obstruens
1610 819 1724 867 ora,
1745 802 1981 873 ipsisque

404 914 675 969 silentium
706 914 978 977 imperans
1009 906 1144 974 (Act.
1175 902 1260 955 16.
1291 898 1401 966 18).
1430 896 1632 951 idcirco
1680 908 1851 962 neque
1896 890 1983 944 hic

404 1005 647 1059 Christus
686 1000 843 1054 dictis
883 995 1112 1051 annuit:
1152 990 1243 1045 sed
1267 988 1393 1059 quid
1441 986 1595 1039 ait“!
1628 983 1749 1037 Non
1792 983 1844 1035 in
1874 981 1985 1034 solo

406 1113 536 1166 pane
562 1094 689 1148 vivet
725 1091 893 1143 homo.
916 1084 1066 1151 Quod
1091 1098 1219 1137 vero
1234 1081 1378 1141 dicit,
1408 1073 1707 1145 liujusmodi
1736 1082 1848 1127 est:
1882 1070 1985 1124 Po-

409 1197 513 1240 test
535 1186 674 1240 Dens
698 1182 858 1237 etiam
903 1176 1069 1230 verbo
1098 1171 1424 1227 esurientem
1475 1166 1638 1228 alere,
1686 1177 1755 1215 ex
1807 1160 1985 1215 Veteri

410 1280 689 1348 Scriptura
721 1269 1082 1328 testimonium
1125 1264 1375 1323 afferens,
1403 1275 1468 1313 ac
1501 1259 1724 1321 docens,
1747 1253 1990 1323 quamvis

417 1374 735 1430 esuriamus,
768 1362 1011 1435 quamvis
1035 1356 1179 1411 aliud
1207 1354 1478 1426 quidpiam
1510 1350 1806 1420 patiamur,
1832 1360 1991 1397 num-

412 1477 567 1533 quam
598 1476 625 1512 a
656 1456 879 1511 Domino
902 1447 1265 1505 absistendum
1288 1458 1428 1499 esse.

484 1554 536 1606 5.
568 1546 720 1616 Quod
760 1546 805 1600 si
849 1544 967 1614 quis
990 1539 1219 1600 dixerit,
1264 1535 1425 1590 Certe
1466 1526 1817 1600 oportebatid
1842 1524 1993 1581 exhi-

414 1615 944 1709 bercrrespondebo
981 1632 1079 1701 ipsi
1102 1629 1273 1693 ,Cur,
1320 1635 1375 1680 et
1400 1638 1501 1693 qua
1526 1621 1594 1675 de
1627 1620 1831 1674 causa?
1879 1615 1996 1671 Non

415 1736 580 1797 enim,
624 1741 681 1785 ut
705 1728 969 1789 crederet,
1012 1720 1063 1775 id
1110 1720 1200 1774 ille
1228 1715 1477 1778 dicebat;
1525 1710 1617 1766 sed
1646 1718 1705 1763 ut
1732 1716 1994 1778 quantum

753 1861 767 1883 ,
839 1818 909 1872 de
973 1809 1345 1868 incredulitate
1404 1806 1575 1874 ipsum
1631 1800 1995 1855 convinceret.

418 1886 857 1983 Quandoquidem
902 1905 1106 1976 primos
1126 1899 1372 1954 homines
1400 1896 1478 1949 sic
1532 1890 1774 1959 decepit.
1815 1897 1871 1942 et
1907 1886 2001 1940 de-

421 1979 737 2063 monstravit
764 2002 907 2069 ipsos
928 2011 1037 2051 non
1066 1992 1291 2047 multum
1312 1989 1423 2042 Deo
1451 1984 1693 2039 credere.
1712 1979 1846 2035 Nam
1875 1994 2003 2032 con-

424 2099 581 2154 traria
613 2097 677 2150 iis
702 2109 820 2165 qua:
853 2092 993 2145 Deus
1027 2087 1236 2142 dixerat
1254 2083 1370 2151 ipse
1400 2077 1705 2148 pollicitus,
1734 2071 1879 2127 inani
1903 2083 1999 2124 eos

423 2204 519 2259 Spe
548 2160 761 2247 inllans,
794 2190 954 2249 atque
996 2178 1049 2231 in
1078 2171 1505 2230 incredulitatem
1549 2165 1841 2233 conjiciens
1865 2202 1881 2225 ,
1925 2160 2004 2215 sic

422 2252 581 2334 etiam
610 2292 673 2329 ex
716 2275 777 2327 iis
807 2286 924 2343 qua:
953 2265 1301 2340 possidebant
1346 2259 1502 2315 bonis
1532 2256 1749 2325 dejecit.
1805 2252 2001 2306 Verum

423 2370 667 2425 Christus
696 2340 1123 2422 sese—monstrat,
1145 2368 1319 2423 neque
1348 2350 1581 2411 diabolo,
1613 2360 1783 2415 neque
1798 2340 2006 2397 Judmis

424 2461 609 2515 eadem
639 2472 757 2525 quae
778 2452 1018 2509 diabolus
1034 2444 1386 2504 sentientibus
1410 2441 1890 2508 obtemperantem,
1911 2446 2007 2487 nos

425 2552 623 2620 ubique
650 2523 870 2607 docens,
904 2538 1115 2596 etiamsi
1136 2536 1404 2609 possimus
1428 2528 1625 2600 aliquid
1653 2526 1887 2597 operari,
1921 2523 2006 2576 ni-

427 2642 504 2696 hil
530 2649 709 2695 tamen
738 2644 943 2689 temere
967 2639 1023 2685 et
1043 2630 1159 2683 sine
1184 2640 1342 2681 causa
1366 2620 1670 2676 faciendum
1698 2632 1819 2671 esse
1843 2656 1857 2677 ,
1900 2615 2008 2668 imo

430 2746 533 2787 nec
556 2730 599 2783 si
625 2725 914 2782 necessitas
941 2722 1120 2782 instet,
1137 2715 1350 2771 diabolo
1369 2727 1489 2768 esse
1509 2704 2006 2777 obtemperantium.

430 2822 568 2892 Quid
593 2820 768 2887 agitur
795 2810 1158 2871 exsecrandus
1186 2808 1277 2862 ille
1291 2806 1465 2859 victus
1493 2800 1617 2857 fecit
1643 2802 1665 2854 ?
1720 2799 2008 2866 Postquam

434 2913 660 2970 suadere
686 2925 791 2964 non
822 2912 1075 2978 potuerat
1100 2909 1158 2956 ut
1181 2900 1388 2969 jussum
1414 2899 1820 2963 exsequeretur,
1852 2888 2013 2941 etiam

436 3017 581 3061 tanta
608 3005 839 3058 instante
862 2998 1028 3060 fame,
1062 2994 1131 3048 ad
1156 2990 1298 3047 aliud
1324 2984 1802 3059 proceditdiecns:
1851 2980 1904 3035 6.
1952 2978 2013 3032 Si

436 3098 604 3153 Filius
631 3094 727 3147 Dei
755 3108 825 3158 es,
854 3090 995 3143 mitte
1024 3097 1071 3141 te
1104 3085 1359 3139 deorsum.
1411 3079 1672 3147 Scriptum
1718 3084 1791 3128 est
1833 3072 1965 3125 enim
1992 3085 2008 3123 :

440 3186 690 3254 Quoniam
733 3179 927 3251 angelis
973 3176 1077 3231 suis
1119 3172 1379 3227 mandavit
1431 3169 1494 3221 de
1521 3177 1598 3231 te,
1628 3176 1673 3218 et
1702 3167 1755 3217 in
1784 3163 2015 3215 manibus

438 3253 611 3330 nu...
633 3284 679 3327 te
715 3272 878 3341 (Psal.
907 3265 1137 3334 90.“).
1189 3263 1299 3318 Cur
1354 3258 1581 3329 singulis
1629 3253 2012 3311 mutationibus

443 3367 547 3420 hoc
570 3361 867 3436 prtemittit,
893 3359 955 3414 Si
986 3357 1033 3411 ιτ
1034 3356 1153 3410 ilius
1183 3353 1278 3407 Dei
1301 3351 1398 3406 es?
1443 3348 1594 3416 Quod
1622 3348 1732 3416 jam
1760 3346 1908 3415 prius
1936 3343 2015 3399 fe-

437 3432 604 3522 cerat,
622 3454 675 3509 id
701 3461 756 3507 et
768 3466 914 3506 nunc
938 3449 1083 3503 facit.
1112 3446 1262 3501 Sicut
1288 3443 1430 3499 enim
1451 3451 1578 3496 tunc
1612 3439 1725 3493 Deo
1754 3432 2013 3492 detrahe-

438 3547 532 3602 bat
556 3547 640 3600 his
664 3544 862 3607 verbis,
908 3541 1231 3608 Quacumque
1256 3535 1338 3588 die
1384 3530 1700 3587 comederitis
1720 3569 1736 3594 ,
1787 3528 2019 3597 aperien-

442 3650 527 3693 tur
573 3638 705 3692 oculi
745 3634 891 3688 vestri
934 3630 1088 3700 (Gen.
1115 3631 1169 3684 5.
1200 3626 1307 3696 5);
1356 3625 1441 3678 his
1496 3620 1783 3676 ostendere
1836 3619 2021 3671 volens

442 3732 589 3796 ipsos
633 3727 886 3795 deceptos
914 3738 977 3777 ac
1000 3721 1217 3776 delusos
1262 3717 1457 3779 fuisse,
1501 3712 1738 3780 nihilque
1777 3707 2019 3764 henelicii

440 3820 752 3889 accepisse:
781 3817 851 3870 ita
906 3823 960 3869 et
985 3812 1073 3867 hic
1107 3810 1336 3879 idipsum
1380 3803 1724 3859 subindicans
1764 3800 1837 3852 ait
1883 3815 1897 3851 :
1950 3797 2025 3851 'l'e

441 3887 639 3966 frustra
669 3908 836 3962 lilium
863 3903 1111 3965 vocavit,
1143 3914 1207 3953 ac
1252 3898 1395 3951 dono
1425 3904 1475 3948 te
1505 3892 1689 3947 fefellit
1721 3911 1733 3945 :
1787 3898 1933 3943 certe
1980 3887 2023 3939 si

444 4017 552 4057 non
586 4001 657 4055 ita
684 4014 746 4054 se
771 4012 859 4052 res
881 3995 1094 4059 habeat,
1125 3988 1380 4047 ostendas
1417 3985 1572 4041 nobis
1599 3989 1815 4054 oportet
1865 3992 1916 4034 te
1943 3990 2023 4033 ta—

445 4094 551 4147 lem
599 4090 797 4143 habere
851 4094 1191 4155 potestatem.
1224 4078 1425 4135 Deinde
1453 4119 1468 4142 ,
1491 4075 1747 4146 quoniam
1777 4088 1843 4126 ex
1875 4070 2023 4125 Seri-

446 4184 618 4255 pturis
644 4184 815 4250 ipsum
851 4178 1153 4247 alloquutus
1174 4182 1320 4237 erat,
1350 4172 1463 4241 ipse
1494 4183 1706 4239 quoque
1756 4164 2028 4235 prophetae

449 4273 809 4329 testimonium
835 4268 1012 4323 aﬂ'ert.

522 4364 766 4419 Diabolus
785 4378 870 4427 per
895 4359 1187 4429 patientiam
1205 4366 1488 4425 superatur.
1504 4380 1575 4393 —-
1592 4352 1699 4407 Cur
1726 4364 1853 4420 ergo
1878 4348 2035 4402 Chri-

453 4465 567 4511 stus
614 4467 717 4505 non
760 4449 1091 4517 indignatus,
1124 4462 1229 4499 non
1257 4452 1600 4512 exasperatus
1628 4449 1710 4494 est
1731 4482 1746 4505 ,
1780 4439 1873 4494 sed
1910 4454 2034 4493 eum

453 4540 862 4601 mansuetudine
891 4538 1052 4593 multa
1084 4548 1267 4590 rursus
1289 4550 1354 4588 ex
1394 4532 1684 4601 Scripturis
1712 4531 1882 4598 ipsum
1906 4528 2035 4581 allo-

453 4638 654 4708 quitur,
684 4633 908 4686 dicens:
932 4629 985 4682 7.
1018 4627 1138 4680 Non
1168 4623 1375 4677 tentabis
1406 4622 1680 4675 Dominum
1706 4619 1866 4673 Deum
1895 4629 2034 4671 tuum

456 4728 633 4800 (Deut.
663 4727 717 4780 ϐ.
743 4721 868 4795 16)?
898 4720 967 4776 Ut
994 4735 1091 4772 nos
1125 4716 1336 4780 doceat,
1369 4730 1474 4768 non
1498 4728 1591 4782 per
1612 4712 1784 4780 signa,
1816 4709 1909 4764 sed
1944 4724 2038 4779 per

455 4818 765 4891 patientiam
797 4808 1158 4883 superandum
1185 4806 1457 4862 diabolum
1483 4818 1623 4868 esse,
1658 4802 1891 4871 nihilque
1915 4817 2034 4853 om—

459 4913 585 4966 n'ino
629 4909 694 4962 ad
724 4905 1134 4962 ostentationem
1164 4914 1285 4955 esse
1332 4895 1652 4952 faciendum.
1705 4893 1831 4963 Ejus
1879 4906 2040 4960 porro

460 5000 740 5055 stultitiam
770 4998 851 5050 vel
873 4997 939 5050 ab
963 5012 1028 5049 eo
1056 4991 1194 5063 quod
1222 4990 1397 5043 attulit
1428 4985 1731 5042 testimonio
1748 4982 2035 5053 perpende.

458 5090 590 5145 Nam
617 5086 914 5142 testimonia
940 5100 969 5137 a
990 5083 1212 5138 Domino
1240 5080 1397 5133 allata
1430 5078 1587 5131 ambo
1618 5074 1904 5129 admodum
1947 5088 2045 5141 op.

461 5189 689 5253 portune
709 5177 940 5231 adhibita
968 5184 1123 5239 sunt;
1147 5188 1264 5243 quae
1290 5181 1467 5226 autem
1494 5169 1671 5223 abillo
1695 5174 2039 5235 usurpantur,

462 5284 665 5329 temere
690 5278 746 5325 et
768 5268 947 5337 inepte
974 5264 1332 5334 proferuntur,
1362 5277 1460 5316 nec
1485 5260 1549 5313 ad
1575 5274 1688 5314 rent
1714 5257 2038 5327 propositam

463 5361 865 5422 accommodata
896 5366 1038 5413 sunt.
1063 5355 1247 5424 Neque
1270 5355 1411 5409 enim
1443 5351 1571 5407 illud
1592 5392 1607 5418 ,
1649 5350 1906 5418 Scriptum
1935 5354 2006 5399 est
2026 5385 2043 5411 ,

467 5455 674 5525 Angelis
697 5453 802 5506 suis
830 5446 1085 5503 mandavit
1128 5445 1191 5498 de
1237 5453 1304 5511 te,
1342 5442 1529 5497 suadet
1554 5456 1672 5495 sese
1718 5438 2043 5509 praecipitent

466 5547 597 5601 dare
628 5561 642 5599 :
674 5543 908 5613 alioquin
933 5554 1061 5595 vero
1088 5552 1194 5591 non
1216 5534 1283 5590 de
1314 5535 1541 5589 Domino
1566 5533 1669 5587 hoc
1707 5531 1918 5584 dicitur.
1948 5531 2046 5582 At-

473 5650 650 5693 tamen
678 5636 780 5692 hoc
805 5636 894 5690 ille
937 5648 1042 5687 non
1070 5628 1283 5693 refellit,
1315 5626 1415 5682 etsi
1441 5623 1824 5679 contumeliose
1867 5620 2051 5674 diabo-

475 5731 560 5783 lus
584 5728 726 5781 dicto
750 5742 874 5779 usus
891 5723 1097 5788 fuisset,
1123 5718 1380 5787 valdeque
1401 5716 1669 5771 contrario
1687 5730 1865 5770 sensu.
1884 5712 2051 5767 Nemo

536 5840 555 5871 ε
590 5845 735 5897 Unus,
759 5838 842 5887 sed
864 5835 1000 5887 illum
1021 5831 1213 5899 placide
1234 5827 1499 5892 redarguit,
1524 5826 1706 5878 dicens.

1128 425 1185 481 S.
1224 418 1505 479 JOANNIS
1541 410 2014 472 CIIRYSOSTOMI
2054 406 2366 464 ARCIIIEP.
2415 398 2951 459 CONSTANTINOP.

3558 398 3661 452 (ὶιὲ

2085 522 2228 576 enim
2257 536 2287 575 a
2318 520 2453 575 Filio
2484 519 2578 573 Dei
2612 517 2715 571 hoc
2741 516 2906 585 petit,
2934 512 3026 570 sed
3046 511 3242 569 diaboli
3275 519 3330 567 et
3359 511 3665 569 daemonum

2084 614 2367 668 consilium
2383 620 2464 667 est
2484 625 2543 665 se
2568 609 2823 664 deorsum
2854 605 3100 660 mittere:
3131 604 3223 659 Dei
3250 619 3400 670 vero,
3430 604 3670 673 iacentes

2085 708 2312 776 erigere.
2341 705 2471 759 Nam
2506 704 2549 757 si
2584 702 2872 771 potentiam
2899 697 3183 753 ostendere
3222 706 3529 765 Oporteret,
3563 713 3669 753 non

2087 798 2320 865 seipsum
2352 793 2634 857 mittendo,
2655 791 2739 847 vel
2762 789 3160 861 praecipitando,
3180 788 3275 843 sed
3291 788 3429 843 alios
3452 803 3669 843 servan-

2087 890 2180 953 do,
2210 887 2260 942 id
2284 887 2516 941 fecisset.
2558 884 2802 952 Seipsnm
2829 884 2970 936 enim
3005 881 3056 934 in
3096 888 3363 949 praerupta
3389 890 3442 935 et
3484 881 3669 950 praeci-

2090 980 2217 1050 pitia
2260 978 2491 1042 mittere,
2519 975 2586 1029 ad
2612 974 2807 1028 diaboli
2840 972 3156 1042 phalangem
3186 973 3433 1040 pertinet.
3460 972 3550 1028 Sic
3582 973 3677 1042 lgi-

2091 1079 2179 1123 tur
2233 1068 2325 1123 ille
2353 1067 2604 1122 seductor
2630 1065 2825 1133 ubique
2853 1078 3015 1132 agere
3043 1062 3194 1117 solet.
3229 1062 3336 1117 Sed
3374 1062 3460 1116 his
3496 1063 3674 1131 dictis,

2091 1161 2337 1215 Christus
2362 1174 2468 1214 non
2494 1173 2553 1213 se
2580 1168 2755 1210 tamen
2782 1156 3004 1217 revelat,
3030 1154 3123 1210 sed
3145 1155 3298 1224 quasi
3326 1155 3486 1209 homo
3512 1157 3563 1211 ei
3594 1157 3678 1211 in-

2096 1252 2250 1306 terim
2276 1251 2525 1320 loquitur.
2555 1249 2686 1303 Nam
2705 1247 2842 1315 quod
2871 1246 3022 1311 dixit,
3056 1244 3177 1299 Non
3200 1247 3253 1299 in
3272 1247 3380 1299 solo
3412 1264 3541 1315 pane
3557 1249 3679 1300 vivet

2097 1344 2268 1406 homo,
2298 1352 2456 1411 atque
2478 1340 2628 1404 illud,
2650 1339 2771 1392 Non
2794 1338 3003 1391 tentabis
3033 1336 3304 1390 Dominum
3330 1336 3488 1390 Deum
3516 1347 3677 1401 tuum,

2098 1450 2205 1487 non
2235 1446 2356 1487 sese
2381 1431 2668 1486 admodum
2719 1428 3106 1483 manifestantis
3149 1436 3288 1491 erat,
3325 1429 3419 1483 sed
3453 1443 3573 1483 sese
3614 1446 3681 1483 ex

2098 1533 2412 1577 cmterorurn
2443 1521 2715 1573 hominum
2742 1534 2964 1573 numero
2991 1518 3334 1573 declarantis.
3364 1518 3442 1574 Ne
3472 1520 3682 1574 mireris

2102 1628 2261 1680 porro
2287 1613 2330 1665 si
2360 1612 2634 1665 Christum
2662 1611 2960 1678 alloquens,
2994 1624 3053 1663 se
3078 1609 3279 1666 circum
3308 1626 3453 1679 sa‘pe
3488 1620 3681 1665 vertat.

2102 1702 2559 1771 Quemadmodum
2592 1702 2734 1755 enim
2764 1700 2992 1770 pugiles,
3037 1716 3160 1755 cum
3194 1701 3368 1775 letalia
3416 1703 3685 1771 accipiunt

2102 1794 2325 1848 vulnera
2350 1835 2364 1857 ,
2397 1792 2712 1861 sanguinem
2770 1793 3300 1858 circumemittentes,
3332 1803 3385 1847 et
3429 1797 3687 1864 vertigine

2104 1883 2243 1953 capti
2270 1882 2718 1936 circumferuntur
2746 1896 2761 1936 :
2792 1882 2871 1936 sic
2901 1892 2956 1936 et
2985 1882 3075 1936 ille
3112 1898 3143 1936 a
3173 1885 3341 1951 prima
3372 1894 3427 1938 et
3455 1886 3686 1940 secunda

2108 1975 2259 2044 plaga
2281 1973 2683 2039 obtenebratns,
2709 1987 2829 2040 qua:
2859 1972 2911 2025 in
2958 1985 3190 2027 mentem
3222 1974 3442 2029 veniunt
3487 1976 3689 2045 simpli-

2106 2071 2239 2125 citer
2270 2070 2506 2138 profert,
2534 2076 2588 2123 et
2622 2066 2689 2121 ad
2718 2066 2935 2122 tertium
2965 2080 3310 2136 congressum
3342 2069 3605 2137 procedit.
3634 2070 3688 2123 8.

2108 2160 2178 2215 Et
2193 2168 2450 2225 assumpto
2471 2176 2529 2211 eo
2554 2159 2605 2211 in
2631 2166 2847 2210 montem
2874 2158 3127 2211 excelsum
3152 2198 3167 2222 ,
3197 2158 3412 2211 ostendit
3452 2160 3496 2211 ei
3523 2160 3692 2212 omnia

2107 2268 2263 2322 regna
2286 2252 2300 2281 ¹
2322 2267 2336 2315 ;
2361 2250 2413 2304 9.
2438 2260 2484 2302 ει
2501 2249 2630 2301 dixit
2658 2247 2824 2301 εΗωο
2846 2249 3016 2301 omnia
3041 2248 3128 2300 tibi
3149 2248 3278 2301 dabo
3303 2250 3345 2302 si
3367 2250 3550 2303 cadens
3570 2252 3695 2303 ado-

2109 2342 2297 2395 raveris
2326 2355 2421 2393 me.
2447 2340 2531 2393 10.
2556 2338 2699 2391 Tunc
2721 2338 2843 2391 dicit
2872 2339 2915 2390 ei
2946 2354 2964 2391 :
3003 2336 3143 2391 Vade
3185 2347 3316 2392 retro
3356 2356 3452 2401 me,
3492 2350 3692 2393 satana.

2112 2434 2371 2500 Scriptum
2390 2443 2461 2485 est
2482 2432 2612 2484 enim
2636 2446 2655 2484 :
2680 2429 2953 2483 Dominum
2989 2429 3151 2483 Deum
3180 2440 3318 2483 tuum
3347 2432 3585 2485 adorabis
3602 2474 3618 2493 ,
3652 2442 3699 2484 et

2111 2528 2186 2581 illi
2216 2526 2309 2580 soli
2339 2525 2519 2578 servies
2543 2520 2717 2593 (Deut.
2738 2523 2790 2576 6.
2818 2523 2926 2591 15).
2953 2522 3085 2588 Quia
3115 2522 3257 2575 enim
3279 2523 3388 2591 jam
3408 2524 3457 2576 in
3487 2523 3699 2577 Patrem

2114 2622 2284 2690 ipsum
2315 2624 2667 2687 peccaverat,
2718 2616 2895 2669 omnia
2923 2631 3044 2684 qua:
3088 2615 3230 2669 illius
3256 2625 3408 2669 erant
3445 2630 3539 2669 sua
3578 2630 3702 2670 esse

2113 2713 2317 2778 dicens,
2350 2718 2405 2764 et
2439 2724 2499 2765 se
2529 2708 2689 2763 deum
2720 2706 2955 2777 profiteri
2980 2706 3263 2771 studebat,
3295 2715 3352 2761 ut
3395 2717 3700 2762 creatorem

2118 2805 2373 2869 universi,
2410 2816 2535 2859 tunc
2581 2801 2914 2871 increpavit;
2970 2817 3145 2870 neque
3173 2816 3293 2854 cum
3336 2800 3701 2865 vehementia,

2116 2897 2209 2953 sed
2237 2896 2551 2965 simpliciter
2576 2910 2589 2946 :
2630 2892 2770 2947 Vade
2795 2902 2926 2946 retro
2953 2909 3050 2957 me,
3094 2902 3294 2946 satana.
3314 2892 3466 2958 Quod
3493 2892 3703 2960 jussutn

2119 2989 2286 3057 magis
2324 2995 2478 3050 erat,
2533 3000 2693 3054 quam
2747 2984 3061 3052 increpatio.
3105 2982 3271 3038 Simul
3303 2984 3500 3054 quippe
3545 2983 3702 3048 dixit,

2128 3079 2286 3139 Vade,
2313 3088 2369 3133 et
2396 3078 2592 3148 fugavit
2618 3078 2781 3130 illum.
2809 3076 2989 3145 Neque
3005 3076 3146 3129 enim
3168 3076 3299 3128 alias
3326 3075 3423 3143 ipsi
3456 3077 3709 3130 tentatio-

2121 3186 2216 3225 nes
2244 3169 2453 3224 obtulit.

2189 3265 2242 3318 4.
2272 3260 2534 3329 Quomodo
2564 3261 2791 3315 Christus
2816 3276 3012 3313 omnem
3037 3261 3354 3315 tentationem
3383 3276 3709 3315 consumma-

2121 3358 2263 3409 verit.
2294 3354 2481 3407 Contra
2509 3351 2723 3405 habendi
2745 3351 3163 3421 rupidilatenu—
3184 3352 3250 3406 Et
3273 3352 3542 3420 quomodo
3559 3394 3574 3413 .
3622 3354 3705 3407 in-

2121 3447 2291 3517 quies,
2325 3445 2494 3500 Lucas
2518 3444 2614 3508 ait,
2644 3443 2813 3512 ipsum
2837 3458 3050 3497 omnem
3084 3444 3429 3498 tentationem
3458 3459 3711 3500 consum-

2123 3539 2355 3593 mavisse
2381 3536 2533 3605 (Luc.
2567 3536 2619 3590 4.
2652 3535 2786 3605 l5)?
2820 3534 3039 3589 Videtur
3082 3535 3212 3589 mihi
3244 3545 3299 3589 ut
3325 3536 3495 3603 capita
3538 3546 3711 3592 tenta-

2126 3632 2329 3684 tionnm
2348 3628 2570 3692 diceret,
2589 3642 2776 3680 omnes
2802 3625 3021 3693 dixisse,
3045 3626 3193 3695 quasi
3216 3626 3337 3680 aliis
3360 3627 3459 3681 hoc
3487 3644 3712 3682 numero

2125 3720 2545 3791 comprehensis.
2575 3719 2705 3773 Nam
2731 3718 2842 3773 haec
2864 3718 3023 3780 mala,
3044 3717 3319 3771 innumera
3347 3718 3447 3771 alia
3475 3720 3715 3788 comple-

2127 3823 2363 3879 ctuntur,
2385 3811 2556 3867 ventri
2580 3810 2802 3874 servire,
2826 3808 2894 3863 ad
2916 3824 3104 3864 vanam
3129 3810 3351 3879 gloriam
3380 3810 3502 3879 quid
3530 3825 3711 3879 agere,

2130 3906 2328 3960 furioso
2364 3902 2705 3973 pecuniarum
2749 3914 2933 3955 amore
2978 3900 3167 3954 teneri.
3217 3898 3369 3965 Quod
3396 3914 3517 3953 cum
3548 3900 3717 3955 sciret

2131 3997 2424 4053 sceleratus
2477 3995 2593 4060 ille,
2644 3992 2892 4047 omnibus
2934 3991 3302 4056 valentiorem,
3358 3993 3715 4048 insatiabilem

2132 4090 2360 4145 habendi
2387 4088 2756 4158 cupiditatem,
2778 4085 3017 4139 ultimam
3047 4085 3249 4154 posuit;
3285 4085 3333 4138 id
3357 4084 3467 4154 jam
3502 4095 3627 4141 ante
3662 4096 3716 4138 et

2131 4196 2161 4235 a
2193 4181 2451 4250 principio
2488 4178 2810 4248 parturiens,
2858 4175 2952 4229 sed
2997 4187 3321 4245 postremum
3352 4189 3595 4240 servans,
3630 4186 3717 4229 ut-

2136 4282 2257 4341 pote
2286 4270 2509 4325 validius
2544 4268 2774 4323 cmteris.
2822 4266 2947 4321 Haec
2972 4267 3169 4336 quippe
3214 4266 3379 4336 ipsius
3409 4267 3719 4319 certaminis

2136 4364 2218 4417 lex
2245 4371 2348 4427 est,
2394 4371 2451 4415 ut
2476 4376 2597 4430 qua:
2618 4358 2864 4413 videntur
2899 4358 2966 4411 ad
3011 4357 3455 4427 supplantandum
3487 4359 3718 4428 aptiora,

2136 4464 2405 4525 postrema
2430 4452 2635 4506 afferat.
2668 4450 2819 4517 Quod
2850 4450 3010 4505 etiam
3046 4450 3187 4504 circa
3217 4447 3407 4503 Jobum
3454 4447 3601 4504 fecit.
3631 4449 3719 4502 ld-

2136 4545 2279 4600 circo
2305 4543 2392 4597 hic
2419 4558 2575 4597 orsus
2594 4542 2661 4597 ab
2690 4542 2752 4596 iis
2780 4557 2897 4612 qua:
2930 4540 3242 4595 videbantur
3264 4540 3557 4595 infirmiora
3577 4556 3721 4606 esse,

2139 4635 2206 4690 ad
2234 4634 2495 4689 valentius
2521 4633 2781 4703 procedit.
2827 4631 3109 4699 Quomodo
3152 4641 3330 4686 autem
3372 4632 3475 4688 hoc
3520 4634 3722 4689 malum

2139 4728 2355 4781 vincere
2382 4724 2629 4795 oportet?
2660 4724 2727 4779 Ut
2749 4723 2996 4778 Christus
3015 4722 3216 4788 docuit,
3242 4722 3309 4777 ad
3338 4723 3506 4778 Deum
3537 4725 3724 4781 confu-

2141 4819 2333 4889 giendo
2378 4833 2395 4871 :
2446 4819 2516 4872 ita
2544 4826 2601 4871 ut
2628 4832 2727 4872 nec
2772 4817 2910 4870 fame
2936 4815 3303 4881 concidamus,
3344 4817 3628 4873 credentes
3675 4821 3728 4873 ei

2142 4912 2230 4982 qui
2263 4918 2438 4980 potest
2466 4910 2625 4963 etiam
2655 4907 2816 4962 verbo
2839 4922 3077 4976 pascere,
3112 4922 3212 4961 nec
3246 4908 3296 4961 in
3318 4908 3473 4965 bonis
3501 4926 3620 4979 qua:
3640 4926 3731 4965 ac-

2144 5011 2404 5081 cepimus,
2432 5008 2672 5062 datorem
2699 5016 2985 5072 tentemus;
3019 5005 3113 5061 sed
3143 5020 3372 5076 superna
3402 5006 3571 5076 gloria
3598 5020 3730 5060 con-

2148 5103 2300 5166 lenti,
2333 5100 2578 5155 humanm
2601 5098 2796 5153 ttullam
2831 5099 3119 5154 habeamus
3140 5100 3424 5163 rationem,
3456 5106 3509 5153 et
3536 5097 3733 5167 ubique

2146 5192 2289 5261 quod
2315 5192 2640 5261 superfluum
2659 5199 2761 5253 est,
2783 5190 3162 5259 despiciamus.
3184 5188 3326 5244 Nihil
3350 5189 3493 5242 enim
3518 5188 3585 5241 ita
3611 5187 3733 5241 dia-

2150 5284 2274 5339 bolo
2302 5282 2574 5337 subditum
2610 5280 2807 5347 reddit,
2837 5289 2894 5335 ut
2924 5280 3239 5336 insatiabilis
3268 5278 3495 5334 habendi
3524 5278 3735 5348 cupidi-

2151 5386 2255 5441 tas,
2289 5385 2345 5431 et
2368 5375 2611 5428 avaritia.
2645 5373 2807 5443 quue
2833 5389 2899 5428 ex
2926 5374 2992 5428 iis
3015 5388 3134 5442 quas
3165 5386 3307 5426 nunc
3329 5371 3582 5426 eveniunt
3610 5385 3738 5424 cer-

2151 5481 2285 5523 nere
2337 5473 2442 5520 est.
2483 5464 2620 5519 Sunt
2662 5465 2803 5519 enim
2854 5464 2943 5534 qui
2998 5463 3221 5520 dicant;
3254 5461 3380 5517 Ha-c
3422 5462 3598 5516 omnia
3642 5461 3740 5518 tibi

2152 5557 2437 5621 dabimus,
2492 5555 2538 5611 si
2592 5555 2789 5609 cadens
2847 5554 3153 5609 adoravcris
3182 5570 3196 5606 :
3227 5552 3472 5607 homines
3522 5550 3740 5622 quidem

2155 5659 2366 5713 natura,
2399 5647 2493 5702 sed
2536 5648 2890 5701 instrumenta
2920 5646 3115 5701 diaboli
3141 5644 3337 5701 ell'ecti.
3374 5644 3506 5699 Nam
3535 5654 3590 5698 et
3613 5651 3747 5699 tunc

2218 5760 2236 5791 ι
2272 5765 2382 5829 rost
2401 5758 2490 5828 has
2512 5770 2673 5811 voces.
2699 5757 2861 5809 omnia
2878 5769 3046 5820 regna,
3072 5755 3265 5818 quidam
3284 5754 3483 5817 addunt,
3506 5752 3677 5805 mundi
3698 5761 3746 5806 at

2157 5818 2362 5885 gloriam
2386 5820 2509 5882 ejus.
