4052 6466
382 415 487 476 215

385 549 489 589 non
520 546 616 604 per
644 546 706 588 se
725 531 925 596 solum,
952 526 1044 584 sed
1065 542 1158 597 per
1177 526 1277 580 alia
1303 523 1543 595 quaedam
1564 524 1734 595 ipsum
1762 538 1970 594 aggres-

381 639 473 679 sus
516 632 601 677 est
632 639 645 674 :
677 622 819 691 quod
857 618 1136 675 declarans
1158 617 1329 671 Lucas
1368 615 1577 670 dicebat
1608 634 1620 667 :
1652 616 1731 668 Ad
1777 626 1972 682 tempus

383 714 612 768 discessit
641 714 703 766 ab
727 713 817 766 illo
849 710 1007 780 (Luc.
1033 712 1087 764 ι.
1117 708 1251 780 15);
1282 707 1561 762 declarans
1588 704 1761 776 ipsmn
1790 715 1971 775 postea

381 824 503 861 cum
530 807 762 876 propriis
786 806 885 858 sibi
918 803 1284 857 instrumentis
1308 800 1620 855 accessisse.
1655 801 1740 853 ll.
1774 798 1840 852 Et
1861 816 1972 853 ecce

381 899 552 968 angeli
577 907 912 958 accesserunt,
946 906 991 948 et
1022 893 1375 948 utiuistrabaut
1413 893 1476 945 ei.
1505 890 1636 944 Cum
1665 890 1807 944 enim
1851 905 1969 944 cou-

383 992 559 1045 flictus
609 999 759 1051 erat,
800 1004 902 1041 non
957 987 1080 1040 sivit
1117 986 1239 1041 illos
1272 999 1566 1055 apparere,
1614 999 1681 1037 ne
1707 998 1827 1036 mox
1881 997 1968 1036 ca-

384 1081 636 1152 piendum
675 1079 1117 1149 perterrefa'ceret
1147 1095 1161 1130 :
1194 1085 1472 1147 postquam
1504 1084 1681 1130 auten.
1706 1076 1851 1130 illum
1879 1090 1972 1143 per

381 1184 573 1230 cuncta
615 1172 932 1235 confutavit,
975 1181 1028 1224 et
1057 1171 1274 1241 fugavit,
1312 1178 1437 1224 tunc
1461 1179 1721 1239 apparent.
1758 1168 1831 1222 illi
1865 1184 1879 1222 :
1915 1178 1971 1221 ut

376 1260 558 1314 discas
574 1269 625 1313 te
641 1270 1171 1329 quoque,postquam
1185 1263 1250 1313 ad
1268 1264 1573 1331 exemplum
1591 1262 1710 1332 ejus
1729 1264 1972 1325 viceris',

377 1352 445 1405 ab
458 1350 666 1418 angelis
676 1351 919 1417 excipient
930 1352 1052 1403 .lum
1067 1365 1187 1406 esse
1200 1352 1670 1422 plaudentibus,ac
1684 1370 1778 1422 per
1792 1354 1975 1409 omnia

378 1440 728 1512 stipantibus.
751 1442 843 1499 Sic
866 1443 1011 1499 enim
1034 1454 1086 1498 et
1102 1442 1370 1500 Lazarum
1398 1454 1523 1514 post
1549 1445 1824 1502 fornacem
1848 1462 1972 1515 pau-

379 1537 792 1606 pertatis,famis
807 1546 858 1591 et
871 1538 1333 1606 angttstiaa,angeli
1350 1539 1682 1608 excipientes
1696 1540 1968 1595 abierunt.

378 1628 678 1699 Siquidem,
712 1626 892 1696 utjam
920 1625 1053 1691 dixi,
1085 1625 1247 1679 multa
1272 1623 1519 1679 Christus
1543 1639 1683 1677 nunc
1711 1624 1964 1690 ostendit,

377 1722 576 1791 quibus
608 1736 707 1774 nos
739 1719 995 1774 fruemur.
1033 1717 1171 1784 Quia
1202 1716 1359 1787 igitur
1387 1715 1504 1771 haec
1544 1716 1720 1770 omnia
1748 1724 1967 1785 prOpter

378 1822 433 1866 te
455 1811 590 1865 facta
621 1819 766 1876 sunt,
800 1810 936 1863 hanc
988 1808 1197 1863 imitare
1220 1847 1237 1873 ,
1268 1815 1325 1862 et
1367 1806 1619 1862 tumulare
1663 1807 1962 1863 victoriam.

379 1902 516 1956 Etsi
554 1902 674 1971 quis
703 1916 768 1954 ex
794 1900 936 1954 illius
969 1898 1234 1954 daemonis
1265 1897 1521 1953 ministris
1566 1907 1617 1951 te
1655 1897 1830 1963 adeat,
1875 1899 1962 1969 qui

381 1992 503 2045 talia
521 1992 709 2061 sapiat,
737 1991 1068 2059 exprobrans
1096 1990 1188 2044 tibi
1211 2004 1274 2045 ac
1302 1988 1487 2045 dicens
1510 2005 1524 2041 :
1548 1988 1807 2044 Mirabilis
1852 2006 1963 2044 ma-

376 2098 622 2153 gnusque
653 2097 732 2145 es,
783 2090 1020 2135 montem
1050 2079 1280 2135 transfer
1310 2098 1322 2134 :
1353 2094 1420 2134 ne
1448 2079 1699 2143 turbcris,
1742 2096 1810 2135 ne
1849 2095 1964 2135 mo-

378 2175 583 2240 vearis;
615 2174 707 2228 sed
727 2189 847 2229 cum
870 2171 1274 2227 mansuetudine
1296 2171 1579 2241 reSponde,
1601 2181 1656 2225 ut
1679 2172 1960 2226 Dominum

372 2266 571 2321 audisti
601 2265 864 2321 dicentem
898 2283 911 2319 :
946 2264 1064 2318 Non
1083 2264 1292 2318 tentabis
1314 2262 1586 2318 Dominum
1608 2262 1770 2317 Deum
1797 2273 1958 2317 tuum.

371 2358 469 2413 Sin
492 2358 579 2411 ille
607 2358 828 2427 gloriam
871 2356 1267 2425 potentiamque
1296 2353 1526 2409 oli'erens
1549 2365 1709 2424 atque
1734 2355 1959 2407 immen-

367 2466 489 2507 sam
517 2452 622 2505 vim
648 2451 982 2513 divitiarum,
1012 2448 1240 2503 adorare
1270 2457 1321 2502 te
1359 2447 1545 2518 jubeat
1568 2489 1581 2511 ,
1614 2457 1692 2500 sta
1728 2447 1955 2500 fortiter.

371 2545 487 2600 Non
511 2545 653 2600 enim
675 2553 860 2599 contra
887 2557 1224 2598 communem
1258 2541 1537 2595 Dominum
1575 2550 1811 2594 nostrum
1845 2528 1958 2592 om-

370 2639 521 2693 nium
564 2648 766 2692 tantum
797 2638 897 2692 hoc
927 2636 1049 2691 fecit
1087 2635 1366 2697 diabolus;
1415 2634 1508 2688 sed
1537 2633 1696 2688 etiam
1721 2631 1958 2701 quotidie

369 2732 425 2785 in
467 2729 705 2800 singulos
732 2729 849 2798 ejus
881 2742 1066 2783 servos
1090 2726 1185 2780 has
1215 2725 1466 2779 admm'et
1509 2722 1817 2787 machinas;
1850 2740 1956 2777 non

369 2832 574 2878 tantum
594 2824 645 2876 in
677 2822 966 2885 montibus,
991 2823 1041 2874 in
1065 2819 1312 2886 desertis,
1333 2817 1424 2872 sed
1439 2818 1597 2872 etiam
1630 2817 1682 2870 in
1712 2818 1954 2884 urbibus,

368 2920 422 2969 in
451 2915 605 2980 foris,
635 2915 685 2969 in
719 2913 1100 2976 tribunalibus;
1142 2924 1315 2980 neque
1344 2924 1442 2978 per
1470 2922 1528 2964 se
1565 2912 1737 2968 solum
1782 2914 1872 2965 sed
1903 2919 1957 2965 et

364 3023 463 3077 per
478 3007 725 3062 homines
749 3016 1007 3077 cognatos
1030 3014 1264 3059 nostros.
1283 3001 1416 3069 Quid
1444 3003 1598 3076 igitur
1611 3003 1911 3058 faciendum
1933 3003 1955 3057 ἲ

362 3099 482 3156 Non
511 3097 842 3155 credendum
872 3099 920 3153 ei
949 3139 961 3159 ,
995 3110 1257 3168 auresque
1288 3106 1410 3150 sunt
1436 3095 1798 3161 obstruendcc,
1824 3094 1953 3149 adu~

362 3196 610 3266 latorque
652 3192 777 3249 odio
821 3190 1100 3248 habendus
1132 3208 1146 3244 ι
1180 3198 1235 3245 et
1278 3205 1399 3244 cum
1436 3188 1636 3258 majora
1671 3189 1949 3258 promittit,

363 3300 478 3342 tum
511 3286 675 3357 magis
704 3285 944 3340 aversari
972 3299 1093 3337 eum
1125 3289 1354 3352 Oportet.
1386 3279 1659 3350 Siquidem
1691 3287 1745 3334 et
1785 3278 1947 3332 Evam

360 3396 486 3434 cum
516 3394 610 3449 spe
637 3377 841 3448 majore
867 3375 1078 3442 extulit,
1114 3382 1239 3427 tunc
1258 3372 1472 3443 dejecit,
1495 3372 1828 3440 maximaque
1852 3370 1947 3439 ipsi

360 3472 543 3526 intulit
571 3471 731 3525 mala.
766 3469 946 3524 Hostis
977 3467 1170 3538 quippe
1197 3476 1275 3519 est
1322 3463 1685 3528 inexorabilis,
1720 3463 1947 3518 bellum-

359 3581 467 3632 que
493 3574 678 3618 contra
706 3579 804 3617 nos
833 3562 1069 3631 suscepit
1092 3558 1445 3627 implacabile.
1481 3557 1589 3612 Nec
1623 3558 1691 3609 ita
1722 3572 1819 3610 nos
1863 3573 1949 3610 sa-

357 3658 456 3714 luti
489 3667 687 3712 nostra;
720 3655 1020 3720 studemus,
1052 3664 1109 3708 ut
1137 3653 1226 3707 ille
1256 3661 1448 3707 nostra:
1482 3650 1753 3731 perniciei.
1792 3652 1947 3703 Aver-

356 3766 540 3805 semur
580 3750 756 3818 itaque
808 3748 980 3809 illum,
1035 3761 1139 3800 non
1173 3744 1349 3799 verbis
1381 3752 1584 3797 tantum
1606 3783 1620 3807 ,
1665 3741 1756 3795 sed
1786 3742 1943 3795 etiam

356 3841 643 3911 operibus;
699 3856 803 3894 non
846 3847 1025 3893 mente
1068 3837 1278 3899 solum,
1308 3834 1402 3890 sed
1450 3834 1673 3896 actibus,
1707 3833 1946 3902 nihilque

355 3932 498 4001 quod
530 3932 626 4001 ipsi
672 3931 920 4001 placitum
944 3930 1015 3983 sit
1045 3928 1297 3983 faciamus
1332 3944 1345 3978 :
1374 3927 1452 3980 sic
1478 3925 1657 3978 omnia
1688 3939 1805 3994 quae
1839 3924 1944 3978 Deo

356 4025 548 4093 placita
579 4032 701 4077 sunt
727 4021 1005 4078 faciemus.
1035 4018 1165 4073 Nam
1195 4017 1358 4071 multa
1389 4017 1475 4070 ille
1500 4015 1802 4085 pollicetur,
1839 4029 1941 4069 non

357 4130 414 4175 ut
445 4120 573 4183 det,
605 4117 698 4173 sed
732 4128 789 4171 ut
819 4115 1065 4184 accipiat.
1093 4112 1169 4166 Ex
1203 4111 1387 4180 rapina
1418 4109 1718 4178 pollicetur,
1750 4116 1807 4159 ut
1849 4122 1944 4159 au-

355 4212 494 4268 ferat
520 4224 739 4278 regnum
769 4218 819 4262 et
839 4206 1134 4276 justitiam;
1169 4202 1449 4256 thesauros
1481 4199 1532 4253 in
1565 4208 1708 4253 terra
1732 4213 1826 4251 ceu
1859 4197 1939 4250 la-

353 4316 524 4372 queos
552 4301 776 4356 tendens
806 4306 964 4367 atque
997 4309 1210 4357 casses.
1259 4300 1316 4347 ut
1354 4302 1406 4347 et
1438 4291 1519 4345 bis
1559 4299 1613 4346 et
1642 4288 1941 4344 caelestibus

354 4396 529 4464 privet
583 4391 896 4467 thesauris;
930 4389 1040 4443 vult
1092 4401 1190 4442 nos
1238 4386 1323 4439 hic
1376 4384 1661 4449 ditescere,
1715 4398 1783 4436 ne
1837 4381 1942 4434 illic

351 4488 699 4540 ditescmuus.
735 4484 826 4538 Sin
858 4498 959 4536 non
994 4483 1163 4552 possit
1204 4494 1301 4533 nos
1347 4494 1442 4548 per
1488 4477 1699 4532 divitias
1740 4475 1805 4530 ab
1853 4475 1938 4528 illa

350 4589 504 4636 sorte
529 4579 749 4649 ejicere,
778 4578 1023 4640 alteram,
1056 4589 1147 4644 per
1169 4580 1533 4642 paupertatem
1561 4584 1770 4638 nempe,
1803 4568 1938 4621 viam

350 4674 451 4727 init
481 4689 495 4726 :
528 4670 668 4741 quod
702 4670 751 4722 in
784 4668 886 4724 Job
932 4667 1074 4720 fecit.
1123 4667 1256 4717 Cum
1297 4662 1485 4717 viderit
1517 4661 1658 4714 enim
1713 4658 1841 4713 nihil
1889 4658 1937 4710 ei

352 4762 602 4818 nocuisse
646 4761 855 4816 divitias
882 4801 895 4822 ,
929 4773 1023 4828 per
1050 4763 1414 4827 paupertatem
1445 4753 1573 4806 retia
1606 4751 1791 4813 nectit,
1842 4749 1941 4802 hac

352 4857 435 4910 via
491 4868 714 4925 sperans
761 4867 819 4908 se
862 4850 1139 4905 victoriam
1186 4856 1579 4917 reportaturum
1640 4857 1757 4897 esse
1792 4861 1803 4895 :
1836 4858 1941 4911 quo

349 4947 479 5020 quid
520 4946 736 5001 stultius
761 4958 881 5000 esse
926 4940 1131 5010 possit?
1162 4940 1263 5007 Qui
1306 4939 1449 4993 enim
1495 4935 1708 4990 divitias
1739 4944 1942 5003 tempo-

351 5050 535 5096 ranter
563 5041 703 5095 ferre
731 5037 920 5109 potuit,
955 5034 1123 5089 multo
1153 5034 1321 5102 magis
1343 5038 1706 5101 paupertatem
1734 5025 1940 5081 fortiter

348 5136 487 5189 feret
510 5147 523 5186 :
552 5140 605 5187 et
625 5131 712 5201 qui
736 5135 1029 5200 praesentes
1049 5126 1258 5179 divitias
1278 5139 1382 5178 non
1405 5121 1728 5190 concupivit,
1749 5119 1933 5173 absen-

354 5236 436 5279 tes
466 5238 571 5277 non
602 5229 828 5292 quaeret,
859 5214 1309 5290 quemadmodum
1363 5228 1539 5282 neque
1582 5212 1768 5265 beatus
1814 5210 1937 5273 ille;

348 5318 448 5374 sed
488 5333 555 5373 ex
598 5323 912 5387 paupertate
950 5326 1161 5365 rursum
1196 5306 1526 5379 Splendidior
1571 5304 1792 5359 ell'ectus
1834 5312 1935 5356 est.

350 5413 481 5469 Nam
509 5410 725 5467 divitias
748 5407 962 5481 quidem
990 5405 1201 5459 auferre
1222 5402 1392 5473 potuit
1420 5399 1683 5468 malignus
1713 5396 1803 5450 ille
1827 5394 1940 5449 da:-

348 5519 510 5569 mon;
552 5503 827 5557 caritatem
857 5512 988 5552 vero
1021 5508 1144 5566 erga
1189 5493 1354 5547 Deum
1388 5507 1492 5544 non
1540 5487 1699 5543 modo
1728 5483 1940 5539 auferre

350 5612 457 5651 non
485 5594 688 5664 potuit,
723 5591 815 5646 sed
846 5590 1007 5646 etiarn
1041 5584 1414 5641 ferventiorem
1447 5579 1705 5642 reddidit,
1738 5577 1941 5646 ipsum-

350 5704 456 5759 que
482 5685 735 5741 nudatunt
757 5681 1023 5743 omnibus,
1053 5675 1289 5748 pluribus
1315 5672 1519 5730 curavit
1542 5668 1825 5741 splendere
1846 5666 1944 5720 hoc

403 5808 421 5839 ί
454 5800 728 5865 Legeratin
741 5801 907 5849 Graeco
917 5796 1021 5865 ιωιῇ
1035 5793 1225 5842 ἐκείνων
1233 5782 1932 5865 ξιοιῖιξςξΐξιρᾳιιὶυεὲειξξιιξιιιις

345 5843 1299 5923 ιεαλῖἷιὲιῗειῖἧὸᾶξὰιᾷὰιιιβιιοε-ιςιρεγίδ.
1340 5844 1539 5902 Videsis
1567 5857 1681 5909 quae
1720 5843 1772 5892 in
1804 5843 1935 5892 hunc

346 5914 518 5979 locum
538 5914 728 5975 notavit
764 5914 1045 5972 Fridericus
1078 5914 1237 5971 Field.

1537 407 1599 461 IN
1642 403 2046 463 MXTTIIrEUM
2090 407 2318 465 IIOMII..
2362 410 2495 465 XIII.

3562 407 3667 465 2H

2080 525 2195 592 nis;
2246 525 2472 597 ideoque
2518 528 2646 597 quid
2685 528 2892 581 consilii
2940 536 3155 595 caperet
3207 527 3498 583 nesciebat.
3552 528 3674 600 Quo

2081 620 2257 687 plures
2282 620 2425 674 enim
2458 620 2728 689 inlligebat
2755 621 2952 690 plagas,
2995 635 3062 676 eo
3089 622 3437 679 valentiorem
3478 638 3669 681 cerne-

2078 709 2185 763 bat.
2222 708 2452 780 Ideoque
2480 710 2728 765 omnibus
2757 711 2973 765 tentatis
3001 719 3055 765 et
3083 709 3356 778 adhibitis,
3380 714 3502 782 quia
3530 715 3664 769 nihil

2078 803 2246 873 magis
2268 803 2595 873 proficiebat,
2626 803 2695 857 ad
2721 813 2871 858 vetus
2902 802 3029 858 illud
3049 804 3211 859 telum
3229 804 3417 870 currit,
3442 821 3664 860 uxorem

2078 911 2298 967 nempe,
2343 905 2398 950 et
2425 906 2695 967 asstnnpta
2729 896 3077 967 providentiae
3116 897 3282 961 larva,
3330 898 3665 951 calamitates

2076 986 2192 1056 ejus
2217 985 2593 1041 miserabiliter
2618 996 2671 1041 et
2710 987 2909 1057 tragice
2951 985 3225 1052 describit,
3264 996 3319 1041 et
3359 987 3575 1041 simulat
3604 1005 3663 1042 se

2076 1078 2437 1147 perniciosum
2486 1078 2613 1131 illud
2655 1077 2790 1133 dare
2818 1077 3139 1143 consilium,
3188 1086 3247 1133 ut
3301 1079 3390 1134 ille
3429 1094 3459 1133 a
3507 1080 3661 1133 malis

2075 1185 2294 1237 prorsus
2320 1169 2594 1224 liberetur.
2627 1167 2732 1224 Sed
2763 1183 2938 1238 neque
2965 1170 3036 1222 ita
3068 1169 3381 1239 praevaluit:
3411 1170 3491 1224 vir
3518 1171 3660 1223 enim

2076 1261 2164 1316 ille
2185 1260 2528 1315 admirandus
2550 1260 2664 1330 ejus
2684 1275 2861 1315 escam
2884 1258 3280 1326 animadvertit,
3300 1276 3365 1317 ac
3388 1276 3509 1316 cum
3528 1261 3663 1315 mul-

2076 1363 2127 1409 ta
2153 1353 2428 1423 prudentia
2453 1354 2626 1420 uxori,
2654 1354 2768 1424 ejus
2797 1367 2957 1407 suasu
2986 1353 3245 1425 loquenti,
3277 1368 3339 1408 os
3367 1355 3660 1409 obstruxit.

2144 1446 2196 1500 5.
2232 1445 2287 1500 Id
2314 1445 2456 1515 quod
2487 1445 2649 1499 etiam
2680 1460 2777 1499 nos
2802 1444 2976 1499 facere
2998 1446 3278 1511 convenit;
3307 1445 3516 1500 etiamsi
3553 1447 3659 1499 fra-

2074 1535 2188 1601 tris,
2222 1536 2429 1592 etiamsi
2471 1536 2663 1602 amici,
2693 1538 2791 1591 etsi
2836 1536 3020 1592 uxoris
3049 1536 3128 1592 vel
3157 1537 3381 1592 alterius
3406 1536 3661 1607 cujusque

2073 1643 2355 1699 personam
2380 1627 2625 1694 induens,
2654 1642 2758 1682 non
2787 1628 3129 1697 congruentia
3161 1626 3426 1698 loquatur,
3461 1643 3565 1682 non
3592 1644 3657 1684 ex

2072 1736 2300 1791 persona
2353 1720 2622 1792 loquentis
2659 1720 2942 1774 consilium
2983 1721 3259 1790 excipere,
3299 1720 3394 1775 sed
3446 1722 3655 1776 ratione

2072 1816 2356 1885 perniciosi
2381 1814 2593 1869 consilii
2641 1813 2756 1867 haec
2799 1811 3066 1867 dicentem
3110 1814 3343 1868 aversari
3375 1813 3654 1869 debemm.

2069 1907 2342 1978 Siquidem
2376 1921 2520 1961 nunc
2565 1905 2726 1960 etiam
2756 1903 2954 1959 similia
2986 1905 3146 1959 multa
3181 1904 3326 1972 facit,
3357 1914 3658 1963 etcommt-

2068 1998 2351 2054 scrationis
2372 1998 2571 2052 larvam
2589 1996 2842 2056 assumit;
2873 2010 2937 2050 ac
2960 1995 3083 2048 dum
3113 1995 3407 2053 benevolus
3429 1999 3657 2063 videtur,

2071 2090 2369 2159 perniciosa
2404 2098 2457 2142 et
2502 2088 2690 2158 quovis
2718 2101 2926 2141 veneno
2951 2086 3215 2144 deteriora
3258 2089 3428 2144 fundit
3468 2089 3658 2147 verba.

2065 2181 2197 2237 Nam
2239 2180 2304 2235 ad
2358 2189 2735 2235 nocumentnm
2766 2178 3006 2246 adulari,
3059 2180 3294 2245 diaboli;
3335 2181 3402 2236 ad
3457 2182 3654 2239 bonum

2067 2271 2424 2344 praestandum
2448 2272 2741 2341 corripere,
2771 2273 2862 2327 Dei
2882 2284 2981 2327 est.
3013 2271 3089 2327 Ne
3112 2273 3290 2343 itaque
3305 2274 3652 2344 decipiamur,

2068 2381 2237 2433 neque
2271 2379 2363 2431 per
2396 2377 2610 2417 omnem
2643 2364 2856 2417 modum
2888 2364 3224 2432 tranquillam
3253 2374 3522 2419 sectemur
3564 2368 3648 2419 vi-

2065 2464 2193 2509 tam.
2227 2454 2391 2522 Quem
2418 2456 2557 2510 enim
2587 2456 2753 2525 diligit
2781 2455 2915 2509 Deus
2939 2495 2955 2521 ,
2988 2456 3201 2526 castigat
3240 2454 3419 2525 (Prov.
3449 2456 3503 2511 5.
3540 2458 3651 2527 12).

2064 2548 2252 2620 inquit.
2283 2548 2413 2605 Cum
2439 2550 2614 2619 itaque
2645 2546 2885 2617 improbe
2914 2546 3149 2601 viventes
3178 2548 3343 2602 rebus
3383 2550 3653 2616 proslteris

2060 2640 2318 2706 fruimur,
2381 2650 2506 2694 tunc
2549 2638 2776 2691 maxime
2826 2636 3099 2691 doleamus
3133 2655 3144 2687 :
3180 2646 3459 2706 peccantes
3508 2641 3650 2693 enim

2062 2751 2271 2804 semper
2299 2734 2490 2788 timere
2519 2739 2765 2802 oportet:
2795 2738 2900 2783 tum
2931 2744 3056 2784 vero
3087 2730 3316 2783 maxime
3346 2745 3466 2785 cum
3499 2731 3651 2786 triste

2063 2829 2192 2883 nihil
2233 2826 2482 2898 patimur.
2531 2823 2754 2892 Quando
2784 2822 2926 2876 enim
2956 2837 3052 2891 per
3094 2831 3269 2891 partes
3299 2821 3433 2875 Dens
3467 2836 3650 2891 prunas

2058 2921 2240 2990 exigit,
2271 2919 2522 2972 leviorem
2566 2926 2717 2986 parat
2741 2913 3064 2975 vindictam;
3097 2912 3309 2983 quando
3333 2923 3508 2967 autem
3534 2928 3653 2967 sce-

2060 3012 2167 3067 lera
2191 3009 2393 3081 singula
2412 3008 2515 3063 fert
2539 3009 2815 3077 patienter,
2833 3005 2883 3059 in
2908 3019 3150 3075 magnam
3176 3018 3273 3059 nos
3304 3003 3353 3057 itt
3383 3004 3448 3059 iis
3469 3020 3652 3074 perse-

2058 3112 2306 3159 verantes
2337 3109 2574 3156 reservat
2605 3099 2878 3153 ultionem.
2910 3096 3042 3151 Nam
3071 3096 3115 3150 si
3146 3095 3324 3166 probis
3346 3111 3582 3151 necessat
3598 3097 3647 3152 ia

2055 3208 2138 3254 est
2166 3196 2384 3252 afﬂictio
2406 3236 2420 3261 ,
2450 3194 2616 3248 multo
2662 3193 2828 3262 magis
2859 3189 3220 3260 peccantibus.
3252 3188 3386 3243 Vide
3418 3205 3645 3259 namque

2055 3297 2305 3359 quantam
2338 3287 2426 3341 Dei
2460 3284 2768 3355 patientiam
2796 3291 3054 3352 expertus
3081 3281 3306 3345 Pharao,
3344 3291 3643 3337 extremum

2053 3382 2282 3450 denique
2316 3396 2409 3450 pro
2437 3378 2686 3430 omnibus
2718 3376 2812 3429 luit
2841 3372 3178 3442 supplicium;
3203 3382 3331 3442 quot
3359 3372 3641 3426 criminum

2054 3489 2176 3528 reus
2201 3467 2725 3531 Nabuchodonosor,
2781 3463 3018 3517 omnium
3050 3461 3261 3515 tandem
3295 3476 3477 3530 poenas
3508 3462 3636 3521 luit;

2052 3568 2199 3621 dives
2239 3566 2363 3618 item
2405 3561 2526 3632 quia
2574 3558 2704 3612 nihil
2750 3557 2832 3609 hic
2864 3569 3224 3609 aerumnarum
3260 3567 3444 3622 passus
3492 3563 3635 3615 erat,

2053 3659 2169 3713 ideo
2199 3656 2426 3711 maxime
2477 3652 2638 3705 tniSer
2666 3649 2797 3712 fuit;
2823 3646 2945 3717 quia
2971 3648 3021 3700 in
3065 3646 3161 3699 hac
3186 3647 3287 3698 vita
3326 3645 3600 3700 deliciatus
3621 3687 3634 3708 ,

2052 3751 2176 3806 illuc
2199 3748 2327 3803 abiit
2350 3744 2585 3799 muniunt
2617 3757 2801 3810 pmuas
2826 3740 3068 3805 daturus,
3102 3738 3188 3792 ubi
3218 3738 3414 3791 nullam
3443 3738 3492 3792 in
3526 3754 3640 3790 ma-

2052 3843 2116 3897 lis
2142 3839 2558 3895 consolationem
2584 3835 2817 3905 reperire
2844 3842 2978 3888 erat.
3008 3832 3256 3885 Attamen
3283 3831 3496 3900 quidam
3515 3841 3637 3884 sunt

2051 3936 2122 3989 ita
2154 3932 2325 4003 frigidi
2357 3940 2411 3985 et
2439 3929 2607 3990 stulti,
2632 3936 2688 3980 ut
2717 3926 2995 3996 praesentia
3019 3930 3221 3976 tantum
3251 3937 3463 3990 semper
3487 3937 3630 3990 qum-

2051 4036 2186 4087 rant,
2207 4033 2260 4078 et
2278 4023 2391 4076 lucc
2415 4018 2634 4073 ridicula
2656 4016 2813 4069 verba
2843 4015 3138 4083 proferant:
3164 4013 3375 4065 Interim
3396 4027 3632 4081 praesen-

2050 4119 2188 4173 tibus
2216 4116 2361 4171 fruar
2382 4112 2646 4175 omnibus;
2669 4119 2793 4162 tunc
2810 4106 2879 4161 de
2905 4104 3122 4160 incertis
3144 4100 3484 4172 prospiciam;
3505 4116 3636 4157 ven-

2049 4211 2114 4265 tri
2142 4206 2446 4277 indulgebo,
2477 4200 2833 4271 voluptatibus
2857 4196 3120 4263 serviam,
3153 4194 3341 4249 abutar
3384 4195 3633 4264 prmsenti

2046 4305 2172 4358 vita.
2233 4302 2307 4356 Da
2362 4299 2489 4352 tnibi
2550 4295 2863 4349 hodiernum
2894 4290 3058 4355 diem,
3108 4300 3161 4344 et
3200 4288 3385 4358 accipe
3443 4289 3633 4342 crasti-

2050 4411 2194 4450 num.
2237 4393 2282 4448 Ο
2320 4393 2587 4460 ingentem
2642 4385 2956 4442 stultitiam!
3003 4382 3061 4438 In
3105 4397 3213 4454 quo
3262 4382 3332 4436 ah
3378 4380 3541 4436 hircis
3583 4390 3637 4435 et

2049 4488 2221 4558 porcis
2262 4484 2512 4541 differunt
2548 4481 2635 4552 qui
2684 4480 2804 4534 talia
2842 4476 3169 4549 loquuntur?
3219 4476 3351 4530 Nam
3408 4474 3452 4529 si
3501 4468 3633 4539 eos,

2046 4581 2132 4650 qui
2173 4579 2238 4633 ad
2287 4591 2507 4632 uxorem
2559 4573 2783 4643 proximi
2813 4571 2891 4625 sui
2922 4570 3189 4633 hinniunt,
3222 4584 3328 4623 non
3356 4567 3482 4623 sinit
3510 4582 3636 4637 pro-

2048 4675 2206 4744 pbeta
2255 4670 2499 4725 homines
2527 4665 2763 4735 reputari
2795 4660 2925 4733 (Jer.
2957 4664 3010 4717 5.
3035 4660 3127 4729 8),
3170 4662 3289 4730 quis
3328 4674 3426 4714 nos
3451 4660 3635 4728 culpa-

2048 4766 2118 4818 bit
2151 4764 2195 4817 si
2222 4763 2322 4817 hos
2352 4761 2550 4825 hircos,
2582 4772 2773 4825 porcos
2801 4765 2854 4810 et
2903 4754 3066 4808 asinis
3096 4749 3487 4819 insipientiores
3516 4763 3636 4803 esse

2047 4857 2434 4917 existimemus,
2484 4850 2572 4920 qui
2617 4850 2839 4904 clariora
2870 4846 2971 4907 iis,
3008 4860 3126 4914 qua":
3156 4842 3323 4895 oculis
3367 4839 3632 4920 vident-ur,

2049 4948 2249 5002 incerta
2281 4914 2655 5014 esse-putant?
2679 4939 2736 4997 Si
2762 4939 2902 4994 enim
2937 4936 3060 4990 nulli
3094 4935 3181 4989 alii
3214 4931 3408 4997 credis,
3433 4914 3638 4986 daemo—

2047 5039 2202 5092 nibus
2237 5036 2424 5091 saltem
2452 5032 2601 5087 adsta
2638 5031 2762 5085 dum
2802 5029 3178 5086 verberantur;
3217 5025 3280 5078 iis
3305 5022 3507 5079 scilicet
3545 5023 3634 5093 qui

2047 5132 2100 5186 in
2133 5127 2423 5199 perniciem
2454 5135 2688 5180 nostram
2728 5121 2856 5175 nihil
2886 5136 2990 5174 non
3019 5119 3203 5173 dicunt
3242 5125 3297 5171 et
3322 5123 3502 5186 agunt.
3527 5114 3634 5169 Nc-

2044 5239 2149 5294 que
2177 5220 2318 5276 enim
2348 5219 2451 5272 hoc
2492 5223 2778 5284 negaturus
2813 5226 2891 5277 es,
2921 5212 3065 5281 ipSos
3120 5222 3313 5278 nempe
3349 5205 3481 5261 nihil
3528 5220 3633 5260 non

2046 5330 2204 5386 agere
2231 5324 2288 5367 ut
2308 5310 2567 5366 desidiam
2596 5317 2832 5362 nostram
2861 5313 3110 5375 augeant,
3137 5303 3397 5372 gehenna:
3431 5306 3632 5352 mcttnn

2045 5406 2310 5470 auferant,
2345 5402 2684 5471 efﬁciamque
2714 5407 2771 5453 ut
2821 5395 3001 5451 futuro
3023 5394 3224 5466 judicio
3267 5391 3429 5446 fidem
3468 5404 3628 5457 nege-

2048 5515 2185 5554 mus.
2236 5498 2483 5550 Attamen
2514 5494 2603 5563 qui
2633 5493 2747 5546 btrc
2790 5489 3028 5559 cupiunt,
3069 5487 3359 5539 clamantes
3411 5489 3467 5534 et
3511 5478 3632 5532 ulu—

2046 5590 2218 5644 lantes
2261 5601 2403 5656 saepe
2428 5628 2442 5651 ,
2474 5591 2736 5639 tormenta
2787 5581 2894 5635 illic
2938 5578 3170 5632 adhibita
3196 5572 3525 5646 prmdicant(
3545 5572 3632 5642 rt).

2047 5679 2200 5737 Unde
2241 5678 2402 5747 igitur
2446 5675 2564 5729 haec
2594 5672 2797 5740 dicunt,
2856 5681 2910 5726 et
2935 5676 3117 5724 contra
3162 5681 3322 5738 quam
3349 5665 3529 5720 volunt
3558 5665 3654 5718 lo»

2108 5813 2182 5876 (a)
2215 5821 2328 5873 Quae
2360 5812 2437 5861 Itic
2466 5809 2531 5859 de
2564 5805 2875 5880 daanoniacis
2903 5803 3157 5862 dicuntur,
3198 5801 3460 5852 observato
3482 5792 3632 5858 digna

2048 5885 2179 5925 ειιιιι·
