4052 6438
444 406 551 460 215

442 516 717 590 qunutnr?
758 514 872 569 Non
925 511 1027 567 alia
1082 510 1148 565 de
1191 524 1391 576 causa,
1442 523 1602 579 quant
1648 505 1791 576 quod
1845 504 2031 575 majori

441 615 682 667 cruciatu
726 616 1003 680 cogantur.
1034 605 1216 676 Neque
1245 603 1387 659 enim
1438 603 1637 659 vellem
1664 609 1856 671 sponte
1904 613 2034 654 con-

444 708 581 761 litt-ri
610 748 624 772 ,
672 705 753 759 vel
805 717 866 757 se
915 716 946 755 a
996 699 1221 754 mortuis
1274 696 1580 752 hominibus
1630 692 1908 764 torqueri,
1947 689 2035 748 vel

439 816 497 853 sc
544 797 762 852 omnino
794 808 957 866 grave
985 791 1259 862 quidpiam
1292 792 1420 860 pati.
1449 786 1562 856 Qua
1602 799 1731 855 ergo
1775 784 1843 839 de
1871 795 2032 839 causa

441 895 553 946 lucc
600 906 629 944 a
662 905 747 945 tne
784 888 925 943 dicta
980 885 1143 940 sunt?
1183 884 1318 953 Quia
1364 882 1658 947 daemones,
1706 877 1797 949 qui
1846 875 2035 931 nolunt

438 983 584 1040 credi
631 981 954 1055 gehennam,
1003 990 1178 1037 tamen
1231 977 1531 1047 gehennam
1576 972 1940 1031 confitentur:
1975 979 2033 1025 tu

436 1090 565 1131 vero
610 1075 703 1146 qui
749 1084 894 1129 tanto
924 1070 1159 1143 dignaris
1206 1069 1430 1133 honore,
1463 1067 1657 1138 quique
1687 1063 2031 1121 ineﬂ'abilinm

437 1183 664 1224 consors
706 1180 764 1243 es
802 1164 1215 1237 mysteriorum,
1273 1176 1372 1215 nec
1442 1160 1562 1214 illos
1606 1158 1864 1223 imitaris,
1935 1154 2032 1209 sed

436 1261 601 1315 etiam
655 1259 759 1314 illis
802 1255 1039 1313 deterior
1081 1255 1251 1309 factus
1298 1268 1377 1308 es.
1430 1252 1642 1321 Ecq-iis,
1677 1249 1904 1321 inquies,
1963 1247 2033 1303 ab

440 1352 649 1408 inferno
690 1352 856 1415 venit,
907 1358 963 1405 et
1005 1348 1121 1404 haec
1165 1345 1471 1402 nuntiavit?
1516 1344 1622 1400 Sed
1673 1352 1727 1398 et
1771 1342 1840 1397 de
1882 1340 2032 1397 cazlis

437 1445 558 1516 quis
602 1443 765 1509 venit,
794 1442 1037 1512 dixitque
1087 1441 1254 1497 Deum
1289 1455 1413 1496 esse
1458 1438 1548 1508 qui
1579 1438 1758 1493 omnia
1788 1433 2032 1491 creavit?

437 1534 590 1604 Quod
640 1533 1112 1596 autem‘animam
1164 1531 1455 1586 habeamus
1494 1529 1637 1583 unde
1681 1527 1854 1598 palam
1905 1526 2032 1581 est?

437 1626 493 1684 Si
524 1628 669 1682 enim
712 1627 800 1683 illa
849 1625 1023 1681 solum
1064 1640 1185 1694 quae
1232 1622 1332 1678 sub
1372 1619 1875 1691 aspectum‘cadunt
1907 1633 2029 1674 cre—

437 1720 647 1775 diturus
687 1735 766 1784 es,
818 1733 882 1773 ac
905 1717 973 1773 de
1004 1718 1133 1781 Deo,
1165 1716 1235 1771 de
1281 1716 1505 1786 angelis,
1559 1714 1625 1770 de
1664 1722 1843 1770 mente
1886 1711 2034 1769 etde

439 1813 614 1867 anima
644 1811 874 1878 dubitas,
906 1810 985 1866 sic
1027 1810 1117 1865 tibi
1143 1809 1323 1865 omnia
1353 1808 1592 1863 veritatis
1631 1806 1879 1879 dogmata
1911 1822 2033 1878 pes-

439 1913 558 1950 sum
659 1895 832 1952 ibunt.
879 1896 1042 1966 Atqui
1069 1895 1115 1951 si
1160 1894 1261 1951 sub
1301 1909 1518 1950 sensum
1549 1894 1862 1950 cadentibus
1911 1905 2029 1949 tan-

440 1997 553 2043 tum
594 1988 674 2043 vis
695 1986 935 2054 credere,
965 1986 1321 2042 invisibilibus
1345 1986 1513 2057 magis
1540 2002 1699 2058 quam
1732 1985 2032 2043 visibilihus

439 2080 629 2136 credas
669 2089 896 2150 oportet.
926 2079 1079 2148 Quod
1118 2080 1161 2136 si
1194 2079 1511 2150 stupendum
1543 2080 1786 2135 videatur
1810 2080 1863 2135 id
1892 2078 2031 2151 quod

440 2171 568 2237 dixi,
599 2180 832 2227 attamen
859 2186 1043 2226 verum
1082 2180 1139 2227 et
1177 2170 1317 2242 apud
1351 2181 1530 2227 mente
1556 2172 1811 2242 praiditos
1833 2172 1885 2227 in
1904 2186 2035 2228 con-

440 2264 584 2319 fesso
600 2275 703 2319 est.
726 2264 875 2320 Oculi
894 2265 1036 2319 enim
1064 2279 1207 2335 smpe
1229 2263 1505 2331 falluntur,
1531 2281 1635 2321 non
1670 2267 1720 2321 in
1755 2266 2032 2322 invisibili-

436 2356 757 2411 lms‘lanlum
780 2355 921 2428 (haec
936 2360 1135 2428 quippe
1163 2373 1269 2413 non
1291 2361 1535 2429 norunt),
1557 2358 1651 2415 sed
1669 2360 1721 2415 in
1746 2360 1849 2415 illis
1869 2361 2029 2416 etiam

436 2462 557 2518 qme
610 2464 833 2504 cernere
894 2449 993 2505 sibi
1048 2449 1334 2516 videntur;
1386 2451 1637 2507 obstante
1683 2452 1887 2508 scilicet
1940 2462 2034 2509 aut

436 2535 724 2602 distantia,
778 2543 870 2591 aut
917 2551 1080 2603 aere,
1135 2546 1228 2593 aut
1274 2548 1456 2593 mente
1506 2538 1615 2593 alio
1647 2539 1885 2605 intenta,
1939 2548 2032 2596 aut

439 2628 540 2692 ira,
588 2636 680 2680 aut
726 2627 1121 2693 sollicitudine,
1158 2637 1251 2682 aut
1294 2630 1561 2685 sexcentis
1609 2631 1730 2686 aliis
1788 2630 2032 2687 obicibus

437 2717 835 2772 accurationem
890 2717 1200 2773 tollentibus
1257 2736 1269 2771 :
1333 2720 1527 2774 anitum
1589 2732 1765 2776 autem
1825 2722 2031 2794 cogita-

435 2808 548 2873 tio,
594 2809 638 2862 si
689 2806 989 2862 divinarum
1039 2807 1436 2878 Scripturarum
1489 2811 1604 2865 luce
1651 2812 2029 2881 perfundatur,

436 2902 735 2958 accuratius
762 2916 825 2958 ac
869 2901 1068 2958 certius
1116 2917 1294 2958 rerum
1336 2904 1593 2974 judicium
1638 2904 1789 2962 feret.
1836 2906 1913 2963 Ne
1930 2909 2032 2964 ita-

436 3009 541 3062 que
563 3008 658 3048 nos
686 2995 831 3064 ipsos
854 2995 1044 3051 frustra
1067 2996 1413 3066 decipiamus,
1431 3013 1564 3055 neve
1585 3011 1777 3069 praeter
1796 3000 1919 3055 vine
1948 3016 2033 3056 se-

435 3086 653 3156 gnitiem
674 3086 978 3157 huiusmodi
997 3081 1333 3160 dogmatibus
1351 3101 1577 3160 partam,
1610 3092 1769 3147 etiam
1788 3108 1885 3163 pro
1904 3093 2032 3162 ipsis

436 3178 773 3249 dogmatibus
798 3180 1101 3251 graviorem
1134 3181 1288 3236 nobis
1317 3184 1425 3238 vim
1454 3182 1590 3253 ignis
1610 3183 2028 3239 accumuletnus.

435 3271 595 3328 Certe
626 3272 672 3327 si
713 3272 972 3343 judicium
1030 3290 1134 3330 non
1179 3286 1295 3344 est,
1344 3292 1519 3347 neque
1555 3292 1743 3347 poenas
1785 3276 2032 3334 dabimus

435 3367 721 3434 scelerum,
756 3386 930 3441 neque
958 3370 1197 3427 laborum
1216 3374 1434 3443 praemia
1456 3388 1872 3446 consequemur.
1903 3376 2032 3433 Per-

434 3459 673 3529 pcndite,
703 3476 904 3531 quaeso,
929 3478 1036 3533 quo
1066 3464 1285 3518 tendant
1306 3464 1650 3534 blaSphetnia:
1674 3478 1885 3535 vestra},
1907 3483 2029 3524 cum

428 3552 629 3618 dicitis,
666 3551 835 3607 Deum
861 3553 1085 3624 justum,
1110 3556 1313 3621 mitem,
1349 3566 1424 3611 tot
1462 3557 1673 3614 labores
1700 3559 2032 3631 sudoresque

435 3640 736 3712 despicere.
771 3643 839 3698 Et
862 3646 1132 3715 quomodo
1162 3647 1277 3702 haec
1304 3648 1496 3704 rationi
1527 3666 1763 3706 consona
1792 3651 2031 3709 fuerint?

512 3732 898 3815 Demonsirqtur
942 3739 1219 3792 mercedem
1271 3739 1442 3794 virtuti
1488 3750 1534 3796 et
1582 3742 1699 3797 vitio
1739 3761 1938 3815 poenam
1977 3746 2031 3800 in

434 3825 597 3878 altera
625 3826 725 3880 vita
753 3829 1015 3882 reservari.
1057 3860 1126 3868 —
1167 3829 1278 3885 Etsi
1307 3831 1450 3887 enim
1490 3847 1596 3887 non
1639 3833 1854 3891 aliunde
1877 3878 1891 3901 ,
1920 3836 2030 3892 sal-

437 3928 541 3974 tem
578 3934 647 3972 ex
679 3917 743 3973 iis
771 3936 890 3991 qua:
914 3919 967 3975 in
994 3919 1157 3976 domo
1187 3931 1274 3978 tua
1320 3932 1580 3994 geruntur
1624 3923 1741 3980 haec
1771 3925 1987 3995 explora
2010 3969 2026 3996 ,

435 4019 639 4087 ettunc
659 4026 820 4083 quam
851 4011 1078 4068 absurda
1111 4016 1225 4071 haec
1245 4016 1351 4070 sint
1379 4015 1771 4088 deprehendes.
1807 4018 2026 4074 Etiamsi

434 4104 576 4157 enim
607 4103 895 4161 admodum
922 4105 1246 4163 inhumanus
1273 4108 1346 4163 sis
1376 4124 1439 4163 ac
1458 4108 1694 4165 crudelis
1720 4153 1733 4177 ,
1770 4111 1876 4165 imo
1899 4109 2029 4183 ipsis

435 4195 567 4253 feris
592 4197 894 4266 immanior,
923 4201 1095 4255 nolles
1119 4212 1264 4256 certe
1292 4215 1503 4257 servum
1534 4213 1683 4259 tuum
1706 4203 2027 4262 benevolum

436 4287 531 4341 tibi
554 4289 785 4346 moriens
809 4291 923 4345 sine
961 4291 1185 4360 przrmio
1209 4292 1508 4364 relinquere
1525 4334 1542 4360 ,
1565 4295 1661 4350 sed
1700 4304 1755 4350 et
1783 4295 2030 4353 libertate

435 4381 605 4436 donas
626 4422 640 4449 ,
666 4391 719 4436 et
739 4383 978 4453 pecunia:
998 4399 1220 4439 munere
1245 4402 1259 4448 ;
1291 4393 1345 4440 et
1373 4386 1495 4456 quia
1521 4396 1573 4441 tu
1601 4386 1868 4444 decedens
1896 4389 2029 4445 nihil

439 4485 590 4547 potes
621 4475 756 4531 ultra
797 4476 895 4542 ipsi
922 4477 1168 4533 conferre
1188 4477 1312 4532 boni
1334 4521 1348 4545 ,
1401 4479 1452 4534 id
1478 4478 1618 4549 apud
1652 4480 1880 4538 heredes
1907 4493 2029 4540 tuos

434 4583 612 4632 curas,
640 4583 836 4640 rogans
859 4568 1097 4640 nihilque
1127 4584 1234 4626 non
1261 4585 1445 4639 agens,
1475 4579 1615 4626 utne
1643 4572 1729 4629 ille
1751 4574 1866 4631 sine
1891 4591 2028 4632 mer-

433 4661 565 4717 cede
586 4672 819 4717 maneat.
844 4661 1003 4732 Atqui
1029 4661 1074 4717 si
1106 4670 1159 4716 tu
1191 4677 1419 4732 nequam
1443 4664 1603 4719 homo
1622 4706 1639 4734 ,
1666 4666 1738 4721 ita
1766 4666 2030 4724 humanus

432 4751 800 4823 benignusque
820 4768 878 4808 es
907 4768 1035 4825 erga
1074 4753 1326 4808 famulum
1348 4795 1361 4818 ,
1392 4771 1459 4809 an
1500 4755 1760 4813 immensa
1807 4758 1901 4815 Dei
1926 4760 2025 4816 bo-

433 4844 600 4908 nitas,
649 4844 931 4902 ineﬂ'abilis
974 4844 1276 4918 benignitas
1297 4887 1310 4910 ,
1342 4855 1484 4902 tanta
1516 4847 1602 4902 illa
1635 4852 1987 4908 mansuetudo
2010 4896 2025 4921 ,

435 4935 663 4990 famulos
705 4950 860 5004 suos,
896 4937 1144 5003 Petrum,
1180 4937 1419 5005 Paulum,
1465 4939 1723 4995 Iacobum
1766 4953 1820 4997 et
1866 4942 2027 4998 Joan-

435 5041 596 5091 nem,
641 5028 877 5096 quotidie
923 5041 1139 5100 propter
1196 5031 1345 5085 illum
1400 5033 1732 5101 esurientes,
1778 5035 2026 5102 vinctos,

435 5118 732 5188 ilagellatos
751 5162 766 5187 ,
801 5120 1049 5178 fluctibus
1074 5125 1380 5192 demersos,
1414 5126 1540 5182 feris
1568 5127 1840 5199 obiectos,
1870 5132 2027 5186 morti

436 5212 692 5279 traditos,
721 5213 931 5285 aliaque
961 5215 1236 5274 innumera
1267 5236 1472 5290 passos,
1497 5221 1839 5280 incoronatos
1872 5224 2029 5279 relin-

434 5306 604 5376 quet?
635 5307 966 5378 Agonotlieta
998 5325 1127 5366 sane
1152 5313 1408 5369 victorem
1434 5315 1485 5369 in
1515 5315 1808 5388 Olympicis
1838 5319 2031 5388 pracdi-

435 5411 522 5454 cat
544 5410 598 5454 et
618 5409 872 5465 coronat,
911 5399 1071 5456 herus
1098 5416 1309 5459 servum
1332 5447 1347 5472 ,
1379 5422 1472 5462 rex
1513 5408 1734 5464 militem
1763 5408 1989 5464 honorat
2014 5451 2027 5474 ,

436 5502 492 5547 et
516 5493 743 5564 quisque
769 5493 1153 5577 demumillum
1181 5498 1271 5567 qui
1297 5499 1397 5555 sibi
1428 5501 1810 5558 ministraverit
1839 5503 2032 5573 quibus

439 5596 618 5655 potest
647 5587 799 5642 bonis
830 5597 1135 5645 remunerat
1167 5609 1181 5645 :
1213 5590 1456 5663 Deusque
1485 5595 1659 5662 solus,
1704 5605 1824 5665 post
1855 5606 2032 5651 tantos

438 5677 665 5732 sudores
692 5688 747 5733 et
786 5678 1024 5749 labores,
1069 5697 1170 5745 nec
1211 5699 1431 5753 parvum
1462 5701 1561 5741 nec
1611 5703 1859 5759 magnum
1904 5688 2032 5758 ipsis

438 5767 636 5823 bonum
678 5770 920 5840 confert,
950 5772 1043 5831 Sed
1085 5774 1214 5846 justi
1256 5776 1331 5832 illi
1371 5792 1434 5834 ac
1460 5779 1531 5850 pii
1565 5780 1701 5848 viri,
1730 5782 1821 5852 qui
1871 5795 2033 5839 omne

442 5861 647 5916 virtutis
685 5876 855 5933 genus
914 5867 1191 5937 adierunt,
1243 5869 1429 5927 eadem
1479 5883 1639 5929 erunt
1684 5873 2029 5946 conditione,

1154 396 1220 451 'S.
1261 393 1537 451 JOANNIS
1574 389 2054 449 Clllin‘US'l'UMl
2095 389 2412 449 AllClllEP.
2452 389 3012 453 CONSTANTINOP.

3618 398 3721 454 QII!

2139 523 2246 576 qua
2299 509 2522 573 man-lii,
2568 509 2886 579 parricidae,
2946 510 3235 567 homicida
3276 512 3724 582 tumulorumque

2139 598 2507 655 eil‘ossores‘?
2539 600 2720 672 Ecqua
2752 602 2881 657 insit
2905 604 2957 659 in
3002 604 3085 659 his
3123 605 3297 660 ratio?
3331 607 3386 659 Si
3417 606 3571 660 enim
3590 606 3724 661 nihil

2142 695 2281 750 ultra
2299 706 2384 751 est
2405 703 2525 765 post
2557 697 2860 753 discessum
2878 714 2943 753 ex
2975 698 3075 755 hac
3107 701 3239 762 vita.
3259 700 3371 756 etsi
3408 709 3600 756 nostra
3619 702 3727 756 sint

2141 791 2426 857 przrsentis
2443 790 2566 846 vita:
2580 791 2843 848 limitibus
2860 793 3294 864 circumscripta,
3321 795 3374 849 in
3388 796 3584 850 eodem
3601 805 3728 851 sunt

2138 878 2278 924 statu
2304 880 2358 925 et
2389 871 2517 926 hiet
2541 871 2615 925 illi
2640 889 2655 937 ;
2686 872 2793 928 imo
2818 887 2923 927 non
2961 873 3151 929 eodem
3192 876 3245 929 in
3272 883 3432 931 statu.
3473 874 3535 932 Si
3563 878 3731 944 enim,

2137 963 2427 1019 secundum
2460 975 2511 1021 te
2530 1006 2545 1029 ,
2600 965 2820 1035 posthac
2848 964 3038 1021 eodem
3067 967 3120 1022 in
3159 976 3301 1023 statu
3328 968 3436 1023 sint
3465 986 3480 1024 :
3510 978 3568 1025 at
3602 968 3689 1025 hic
3710 1009 3731 1038 ,

2139 1057 2211 1111 illi
2243 1058 2294 1111 in
2326 1059 2726 1128 tranquillitate,
2750 1059 2800 1113 lii
2826 1059 2877 1114 in
2906 1060 3170 1130 supplicio
3196 1069 3310 1116 toto
3334 1070 3581 1132 tempore
3608 1078 3729 1118 vcr-

2137 1150 2236 1203 sati
2260 1158 2402 1204 sunt.
2436 1151 2643 1219 Ecquis.
2659 1162 2914 1223 tyrannus
2939 1152 3187 1207 immanis
3206 1194 3220 1219 ,
3267 1153 3386 1224 quis
3414 1154 3582 1210 hoino
3605 1170 3730 1210 cru-

2137 1242 2273 1297 delis
2300 1250 2355 1298 et
2375 1243 2694 1297 inhumanus
2718 1258 2904 1298 servos
2932 1243 3282 1314 subditosque
3304 1260 3435 1301 suos
3458 1248 3540 1301 sic
3563 1261 3732 1324 exce-

2140 1335 2214 1405 pit
2234 1336 2258 1377 7
2287 1335 2468 1391 Viden‘
2514 1336 2781 1409 ingentem
2828 1336 3210 1393 absurditatem
3234 1377 3249 1401 ,
3282 1347 3335 1392 et
3372 1340 3464 1409 qui
3512 1339 3638 1395 ﬁnis
3663 1341 3730 1394 sit

2138 1427 2259 1484 talis
2285 1427 2590 1484 ratiocinii?
2614 1426 2798 1499 Itaque
2817 1429 2861 1483 si
2891 1427 3037 1483 nullo
3061 1428 3187 1495 alio,
3215 1428 3320 1484 hoc
3344 1430 3537 1485 saltem
3560 1431 3729 1487 ratio-

2135 1520 2279 1575 cinio
2305 1520 2573 1585 eruditus,
2621 1519 2761 1575 hanc
2798 1520 3085 1591 pessimam
3131 1521 3439 1591 Opinionem
3470 1523 3730 1591 repudia,

2137 1612 2257 1681 fuge
2282 1611 2535 1666 malitiam
2557 1653 2572 1679 ,
2596 1619 2651 1666 et
2675 1610 2888 1667 labores
2915 1626 3011 1681 pro
3036 1612 3230 1668 virtute
3253 1614 3462 1683 suscipe
3482 1654 3498 1678 ,
3522 1624 3575 1668 et
3605 1623 3732 1668 tunc

2135 1706 2274 1759 scies
2300 1715 2481 1759 nostra
2505 1720 2610 1759 non
2631 1719 2754 1761 esse
2780 1706 3060 1775 prmsentis
3079 1706 3201 1760 vita:
3224 1705 3480 1760 limitibus
3504 1708 3732 1777 circum-

2138 1795 2356 1865 scripta.
2411 1794 2466 1852 Si
2513 1795 2634 1865 quis
2688 1805 2867 1851 autem
2917 1806 3124 1867 quaerat
3162 1811 3193 1851 a
3238 1805 3333 1852 te:
3362 1796 3564 1868 Ecquis
3606 1798 3730 1854 inde

2139 1888 2355 1943 veniens
2381 1887 2467 1943 illa
2488 1887 2791 1943 nuntiavit?
2836 1888 3102 1958 responde
3139 1888 3214 1944 illi
3246 1909 3258 1944 :
3292 1889 3464 1946 llomo
3510 1890 3726 1962 quidem

2137 1981 2350 2035 nullus:
2382 1995 2505 2035 nam
2542 1980 2587 2036 si
2616 1979 2780 2036 homo
2820 1987 2996 2047 esset,
3041 1996 3149 2036 non
3176 1980 3251 2035 illi
3277 1981 3542 2036 creditum
3584 1997 3731 2053 sarpe

2137 2072 2345 2143 fuisset,
2377 2082 2559 2146 utpote
2592 2073 2684 2146 qui
2712 2089 2799 2130 res
2824 2082 3172 2145 exaggeraret
3211 2075 3670 2146 amplificaretque
3711 2093 3726 2130 :

2137 2166 2448 2237 angelorum
2477 2181 2607 2222 vero
2634 2152 2892 2221 Dominus
2920 2166 3009 2221 illa
3030 2166 3208 2222 omnia
3232 2174 3480 2222 accurate
3507 2168 3727 2222 nuntia-

2138 2258 2231 2312 vit.
2285 2255 2424 2325 Quid
2474 2273 2604 2328 ergo
2632 2272 2768 2329 opus
2792 2257 3041 2324 homine,
3083 2272 3206 2313 cum
3254 2256 3300 2312 is
3329 2256 3419 2327 qui
3463 2272 3655 2329 ptenas
3697 2272 3729 2313 a

2137 2347 2293 2403 nobis
2339 2358 2625 2404 exacturus
2658 2357 2777 2413 est,
2806 2347 3044 2419 quotidie
3084 2347 3282 2404 clamet
3317 2362 3380 2404 se
3424 2348 3729 2420 gehennam

2138 2440 2442 2510 paravisse,
2473 2448 2527 2495 et
2554 2454 2777 2510 regnum
2824 2453 3205 2495 concessurum
3233 2454 3385 2508 esse,
3428 2441 3732 2513 horumque

2134 2534 2291 2590 nobis
2310 2542 2620 2604 argumenta
2646 2533 2790 2588 clara
2819 2532 3099 2603 praebeat?
3147 2531 3279 2589 Nam
3306 2532 3352 2588 si
3383 2548 3491 2589 non
3515 2533 3729 2603 judica-

2137 2634 2288 2684 turus
2310 2633 2473 2692 esset,
2497 2641 2566 2688 ne
2594 2624 2679 2680 hic
2706 2624 2919 2696 quidem
2944 2639 3194 2695 umquam
3223 2639 3408 2695 pmnas
3436 2625 3727 2695 exegisset.

2138 2719 2348 2775 Etenim
2377 2719 2426 2774 id
2448 2733 2661 2791 quoque
2688 2717 2957 2788 quomodo
2982 2732 3104 2773 cum
3125 2719 3332 2774 ratione
3351 2728 3634 2786 consonet,
3662 2733 3727 2774 ex

2136 2812 2452 2870 facinorosis
2476 2813 2612 2869 alios
2641 2812 2851 2883 puniri,
2882 2812 3018 2868 alios
3047 2811 3267 2867 minime
3285 2813 3311 2865 Υ
3344 2810 3478 2867 Nam
3506 2812 3554 2868 si
3589 2813 3730 2869 Deus

2137 2920 2394 2977 personas
2416 2919 2526 2960 non
2547 2904 2760 2974 accipit,
2784 2902 2930 2974 quod
2954 2918 3141 2959 verum
3167 2912 3316 2958 certe
3343 2911 3447 2969 est,
3470 2917 3568 2957 cur
3588 2903 3730 2960 hunc

2139 2998 2279 3054 ultus
2303 3007 2387 3054 est
2410 3039 2425 3063 ,
2458 2997 2601 3053 hunc
2636 2996 2855 3067 impune
2882 2995 3032 3052 abire
3060 2994 3223 3052 sivit?
3250 2995 3363 3052 lloc
3388 2996 3535 3052 enim
3561 2997 3733 3068 majo-

2137 3107 2251 3148 rem
2295 3106 2453 3160 quam
2499 3105 2658 3160 supra
2703 3088 2843 3145 dicta
2880 3087 3246 3145 difficultatem
3292 3096 3490 3145 movet.
3535 3088 3646 3145 Sed
3683 3089 3730 3145 si

2137 3185 2277 3242 bono
2307 3200 2393 3240 me
2432 3185 2609 3240 animo
2639 3183 2825 3240 audire
2850 3182 3162 3250 volueritis,
3195 3182 3334 3239 hanc
3360 3197 3576 3255 quoque
3619 3182 3732 3240 solo

2138 3293 2322 3334 remus
2372 3277 2742 3350 quzestionem.
2776 3277 3033 3344 Qua'nam
3061 3292 3191 3348 ergo
3218 3276 3413 3332 solutio
3449 3278 3578 3333 est?
3618 3276 3733 3333 Nec

2134 3373 2204 3429 ab
2252 3373 2500 3429 omnibus
2548 3372 2632 3427 hic
2661 3387 2849 3444 poenas
2886 3373 3088 3443 exigit,
3116 3387 3184 3427 ne
3222 3371 3288 3428 de
3330 3372 3733 3428 resurrectione

2134 3466 2387 3537 desperes
2413 3474 2466 3521 et
2490 3464 2557 3521 de
2584 3464 2762 3520 futuro
2784 3462 3007 3535 judicio,
3027 3463 3177 3535 quasi
3205 3478 3393 3518 omnes
3419 3463 3508 3518 hic
3533 3476 3726 3533 poenas

2134 3558 2380 3614 dederint
2405 3577 2418 3612 :
2450 3572 2621 3626 neque
2641 3571 2831 3611 omnes
2862 3555 3080 3625 impune
3105 3554 3233 3610 sinit
3258 3554 3441 3621 abire;
3472 3569 3543 3610 ne
3570 3563 3727 3625 putes

2134 3650 2313 3704 omnia
2359 3649 2476 3704 sine
2518 3647 2627 3703 ulla
2676 3646 3008 3718 providentia
3034 3645 3150 3718 geri
3183 3662 3197 3698 :
3235 3645 3330 3701 sed
3369 3654 3425 3701 et
3453 3646 3644 3717 punit,
3673 3652 3728 3700 et

2135 3759 2242 3799 non
2266 3744 2434 3815 punit.
2463 3744 2598 3800 Cum
2634 3743 2779 3815 punit
2805 3753 2986 3797 autem
3008 3783 3022 3806 ,
3051 3739 3324 3810 ostendit,
3357 3755 3417 3796 se
3458 3740 3621 3796 etiam
3659 3739 3733 3795 ab

2134 3838 2239 3894 illis
2262 3837 2353 3909 qui
2399 3836 2485 3895 hic
2514 3838 2655 3910 plexi
2684 3847 2807 3892 sunt
2836 3852 3022 3905 poenas
3063 3835 3174 3891 illic
3218 3844 3528 3891 exacturum
3570 3848 3730 3901 esse;

2133 3946 2255 3988 cum
2284 3946 2414 3988 vero
2446 3947 2549 3987 non
2580 3931 2770 4003 punit,
2801 3940 2852 3986 te
2888 3929 2952 3985 ad
2983 3928 3309 3985 credendum
3350 3928 3584 3994 inducit,
3609 3943 3733 3984 esse

2134 4032 2256 4094 post
2306 4038 2586 4079 excessum
2629 4039 2693 4078 ex
2740 4022 2839 4078 liae
2866 4023 2970 4077 vita
2996 4021 3228 4078 tribunal
3269 4019 3619 4077 horrendum.
3670 4019 3730 4076 Si

2132 4131 2294 4186 porro
2320 4116 2496 4187 priora
2524 4115 2745 4170 omnino
2785 4114 3076 4185 negligeret
3097 4156 3112 4181 ,
3154 4113 3329 4167 nullos
3358 4112 3447 4167 hic
3473 4112 3687 4182 puniret
3711 4153 3730 4179 ,

2135 4208 2309 4265 nullos
2350 4207 2627 4264 beneﬁciis
2663 4206 2903 4263 afficeret
2935 4225 2949 4262 :
2989 4221 3129 4262 nunc
3166 4213 3345 4261 autem
3382 4206 3530 4262 vides
3576 4205 3729 4262 illum

2134 4310 2353 4371 propter
2379 4308 2430 4355 te
2455 4307 2511 4355 et
2535 4300 2724 4355 etclam
2749 4298 3060 4356 extendisse
3078 4341 3094 4367 ,
3117 4308 3169 4354 et
3201 4298 3369 4355 solem
3395 4297 3731 4366 accendisse,

2134 4401 2191 4448 et
2223 4402 2419 4449 terram
2450 4391 2702 4448 fundasse
2720 4434 2735 4461 ,
2765 4402 2819 4449 et
2848 4407 2994 4448 mare
3022 4391 3223 4448 fudisse
3247 4434 3262 4458 ,
3290 4401 3345 4447 et
3386 4407 3565 4448 aerem
3595 4406 3732 4462 pan-

2134 4484 2277 4541 disse
2297 4526 2312 4551 ,
2339 4494 2393 4542 et
2423 4485 2562 4541 lunae
2581 4500 2770 4541 cursus
2798 4485 3149 4555 disposuisse,
3190 4493 3244 4538 et
3285 4483 3411 4539 anni
3441 4491 3735 4553 tempesta-

2139 4578 2280 4633 tibus
2334 4578 2585 4633 immotas
2638 4578 2890 4633 statuisse
2939 4576 3121 4648 leges,
3186 4585 3491 4647 eteteraque
3548 4568 3734 4631 omnia

2136 4671 2303 4743 ipsius
2325 4680 2456 4725 nutu
2482 4678 2729 4727 accurate
2752 4686 2971 4726 cursum
3004 4686 3156 4725 suum
3188 4668 3465 4740 perﬁcere.
3489 4669 3557 4723 At
3584 4668 3732 4724 enim

2135 4774 2320 4821 natura
2342 4772 2542 4831 nostra,
2570 4774 2757 4819 natura
2779 4777 2989 4833 quoque
3016 4760 3487 4827 irrationabilium,
3509 4774 3737 4831 serpen-

2137 4858 2266 4913 tium
2293 4899 2308 4923 ,
2369 4856 2742 4928 gradcntium,
2786 4855 3114 4920 volantium,
3166 4855 3499 4920 natantium,
3543 4869 3735 4908 eorum

2134 4966 2254 5022 quas
2278 4952 2328 5005 in
2354 4950 2554 5019 stagnis
2579 4992 2594 5015 ,
2622 4951 2670 5002 in
2714 4949 2946 5003 fantibus
2970 4988 2983 5014 ,
3005 4949 3063 5004 in
3097 4947 3426 5017 ﬂuminibus,
3456 4947 3508 5002 in
3537 4946 3737 5003 Incuti-

2136 5043 2271 5106 bus,
2307 5059 2359 5096 ιιι
2388 5041 2612 5097 saltibus
2633 5084 2648 5109 ,
2695 5042 2749 5096 in
2779 5040 3027 5096 domibus
3052 5083 3067 5107 ,
3119 5040 3170 5094 in
3208 5054 3333 5095 aere
3355 5081 3370 5105 ,
3400 5039 3456 5093 in
3492 5039 3697 5109 campis
3718 5080 3737 5107 ,

2139 5137 2333 5207 plantae
2352 5178 2368 5202 ,
2410 5136 2646 5202 semina,
2674 5134 3014 5193 arboresseu
3046 5135 3323 5190 silvestres
3341 5175 3356 5201 ,
3384 5148 3482 5189 seu
3508 5133 3689 5188 sativa:
3714 5172 3731 5197 ,

2138 5234 2425 5289 fructuosae
2446 5232 2530 5287 vel
2548 5229 2913 5297 infructuosae,
2933 5230 3111 5286 omnia
3133 5229 3346 5285 demum
3368 5228 3437 5284 ab
3460 5224 3728 5284 indefessa

2141 5324 2229 5380 illa
2255 5340 2417 5379 manu
2439 5333 2584 5380 mota
2614 5323 2775 5378 vitam
2820 5330 3056 5378 nostram
3087 5324 3296 5388 fovent,
3348 5336 3457 5377 non
3483 5319 3549 5377 ad
3579 5334 3743 5376 nsum

2139 5425 2368 5485 tantum,
2396 5416 2493 5473 sed
2519 5418 2679 5471 etiam
2706 5416 2773 5471 ad
2801 5415 3175 5473 liberalitatem
3202 5415 3560 5473 exercendam
3586 5423 3641 5469 et
3666 5415 3740 5470 ad

2141 5509 2451 5565 famulatum
2496 5508 2851 5565 ministerium
2875 5524 3032 5564 suum
3059 5508 3215 5564 nobis
3244 5508 3557 5579 pra-bentia.
3586 5505 3741 5563 Tau-

2142 5608 2253 5655 tum
2281 5601 2462 5671 itaque
2480 5600 2667 5656 videns
2695 5615 2875 5656 rerum
2897 5599 3137 5655 ordinem
3164 5598 3267 5655 etsi
3294 5599 3540 5671 exiguam
3560 5597 3745 5656 solum

2139 5693 2256 5763 ejus
2303 5704 2505 5763 partem
2554 5691 2850 5749 referamus
2873 5733 2890 5761 ,
2918 5692 3099 5748 dicere
3137 5691 3303 5747 audes
3326 5733 3345 5759 ,
3374 5705 3499 5747 eum
3526 5689 3619 5762 qui
3667 5697 3754 5747 tot

2143 5794 2396 5856 tantaque
2449 5794 2665 5857 propter
2695 5796 2747 5842 te
2770 5792 3022 5856 operatus
3048 5795 3148 5853 est,
3182 5785 3237 5842 in
3258 5784 3516 5843 extremis
3546 5793 3596 5841 te
3645 5800 3749 5841 ne-

2206 5887 2224 5920 ι
2262 5883 2378 5949 Alii,
2429 5900 2779 5955 murorumque
2821 5886 3089 5952 elfossores.

3766 5952 3779 5987 ἰ
