4052 6424
288 376 403 439 217

276 511 579 580 glecturum
609 524 733 565 esse
755 546 770 572 ,
789 514 844 562 et
870 520 991 562 cum
1016 503 1182 559 asinis
1209 509 1262 557 et
1289 499 1463 571 porcis
1488 506 1754 553 mortuum
1786 495 1871 551 di-

270 604 570 658 missurum
614 601 916 671 jacentem;
950 613 1012 652 ac
1040 606 1320 667 postquam
1347 601 1400 647 te
1427 600 1573 645 tanto
1601 590 1871 660 religionis

267 695 421 750 dono
451 693 754 759 honoravit,
783 709 888 763 quo
916 701 968 747 te
987 690 1191 757 angelis
1219 685 1476 757 aequalem
1500 682 1645 749 fecit,
1674 691 1726 736 te
1754 690 1873 751 post

275 795 566 842 sexcentos
611 785 826 840 labores
871 792 923 838 et
955 782 1179 837 sudores
1219 779 1596 847 despectorum
1614 774 1644 827 ?A
1671 770 1870 839 Ecquid

277 874 483 930 rationi
505 875 684 929 minus
726 872 1066 928 consonum?
1098 870 1222 925 ll.cc
1266 868 1493 938 quippe,
1521 863 1623 919 etsi
1672 877 1771 917 nos
1796 871 1874 915 ta—

273 981 531 1030 ceamus,
571 965 775 1035 lapides
804 963 1143 1029 clamabunt,
1187 962 1256 1016 ita
1287 968 1411 1014 sunt
1447 957 1587 1012 clara
1618 963 1673 1009 et
1701 954 1873 1008 maui-

275 1061 434 1123 festa,
471 1057 651 1127 magis
670 1072 830 1127 quam
862 1055 961 1126 ipsi
987 1055 1191 1110 salares
1229 1051 1380 1107 radii.
1412 1050 1540 1105 [hec
1570 1047 1731 1118 igitur
1758 1060 1875 1100 omo

277 1152 365 1205 nia
391 1148 720 1218 cogitantes,
754 1154 806 1202 et
834 1148 884 1201 in
913 1146 1104 1201 animis
1132 1145 1333 1199 nostris
1360 1151 1504 1197 certa
1528 1145 1827 1193 statuentes
1850 1178 1865 1202 ,

284 1253 483 1306 nempe
514 1246 636 1307 post
657 1237 933 1293 decessum
965 1253 1035 1293 ex
1057 1237 1155 1291 hac
1192 1237 1323 1301 vita,
1357 1249 1457 1288 nos
1482 1230 1748 1286 horrendo
1776 1229 1873 1282 tri-

279 1332 468 1388 buuali
511 1332 780 1389 sistendos
805 1347 925 1387 esse
944 1372 958 1396 ,
991 1331 1251 1386 rationem
1282 1327 1586 1383 reddituros
1616 1323 1682 1379 de
1709 1322 1875 1393 gestis

1433 383 1494 436 FN
1536 379 1942 437 ΜΛΤἹἪᾸΞΕΜ
1984 377 2209 433 1103111..
2256 378 2371 432 XIV

3466 384 3573 440 Stis

1978 495 2251 559 omnibus,
2286 510 2471 564 pcenas
2493 496 2712 553 daturos
2731 541 2744 564 ,
2772 508 2828 555 et
2857 502 3112 559 ultionem
3143 515 3493 574 experturos,
3522 511 3568 564 si

1980 587 2034 640 in
2061 587 2292 656 peccatis
2323 602 2665 654 maneamus;
2694 601 2876 646 contra
2905 609 3034 649 vero
3058 595 3275 651 coronis
3304 606 3358 652 et
3384 597 3569 652 inclin-

1979 676 2173 731 hilibus
2204 677 2359 732 bonis
2403 678 2709 747 donandus,
2733 682 2776 736 si
2807 697 2969 753 parvo
2997 694 3241 756 tempore
3264 688 3420 744 nobis
3445 689 3575 759 ipsis

1980 769 2255 825 attendere
2284 770 2644 838 voluerimus;
2663 788 2849 828 eorum
2880 776 2968 846 qui
2992 775 3075 831 his
3098 780 3364 834 contraria
3391 778 3577 835 dicere

1979 862 2177 917 audent
2221 879 2314 918 ora
2344 864 2683 921 obstruamus
2708 909 2722 932 ,
2755 878 2810 923 et
2840 868 2940 939 ipsi
2967 871 3206 925 veritatis
3230 872 3371 927 viam
3403 873 3570 943 eliga-

1981 970 2102 1009 mus
2122 999 2136 1022 ,
2170 963 2227 1011 ut
2251 972 2370 1011 cntn
2402 957 2593 1012 fiducia
2614 962 2938 1029 competenti
2964 961 3033 1017 ad
3065 962 3296 1018 tribunal
3328 964 3458 1020 illud
3482 980 3573 1021 act-

1979 1047 2261 1115 cedentes,
2304 1048 2440 1103 bona
2465 1050 2619 1105 nobis
2649 1052 2913 1120 promissa
2936 1068 3327 1124 consequamur
3350 1098 3363 1122 ,
3398 1058 3569 1127 gratia

1981 1149 2034 1191 et
2062 1138 2387 1207 benignitate
2417 1139 2622 1193 Domini
2655 1143 2822 1196 nostri
2860 1142 2988 1197 Jesu
3026 1141 3258 1213 Christi,
3290 1147 3374 1200 cui
3405 1146 3574 1216 gloria

1981 1239 2033 1282 et
2065 1229 2346 1299 imperium
2368 1271 2383 1296 ,
2417 1246 2557 1284 nunc
2592 1241 2659 1285 ριν
2674 1247 2918 1304 semper,
2950 1243 3019 1289 et-
3043 1236 3094 1289 in
3124 1236 3575 1293 szeculastnculou-

1983 1335 2123 1373 rum.
2164 1324 2356 1375 Amen.
3149 1334 3162 1342 '

281 1453 3553 1479 MM

1631 1523 1981 1589 HOMILIA
2027 1523 2205 1585 XIV.

285 1660 421 1718 Car.
456 1663 513 1718 Δ.
564 1660 739 1717 v.12.
790 1660 917 1717 Cum
962 1659 1183 1715 audisset
1231 1656 1411 1721 Jesus,
1461 1653 1595 1725 quod
1649 1649 1875 1705 Joannes

496 1753 712 1808 traditus
740 1762 884 1818 esset,
912 1752 1113 1807 secessit
1140 1752 1192 1805 in
1217 1748 1517 1814 Galilazant,
1549 1754 1658 1801 etc.

358 1845 411 1899 1.
451 1843 562 1899 Cur
588 1858 804 1899 rursum
829 1843 1093 1899 secessit?
1137 1841 1202 1898 Ut
1230 1855 1327 1895 nos
1357 1840 1577 1895 doceret
1596 1879 1610 1901 .
1650 1853 1715 1892 ne
1738 1836 1877 1890 ultro

285 1936 611 1992 tentationes
637 1935 890 1991 adeamus
910 1978 925 2003 ,
950 1935 1043 1990 sed
1071 1935 1324 1990 cedamus
1355 1934 1528 2003 potius
1554 1947 1617 1986 ac
1640 1932 1878 1986 decline-

284 2041 428 2081 mus.
457 2026 639 2098 Neque
666 2028 811 2083 enim
834 2029 1037 2083 crimen
1070 2036 1184 2094 est,
1215 2043 1321 2083 non
1349 2041 1469 2082 sese
1500 2026 1551 2080 in
1580 2023 1875 2094 periculum

285 2119 587 2188 conjicere,
638 2119 733 2175 sed
781 2121 832 2175 in
863 2121 1104 2190 periculo
1152 2136 1256 2176 non
1301 2120 1510 2176 fortiter
1553 2128 1718 2175 stare.
1767 2118 1880 2174 Hoc

286 2211 449 2282 igitur
472 2210 670 2266 docens
688 2251 705 2279 ,
736 2220 790 2266 et
808 2210 1041 2267 Judaica:
1066 2212 1277 2267 invidia:
1310 2212 1525 2281 paulum
1553 2210 1877 2275 concedens,

286 2300 491 2357 secedit
519 2302 571 2356 in
599 2303 933 2373 Capernaum
952 2344 967 2369 ,
991 2303 1146 2359 simul
1170 2304 1505 2375 prophetiam
1531 2304 1759 2374 implens
1780 2344 1794 2367 ,
1824 2313 1879 2358 et

287 2395 538 2451 doctores
565 2395 711 2452 orbis
750 2397 902 2468 quasi
938 2397 1144 2468 piscatu
1188 2412 1383 2468 capere
1420 2396 1681 2451 festinans
1711 2415 1723 2450 :
1756 2396 1877 2466 quia

290 2486 365 2541 ibi
415 2486 573 2542 sedes
619 2487 887 2544 habebant
930 2503 1025 2544 sua
1068 2497 1278 2544 utentes
1301 2498 1433 2543 arte.
1467 2488 1548 2543 Tu
1577 2504 1706 2543 vero
1749 2487 1878 2541 mihi

288 2578 594 2650 perpendas
618 2580 801 2647 velim,
831 2581 1102 2652 quomodo
1129 2590 1314 2652 gentes
1340 2582 1603 2647 aditurus,
1627 2597 1658 2635 a
1680 2580 1880 2637 Judaeis

291 2684 505 2739 semper
530 2671 841 2726 occasiones
869 2672 1113 2741 accipiat.
1141 2670 1277 2726 Nam
1306 2671 1391 2726 hic
1416 2671 1715 2727 Prodromo
1745 2672 1876 2727 insi-

291 2761 410 2817 dias
458 2771 725 2818 strucntes
753 2805 769 2831 ,
826 2773 1146 2836 captumque
1196 2765 1398 2820 carceri
1463 2766 1828 2835 mancipantes
1857 2809 1875 2833 ,

292 2854 466 2922 ipsum
498 2854 549 2907 in
579 2852 852 2910 Galilaeam
876 2856 1114 2926 gentium
1140 2855 1488 2926 compellunt.
1519 2855 1672 2925 Quod
1697 2865 1882 2911 autem

290 2959 395 3000 nec
438 2943 711 3000 Judaicam
749 2953 964 3016 gentem
1010 2962 1076 3003 ex
1120 2956 1269 3019 parte
1316 2957 1730 3013 commemoret,
1782 2964 1883 3004 nec

292 3050 484 3090 attines
510 3036 810 3093 subindicet
838 3036 1040 3105 tribus,
1066 3038 1187 3094 vide
1216 3041 1482 3109 quomodo
1527 3041 1701 3094 locum
1734 3041 1882 3095 illum

288 3125 582 3196 distinguat
610 3128 865 3196 propheta
897 3128 980 3183 his
1006 3129 1182 3186 verbis
1211 3146 1226 3185 :
1259 3132 1345 3187 15.
1381 3130 1536 3185 Terra
1574 3132 1808 3188 Zabuton
1835 3143 1883 3186 et

291 3227 428 3271 terra
455 3215 814 3285 Nephthalim,
838 3220 920 3274 via
947 3221 1104 3275 maris
1144 3230 1285 3277 trans
1327 3221 1610 3277 Iordanem
1628 3264 1644 3289 ,
1668 3224 1884 3279 Gatiltea

290 3310 516 3379 gentium
547 3328 566 3365 :
599 3310 689 3366 16.
726 3312 946 3383 populus
990 3314 1076 3383 qui
1116 3315 1316 3369 sedebat
1360 3316 1414 3370 in
1457 3318 1671 3372 tenebris
1702 3359 1719 3384 ,
1759 3318 1883 3371 uidit

293 3401 456 3457 lucem
481 3419 717 3474 magnam
745 3402 905 3478 (Isai.
936 3405 991 3461 9.
1025 3406 1149 3475 1.2)
1180 3424 1192 3460 :
1228 3407 1480 3462 tenebras
1506 3408 1591 3463 hic
1620 3424 1724 3464 non
1754 3424 1882 3465 sen-

290 3496 424 3551 siles
446 3497 562 3552 illas
589 3513 808 3567 vocans,
827 3499 920 3555 sed
941 3515 1180 3555 errorem
1210 3502 1659 3573 impietatemque.
1685 3503 1884 3570 Quam-

294 3586 482 3643 obrem
529 3588 707 3645 intulit
753 3613 767 3645 ;
816 3590 1174 3647 Habitantibus
1236 3593 1288 3646 in
1360 3595 1565 3665 regione
1606 3604 1653 3649 et
1706 3597 1885 3651 umbra

289 3680 471 3735 mortis
489 3723 505 3748 ,
526 3680 615 3736 tua;
640 3691 750 3736 orta
778 3693 850 3737 est
878 3685 967 3738 eis.
994 3683 1063 3741 Ut
1087 3685 1232 3740 enim
1253 3685 1488 3741 disceres
1507 3728 1522 3753 ,
1547 3703 1671 3743 eum
1710 3704 1885 3759 neque

291 3770 364 3826 de
392 3772 543 3838 luce,
575 3787 747 3844 neque
776 3773 843 3830 de
886 3776 1118 3831 tenebris
1164 3778 1450 3835 sensilibus
1481 3779 1659 3848 loqui,
1707 3780 1881 3836 lucem

293 3878 629 3932 memorans,
651 3880 758 3920 non
789 3867 1101 3937 simpliciter
1129 3868 1303 3924 lucem
1334 3873 1559 3935 vocavit,
1584 3872 1678 3926 sed
1709 3873 1881 3927 lucem

292 3970 565 4025 magnam,
591 3971 752 4026 quam
780 3957 910 4012 alibi
941 3974 1120 4014 veram
1148 3961 1411 4029 appellat;
1442 3961 1511 4017 de
1538 3963 1771 4019 tenebris
1797 3979 1885 4017 auo

290 4053 403 4100 tem
425 4046 583 4101 verba
607 4046 810 4103 faciens
837 4089 852 4115 ,
900 4049 1145 4105 umbram
1175 4052 1363 4107 mortis
1409 4054 1637 4108 vocavit.
1682 4054 1884 4110 Deinde

290 4137 584 4194 ostendens
607 4155 714 4194 non
742 4140 884 4209 ipsos
912 4152 1215 4213 quaerentes
1263 4143 1562 4211 invenisse,
1592 4145 1686 4201 sed
1713 4146 1883 4203 Deum

292 4228 426 4297 ipsis
465 4243 695 4298 superne
733 4232 1045 4300 apparuisse
1064 4273 1080 4299 ,
1110 4234 1186 4288 ait
1211 4250 1226 4288 ε
1256 4233 1372 4289 Lua:
1401 4245 1514 4289 orta
1538 4248 1612 4291 est
1640 4236 1710 4291 eis
1732 4277 1748 4302 ,
1782 4236 1883 4293 hoc

291 4326 411 4384 est,
444 4318 554 4388 ipsa
581 4320 670 4375 lux
697 4331 813 4376 orta
838 4331 996 4379 estet
1022 4325 1230 4380 refulsit
1259 4342 1272 4379 :
1303 4343 1408 4382 non
1442 4327 1541 4398 ipsi
1578 4326 1784 4398 priores
1813 4328 1882 4383 ad

292 4410 471 4468 lucem
498 4423 862 4470 accurrerunt.
896 4417 1104 4473 Etenim
1142 4429 1267 4475 ante
1289 4419 1487 4476 Christi
1512 4420 1799 4477 adventum
1830 4423 1881 4476 in

291 4505 552 4561 extremis
592 4507 709 4562 sitae
750 4521 840 4563 res
863 4508 1139 4566 hominum
1165 4524 1337 4569 crant.
1368 4513 1553 4585 Neque
1580 4515 1723 4569 enim
1767 4529 1882 4569 am-

289 4596 547 4652 bulabant
583 4598 637 4653 in
674 4600 943 4670 tenebris,
974 4602 1068 4657 sed
1094 4603 1350 4659 sedebant
1391 4605 1445 4659 in
1488 4607 1720 4662 tenebris
1755 4604 1829 4677 (a)
1866 4624 1879 4658 :

287 4684 436 4756 quod
460 4686 669 4758 signum
700 4699 816 4745 erat
839 4690 985 4760 ipsos
1010 4707 1111 4748 nec
1134 4707 1381 4763 sperasse
1403 4695 1616 4765 quidem
1659 4710 1717 4751 se
1744 4697 1880 4751 lihe-

289 4776 493 4834 randos
520 4793 641 4835 esse
674 4798 690 4836 :
718 4782 868 4851 quasi
911 4785 1055 4839 enim
1097 4786 1399 4855 nescirent,
1445 4804 1552 4859 quo
1582 4789 1874 4858 proceden-

291 4868 422 4925 dum
443 4880 605 4940 esset,
629 4872 709 4929 sic
726 4889 755 4929 a
781 4875 1015 4932 tenebris
1042 4879 1414 4949 comprehensi
1445 4882 1723 4949 sedebant,
1757 4899 1879 4938 cum

290 4975 366 5017 ne
393 4970 536 5018 stare
564 4965 777 5038 quidem
806 4978 1046 5036 possent.

365 5052 469 5108 Cur
489 5055 715 5115 Joannes
739 5068 855 5115 ante
871 5058 1126 5116 Christum
1144 5065 1455 5133 prtedicacit.
1477 5096 1550 5111 ςι-
1571 5069 1656 5123 17.
1680 5067 1883 5125 Exinde

288 5147 443 5217 coepit
482 5147 635 5204 Iesus
672 5151 950 5221 praedicare
986 5163 1035 5208 et
1071 5155 1237 5209 dicere
1267 5171 1286 5209 :
1316 5156 1670 5214 Paenitentiam
1708 5162 1877 5232 agite,

288 5240 717 5310 apprOpinquavit
743 5243 878 5297 enim
913 5260 1125 5316 regnum
1158 5246 1417 5301 calorum.
1452 5248 1684 5318 Exinde,
1713 5265 1882 5321 quan-

286 5331 533 5387 donam?
561 5334 636 5388 Ex
662 5350 769 5405 quo
792 5335 1025 5393 Joannes
1056 5340 1110 5393 in
1135 5354 1404 5396 carcerem
1438 5348 1616 5399 trusus
1642 5353 1743 5399 est.
1772 5345 1881 5401 Cur

289 5434 468 5479 autem
499 5442 606 5483 non
636 5442 666 5483 a
695 5430 953 5501 principio
994 5433 1301 5502 praedicauit
1338 5435 1480 5490 illis?
1508 5447 1563 5493 et
1590 5438 1717 5509 quid
1745 5456 1880 5509 opus

353 5581 424 5644 (a)
457 5582 605 5647 Atqui
655 5587 707 5636 in
748 5586 986 5638 Hebraieo
1031 5587 1213 5653 legitur
1255 5602 1268 5638 :
1307 5597 1476 5674 1m
1504 5572 1707 5651 ΒῸΒΠΠ
1728 5604 1875 5664 Dim,

282 5681 341 5747 et
364 5672 571 5747 Vulgata
594 5682 736 5729 recte
759 5681 910 5730 vertit
933 5694 946 5729 :
968 5680 1176 5747 Populus
1194 5682 1276 5747 qui
1292 5672 1565 5738 arnbulabat
1587 5688 1639 5739 in
1656 5692 1879 5743 tenebris.

283 5737 885 5809 ﬁ'erum'Qhrysostomus,
902 5737 1294 5795 concionator’um
1317 5761 1472 5809 more,
1494 5737 1644 5799 verba
1660 5737 1884 5806 nte—rant

275 5801 469 5918 tLttlt
491 5800 721 5862 discutit,
748 5808 798 5852 et
828 5803 885 5853 ad
909 5815 1251 5869 argumentum
1276 5821 1416 5861 suum
1440 5800 1530 5876 pro
1563 5800 1879 5869 lubito'usurl

1989 1652 2105 1699 erat
2129 1644 2353 1713 Joanne,
2381 1663 2503 1703 cum
2533 1665 2756 1720 operum
2789 1653 3086 1708 testimonia
3118 1655 3288 1725 ipsum
3322 1658 3582 1728 pradica-

1986 1736 2150 1791 rcnt?
2176 1736 2244 1793 Ut
2279 1738 2401 1793 inde
2427 1741 2587 1795 etiam
2616 1742 2791 1798 discas
2820 1743 2935 1813 ejus
2962 1743 3296 1815 dignitatem,
3327 1749 3577 1816 quoniam

1986 1830 2435 1899 quemadmodum
2463 1833 2639 1898 Pater,
2671 1835 2785 1905 ipse
2811 1851 3024 1907 quoque
3054 1838 3340 1908 prophetas
3382 1841 3539 1896 habet
3564 1861 3578 1895 :

1987 1922 2129 1992 quod
2158 1933 2207 1977 et
2237 1923 2521 1980 Zacharias
2548 1926 2757 1984 diccbat
2790 1947 2802 1982 :
2835 1929 2897 1984 Et
2922 1940 2997 1999 tu,
3031 1948 3174 2003 puer,
3205 1932 3466 2006 Propheta
3494 1938 3582 1991 Αί-

1988 2015 2169 2070 tissimi
2192 2017 2445 2073 vocaberis
2468 2018 2616 2091 (Luc.
2652 2023 2699 2077 1.
2730 2022 2818 2093 76)
2844 2040 2859 2087 ;
2890 2034 2943 2081 et
2982 2033 3038 2081 ut
3069 2026 3268 2081 nullam
3298 2030 3581 2099 impuden-

1989 2106 2130 2163 tibus
2160 2107 2357 2165 Judaiis
2399 2127 2584 2166 ansam
2633 2115 2956 2185 relinqueret
2990 2136 3003 2171 :
3037 2120 3177 2189 quod
3222 2121 3334 2190 ipse
3373 2138 3583 2194 quoque

1990 2199 2241 2255 indicavit
2264 2201 2481 2258 dicens:
2520 2203 2664 2259 Venit
2692 2205 2919 2263 Joannes
2947 2226 3104 2279 neque
3133 2212 3467 2279 manducone,
3498 2233 3585 2267 nec

1986 2306 2082 2359 que
2119 2290 2287 2346 bibens
2307 2334 2320 2356 ,
2350 2303 2395 2347 et
2426 2296 2597 2349 dicunt
2627 2312 2645 2350 :
2673 2295 2993 2354 Dtemonium
3034 2301 3198 2357 habet.
3240 2303 3383 2357 Venit
3417 2305 3584 2360 Filius

1988 2383 2205 2437 hominis
2226 2386 2537 2443 manducans
2559 2398 2605 2442 et
2628 2389 2817 2458 bibens,
2847 2400 2893 2446 et
2919 2393 3092 2448 dicunt
3121 2409 3139 2448 :
3164 2393 3297 2449 Ecce
3325 2398 3473 2452 homo
3497 2416 3583 2452 vo-

1987 2492 2085 2529 rax
2103 2486 2149 2531 et
2170 2478 2273 2532 vini
2298 2488 2516 2549 potator,
2546 2482 2930 2550 publicanorum
2951 2495 2998 2541 et
3022 2497 3342 2556 peccatorum
3366 2492 3578 2545 amicus.

1989 2564 2054 2620 Et
2085 2568 2369 2639 jnstiﬁcata
2395 2581 2467 2625 est
2495 2574 2746 2642 sapientia
2774 2593 2806 2629 a
2831 2576 2952 2643 ﬁliis
2979 2578 3084 2632 suis
3115 2577 3338 2649 (Matth.
3371 2582 3456 2635 11.
3494 2583 3581 2639 18.

1988 2658 2115 2728 19).
2163 2661 2411 2732 Alioquin
2461 2666 2820 2721 necessarium
2865 2676 3016 2735 erat,
3060 2677 3119 2725 ut
3155 2686 3216 2725 ea
3257 2687 3374 2742 qum
3411 2675 3587 2743 ipsum

1989 2753 2299 2820 Spectabant
2319 2797 2334 2823 ,
2363 2756 2430 2812 ab
2458 2758 2560 2813 alio
2598 2759 2746 2829 prius
2784 2760 3124 2830 dicerentur,
3159 2780 3318 2836 quam
3348 2768 3415 2821 ah
3446 2768 3582 2838 ipso.

1990 2840 2046 2896 Si
2092 2843 2234 2898 enim
2282 2857 2403 2915 post
2442 2856 2520 2901 tot
2559 2858 2810 2920 tantaque
2850 2854 3152 2913 testimonia
3189 2862 3244 2911 et
3271 2870 3583 2927 argumenta

1989 2936 2238 2992 dicebant
2269 2957 2280 2993 :
2314 2938 2389 2993 Tu
2419 2942 2755 2996 testimonium
2790 2946 3019 3014 perhibes
3044 2948 3107 3000 de
3132 2949 3289 3019 teipso
3313 2992 3329 3016 ,
3360 2952 3586 3005 testium.

1990 3027 2130 3081 nium
2157 3039 2297 3083 tuum
2325 3047 2425 3085 non
2449 3041 2525 3086 est
2549 3049 2719 3087 verum
2752 3033 2931 3106 (Joan.
2960 3036 3014 3092 8.
3045 3036 3135 3110 15)
3164 3056 3177 3092 z
3213 3041 3257 3094 si
3284 3040 3411 3094 nihil
3442 3043 3605 3111 prius.

1990 3117 2215 3174 dixisset
2237 3119 2493 3187 Joannes,
2524 3132 2575 3178 et
2606 3125 2721 3194 ipse
2750 3126 2802 3180 in
2835 3127 3078 3183 medium.
3110 3144 3445 3200 progressus,
3474 3135 3585 3202 pri~

1992 3226 2110 3264 mus
2138 3212 2204 3266 de
2230 3227 2287 3267 se
2317 3215 2678 3270 testimonium
2707 3217 3091 3287 perhibuisset,
3110 3221 3235 3290 quid
3263 3222 3585 3281 non'dicturi

1990 3302 2183 3355 erant?
2211 3302 2500 3373 Propterea
2532 3322 2703 3376 neque
2731 3308 3041 3378 przedicavit
3067 3320 3193 3367 ante
3219 3313 3388 3381 illum,
3414 3330 3586 3385 neque

1990 3392 2136 3462 signa
2160 3393 2346 3461 edidit,
2372 3394 2543 3450 donec
2570 3397 2621 3451 in
2647 3412 2921 3455 carcerem
2952 3400 3039 3456 ille
3065 3401 3386 3468 truderetur,
3416 3420 3482 3458 ne
3505 3406 3586 3461 sic

1989 3483 2274 3539 multitudo
2318 3486 2652 3543 scinderetur
2688 3489 2742 3543 in
2783 3501 2982 3559 partes.
3029 3492 3234 3549 Idcirco
3271 3495 3475 3550 nullum
3508 3498 3585 3551 si-

1988 3591 2149 3647 gnum
2186 3577 2309 3633 fecit
2345 3578 2577 3636 Joannes
2603 3624 2617 3647 ,
2646 3591 2705 3637 ut
2733 3582 2833 3640 hac
2859 3583 3067 3641 ratione
3095 3586 3487 3645 multitudinem
3517 3591 3586 3645 ad

1988 3669 2168 3725 Jesum
2196 3670 2468 3740 alliceret,
2496 3674 2622 3730 dum
2649 3676 2902 3732 miracula
2943 3678 3009 3733 ad
3048 3679 3221 3750 ipsum
3264 3681 3470 3738 turbam
3496 3691 3584 3737 at-

1991 3761 2281 3818 traherent.
2314 3763 2370 3819 Si
2400 3765 2543 3819 enim
2592 3774 2713 3837 post
2747 3776 2823 3823 tot
2852 3776 3224 3841 tantarumque
3250 3787 3430 3827 rerum
3471 3774 3585 3828 dis-

1991 3856 2356 3922 pensationem
2378 3899 2392 3921 ,
2423 3866 2477 3911 et
2505 3872 2629 3912 ante
2657 3867 2711 3913 et
2741 3869 3021 3929 postquam
3045 3860 3282 3918 Joannes
3312 3864 3362 3917 in
3404 3879 3584 3920 carce-

1989 3961 2102 4001 rem
2128 3956 2306 4003 trusus
2333 3958 2437 4015 est,
2463 3949 2707 4018 discipuli
2734 3950 2957 4006 Joannis
2984 3952 3176 4008 invidia
3205 3953 3433 4025 quadam
3457 3972 3585 4027 erga

1987 4036 2169 4091 Jesum
2210 4037 2337 4092 moti
2381 4039 2733 4104 videbantur;
2763 4041 2806 4094 si
2838 4042 2990 4097 multi
3020 4058 3183 4112 porro
3218 4060 3323 4099 non
3364 4044 3538 4116 ipsum
3566 4090 3582 4111 ,

1998 4117 2091 4173 sed
2118 4117 2678 4181 JoannemChristum
2710 4144 2832 4185 esse
2856 4132 3268 4195 arbitrabantur
3300 4159 3313 4195 :
3356 4144 3401 4197 si
3434 4148 3591 4203 nihil.

1997 4210 2192 4266 horum
2225 4211 2425 4268 factum
2449 4227 2614 4280 esset,
2638 4220 2768 4289 quid
2787 4211 2909 4279 non.
2930 4237 3249 4287 eventurum
3268 4239 3429 4292 erat?
3454 4238 3581 4297 Ideo

1998 4306 2280 4363 Matthaeus
2298 4310 2763 4384 signiticatipsum
2791 4334 2856 4373 eo
2872 4328 3114 4392 tempore
3137 4329 3432 4396 prtedicare
3460 4350 3577 4391 cte-

1997 4402 2160 4468 pisse,
2178 4403 2401 4458 etinitio
2419 4405 2655 4476 idipsum
2674 4411 2862 4467 docuit
2886 4417 3031 4486 quod
3052 4416 3292 4478 Joannes
3318 4427 3581 4494 praedica-

1998 4504 2167 4559 verat,
2193 4511 2293 4550 nec
2322 4498 2622 4569 quidquam
2658 4504 2725 4559 de
2749 4506 2932 4577 seipso
2966 4510 3021 4564 in
3061 4528 3159 4567 sua
3190 4517 3578 4583 praedicatione

1995 4582 2251 4652 loquitur.
2330 4586 2464 4643 Nam
2491 4595 2790 4661 optandum
2820 4610 2937 4655 erat
2969 4614 3027 4657 ut
3058 4582 3203 4659 illud,
3230 4607 3445 4661 interim
3482 4612 3580 4664 ad-

1995 4675 2319 4743 mitteretur,
2351 4682 2793 4754 quandoquidem
2823 4692 3063 4746 nondum
3089 4702 3585 4765 congruentemde.

1992 4765 2108 4837 ipso
2140 4771 2410 4827 habebant
2440 4776 2771 4844 opinionem.

2057 4861 2111 4913 9..
2161 4860 2389 4933 ideoque
2433 4865 2483 4918 in
2531 4867 2791 4935 principio
2834 4868 2970 4923 nihil
3007 4870 3289 4925 molestum
3326 4880 3384 4926 et
3419 4889 3581 4945 grave

1985 4950 2152 5020 dixit,
2184 4963 2241 5008 ut
2267 4953 2390 5020 ille,
2421 4970 2528 5008 non
2551 4957 2781 5011 securim
2802 4999 2825 5025 ,
2850 4974 2957 5012 non
2986 4958 3184 5028 lignum
3210 4969 3444 5030 sectum,
3476 4980 3585 5021 non

1984 5044 2364 5111 ventilabrum,
2391 5048 2681 5103 arcaunel
2722 5048 2896 5119 ignem
2937 5050 3424 5124 inexstinguibilem
3462 5073 3581 5114 me-

1987 5136 2243 5202 moravit;
2267 5137 2366 5193 sed
2382 5153 2411 5191 a
2436 5139 2588 5193 bonis
2611 5155 2785 5206 orsus,
2808 5141 2971 5197 caelos
2992 5154 3255 5199 memorat
3279 5154 3337 5202 et
3358 5162 3582 5217 regnum

1989 5226 2093 5281 illic
2121 5238 2360 5299 paratum
2389 5228 2747 5285 audientibus.
2777 5231 2864 5287 18.
2893 5232 2960 5286 Et
2986 5234 3252 5292 ambulans
3270 5238 3425 5309 jumta
3446 5256 3584 5301 mare

1988 5317 2215 5372 (.‘alitwa:
2234 5359 2248 5384 ,
2282 5319 2403 5373 cidit
2431 5320 2558 5375 duos
2595 5320 2777 5389 fratres
2797 5365 2813 5389 ,
2850 5321 3111 5379 Simonem
3138 5328 3225 5396 qui
3250 5331 3581 5400 cognomina-

1986 5410 2134 5463 batur
2164 5410 2344 5466 Petrus
2364 5453 2379 5477 ,
2416 5422 2461 5465 et
2496 5412 2771 5473 Andream
2781 5421 2993 5487 fratrem
3021 5420 3164 5489 ejus,
3194 5421 3446 5476 mittentes
3481 5431 3600 5483 rete.

1987 5505 2039 5556 in
2070 5521 2208 5559 mare
2234 5521 2253 5559 .'
2280 5515 2421 5560 erant
2451 5507 2581 5560 enim
2612 5510 2908 5579 piscatores,
2942 5511 3029 5568 19.
3061 5521 3110 5566 et
3132 5513 3205 5565 ait
3229 5512 3335 5568 illis
3360 5530 3381 5569 :
3410 5512 3596 5574 Venite.

1990 5608 2101 5665 post
2130 5614 2224 5658 me,
2259 5607 2305 5651 ct
2336 5599 2521 5667 faciam
2550 5616 2635 5655 vos
2665 5602 2938 5672 piscatores
2968 5605 3245 5662 hominum.
3273 5606 3364 5662 20.
3402 5606 3471 5660 lii
3491 5624 3582 5661 an:

1989 5696 2085 5739 tem
2123 5686 2309 5740 relictis
2350 5689 2533 5744 retibus
2558 5731 2572 5755 ,
2604 5693 2799 5761 sequuti
2828 5703 2942 5746 sunt
2970 5710 3104 5748 eum.
3145 5696 3307 5764 Atqui
3345 5696 3588 5761 Joannes

1989 5781 2063 5834 ait
2101 5796 2194 5835 eos
2242 5783 2348 5835 alio
2394 5784 2554 5838 modo
2594 5786 2755 5842 fuisse
2794 5796 3009 5842 vocatos
3044 5805 3055 5840 :
3086 5789 3226 5847 unde
3257 5790 3431 5858 palam
3460 5800 3541 5851 est
3564 5832 3603 5855 ,_

1991 5878 2125 5932 hanc
2150 5877 2436 5933 secundam
2478 5879 2639 5936 fuisse
2669 5882 2999 5937 vocationem
3035 5899 3047 5934 :
3079 5881 3413 5953 idipsumquc
3439 5899 3615 5953 saepe;
