4052 6424
482 361 588 418 Eii!

483 472 667 529 videre
692 480 791 526 est.
821 468 895 525 lbi
923 483 1152 539 namque
1185 466 1397 532 dicitur,
1427 482 1547 521 eum
1580 468 1812 523 nondum
1837 468 2071 525 Joannes

479 563 753 636 conjectus
795 563 981 618 luisset
1020 561 1075 616 in
1113 575 1420 625 carcerem,
1453 561 1598 631 ipsos
1625 562 1953 625 accessisse;
1987 560 2073 617 hic

478 671 628 722 vero,
652 665 928 726 postquam
949 653 1223 723 conjectus
1247 651 1437 707 fuerat.
1459 652 1572 707 lllic
1594 653 1833 708 Andreas
1851 654 2074 710 vocabat

477 749 733 806 l’etrum;
774 746 860 800 hic
897 745 1087 800 ambos
1121 743 1297 801 Jesus.
1337 743 1404 799 Et
1439 743 1672 800 .loannes
1699 744 1912 814 quidem
1952 748 2068 803 ait:

487 836 672 892 Viden;
700 836 853 891 Iesus
886 836 1145 892 Simonem
1176 837 1467 901 venientem,
1500 838 1627 892 dixit
1652 853 1671 891 :
1702 836 1776 891 Tu
1805 855 1856 892 es
1891 838 2069 894 Simon

473 932 612 999 ﬁlius
650 929 802 985 Ione
823 946 843 995 ,'
883 941 935 984 tu
974 931 1231 985 t'ombcris
1268 931 1497 1001 Cap/ms,
1538 932 1673 1001 quod
1715 931 2071 1001 interpretatur

474 1019 660 1076 Petrus
684 1020 863 1094 (latin.
894 1023 946 1077 l.
971 1023 1084 1094 42).
1109 1022 1389 1077 Μειιιιιιιιιιε
1411 1038 1536 1077 vero
1559 1022 1653 1083 ait,
1675 1022 1784 1088 jam
1809 1023 1884 1077 sic
1905 1021 2067 1079 fuisse

471 1122 719 1168 vocatum
751 1132 764 1167 :
806 1111 1016 1178 Videtis,
1047 1115 1234 1184 inquit,
1269 1113 1550 1178 Simonem,
1574 1113 1659 1182 qui
1688 1113 1945 1168 dicebatur
1966 1112 2069 1167 Pe-

475 1212 603 1259 trus.
633 1204 735 1260 Sed
760 1205 919 1259 etiam
942 1221 971 1258 a
995 1205 1133 1270 loco,
1156 1220 1221 1259 ex
1244 1220 1351 1275 quo
1371 1205 1543 1258 vocati
1567 1214 1712 1268 sunt,
1738 1204 1878 1274 quod
1902 1206 2063 1260 etiam

471 1295 596 1349 alibi
628 1310 771 1364 smpc
811 1294 993 1349 videre
1018 1303 1101 1349 est
1129 1311 1143 1346 :
1174 1294 1298 1348 hinc
1326 1293 1490 1363 liquet
1516 1294 1675 1348 etiam
1698 1336 1713 1361 ,
1742 1294 1883 1364 quod
1914 1294 2064 1352 facile

469 1381 742 1446 obediant,
765 1390 818 1435 et
842 1381 1021 1435 omnia
1050 1381 1356 1452 relinquant
1381 1398 1395 1446 ;
1419 1380 1530 1451 jam
1556 1380 1698 1436 enim
1727 1381 1893 1452 probe
1920 1385 2063 1452 prius

469 1473 661 1528 eruditi
705 1473 935 1528 fumant.
979 1473 1091 1529 lllic
1120 1475 1261 1529 enim
1302 1473 1587 1529 exhibetur
1612 1474 1853 1529 Andreas
1884 1476 1934 1528 in
1962 1474 2061 1529 do-

466 1581 612 1621 mum
642 1566 885 1631 veniens,
914 1578 968 1623 et
997 1566 1163 1621 multa
1192 1566 1449 1626 audiens:
1481 1565 1565 1620 hic
1602 1576 1803 1632 autem,
1834 1583 1939 1621 uno
1964 1585 2028 1621 au

464 1658 577 1712 dito
600 1657 787 1722 verba,
817 1657 996 1713 statim
1024 1658 1234 1727 sequuti
1263 1666 1406 1711 sunt.
1438 1657 1735 1712 Verisimile
1760 1657 1954 1728 quippe
1979 1667 2061 1713 est

466 1752 585 1804 illos
602 1765 722 1804 cum
745 1766 774 1803 a
803 1748 1066 1821 principio
1090 1750 1299 1820 sequuti
1333 1747 1576 1813 fuissent,
1601 1748 1849 1804 dimissos
1877 1758 2057 1819 postea

467 1845 668 1911 fuisse;
709 1860 831 1901 cum
877 1853 1056 1898 autem
1100 1843 1356 1897 vidissent
1394 1843 1651 1898 Joannem
1694 1844 1745 1897 in
1785 1858 2055 1899 carcerem

466 1952 673 1996 trusum
704 1938 871 1994 fuisse
895 1981 909 2004 ,
943 1938 1088 2008 ipsos
1116 1946 1240 1992 tunc
1272 1937 1559 1992 recessisse
1578 1979 1594 2003 ,
1625 1946 1786 2008 atque
1810 1937 1874 1992 ad
1906 1953 2054 1992 suam

463 2040 635 2087 artem
663 2029 906 2086 rediisse.
929 2028 1020 2084 Sic
1046 2029 1226 2100 itaque
1252 2028 1370 2083 illos
1397 2029 1664 2098 piscantes
1691 2029 1913 2084 invenit.
1937 2029 2055 2099 ipse

462 2138 594 2178 vero
622 2137 796 2193 neque
833 2121 951 2176 illos
975 2135 1098 2176 cum
1128 2120 1278 2176 abire
1316 2118 1513 2174 vellent
1557 2119 1710 2173 initio
1751 2120 2053 2189 prohibuit,

465 2229 639 2284 neque
678 2228 800 2269 cum
847 2212 1192 2268 recessissent
1232 2225 1399 2282 usque
1427 2210 1479 2264 in
1507 2210 1663 2264 ﬁnem
1691 2209 1931 2277 dimisit;
1961 2211 2052 2266 sed

463 2315 742 2377 postquam
782 2303 1038 2360 recedere
1067 2303 1315 2368 sivisset,
1345 2302 1495 2358 venit
1531 2318 1743 2357 rursum
1785 2303 1927 2374 ipsos
1968 2319 2054 2358 re-

460 2399 722 2467 petiturus
754 2419 769 2454 :
794 2397 882 2469 qui
910 2397 1156 2467 egregius
1180 2406 1263 2452 est
1293 2397 1604 2466 piseationis
1632 2397 1840 2451 modus.

530 2489 732 2547 Christo
757 2490 866 2544 sine
892 2505 1034 2543 mora
1064 2488 1527 2556 obtemperantium.
1559 2519 1631 2528 —-
1662 2487 1936 2556 Perpende
1961 2505 2050 2542 au-

459 2592 567 2640 lem
597 2585 805 2638 illorum
832 2595 885 2639 et
909 2582 1066 2636 ﬁdem
1090 2592 1141 2636 et
1163 2580 1540 2636 obedientiam.
1572 2582 1778 2636 Etenim
1801 2581 1853 2635 in
1876 2581 2054 2636 medio

457 2690 626 2746 opere
653 2674 824 2741 (scitis
847 2683 1025 2728 autem
1055 2690 1212 2744 quam
1239 2673 1390 2726 avida
1419 2689 1505 2727 res
1534 2673 1603 2727 sit
1632 2672 1875 2744 piscatio)
1906 2674 2051 2729 illum

457 2765 734 2836 iubentem
763 2765 1042 2821 audientes
1063 2808 1077 2830 ,
1104 2780 1211 2819 non
1236 2765 1594 2830 distulerunt,
1618 2780 1792 2834 neque
1821 2776 2053 2824 cunctati

457 2867 585 2913 sunt
605 2876 617 2911 :
644 2874 748 2912 non
771 2858 1044 2923 dixerunt,
1071 2858 1288 2912 Reversi
1315 2856 1557 2923 domum,
1583 2857 1908 2928 propinquos
1930 2858 2053 2912 allo-

456 2963 686 3020 quemur
715 2965 730 3003 :
761 2948 856 3005 sed
894 2948 1093 3005 relictis
1135 2948 1383 3003 omnibus
1424 2949 1633 3017 sequuti
1672 2958 1828 3015 sunt,
1858 2965 2049 3021 quem-

455 3039 743 3095 admodum
778 3050 833 3095 et
871 3039 1095 3095 Elisarus
1137 3039 1261 3094 fecit
1296 3055 1417 3094 cum
1462 3038 1600 3094 Elia.
1638 3039 1819 3095 Talem
1857 3042 2052 3111 quippe

456 3131 702 3188 Christus
728 3131 1086 3188 obedientiam
1112 3131 1305 3202 quaerit
1340 3143 1371 3184 a
1412 3131 1566 3187 nobis
1590 3174 1604 3199 ,
1632 3133 1702 3186 ita
1744 3142 1799 3187 ut
1834 3149 1900 3187 ne
1931 3150 2047 3188 mo-

455 3210 890 3297 mentoquidem
925 3227 1182 3296 temporis
1220 3223 1529 3280 diﬁ‘eramus
1550 3267 1564 3288 ,
1594 3225 1803 3281 etiamsi
1829 3227 1954 3296 quid
1982 3245 2047 3288 ex

455 3315 743 3372 admodum
785 3317 1108 3373 necessariis
1148 3331 1337 3387 urgere
1365 3316 1626 3371 videatur.
1657 3316 1858 3372 Idcirco
1888 3317 2046 3372 alimn

453 3408 758 3465 venientem
799 3419 855 3464 et
898 3416 1171 3479 rogantem
1209 3409 1307 3463 sibi
1348 3408 1532 3464 lieeret
1574 3409 1802 3480 sepelire
1843 3420 2044 3478 patrem

453 3515 631 3561 suum.
660 3515 728 3556 ne
755 3499 882 3555 illud
912 3499 1124 3568 quidem
1146 3498 1322 3555 facere
1349 3501 1610 3569 permisit.
1633 3502 1940 3564 ostendens,
1965 3517 2050 3557 se-

452 3590 650 3662 quendi
697 3589 966 3645 Christum
1011 3590 1245 3645 ofﬁcium
1291 3605 1411 3646 esse
1455 3591 1705 3645 omnibus
1746 3592 2052 3647 anteferen-

453 3684 579 3740 dum
608 3683 817 3753 (Matth.
848 3684 903 3741 8.
933 3685 995 3738 2|
1030 3682 1145 3756 29.).
1175 3683 1230 3739 Si
1261 3700 1388 3738 vero
1414 3684 1614 3739 dixeris
1645 3702 1659 3738 :
1691 3684 1914 3739 Maxima
1936 3695 2050 3739 erat

454 3776 743 3848 promissio
773 3795 787 3832 :
817 3775 939 3832 ideo
968 3776 1200 3831 maxime
1225 3775 1391 3831 miror
1418 3775 1558 3835 illos.
1584 3776 1725 3846 quod
1763 3792 1883 3831 cum
1917 3793 2047 3831 non-

452 3867 579 3924 dum
620 3868 830 3938 signum
868 3867 1161 3934 vidissent,
1193 3875 1354 3921 tantm
1393 3867 1733 3938 promissioni
1763 3868 1919 3923 ﬁdem
1950 3869 2048 3923 ha-

454 3959 705 4026 buerint,
732 3967 787 4015 et
811 3961 990 4015 omnia
1032 3961 1430 4031 postposucrint
1457 3970 1515 4015 ut
1542 3960 1814 4016 Christum
1854 3976 2049 4033 seque-

455 4062 644 4109 rentur
670 4071 683 4105 :
712 4068 832 4109 nam
861 4053 1210 4109 crediderunt
1238 4067 1296 4109 se
1326 4068 1484 4124 posse
1513 4067 1608 4123 per
1630 4053 1816 4110 eadem
1849 4056 2007 4109 verba
2029 4098 2044 4121 ,

452 4147 608 4218 queis
641 4149 780 4217 capti
828 4147 1069 4216 fuerant,
1116 4149 1250 4205 alios
1294 4149 1507 4219 piscari.
1552 4149 1649 4205 His
1693 4151 1869 4223 itaque
1917 4151 2045 4207 illud

456 4239 701 4309 promisit
732 4257 746 4294 :
772 4237 977 4295 Iacobo
1009 4248 1186 4295 autem
1211 4247 1271 4296 et
1297 4239 1492 4295 Joanni
1525 4242 1656 4296 nihil
1689 4243 1864 4298 simile
1891 4243 2043 4299 dixit.

452 4330 585 4385 Nam
616 4330 855 4400 priorum
887 4330 1235 4399 obsequentia
1267 4330 1348 4385 bis
1375 4332 1514 4386 viam
1543 4332 1768 4402 paravit.
1803 4335 2046 4405 Alioquin

454 4435 584 4477 vero
603 4421 713 4491 jam
739 4420 964 4491 plurima
989 4421 1058 4475 de
1088 4421 1204 4492 ipso
1229 4420 1527 4478 audierant.
1552 4422 1686 4479 Vide
1712 4440 1870 4496 porro
1889 4442 2045 4497 quam

453 4525 702 4571 accurate
744 4513 899 4569 nobis
938 4513 1149 4568 illorum
1191 4523 1556 4585 paupertatem
1586 4514 1803 4572 indicet.
1847 4517 2049 4572 Invenit

454 4605 597 4662 enim
629 4606 750 4662 illos
776 4604 1081 4662 reﬁcientes
1114 4607 1248 4663 retia
1292 4622 1406 4661 sua.
1436 4606 1605 4662 Tanta
1649 4619 1767 4664 erat
1801 4620 2041 4680 egestas,

453 4707 514 4753 ut
541 4707 721 4755 vetera
749 4704 1133 4764 restaurarent,
1165 4696 1305 4768 quod
1336 4713 1441 4752 non
1468 4706 1691 4770 possent
1716 4700 1813 4753 alia
1845 4716 2042 4757 emere.

452 4791 563 4847 Nec
601 4791 821 4846 minima
862 4789 1075 4846 interim
1118 4789 1234 4845 lucc
1268 4797 1351 4846 est
1391 4791 1601 4844 virtutis
1630 4789 2044 4856 demonstratio,

454 4893 820 4956 paupertatem
852 4883 923 4938 ita
967 4882 1122 4939 facile
1159 4883 1300 4939 ferre
1324 4924 1340 4949 ,
1366 4899 1432 4938 ex
1471 4883 1633 4950 iustis
1671 4882 1937 4938 laboribus
1967 4887 2046 4938 vi-

450 4987 596 5033 ctum
621 4988 829 5046 parare,
855 4983 1035 5030 mutua
1062 4975 1287 5031 invicem
1313 4975 1535 5030 caritate
1554 4976 1819 5040 connecti,
1845 4985 2045 5045 patrem

451 5081 634 5123 secum
663 5065 880 5132 habere,
904 5065 1111 5135 ipsique
1136 5064 1399 5119 famulari.
1429 5063 1716 5134 Postquam
1742 5066 1902 5136 igitur
1928 5067 2047 5121 illos

453 5160 693 5229 piscatus
716 5157 924 5223 fuisset,
947 5166 1074 5212 tunc
1097 5159 1262 5227 erepit
1285 5156 1391 5211 illis
1418 5157 1772 5227 praesentibus
1793 5158 2046 5214 miracula

451 5251 617 5308 edere
639 5293 656 5318 ,
685 5265 888 5322 perque
915 5265 975 5305 ea
1007 5265 1126 5320 quae
1154 5265 1184 5303 a
1210 5249 1416 5305 Joanne
1438 5249 1506 5305 de
1535 5250 1649 5317 ipso
1679 5250 1814 5306 dicta
1843 5253 2050 5308 fuerant

452 5340 828 5397 conﬁrmabat.
859 5339 1165 5413 Synagogas
1192 5354 1354 5408 porro
1385 5340 1776 5409 frequentabat,
1808 5340 1932 5396 hinc
1955 5342 2050 5398 Ju-

454 5434 602 5489 dzeos
631 5433 831 5489 docens
855 5448 915 5489 se
942 5447 1046 5487 non
1077 5446 1197 5487 esse
1226 5432 1334 5487 Deo
1358 5432 1717 5487 adversarium
1736 5475 1750 5499 ,
1779 5435 1861 5488 vel
1892 5436 2049 5489 scdu-

454 5537 683 5593 ctorem,
705 5527 798 5583 sed
820 5543 941 5583 cum
971 5527 1129 5583 Patre
1148 5527 1570 5582 consentientem
1593 5527 1892 5585 advenisse.
1914 5529 2046 5585 Cum

453 5633 634 5674 autem
662 5619 716 5673 in
746 5619 880 5674 locis
913 5629 1240 5688 versaretur,
1264 5634 1369 5674 non
1401 5617 1561 5674 modo
1586 5618 1930 5690 prmdicabat,
1954 5622 2047 5676 sed

457 5710 621 5765 ctiam
651 5711 801 5780 signa
833 5710 1041 5766 edebat.

530 5801 586 5856 5.
618 5799 822 5870 Ubique
849 5803 1011 5869 enim,
1044 5803 1087 5859 si
1113 5799 1327 5875 quando
1350 5816 1437 5858 res
1467 5802 1679 5861 inSolita
1700 5815 1753 5861 et
1776 5806 2041 5878 inopinata

1297 352 1659 410 5.10.“le
1696 354 2170 412 CHRYSOSTOMI
2210 358 2524 418 ARClllEP.
2565 366 3099 427 CONSTANTINOP.

3674 380 3775 439 2‘20

2179 472 2419 540 accidat,
2452 476 2497 531 si
2540 494 2736 535 novum
2777 482 3058 540 inducatur
3096 487 3216 542 vita!
3258 488 3554 545 institutum
3581 535 3595 554 ,
3627 495 3772 566 signa

2178 563 2315 618 solet
2346 566 2483 623 Deus
2512 568 2688 626 facere
2707 614 2721 638 ,
2755 576 3005 642 potentiae
3034 591 3147 632 sua:
3178 579 3396 650 pignora
3439 563 3695 645 praebens
3713 589 3776 642 iis

2176 654 2266 725 qui
2308 655 2452 727 leges
2481 665 2778 730 suscepturi
2809 676 2952 720 sunt.
2992 666 3082 724 Sic
3120 669 3296 738 itaque
3338 688 3458 727 cum
3502 675 3772 732 hominem

2177 744 2412 801 facturus
2439 760 2592 815 erat,
2628 754 2880 810 numdum
2921 766 3089 813 totum
3124 762 3362 824 ereavit,
3396 773 3630 835 hincque
3669 768 3767 834 ipsi

2176 837 2344 907 legem
2392 841 2531 897 illam
2557 845 2572 876 ¹
2613 847 2663 900 in
2709 849 2955 915 paradiso
2991 850 3157 906 dedit.
3198 854 3262 908 Et
3300 871 3421 910 cum
3465 857 3593 912 Note
3628 861 3773 930 leges

2177 931 2442 996 positurus
2472 945 2607 1002 erat,
2637 952 2824 1008 magna
2858 956 3066 996 rursum
3097 944 3341 1000 exhibuit
3371 950 3646 1015 miracula,
3677 970 3773 1021 per

2173 1036 2292 1090 qua:
2325 1032 2485 1078 totam
2515 1033 2832 1084 restauravit
2854 1044 3175 1100 creaturam,
3200 1049 3254 1092 ct
3279 1038 3313 1093 b
3355 1043 3608 1098 rrcndum
3641 1046 3767 1100 illud

2173 1114 2397 1209 pelagus
2420 1134 2514 1186 per
2537 1136 2736 1177 anmnn
2768 1132 2933 1180 totum
2971 1127 3213 1187 obtinere
3242 1137 3484 1202 curavit,
3517 1153 3616 1207 per
3641 1157 3760 1209 qua:

2171 1204 2333 1259 etiam
2377 1207 2580 1274 justum
2636 1212 2783 1268 illum
2840 1216 2890 1271 in
2945 1227 3086 1274 tanta
3143 1231 3461 1293 tempestate
3506 1204 3761 1289 serva-vit.

2170 1297 2400 1353 Abrahae
2429 1317 2640 1369 quoque
2670 1308 2838 1362 multa
2882 1309 3033 1380 signa
3074 1316 3357 1382 prmstitit;
3388 1320 3534 1375 verbi
3567 1336 3726 1379 causa
3746 1366 3763 1390 ,

2173 1391 2446 1485 victoriam
2477 1395 2527 1449 in
2557 1396 2718 1466 bello,
2750 1400 2958 1471 plagam
2986 1404 3249 1461 Pharaoni
3283 1409 3595 1479 immissum,
3623 1431 3652 1469 a
3682 1433 3764 1485 pe-

2169 1481 2349 1537 riculis
2383 1488 2731 1555 ereptionem.
2765 1491 3008 1564 Cumque
3050 1497 3249 1553 Jndmis
3288 1500 3432 1570 leges
3467 1481 3763 1563 statuturns

2166 1583 2327 1636 esset,
2359 1575 2610 1631 triracnla
2642 1580 2725 1631 illa
2760 1579 2904 1646 fecit,
2933 1594 2986 1637 et
3013 1587 3252 1656 prodigia
3295 1605 3505 1662 magna,
3534 1603 3759 1663 tuncque

2167 1660 2337 1733 legem
2371 1665 2534 1719 dedit.
2567 1668 2638 1722 Ita
2671 1681 2718 1724 et
2749 1688 2889 1727 nunc
2916 1675 3187 1731 excelsum
3223 1660 3509 1752 quodpiam
3542 1660 3761 1742 institu-

2167 1764 2275 1809 tum
2320 1759 2669 1825 iudueturns,
2703 1778 2871 1834 eaque
2905 1767 3145 1823 dicturus
3185 1770 3289 1827 illis
3314 1788 3434 1843 quae
3467 1788 3761 1848 numquam

2163 1851 2477 1916 audierant,
2504 1855 2822 1910 mirabilium
2844 1862 3157 1927 opera'ione
3177 1862 3314 1918 dicta
3336 1880 3430 1919 sua
3449 1867 3754 1925 confirmat.

2163 1940 2424 2009 Quoniam
2451 1946 2593 2001 enim
2623 1962 2841 2017 regnum
2873 1949 3019 2007 illud.
3044 1953 3184 2021 quod
3216 1955 3622 2024 praedicabatur,
3648 1978 3757 2014 non

2161 2034 2485 2102 apparebat,
2523 2052 2590 2091 ex
2632 2038 2696 2091 iis
2733 2055 2855 2110 qua:
2900 2041 3000 2095 sub
3046 2055 3319 2113 aspectum
3368 2063 3398 2102 c
3432 2049 3660 2117 debant,
3710 2054 3759 2107 id

2161 2124 2299 2193 quod
2339 2126 2606 2181 occultum
2642 2140 2757 2185 erat
2796 2132 3131 2188 manifestum
3179 2138 3320 2192 fecit.
3354 2138 3423 2194 Et
3463 2141 3585 2197 vide
3627 2145 3759 2199 mihi

2161 2226 2417 2285 quantum
2461 2220 2728 2290 superﬂua
2769 2224 2899 2277 vitet
2936 2229 3261 2296 evangelism
3288 2271 3302 2290 ,
3340 2233 3611 2301 quomodo
3649 2252 3757 2289 non

2160 2306 2400 2376 singulos
2444 2323 2631 2365 eorum
2676 2313 2763 2382 qui
2812 2317 2981 2370 sanati
3027 2329 3152 2371 sunt
3197 2334 3621 2389 commemoret,
3662 2328 3759 2381 scd

2161 2400 2307 2453 brevi
2330 2415 2577 2457 sermone
2601 2404 2877 2460 innumera
2899 2405 3045 2476 signa
3071 2421 3464 2477 prtetercurrat.
3491 2413 3619 2467 Nam
3643 2418 3754 2472 ait:

2158 2488 2249 2543 24.
2287 2488 2587 2546 Obtulerunt
2617 2494 2660 2547 ei
2690 2511 2861 2550 omnes
2892 2498 3022 2550 male
3050 2498 3283 2554 [tabentes
3309 2504 3458 2557 variis
3489 2505 3754 2574 languori-

2159 2582 2249 2633 bmt
2270 2623 2286 2649 ,
2310 2591 2356 2636 et
2388 2586 2647 2640 tormentis
2671 2599 2927 2657 correptos
2945 2631 2959 2652 ,
2991 2589 3242 2643 dmonia
3266 2592 3532 2653 Imbentes.
3564 2595 3753 2651 lanati-

2157 2691 2262 2737 σοι,
2283 2676 2608 2748 paralyticos,
2631 2686 2676 2732 et
2692 2681 2888 2734 sanavit
2908 2697 3012 2740 eos.
3034 2682 3230 2738 Verum
3252 2685 3320 2739 ab
3343 2686 3430 2739 illo
3449 2687 3752 2758 inquiritur,

2157 2782 2253 2820 cur
2278 2782 2307 2820 a
2337 2767 2482 2821 nullo
2507 2782 2692 2824 eorum
2726 2770 2882 2826 ﬁdem
2910 2775 3124 2844 exegit?
3149 2773 3331 2845 Neque
3357 2778 3497 2832 enim
3520 2779 3677 2845 dixit,
3705 2781 3753 2834 id

2155 2857 2297 2927 quod
2340 2867 2523 2928 postea
2565 2859 2766 2918 dixisse
2802 2873 3053 2918 narratur
3083 2883 3095 2919 :
3120 2866 3351 2922 (Inditis
3382 2885 3468 2924 me
3511 2869 3638 2924 illud
3677 2871 3756 2926 fa-

2154 2964 2279 3005 cere
2318 2966 2474 3020 posse
2502 2950 2729 3025 (Matth.
2759 2953 2812 3010 9.
2852 2953 3004 3027 28)?
3037 2956 3159 3026 quia
3201 2959 3435 3014 nondum
3479 2964 3756 3030 potestatis

2155 3058 2266 3100 sure
2288 3045 2607 3101 documenta
2636 3046 2877 3103 dederat.
2905 3048 3152 3121 Alioquin
3183 3067 3311 3105 vero
3333 3067 3399 3107 ex
3428 3069 3495 3109 eo
3517 3055 3659 3125 quod
3685 3056 3752 3111 ad

2157 3152 2279 3191 cum
2310 3138 2666 3204 accederent,
2697 3140 2939 3210 aliosque
2967 3141 3313 3206 inducerent,
3347 3161 3451 3198 non
3484 3147 3750 3202 modicam

2155 3228 2481 3283 exhibebant
2517 3229 2696 3285 ﬁdem.
2740 3230 2872 3285 Nam
2913 3247 2977 3287 ex
3019 3232 3308 3304 longinquo
3346 3250 3519 3307 :rgrns
3553 3238 3751 3295 ail‘ere-

2155 3320 2317 3383 bant,
2349 3336 2452 3374 non
2480 3321 2720 3388 allaturi,
2755 3322 2855 3377 nisi
2888 3338 3131 3393 magnam
3160 3325 3227 3380 de
3259 3326 3347 3380 illo
3375 3330 3754 3399 concepissent

2153 3412 2479 3480 opinionem.
2506 3412 2575 3467 Et
2597 3427 2695 3469 nos
2719 3427 2929 3484 quoque
2950 3414 3097 3470 illum
3125 3430 3412 3487 sequamur
3436 3436 3450 3472 :
3476 3436 3597 3475 nam
3622 3423 3755 3477 mul-

2159 3505 2225 3559 tis
2250 3504 2414 3560 animi
2441 3505 2644 3561 morbis
2669 3506 2994 3573 laboramus,
3027 3518 3083 3562 et
3108 3507 3205 3562 hos
3232 3508 3322 3564 ille
3351 3511 3617 3582 prtecipne
3641 3515 3758 3568 vult

2153 3613 2363 3651 curare.
2394 3596 2518 3653 ideo
2541 3599 2682 3653 enim
2715 3598 2802 3654 illa
2835 3601 2970 3654 mala
2997 3610 3170 3669 curat,
3200 3611 3257 3656 ut
3282 3602 3399 3659 haec
3424 3605 3657 3677 expellat
3686 3621 3753 3662 ex

2153 3688 2433 3743 animabus
2460 3689 2678 3744 nostris.
2706 3690 3037 3746 Accedamus
3067 3692 3224 3763 igitur
3246 3693 3312 3748 ad
3342 3709 3485 3758 eum,
3512 3695 3755 3768 nihilque

2153 3781 2406 3836 smculare
2436 3789 2677 3850 petamus
2697 3825 2711 3848 ,
2740 3782 2833 3839 sed
2860 3784 3228 3840 remissionem
3260 3798 3598 3856 peccatorum
3633 3801 3753 3845 :et-

2152 3874 2296 3929 enim
2322 3874 2481 3928 etiam
2511 3889 2650 3930 nunc
2672 3875 2780 3939 dat,
2806 3876 2849 3931 si
2872 3875 3153 3946 diligenter
3171 3892 3408 3947 agamus.
3432 3879 3580 3935 Tunc
3601 3882 3749 3937 enim

2154 3964 2208 4018 in
2248 3964 2458 4035 Syriam
2499 3964 2615 4033 ejus
2656 3966 2791 4020 fama
2823 3965 3060 4031 volarat;
3095 3982 3234 4022 nunc
3268 3984 3397 4023 vero
3441 3985 3537 4039 per
3578 3980 3751 4026 totum

2152 4056 2357 4112 orbem.
2392 4057 2459 4112 Et
2496 4057 2569 4111 illi
2606 4057 2817 4128 quidem
2849 4054 3126 4114 audientes
3148 4102 3164 4125 ,
3195 4059 3366 4130 ipsum
3395 4061 3754 4118 da-moniacos

2152 4148 2446 4214 curavisse,
2476 4149 2870 4205 concurrebant
2901 4166 2915 4202 :
2947 4157 3000 4204 tu
3025 4166 3152 4205 vero
3180 4152 3345 4205 multo
3374 4152 3630 4222 majorem
3656 4171 3754 4225 po—

2153 4241 2357 4296 teszatis
2402 4241 2568 4309 ipsius
2607 4242 2989 4310 experientiam
3032 4251 3218 4298 nactus
3255 4260 3357 4298 non
3400 4246 3609 4317 surgis,
3643 4264 3749 4301 non

2151 4332 2357 4385 curris?
2381 4332 2484 4386 Sed
2516 4332 2587 4386 illi
2615 4332 2827 4402 quidem
2852 4342 2904 4387 et
2932 4334 3156 4401 patriam
3189 4334 3521 4403 reliquerunt
3546 4347 3598 4391 et
3624 4337 3752 4391 ami-

2151 4438 2243 4478 cos
2273 4432 2327 4478 et
2358 4435 2646 4493 cognatos;
2675 4431 2728 4479 tu
2757 4438 2886 4479 vero
2912 4440 2977 4479 ne
3016 4424 3179 4481 domo
3216 4426 3427 4496 quidem
3454 4429 3601 4483 exire
3632 4444 3751 4484 sns-

2155 4516 2295 4571 tines
2314 4557 2329 4578 ,
2356 4524 2415 4570 ut
2441 4517 2665 4571 accedas
2689 4558 2702 4580 ,
2730 4526 2784 4570 et
2809 4516 2964 4585 longe
2990 4517 3207 4571 meliora
3232 4520 3616 4589 consequaris?
3637 4520 3752 4576 lmo

2153 4622 2257 4661 non
2288 4607 2389 4661 hoc
2413 4622 2440 4659 a
2472 4616 2523 4662 te
2565 4607 2930 4677 postulamus;
2960 4607 3053 4662 sed
3093 4609 3284 4662 malam
3326 4610 3500 4664 solum
3539 4610 3752 4679 depone

2151 4697 2623 4763 consuetudinem,
2663 4706 2717 4753 ct
2749 4698 2892 4752 domi
2936 4713 3159 4753 manens
3201 4715 3322 4753 cum
3372 4700 3476 4755 tuis
3520 4702 3750 4756 salutem

2154 4788 2305 4843 facile
2342 4789 2596 4859 consequi
2638 4789 2855 4857 poteris.
2883 4788 3002 4844 1am
3033 4804 3160 4844 vero
3190 4790 3234 4844 si
3274 4790 3464 4844 morbo
3489 4806 3752 4861 corporeo

2154 4880 2493 4943 laboremus,
2525 4880 2703 4933 omnia
2745 4881 2998 4947 facimus,
3029 4882 3209 4935 omnia
3250 4897 3528 4937 movemus
3552 4926 3564 4947 ,
3599 4891 3655 4937 ut
3683 4886 3754 4939 ab

2154 4972 2241 5027 illa
2270 4972 2512 5027 molestia
2537 4986 2789 5027 eruamur
2812 4991 2826 5027 :
2848 4971 3025 5026 anima
3050 4987 3177 5029 vero
3200 4983 3381 5029 nostra
3412 4974 3552 5031 male
3573 4989 3632 5031 se
3658 4975 3755 5029 lxa-

2154 5064 2349 5131 hente,
2380 5073 2700 5119 cunctamur
2733 5070 2788 5118 et
2829 5063 3141 5135 refugimus.
3180 5065 3304 5120 ideo
3342 5082 3516 5138 neque
3545 5066 3613 5122 ab
3647 5067 3755 5121 ξιιίς

2151 5154 2482 5220 liberamur;
2529 5155 2779 5225 quoniam
2821 5171 2941 5226 qua:
2981 5159 3279 5213 necessaria
3325 5170 3483 5225 sunt,
3526 5161 3755 5218 minoris

2153 5251 2407 5304 momenti
2437 5249 2678 5313 ﬁtcimus,
2707 5265 2826 5320 quae
2849 5265 2979 5307 vero
3009 5251 3231 5306 minoris
3257 5254 3535 5321 momenti,
3561 5269 3740 5310 neces-

2152 5341 2290 5394 saria
2335 5340 2582 5395 ducimus
2614 5360 2626 5396 :
2659 5349 2715 5395 et
2758 5341 3021 5397 malorum
3066 5341 3211 5399 fonte
3247 5344 3471 5399 dimisso
3496 5387 3511 5410 ,
3552 5345 3756 5401 rivulos

2157 5446 2382 5502 purgare.
2407 5431 2671 5489 volumus.
2695 5433 2848 5503 Quod
2877 5434 3019 5489 enim
3047 5435 3359 5492 morborum
3383 5438 3623 5508 corporis
3645 5441 3757 5493 ani-

2155 5538 2256 5577 mae
2285 5522 2585 5595 malignitas
2612 5539 2775 5582 causa
2806 5526 2896 5593 sit,
2927 5527 3254 5600 paralyticus
3283 5528 3370 5585 ille
3398 5531 3606 5600 triginta
3628 5542 3757 5586 octo

2156 5630 2419 5670 annorum
2452 5616 2647 5687 (Joau.
2679 5618 2781 5688 5),
2820 5618 2911 5673 ille
2945 5619 3083 5674 alius
3121 5635 3218 5690 per
3256 5629 3455 5675 tectum
3487 5621 3758 5680 demissos

2155 5705 2317 5777 (an.
2348 5707 2692 5781 5).anteillos
2724 5726 2851 5765 vero
2874 5710 3004 5766 Cain
3032 5712 3421 5767 demonstravit
3454 5727 3754 5785 :szepeque

2224 5819 2238 5850 ι
2275 5818 2466 5875 Quidam
2483 5814 2840 5884 Mss.,ttzncque
2858 5821 2951 5886 ipsi
2973 5824 3205 5893 itumitum
3228 5823 3389 5886 illum;
3415 5827 3747 5879 minusrecte.
