4052 6430
433 353 535 411 2‘21

436 470 491 522 δέ
525 464 702 535 ψυχῆς
754 461 912 533 ήμῶν
967 461 1151 525 κακῶς
1182 458 1551 531 διακειμένης,
1603 456 1867 529 μέλλομεν
1921 458 2017 508 καὶ⁵

438 547 799 618 ἀναδυόμεθα.
832 545 930 599 Διά
951 544 1105 597 τοῦτο
1132 544 1253 597 οὐδὲ
1287 544 1508 597 έκείνων
1536 537 2014 608 ἀπαλλασσόμεθα·

437 632 627 703 ἐπειδὴ
659 633 728 684 τά
760 630 859 701 μὲν
888 629 1163 695 ἀναγκαῖα
1206 629 1340 697 ήμῖν
1393 625 1646 696 πάρεργα
1677 623 1908 691 γίνεται,
1951 621 2019 674 τά

436 716 491 769 δὲ
520 716 769 785 πάρεργα
806 713 1078 777 ἀναγκαῖα
1098 726 1111 740 ο
1170 711 1265 763 καὶ
1308 709 1408 779 τὴν
1441 707 1624 778 πηγὴν
1672 705 1782 759 τῶν
1826 704 2019 785 ¹κακῶν

436 782 686 868 ἀρέντές,
721 798 847 859 τοὺς
895 796 1104 867 ῥύακας
1157 794 1508 866 ἐκκαθαίρειν
1568 782 1846 861 ἐθέλομεν.
1894 790 2017 842 Ὀτι

438 890 544 953 γάρ
568 882 675 933 τῶν
714 882 770 933 ἐν
796 880 875 951 τῷ
902 878 1116 949 σώματι
1154 878 1340 933 κακῶν
1377 878 1410 949 ἠ
1452 875 1683 947 πονηρία
1716 877 1814 945 τῆς
1841 872 2019 943 ψυχῆς

438 968 605 1029 αἰτία,
639 966 735 1020 καὶ
760 967 787 1017 6
817 963 1255 1036 παραλελυμένος
1282 962 1577 1033 τριάκοντα
1607 961 1701 1013 καὶ
1719 959 1864 1012 ὀκτώ
1897 958 2016 1027 ἐτη,

437 1052 532 1105 καὶ
556 1053 585 1104 6
605 1050 693 1103 διά
715 1049 809 1102 τοῦ
838 1049 1062 1117 στέγους
1088 1046 1396 1119 χαλασθεὶς,
1426 1046 1520 1098 καὶ
1564 1044 1672 1114 πρὸ
1707 1042 1912 1096 τούτων
1961 1041 2019 1093 δὲ

436 1137 464 1188 6
500 1134 640 1189 Κάῖν
672 1133 908 1205 ἐδήλωσε
937 1149 951 1163 ο
985 1134 1080 1186 καὶ⁵
1119 1130 1446 1201 πολλαχόθεν
1471 1127 1528 1181 δὲ
1572 1126 1837 1197 ἑτέρωθεν
1860 1124 2020 1179 τοῦτο

436 1217 503 1272 ἄν
538 1234 622 1281 τις
644 1216 851 1269 κατίδοι
890 1216 956 1272 ³⁸.
996 1214 1301 1285 ’Δνέλωμεν
1342 1212 1520 1265 τοίνυν
1552 1210 1661 1263 τῶν
1704 1208 1891 1263 κακῶν
1918 1207 2018 1279 τὴν

438 1307 645 1378 πηγὴν,
678 1304 769 1357 καὶ
806 1304 983 1357 πάντα
1016 1290 1268 1374 στήσεται
1293 1300 1403 1354 τῶν
1430 1299 1753 1371 νοσημάτων
1784 1296 1854 1349 τά
1893 1295 2019 1369 ῥεύ-

439 1407 606 1460 ματα.
640 1389 716 1441 υύ
746 1387 855 1458 γάρ
886 1386 947 1439 τὸ
974 1384 1377 1457 παραλελύσθαι
1409 1383 1567 1453 μόνον
1598 1381 1830 1452 νόσημα,
1885 1378 2022 1432 ἀλλά

436 1474 529 1527 καὶ
558 1472 616 1526 τὸ
650 1470 984 1542 ἁμαρτάνειν
1005 1485 1018 1499 ·
1053 1468 1148 1522 καὶ
1184 1467 1343 1521 τοῦτο
1375 1465 1574 1536 μᾶλλον
1608 1465 1642 1536 ἢ
1678 1466 1875 1524 ἐκεῖνο.
1908 1464 2020 1534 ὅσῳ

435 1557 529 1611 καὶ
582 1555 729 1626 ψυχὴ
784 1552 1035 1625 σώματος
1082 1551 1340 1621 ἀμείνων.
1400 1548 1792 1621 Προσέλθωμεν
1839 1546 2018 1600 τοίνυν

434 1638 584 1711 αὐτῷ
614 1639 708 1694 καὶ
730 1636 847 1703 νῦν,
874 1636 1345 1707 παρακαλέσωμεν
1373 1634 1416 1665 ³⁷
1453 1634 1541 1686 ἵνα
1571 1633 1774 1704 σφίγξῃ
1800 1631 1897 1702 τήν
1917 1631 2020 1700 ψυ-

432 1724 534 1795 χὴν
558 1721 716 1796 ήμῶν
743 1718 1211 1793 παραλελυμένην,
1261 1718 1355 1771 καὶ
1404 1718 1473 1770 τά
1519 1717 1747 1787 βιωτικά
1787 1714 2019 1783 ἀφέντες

435 1810 614 1862 πάντα
649 1806 760 1859 τῶν
792 1806 838 1837 ³⁸
866 1802 1252 1874 πνευματικῶν
1303 1801 1461 1872 μόνον
1506 1797 1789 1869 ποιώμεθα
1837 1797 2016 1865 λόγον.

433 1893 498 1946 El
518 1892 575 1945 δὲ
602 1890 698 1946 καὶ
718 1890 919 1945 τούτων
940 1888 1160 1961 ἀντέχῃ,
1194 1888 1311 1957 μετ’
1337 1887 1518 1939 ἐκεῖνα
1548 1883 1724 1937 αὐτῶν
1745 1882 2015 1953 φρόντιζε.

434 1975 574 2048 Μηδ⁹
604 1975 649 2009 ³⁸
677 1976 759 2029 ὅτι
790 1975 890 2028 οὐκ
912 1973 1096 2041 ἀλγεῖς
1129 1970 1462 2041 ἁμαρτάνων
1500 1969 1847 2040 καταφρόνει,
1882 1967 2018 2022 ἀλλά

431 2061 502 2113 δι’
527 2059 658 2113 αὐτὸ
686 2059 786 2131 μὲν
818 2053 911 2113 οὖν
932 2056 1091 2110 τοῦτο
1128 2056 1361 2127 μάλιστα
1402 2052 1673 2121 στέναξον,
1705 2052 1892 2124 ἐπειδὴ
1919 2053 2019 2107 οὐκ

434 2141 667 2215 αἰσθάνῃ
697 2142 799 2212 τῆς
842 2140 1037 2211 ὀδύνης
1078 2139 1186 2194 τῶν
1236 2137 1744 2210 πλημμελημάτων.
1787 2137 1861 2190 Ού
1909 2136 2019 2207 γάρ

435 2227 586 2297 πο.ρὰ
624 2227 685 2279 τὸ
746 2224 822 2298 μὴ
858 2225 1075 2279 δάκνειν
1123 2223 1222 2295 τὴν
1260 2222 1537 2292 ἁμαρτίαν
1598 2219 1756 2274 τοῦτο
1787 2219 2016 2288 γίνεται,

433 2309 569 2364 ἀλλά
602 2309 755 2381 παρὰ
805 2309 867 2362 τὸ
911 2306 1237 2378 ἀναίσθητον
1279 2301 1418 2359 εἷναι
1454 2305 1553 2376 τὴν
1591 2302 2018 2374 πλημμελοῦσαν

432 2394 633 2463 ψυχήν.
679 2391 960 2462 Ἐννόησον
1000 2388 1131 2459 γοῦν
1166 2390 1292 2452 τοὺς
1340 2386 1762 2457 αἰσθανομένους
1789 2386 1897 2438 τῶν
1934 2386 2017 2438 οί-

434 2476 595 2529 κείων
622 2473 1058 2547 ἁμαρτημάτων,
1091 2473 1210 2537 πῶς
1233 2471 1341 2526 τῶν
1377 2470 1727 2542 τεμνομένων
1754 2468 1848 2523 καὶ
1864 2485 2017 2522 καιοο

437 2561 612 2631 μένων
632 2560 953 2633 πικρότερον
983 2558 1317 2623 όλολύζουσι,
1352 2556 1493 2609 πόσα
1520 2553 1838 2626 πράττουσι,
1875 2552 2017 2605 πόσα

434 2645 720 2715 πάσχουσι.
747 2645 890 2698 πόσα
906 2642 1161 2697 πενθοῦσι
1177 2642 1272 2696 καὶ
1299 2639 1597 2712 ὀδύρονται,
1611 2637 1751 2691 ὥστε
1771 2636 2016 2691 ἀπαλλα-

432 2732 593 2801 γῆναι
638 2726 731 2781 τοῦ
765 2729 1002 2799 πονηροῦ
1039 2726 1365 2789 συνειδότος·
1401 2726 1538 2795 ὅπερ
1578 2724 1679 2777 οὑκ
1724 2721 1791 2776 ἂν
1833 2722 2018 2793 ἐποίη-

432 2831 552 2882 σαν,
581 2814 631 2867 εἰ
666 2813 743 2884 μὴ
778 2812 982 2884 σφόδρα
1005 2810 1202 2883 ἤλγουν
1229 2808 1369 2865 κατὰ
1394 2807 1594 2879 ψυχήν.

501 2964 545 3018 δ’
553 3006 567 3019 .
595 2964 669 3018 Τδ
704 2963 802 3036 μὲν
824 2959 919 3018 οῦν
943 2963 1190 3036 ἄμεινον,
1223 2962 1286 3015 τὸ
1321 2961 1456 3034 μηδὲ
1493 2961 1628 3024 ὅλως
1650 2960 2013 3032 ἁμαρτάνειν·

432 3054 493 3106 τὸ
529 3051 586 3105 δὲ
624 3050 740 3122 μετ’
769 3051 983 3116 έκεῖνο,
1015 3048 1077 3103 τὸ
1102 3048 1519 3120 ἁμαρτάνοντας
1548 3046 1897 3100 αἰσθάνεσθαι
1923 3047 2017 3100 καὶ

430 3132 793 3207 διορθοῦσθαι.
827 3134 895 3186 EI
918 3132 975 3185 δέ
1009 3131 1085 3204 μὴ
1110 3130 1270 3185 τοῦτο
1298 3129 1536 3202 ἔχοιμεν,
1574 3128 1691 3193 πῶς
1710 3128 2017 3201 δεησόμεθα

430 3217 525 3272 τοῦ
547 3214 704 3283 θεοῦ,
737 3216 832 3271 καί⁵
854 3216 1047 3286 ἄφεσιν
1092 3212 1432 3285 αἰτησόμεθα
1480 3213 1915 3285 ἁμαρτημάτων,
1966 3215 2015 3266 οἰ

430 3300 636 3355 τούτων
670 3300 875 3373 μηδένα
914 3295 1228 3369 ποιούμενοι
1256 3296 1412 3366 λόγον
1437 3313 1453 3364 ;
1481 3298 1649 3350 Ὅταν
1672 3295 1781 3367 γάρ
1812 3297 1877 3350 σὺ
1918 3297 2018 3355 αὺ-

430 3386 522 3449 τδς
542 3388 572 3441 ὁ
596 3382 1078 3457 πεπλημμεληκὼς
1112 3382 1247 3455 μηδέ
1272 3381 1403 3435 αὐτὸ
1432 3381 1612 3448 τοῦτο,
1633 3382 1717 3435 ὅτι
1741 3382 2015 3452 ἥμαρτες,

431 3468 629 3523 εἰδέναι
665 3468 856 3540 ἐθέλῃς
881 3508 897 3533 ,
928 3467 1070 3537 ὺπέρ
1117 3466 1288 3519 ποίων
1332 3464 1739 3536 παρακαλέσεις
1761 3465 1852 3519 τὸν
1883 3463 2015 3517 Θεὸν

430 3551 954 3625 πλημμελημάτωνς
984 3550 1128 3621 ὑπὲρ
1155 3543 1230 3604 ὧν
1255 3550 1357 3603 οὐκ
1381 3545 1567 3615 οἷδαςς
1604 3550 1701 3603 καὶ
1744 3548 1862 3613 πῶς
1894 3548 2015 3621 εἴσῃ

431 3636 530 3706 τῆς
559 3633 879 3706 εὐεργεσίας
904 3633 966 3687 τὸ
991 3632 1219 3704 μέγεθος
1238 3648 1253 3698 ;
1273 3631 1407 3686 Είπέ
1424 3632 1602 3685 τοίνυν
1623 3648 1717 3684 σου
1740 3633 1809 3686 τά
1837 3631 2017 3701 πλημ-

436 3717 729 3790 μελήματα
784 3715 904 3772 κατ’
938 3711 1098 3781 εἶδος,
1156 3716 1244 3770 ἴνα
1273 3714 1454 3787 μάθῃς
1503 3713 1666 3768 τίνων
1722 3714 2018 3785 λαμϐάνεις

435 3800 803 3874 συγχώρησιν,
837 3800 903 3853 ἵν’
923 3797 1098 3862 οὕτως
1119 3796 1417 3870 εὐγνώμων
1444 3798 1576 3869 γένῃ
1598 3797 1726 3869 περὶ
1750 3797 1840 3851 τὸν
1865 3797 2018 3869 εὐερ-

433 3884 621 3954 γέτην.
655 3885 728 3939 Σὺ
756 3883 813 3937 δὲ
860 3882 1151 3957 ἄνθρωπον
1182 3883 1281 3954 μὲν
1330 3880 1669 3953 παροξύνων,
1705 3881 1801 3934 καὶ
1830 3880 2018 3949 φίλους

434 3969 528 4024 καὶ
558 3968 808 4038 γείτονας
840 3968 935 4022 καὶ
960 3966 1241 4039 θυρωροὺς
1265 3966 1618 4037 παρακαλεῖς,
1637 3965 1732 4019 καὶ
1758 3966 2017 4037 χρήματα

431 4052 698 4124 δαπανᾷς,
726 4050 822 4105 καὶ
847 4050 1051 4114 πολλάς
1082 4049 1394 4113 ἀναλίσκεις
1412 4050 1625 4121 ἡμέρας
1658 4047 1898 4122 προσιών
1922 4050 2017 4102 καὶ

431 4136 705 4207 δεόμενος,
733 4134 839 4189 κᾶν
870 4133 1040 4198 ἅπαξ,
1072 4133 1178 4188 κᾶν
1205 4133 1320 4200 δίς,
1356 4132 1459 4187 κᾶν
1494 4134 1756 4205 μυριάκις
1804 4148 1865 4185 σε
1897 4130 2015 4185 δια-

434 4218 732 4291 κρούσηται
766 4217 796 4270 6
830 4215 1187 4287 παροξυνθεὶς
1210 4254 1228 4280 ,
1259 4217 1362 4269 οὐκ
1394 4216 1754 4284 ἀναπίπτεις,
1787 4214 1901 4269 ἀλλ’
1930 4216 2017 4268 ἐν·

433 4300 666 4370 αγώνιος
695 4299 895 4371 μᾶλλον
923 4297 1231 4369 γενόμενος,
1254 4298 1472 4351 πλείονα
1502 4298 1600 4368 τὴν
1631 4299 1909 4369 ἱκετηρίαν
1937 4296 2016 4350 τί·

437 4384 534 4455 9ης
568 4383 613 4415 ⁸³
630 4399 646 4415 -
671 4382 765 4435 τοῦ
790 4381 849 4436 δὲ
872 4381 980 4436 τῶν
1011 4379 1163 4453 [185]
1203 4379 1339 4434 ὅλων
1364 4379 1500 4434 Θεοῦ
1553 4379 2012 4451 παροξυνομένου,

434 4464 794 4538 λασμώμεθα,
842 4465 937 4518 καὶ
988 4465 1389 4534 ἀναπίπτομεν,
1441 4464 1535 4517 καὶ
1564 4465 1877 4536 τρυφῶμεν,
1922 4464 2016 4518 καὶ

437 4547 730 4621 μεθύομεν,
768 4548 861 4602 καὶ⁵
884 4547 953 4601 τὰ
982 4547 1125 4603 κατά
1154 4546 1439 4618 συνήθειαν
1475 4547 1651 4602 πάντα
1679 4550 2012 4621 πράττομεν.

438 4635 545 4689 Καὶ
576 4634 707 4689 πότε
737 4632 900 4689 αὐτὸν
926 4631 1269 4703 δυνησόμεθα
1311 4632 1468 4686 ἵλεων
1516 4633 1772 4703 ποιῆσαι;
1810 4632 1926 4696 πῶς
1958 4632 2015 4685 δὲ

434 4721 535 4774 οὐκ
562 4718 711 4790 αὐτῷ
752 4717 926 4790 τούτῳ
976 4716 1238 4788 μειζόνως
1288 4715 1735 4788 παροξυνοῦμεν,
1772 4716 1877 4771 Τοῦ
1909 4716 2017 4788 γάρ

436 4804 770 4875 ἁμαρτάνειν
807 4802 868 4856 τὸ
917 4801 1054 4874 μηδὲ
1104 4802 1290 4870 ἀλγεῖν
1344 4802 1760 4874 ἁμαρτάνοντας
1815 4801 2015 4873 μᾶλλον

436 4889 764 4957 ἀγανακτεῖν
793 4886 955 4940 αὑτὸν
1007 4887 1153 4939 ποιεῖ
1177 4889 1271 4939 καὶ⁸
1298 4885 1632 4958 ὀργίζεσθαι.
1690 4885 1891 4958 Διόπερ
1935 4886 2016 4949 εἰς

437 4971 610 5041 αὐτὴν
647 4969 831 5023 λοιπὸν
857 4968 1003 5035 ἀξιον
1033 4967 1329 5023 καταδῦναι
1359 4969 1458 5043 τὴν
1482 4972 1607 5041 γῆν,
1637 4971 1731 5024 καὶ
1760 4969 1895 5041 μηδὲ
1925 4970 2017 5021 τὸν

435 5055 588 5125 ἥλιον
635 5055 767 5124 όρᾷν
804 5052 1011 5120 τοῦτον,
1049 5052 1183 5125 μηδὲ
1231 5054 1489 5109 ἀναπνεῖν
1518 5055 1676 5119 ὅλως,
1730 5055 1812 5108 ὅτι
1844 5053 2018 5117 οῦτως

437 5137 871 5193 εὐκατάλλακτον
924 5137 1197 5207 Δεσπότην
1235 5138 1470 5207 ἔχοντες,
1538 5137 1910 5210 παροξύνομέν
1958 5156 2017 5190 τε

437 5222 622 5288 αὐτὸν,
658 5222 752 5275 καὶ
784 5220 1173 5292 παροξύνοντες
1195 5223 1313 5275 οὐδὲ
1345 5222 1709 5293 μετανοοῦμεν
1734 5237 1747 5250 ·
1776 5221 2017 5288 καίτοιγε

438 5306 622 5370 αὐτὸς,
672 5303 793 5358 οὐδὲ
825 5304 953 5358 ὅταν
978 5302 1285 5375 όργίζηται,
1324 5303 1497 5375 μισῶν
1536 5305 1629 5358 καὶ
1682 5303 2020 5374 ἀποστρεφό-

443 5406 601 5459 μενος
629 5389 777 5461 ἡμᾶς
804 5388 961 5442 τοῦτο
990 5390 1151 5453 ποιεῖ,
1188 5388 1304 5442 ἀλλ’
1338 5389 1426 5441 ἵνα
1454 5386 1555 5441 κᾶν
1589 5388 1633 5419 ιι
1659 5386 1833 5453 οὕτως
1873 5390 2019 5459 ἡμᾶς

439 5474 811 5543 ἐπισπάσηται
843 5472 977 5544 πρὸς
1003 5472 1214 5525 ἑαυτόν.
1240 5471 1431 5543 Εἰγάρ
1460 5469 1815 5542 ύόριζόμενος
1845 5472 2020 5542 διηνε-

441 5558 551 5624 κῶς
584 5557 893 5629 εὐηργέτει,
937 5556 1138 5628 μάλλον
1194 5556 1261 5610 ἂν
1310 5555 1739 5627 κατεφρόνησας.
1792 5555 1889 5607 "Iv’
1926 5552 2018 5611 οὖν

499 5777 545 5808 ³⁸
590 5773 832 5846 κατίδοι]

1130 348 1187 404 S.
1228 342 1514 401 JOANNIS
1551 336 2046 397 CHRYSOSTOMI
2085 334 2410 391 ARCHIEP.
2455 329 3006 387 CONSTANTINOP.

3607 326 3712 383 2Ξὲ

2124 456 2198 523 μὴ
2228 451 2386 505 τοῦτο
2433 448 2679 519 γένηται,
2734 443 3140 514 ἀποστρέφεται
3198 439 3335 510 πρὸς
3387 437 3713 523 ὀλίγονηῖνα

2119 518 2410 595 διαπαντός
2462 548 2523 584 σε
2556 518 2657 602 ἔχῃ
2689 528 2808 600 μεθ’
2858 524 3076 581 ἑαυτοῦ.
3127 523 3505 594 Θαρῤήσωμεν
3532 518 3616 571 τοί
3630 537 3712 571 ιυν

2120 615 2284 671 αὑτοῦ
2306 619 2372 687 τῇ
2404 613 2805 685 φιλανθρωπία,
2848 611 2942 663 καὶ
2983 608 3270 680 μετάνοιαν
3311 602 3713 687 ἐπιδειξώμεθα

2124 685 2633 773 μεμεριμνημένην,
2664 697 2794 767 πρὶν
2825 695 2857 767 ἢ
2906 695 3004 766 τὴν
3034 692 3247 764 ἡμέραν
3277 689 3567 773 ἐπιστῆναι
3612 685 3710 773 τὴν

2121 770 2222 837 οὐκ
2247 770 2425 839 ἐῶσαν
2449 770 2596 855 ἡμᾶς
2623 780 2881 852 κερδᾶναι
2907 779 2973 832 ἐκ
2994 776 3209 831 τούτου.
3236 772 3350 827 Νῦν
3372 770 3470 843 μὲν
3491 770 3602 841 γάρ
3624 770 3708 855 ἐφ’

2120 871 2254 942 ἡμῖν
2284 870 2346 924 τὸ
2380 852 2728 923 πάννκεῖταν
2782 866 2907 919 τότε
2957 863 3014 916 δέ
3062 863 3091 915 6
3133 857 3370 923 δικάζων
3404 856 3566 942 μόνος
3607 852 3710 942 τῆς

2118 938 2301 1025 ψήφου
2358 951 2564 1022 γίνεται
2626 948 2832 1022 κύριος.
2912 942 3358 1025 Προφθὰσωμεν
3396 939 3583 1025 τοίνυν
3641 938 3708 990 τό

2119 1022 2443 1106 πρόσωπον
2495 1032 2682 1087 αὐτοῦ
2733 1030 2803 1085 ἐν
2850 1024 3309 1098 ἐξομολογήσει,
3359 1022 3707 1106 κλαύσωμεν,

2121 1102 2503 1191 θρηνήσωμεν.
2540 1117 2636 1169 Ἂν
2679 1114 2789 1185 γάρ
2833 1109 3151 1183 δυνηθῶμεν
3186 1105 3568 1191 παρακαλέσαι
3616 1102 3711 1191 τδν

2118 1188 2395 1275 δικαστὴν
2426 1201 2534 1273 πρὸ
2584 1199 2686 1270 τῆς
2719 1196 2917 1269 κυρίας
2946 1196 3167 1264 ἀφεῖναι
3190 1193 3325 1263 ἡμῖν
3352 1190 3423 1275 τά
3452 1188 3705 1275 ἁμαρτήξ

2123 1306 2288 1361 ματα,
2321 1269 2441 1341 οὐδὲ
2461 1269 2667 1339 εἰσόδου
2701 1281 2861 1354 χρεία
2888 1280 3075 1334 λοιπόν
3098 1292 3110 1307 ·
3144 1276 3335 1361 ῶσπερ
3363 1269 3457 1328 οὖν
3501 1274 3597 1361 ἐὰν
3630 1269 3710 1343 μὴ

2118 1355 2278 1425 τοῦτο
2332 1371 2579 1442 γένηται,
2637 1366 2875 1439 δημοσίᾳ
2922 1364 3023 1433 τῆς
3070 1359 3396 1430 οἰκουμένης
3425 1355 3709 1442 παρούσης

2121 1454 2278 1527 ήμῶν
2307 1438 2599 1510 ἀκούσεται
2626 1452 2671 1483 ⁸³
2695 1438 2722 1516 ,ί
2751 1450 2845 1504 καὶ
2897 1447 3121 1519 οὐδεμία
3173 1446 3302 1516 ήμῖν
3335 1443 3488 1496 ἔσται
3521 1438 3708 1527 λοιπὸν

2122 1523 2449 1610 συγγνώμης
2476 1536 2654 1599 ἐλπίς.
2680 1535 2869 1596 Οὐδεὶς
2897 1532 3006 1604 γάρ
3027 1530 3137 1585 τῶν
3165 1527 3401 1582 ἐνταῦθα
3430 1527 3505 1598 μὴ
3522 1523 3708 1579 διαλυ-

2122 1625 2373 1694 σαμένων
2406 1622 2451 1653 ⁸³
2473 1623 2541 1674 τά
2568 1621 2966 1691 ἁμαρτήματα,
2988 1615 3237 1672 ἀπελθὼν
3270 1616 3387 1667 ἐκεῖ
3417 1611 3708 1681 δυνήσεται

2117 1707 2217 1770 τὰς
2259 1706 2352 1759 ἐπὶ
2398 1704 2610 1768 τούτοις
2640 1701 2870 1767 εὐθύνας
2922 1701 3240 1771 διαφυγεῖν
3290 1697 3403 1751 ἀλλ’
3435 1695 3624 1765 ὥσπερ
3656 1695 3707 1745 οἰ

2119 1789 2229 1843 ἀπὸ
2272 1789 2380 1843 τῶν
2428 1788 2818 1859 δεσμωτηρίων
2874 1785 3077 1840 τούτων
3119 1782 3259 1856 μετά
3302 1782 3409 1835 τῶν
3462 1776 3707 1833 ἁλύσεων

2121 1873 2489 1944 προσάγονται
2540 1871 2621 1934 εἰς
2661 1870 2724 1924 τὸ
2755 1869 3123 1939 δικαστήριον,
3178 1865 3351 1929 οὕτως
3375 1865 3430 1917 αἰ
3463 1862 3510 1894 ⁸⁸
3536 1860 3708 1931 ψυχαὶ

2120 1957 2316 2020 πᾶσαι,
2341 1956 2469 2009 ὃταν
2495 1953 2744 2009 ἐντεῦθεν
2779 1953 3075 2017 ἀπέλθωσι,
3131 1951 3226 2015 τάς
3273 1947 3520 2009 ποικίλας
3551 1961 3708 2013 περι-

2121 2039 2363 2109 κείμενοι
2399 2038 2586 2109 σειράς
2644 2037 2754 2091 τῶν
2814 2037 3252 2108 ἁμαρτημάτων,
3305 2032 3398 2085 ἐπὶ
3444 2030 3505 2083 τὸ
3553 2027 3710 2099 βῆμα

2119 2124 2344 2191 ἁγονται
2396 2123 2459 2177 τὸ
2514 2122 2765 2195 φοδερόν.
2816 2123 2927 2175 Καὶ
2981 2120 3087 2191 γάρ
3128 2114 3502 2189 δεσμωτηρίου
3554 2112 3707 2166 οὐδὲν

2120 2207 2341 2277 ἄμεινον
2370 2207 2399 2259 6
2430 2206 2619 2277 παρὼν
2656 2205 2769 2277 βίος
2799 2205 3108 2259 διάκειται·
3148 2202 3261 2255 ἀλλ’
3295 2200 3485 2269 ὥσπερ
3525 2199 3606 2263 εἰς
3643 2196 3709 2248 :6

2119 2291 2327 2361 οἴκημα
2375 2290 2706 2354 εἰσελθόντες
2738 2291 2935 2352 ἐκεῖνο,
2980 2288 3185 2349 πάντας
3228 2283 3443 2357 ὁρῶμεν
3486 2281 3708 2344 ἁλύσεις

2120 2374 2556 2445 περικειμένους
2582 2372 2724 2426 οὕτω
2765 2372 2860 2426 καὶ
2906 2371 3018 2435 νῦν,
3053 2369 3119 2424 ἂν
3146 2369 3243 2439 τῆς
3270 2365 3566 2437 φαντασίας
3603 2363 3707 2433 τῆς

2119 2456 2317 2521 ἔξωθεν
2362 2458 2587 2519 ἑαυτοὺς
2624 2458 3052 2526 ἀποστήσαντες,
3102 2455 3182 2516 εἰς
3212 2452 3299 2505 τὸν
3328 2451 3558 2505 ἑκάστου
3592 2448 3719 2516 βίον·

2119 2540 2470 2610 εἰσέλθωμεν,
2493 2542 2572 2604 είς
2595 2541 2695 2611 τὴν
2726 2541 2961 2593 ἑκάστου
2986 2536 3186 2608 ψυχὴν,
3216 2533 3459 2605 ὀψόμεθα
3482 2532 3709 2604 σιδήρου

2120 2625 2399 2695 χαλεπώτε
2411 2642 2479 2696 ρα
2507 2624 2683 2695 δεσμά
2707 2623 3098 2696 περικειμένην
3118 2638 3131 2651 ·
3161 2621 3255 2675 καὶ
3279 2618 3513 2690 μάλιστα
3536 2616 3602 2671 ἂν
3623 2618 3707 2679 εἰς

2119 2709 2218 2772 τάς
2241 2710 2351 2763 τῶν
2388 2710 2762 2763 πλουτούντων
2818 2707 3064 2778 εἰσέλθῃς
3105 2704 3282 2775 ψυχάς
3303 2720 3317 2734 ο
3352 2703 3462 2774 ὅσῳ
3494 2700 3604 2773 γάρ
3636 2700 3707 2753 ἀν

2122 2793 2340 2848 πλείονα
2388 2788 2490 2848 ὦσι
2542 2792 3018 2864 περιϐεϐλημένοι,
3071 2788 3310 2860 τοσούτῳ
3349 2786 3546 2859 μᾶλλόν
3594 2786 3709 2837 εἰσι

2119 2876 2415 2947 δεδεμένοι.
2451 2878 2660 2947 ’Ὠσπερ
2683 2872 2775 2929 οὖν
2802 2875 2894 2928 τὸν
2909 2872 3193 2944 δεσμώτην
3220 2870 3441 2926 ἐπειδάν
3469 2870 3586 2943 ἴδῃς
3609 2868 3709 2921 καὶ

2120 2962 2213 3015 ἐπὶ
2253 2960 2348 3013 τοῦ
2378 2959 2550 3014 νώτου
2578 2960 2646 3023 ⁸⁸,
2685 2960 2780 3014 καὶ
2811 2960 2905 3012 ἐπὶ
2929 2960 3038 3012 τῶν
3076 2959 3297 3031 χειρῶν,
3340 2955 3599 3017 πολλάκις
3643 2952 3707 3006 δέ

2119 3046 2213 3098 καὶ
2233 3044 2327 3097 ἐπὶ
2354 3043 2463 3097 τῶν
2493 3043 2669 3096 ποδῶν
2695 3042 3147 3114 σεσιδηρωμένον,
3170 3042 3259 3095 διὰ
3285 3038 3445 3094 τοῦτο
3467 3037 3709 3108 μάλιστα

2117 3128 2459 3194 ταλανίξειςο
2493 3127 2637 3182 οὕτω
2672 3130 2766 3183 καὶ
2796 3128 2889 3181 τὸν
2922 3126 3198 3191 πλούσιον,
3235 3127 3363 3182 ὅταν
3395 3124 3564 3195 θεάσῃ
3604 3139 3710 3193 μυ-

2121 3214 2213 3285 ρία
2239 3211 2705 3284 περιϐεϐλημένον
2740 3212 3041 3283 πράγματα
3063 3250 3078 3275 ,
3117 3209 3192 3281 μή
3221 3209 3311 3263 διά
3333 3208 3505 3262 ταῦτα
3535 3205 3709 3260 πλού-

2122 3314 2257 3361 σιον,
2287 3296 2424 3350 ἀλλά
2442 3295 2508 3349 δι’
2530 3296 2667 3349 αύτά
2695 3295 2793 3367 μὲν
2813 3292 2906 3349 οὖν
2927 3294 3102 3349 ταῦτα
3120 3294 3304 3348 ἄθλιον
3323 3287 3465 3346 εἶναι
3490 3291 3706 3361 νόμιζεο

2121 3360 2261 3453 μετά
2291 3380 2400 3452 γάρ
2426 3380 2536 3433 τῶν
2568 3360 2784 3450 δεσμῶν
2815 3378 3019 3431 τούτων
3046 3379 3140 3432 καὶ
3167 3360 3563 3448 δεσμοφύλακα
3589 3374 3707 3445 ἔχει
3779 3360 3796 3383 ’

2118 3465 2372 3539 χαλεπὸν,
2396 3465 2487 3519 τὸν
2522 3463 2759 3535 πονηρὸν
2792 3463 2969 3535 ἔρωτα
3000 3463 3109 3516 τῶν
3133 3463 3432 3534 χρημάτων
3452 3479 3466 3492 °
3512 3460 3567 3523 ὃς
3603 3461 3708 3513 οὐκ

2118 3551 2343 3620 ἀφίησιν
2361 3548 2660 3621 ὑπερϐῆναι
2676 3547 2834 3601 τοῦτο
2855 3548 2913 3600 τὸ
2927 3548 3316 3619 δεσμωτήριον,
3342 3545 3478 3599 ἀλλά
3500 3544 3705 3616 μυρίας

2118 3633 2268 3704 αὑτῷ
2307 3632 2703 3697 κατασκευάζει
2758 3631 2925 3694 πέδας
2971 3631 3067 3685 καὶ
3109 3630 3357 3700 φύλακας
3404 3630 3497 3685 καὶ
3532 3630 3710 3702 θύρας

2118 3718 2212 3773 καὶ
2246 3716 2495 3789 μοχλοὺς,
2533 3717 2628 3771 καὶ
2653 3718 2731 3780 εἰς
2776 3716 2874 3788 τὴν
2912 3714 3197 3785 ἐνδοτέραν
3238 3715 3401 3769 αὑτὸν
3445 3714 3706 3786 ἐμϐαλών

2119 3803 2387 3874 φυλακὴν,
2416 3800 2592 3855 πείθει
2614 3802 2708 3855 καὶ
2735 3799 2961 3871 ἥδεσθαι
2988 3802 3102 3864 τοῖς
3122 3799 3341 3870 δεσμοῖς
3361 3798 3593 3863 τούτοις,
3617 3799 3707 3852 ἵνα

2120 3886 2255 3959 μηδὲ
2278 3885 2469 3939 ἐλπίδα
2502 3882 2653 3958 [184]
2686 3883 2807 3937 τινά
2839 3883 3162 3954 ἀπαλλαγῆς
3190 3882 3325 3953 εὕρῃ
3357 3882 3467 3935 τῶν
3489 3884 3707 3935 ἐπικει-

2121 3972 2297 4042 μένων
2330 3966 2538 4025 κακῶν.
2563 3967 2685 4021 Κᾶν
2719 3966 3076 4039 ἀποκαλύψῃς
3097 3965 3175 4037 τῷ
3204 3965 3452 4038 λογισμῷ
3479 3967 3578 4036 τὴν
3605 3968 3710 4036 ψυ-

2118 4054 2219 4125 χὴν
2240 4052 2471 4116 ἐκείνου,
2500 4050 2561 4103 οὐ
2587 4048 2879 4121 δεδεμένην
2897 4050 3082 4121 μόνον,
3110 4048 3246 4103 ἀλλά
3277 4051 3370 4103 καὶ
3398 4049 3706 4119 αὐχμῶσαν

2117 4139 2212 4192 καὶ
2244 4137 2505 4209 ρυπῶσαν
2541 4136 2637 4189 καὶ
2663 4133 2902 4206 φθειρῶν
2929 4134 3203 4206 γέμουσαν
3228 4133 3371 4203 ὄψει.
3398 4134 3565 4187 Οὐδὲν
3592 4134 3706 4204 γὰρ

2118 4221 2341 4275 ἐκείνων
2394 4218 2649 4291 ἀμείνους
2700 4218 2758 4272 αί
2800 4218 2901 4287 τῆς
2947 4219 3158 4290 τρυφῆς
3202 4216 3409 4288 ἡδοναὶ,
3437 4216 3573 4270 ἀλλά
3603 4217 3704 4268 καὶ

2121 4302 2421 4375 βδελυρώτε
2431 4318 2542 4373 ραι,
2557 4302 2653 4355 καὶ
2680 4301 2881 4373 μᾶλλον
2899 4302 2960 4354 τὸ
2979 4301 3137 4371 σῶμα
3159 4299 3338 4354 αὐτῶν
3356 4298 3401 4331 ⁸⁸
3420 4298 3483 4351 λυ
3490 4298 3707 4369 μαίνον-

2116 4402 2205 4440 ται
2243 4385 2382 4456 μετά
2415 4386 2513 4438 καὶ
2533 4387 2633 4456 τῆς
2656 4383 2857 4455 ψυχῆς,
2894 4387 2989 4439 καὶ
3021 4384 3195 4456 τούτῳ
3232 4383 3461 4455 κάκείνῃ
3497 4382 3701 4454 μυρίας

2116 4470 2439 4540 ἐπιφέρουσι
2463 4468 2506 4500 ⁸⁷
2526 4469 2851 4540 νοσημάτων
2870 4469 3104 4539 πληγάς.
3126 4470 3223 4522 Διά
3240 4466 3303 4539 δὴ
3326 4465 3500 4522 ταῦτα
3525 4469 3703 4521 πάντα

2116 4553 2207 4606 τὸν
2241 4553 2536 4623 Λυτρωτὴν
2563 4551 2670 4606 τῶν
2702 4552 2889 4623 ψυχῶν
2915 4553 3023 4606 τῶν
3059 4555 3342 4626 ἡμετέρων
3384 4552 3705 4623 παρακαλέ-

2120 4653 2325 4707 σωμεν,
2356 4635 2441 4688 ἶνα
2469 4636 2562 4690 καὶ
2582 4636 2651 4689 τὰ
2681 4636 2856 4707 δεσμά
2891 4637 3176 4711 διαρῤήξῃ,
3212 4637 3305 4690 καὶ
3340 4637 3433 4690 τὸν
3465 4636 3703 4708 χαλεπὸν

2118 4719 2275 4791 ήμῶν
2303 4719 2492 4773 τοῦτον
2529 4720 2814 4792 ἀποστήσῃ
2845 4721 3079 4791 φύλακα,
3108 4720 3317 4775 καὶτοῦ
3341 4723 3562 4793 φορτίου
3589 4721 3703 4776 τῶν

2123 4803 2357 4874 σιδηρῶν
2386 4804 2611 4857 ἐκείνων
2648 4804 2889 4858 ἁλύσεων
2907 4805 3241 4872 ἀπαλλάξας,
3272 4805 3472 4877 πτεροῦ
3499 4806 3701 4875 κουφό-

2120 4903 2276 4959 τερον
2306 4888 2436 4957 ἡμῖν
2463 4888 2665 4959 ποιήσῃ
2679 4887 2739 4940 τὸ
2754 4890 3027 4960 φρόνημα.
3051 4889 3503 4960 Παρακαλοῦντες
3526 4890 3582 4944 δὲ
3609 4891 3700 4943 αύ-

2118 4972 2230 5035 τὺν,
2259 4971 2354 5023 καὶ
2382 4970 2452 5023 τά
2478 4973 2610 5043 παρ’
2632 4972 2841 5025 ἑαυτῶν
2875 4974 3300 5043 εἰσενέγκωμεν,
3344 4972 3577 5044 σπουδήν
3606 4977 3705 5029 καὶ

2119 5054 2342 5126 γνώμην
2372 5055 2468 5108 καὶ
2514 5054 2825 5125 προθυμίαν
2877 5056 3112 5127 ἀγαθήν.
3142 5057 3297 5110 Οὕτω
3329 5057 3436 5128 γάρ
3480 5057 3706 5126 δυνησό-

2123 5139 2262 5207 μεθα
2306 5139 2400 5190 καὶ
2434 5140 2491 5191 ἐν
2522 5137 2716 5209 βραχεί
2769 5137 2947 5212 καιρῷ
3000 5139 3110 5192 τῶν
3167 5141 3506 5210 κατεχόντων
3556 5142 3705 5211 ἡμᾶς

2119 5220 2499 5292 ἀπαλλαγῆναι
2538 5223 2745 5286 κακῶν,
2782 5222 2877 5274 καὶ
2910 5222 3100 5291 μαθεῖν
3125 5225 3181 5276 ἐν
3209 5221 3290 5285 οἷς
3314 5220 3455 5293 ἦμεν
3485 5223 3544 5275 τὸ
3567 5226 3707 5294 πρός

2119 5322 2298 5376 τερον,
2318 5305 2524 5373 καὶτῆς
2552 5305 2937 5376 προσηκούσης
2961 5305 3342 5359 ἀντιλαϐέσθαι
3368 5307 3705 5378 ἐλευθερίας·

2119 5384 2188 5459 ἧς
2215 5389 2424 5457 γένοιτο
2449 5388 2653 5452 πάντας
2683 5390 2829 5459 ἡμᾶς
2857 5391 3155 5460 ἐπιτυχεῖν,
3179 5391 3361 5462 χάριτι
3390 5393 3485 5445 καὶ
3518 5392 3705 5460 φιλαν-

2122 5471 2338 5543 θρωπίᾳ
2370 5470 2464 5524 τοῦ
2501 5470 2706 5541 Κυρίου
2729 5470 2884 5541 ήμῶν
2925 5474 3100 5543 Ἰησοῦ
3134 5475 3393 5545 Χριστοῦ,
3429 5471 3473 5543 ᾧ
3510 5480 3544 5545 ή
3579 5475 3706 5541 δίοξα

2122 5558 2216 5609 καὶ
2239 5555 2299 5608 τὸ
2339 5556 2537 5627 κράτος
2564 5557 2645 5618 εἰς
2671 5557 2796 5619 τοὺς
2824 5556 3024 5619 αἰῶνας
3048 5557 3157 5609 τῶν
3185 5559 3418 5612 αἰώνων.
3478 5560 3671 5627 Ἀμήν.

872 5773 993 5846 ἴδοι,
1023 5774 1157 5830 Edd.
1191 5773 1353 5846 "3:03:
1387 5772 2017 5846 παρακαλέσωμενῡηΕ

2119 5789 2193 5846 βε
2256 5772 2301 5846 ³]
2329 5770 2462 5846 τῶν]
2488 5771 2630 5846 ύπὲρ
2672 5773 2783 5846 τῶν
2814 5771 2874 5846 D_.
2912 5772 2972 5846 Ε,
3011 5772 3070 5846 F3
3152 5773 3195 5846 ³Ϋ
3229 5773 3392 5846 NII-‘5‘]
3430 5774 3519 5842 Μή
3551 5774 3613 5825 Δ.
3639 5773 3701 5829 Β.

441 5848 483 5879 ⁸⁸³
521 5847 685 5907 τιθεῖς
820 5842 888 5897 Ἰ).
920 5844 1087 5916 τιθείς
1134 5848 1200 5897 Α.
1240 5844 1305 5901 l“.
1382 5846 1423 5916 δέ
1457 5842 1581 5916 κᾶν]
1622 5846 1715 5897 καί
1745 5842 1811 5899 Ᾱ.
1862 5843 1920 5916 Β,
1947 5845 2027 5916 C.»
2086 5844 2130 5916 δέ
2169 5842 2341 5916 ήμῶν
2369 5842 2687 5916 ἀκούσεται]
2724 5844 2816 5916 δίε
2947 5842 3547 5916 ήμῶνᾮείσαχθήσεται,
3580 5846 3700 5916 sine

439 5923 667 6001 ᾔκαστος
699 5915 762 5967 C.
782 5985 793 6001 ν
840 5916 886 5946 ⁸³
902 5916 1008 6001 Si‘u‘
1030 5915 1090 5970 F.
1132 5916 1293 5999 vplgo
1318 5912 1728 6001 διΞλυ.σάμενος.
1766 5916 1807 5947 ⁸³
1836 5915 1919 5988 αἱ]
1949 5914 2040 5969 καὶ
2074 5914 2131 5968 αἰ
2165 5912 2227 5970 Ε.
2300 5913 2343 5945 ⁸⁵
2374 5912 2567 5985 νώτου]
2591 5912 2855 5986 τραχήλου
2876 5913 2934 5968 Ε.
2971 5912 3066 5970 Ge.
3098 5915 3220 5970 δαν.
3265 5912 3328 5946 ’⁸⁸
3349 5912 3551 5985 αὐτῶν]
3572 5915 3710 5968 αὑτό

446 5990 508 6045 ί”.
561 5987 606 6016 ⁵⁷
635 5983 976 6057 ἐπιφέρουσι]
995 5983 1345 6057 ἐπεισάγουσι
1369 5985 1431 6041 D.
1465 5985 1525 6040 Ε.
1553 5984 1613 6040 F.
