4052 6476
325 456 418 515 ρει
1468 459 1534 515 ΙΝ
1571 456 1910 515 ΜΑΤΤΗᾹΞΙ

2018 457 2243 517 HOMIL.
2288 462 2427 519 XIV.

329 577 451 633 alibi
476 575 654 648 quivis
679 574 783 632 hoc
815 576 985 647 ipsum
1018 573 1213 631 videat.
1243 573 1515 629 Tollamus
1548 574 1725 644 itaque
1753 570 1921 627 malo-

326 681 445 722 rum
477 666 703 733 fontem,
726 676 784 725 et
803 667 1108 723 morborum
1136 665 1334 722 ﬂuenta
1359 667 1539 722 statim
1558 664 1918 721 siccabuntur.

326 761 442 817 Non
474 761 738 834 paralysis
762 761 933 817 solum
962 762 1158 815 malum
1180 768 1281 827 est,
1307 758 1401 816 sed
1426 760 1586 815 etiam
1610 768 1917 829 peccatum;

328 852 435 907 imo
460 851 567 910 hoc
592 853 768 924 majus
790 869 950 925 quam
983 852 1133 919 illud,
1159 862 1359 924 quanto
1383 851 1586 907 scilicet
1609 850 1785 905 anima
1808 863 1923 905 me.

325 944 422 999 lior
449 953 535 1002 est
560 959 803 1016 corpore.
848 945 1181 1001 Accedamus
1206 943 1366 1016 igitur
1386 952 1441 1000 et
1468 958 1608 998 nunc
1627 942 1693 997 ad
1721 942 1916 1011 ipsum,

328 1052 582 1108 rogemus
610 1049 669 1093 ut
695 1039 985 1094 resolutam
1024 1038 1256 1093 animam
1288 1046 1523 1092 nostram
1553 1035 1916 1105 constringat,

326 1139 380 1182 et
409 1128 759 1185 smcularibus
793 1130 971 1184 missis
999 1130 1247 1183 omnibus
1270 1169 1285 1194 ,
1319 1127 1675 1198 spiritualium
1714 1135 1917 1181 tantum

330 1220 597 1275 rationem
630 1219 940 1276 habeamus.
968 1220 1025 1276 Si
1053 1236 1178 1276 vero
1206 1220 1321 1275 haec
1345 1218 1623 1283 obtinens,
1651 1218 1738 1272 illa
1767 1232 1921 1273 cures

332 1322 535 1380 postea.
568 1311 678 1368 Nec
705 1315 828 1385 quia
860 1313 913 1368 in
944 1313 1216 1385 peccando
1246 1329 1349 1368 non
1377 1313 1550 1378 doles,
1583 1312 1704 1367 ideo
1732 1323 1919 1367 conte-

330 1420 507 1471 mnas,
538 1405 634 1461 sed
662 1416 939 1476 propterea
968 1407 1201 1463 maxime
1226 1407 1533 1477 ingemisce,
1561 1407 1686 1476 quia
1712 1406 1917 1461 nullum

332 1494 499 1551 habes
533 1495 601 1552 de
646 1498 877 1567 peccatis
911 1496 1175 1554 dolorem.
1206 1498 1337 1553 lllud
1377 1514 1504 1554 vero
1543 1499 1667 1554 inde
1705 1499 1915 1563 evenit,

330 1601 435 1641 non
465 1586 608 1656 quod
642 1596 917 1658 peccatum
958 1604 1063 1644 non
1103 1589 1376 1655 mordeat,
1416 1590 1510 1645 sed
1553 1590 1693 1660 quod
1740 1589 1917 1644 anima

332 1676 622 1734 sceleribus
650 1689 860 1736 assueta
915 1696 1132 1736 sensum
1178 1696 1284 1736 non
1321 1680 1533 1738 habent.
1565 1681 1747 1751 Cogita
1789 1696 1918 1751 ergo

332 1768 451 1823 illos
477 1769 569 1840 qui
599 1770 809 1840 propria
836 1781 1051 1841 peccata
1085 1773 1338 1839 sentiunt,
1371 1772 1639 1843 quomodo
1671 1771 1917 1827 acerbius

328 1859 533 1927 ejulent
556 1877 715 1931 quam
744 1863 780 1917 ii
806 1863 897 1934 qui
935 1873 1187 1920 secantur
1211 1864 1295 1919 vel
1323 1872 1581 1930 uruntur,
1612 1872 1918 1934 quantaque

330 1950 614 2018 patiantur,
646 1962 902 2024 quantum
929 1955 1145 2024 lugeant
1169 1964 1222 2010 et
1249 1956 1618 2025 ingemiscant,
1643 1966 1749 2010 uta
1777 1957 1913 2009 mala

329 2043 656 2099 conscientia
682 2045 996 2114 liberentur,
1023 2045 1165 2117 quod
1193 2062 1481 2117 numquam
1508 2045 1779 2114 facerent,
1814 2047 1915 2102 nisi

328 2134 507 2189 animo
530 2135 817 2192 admodum
847 2137 1109 2195 dolerent.

397 2226 453 2281 4.
478 2225 696 2282 Peccuta
710 2231 893 2284 sentire
917 2240 964 2284 et
990 2232 1242 2301 corrigere
1259 2249 1455 2288 necesse
1479 2242 1570 2287 est.
1593 2231 1715 2286 Non
1740 2234 1913 2287 dolere

327 2318 391 2371 de
415 2330 617 2388 peccato
638 2324 800 2393 magis
826 2324 994 2378 irritat
1018 2323 1207 2391 Deum,
1241 2342 1395 2395 quam
1425 2326 1592 2395 ipsum
1625 2336 1909 2395 peccatum.

329 2412 524 2466 Anima:
548 2415 839 2483 peccatricis
866 2415 1179 2485 deformitas.
1232 2447 1302 2459 --
1330 2417 1526 2489 Utique
1554 2418 1744 2473 melius
1772 2429 1916 2475 esset

327 2520 615 2575 numquam
643 2521 896 2576 peccare;
921 2509 1061 2579 quod
1083 2511 1324 2580 sequitur
1352 2520 1529 2566 autem
1559 2521 1661 2576 est,
1695 2523 1913 2582 peccata

325 2597 525 2651 sentire
546 2606 600 2652 et
629 2599 917 2669 corrigere.
952 2598 1006 2655 Si
1050 2616 1178 2657 vero
1223 2602 1275 2656 id
1309 2618 1413 2656 non
1444 2602 1734 2657 habeamus
1757 2644 1770 2667 ,
1803 2617 1912 2673 quo

326 2698 481 2755 pacto
504 2689 614 2745 Deo
640 2693 1062 2764 supplicabimus
1087 2705 1143 2750 et
1172 2705 1510 2764 peccatorum
1538 2698 1909 2753 remissionem

325 2778 730 2848 postulabimus,
761 2784 847 2853 qui
871 2783 1060 2839 horum
1093 2785 1292 2840 nullam
1325 2788 1584 2843 rationem
1610 2788 1867 2845 habemus
1886 2790 1913 2844 ἲ

313 2868 459 2940 βυηι
486 2871 626 2927 enim
657 2881 710 2928 tu
738 2875 853 2944 ipse
890 2877 978 2945 qui
1020 2879 1279 2947 peccasti,
1312 2893 1381 2934 ne
1427 2879 1654 2949 idipsum
1694 2881 1911 2950 quidem

321 2960 464 3029 quod
494 2964 796 3031 peccaveris
812 2967 952 3022 scire
972 2968 1121 3036 velis,
1145 2984 1243 3039 pro
1266 2969 1459 3041 quibus
1482 2972 1712 3040 peccatis
1744 2972 1909 3029 Deum

321 3050 535 3119 rogabis
554 3093 570 3118 ,
604 3069 722 3124 quae
768 3071 836 3112 ne
861 3057 1077 3127 quidem
1109 3060 1290 3114 nosti?
1319 3070 1372 3117 et
1395 3062 1665 3132 quomodo
1692 3065 1910 3120 noveris

324 3142 571 3202 beneﬁcii
601 3148 1068 3218 magnitudinem?
1098 3152 1190 3208 Dic
1218 3154 1395 3225 itaque
1425 3166 1641 3224 peccata
1672 3165 1759 3212 tua
1789 3173 1907 3228 spc-

318 3235 502 3291 eiatim
527 3280 542 3306 ,
591 3248 646 3295 ut
685 3240 860 3298 discas
889 3258 1239 3314 quorumnam
1269 3248 1643 3304 remissiOnem
1674 3250 1873 3321 accipis
1892 3291 1906 3315 ,

326 3340 388 3381 ut
413 3327 486 3382 ita
509 3344 633 3400 erga
656 3331 954 3389 beneﬁcum
989 3344 1174 3406 gratus
1203 3337 1299 3392 sis.
1322 3337 1401 3392 Tu
1429 3354 1558 3394 vero
1585 3354 1706 3395 cum
1742 3342 1911 3397 homi-

325 3432 454 3473 nem
475 3419 765 3479 oﬂ‘enderis
782 3464 800 3490 ,
828 3425 1033 3482 amicos
1050 3467 1066 3493 ,
1099 3426 1305 3484 vicinos
1332 3437 1388 3484 et
1414 3430 1667 3487 ostiarios
1713 3448 1871 3504 rogas
1890 3476 1905 3500 ,

318 3513 577 3578 pecunias
615 3516 896 3585 expendis,
924 3519 1228 3589 multosque
1255 3520 1370 3575 dies
1399 3521 1623 3578 insumis
1668 3525 1719 3578 in
1750 3540 1909 3582 acce-

316 3600 498 3657 dendo
522 3612 577 3660 et
600 3608 971 3677 supplicando,
999 3611 1208 3666 etiamsi
1235 3613 1421 3677 semel,
1455 3613 1556 3682 bis,
1583 3617 1910 3673 sexcenties-

316 3709 425 3763 que
454 3694 521 3749 ab
557 3695 763 3752 oﬂ'enso
806 3700 1073 3770 repulsam
1105 3702 1287 3757 tuleris
1309 3745 1325 3768 ,
1350 3719 1456 3758 non
1491 3707 1730 3762 concidis
1751 3749 1765 3775 ,
1812 3709 1908 3763 scd

316 3784 491 3856 magis
530 3788 828 3857 sollicitus,
858 3793 1271 3862 supplicationes
1299 3795 1532 3866 adaugcs
1565 3816 1578 3852 :
1611 3814 1732 3854 cum
1779 3814 1909 3856 vero

318 3876 688 3934 universorum
710 3881 848 3937 Deus
864 3883 1099 3940 oﬁ‘ensus
1118 3895 1222 3954 est,
1244 3887 1551 3954 oscitamus,
1569 3892 1905 3963 negligimus,

315 3965 654 4036 deliciamur,
680 3972 1023 4043 inebriamur,
1052 3988 1106 4034 et
1136 3995 1234 4048 pro
1262 3980 1420 4035 solito
1445 3996 1594 4038 more
1618 3985 1794 4039 omnia
1828 3984 1905 4040 fa-

317 4058 494 4115 cimus
520 4081 534 4114 :
563 4070 617 4117 et
635 4064 973 4132 quandonam
996 4067 1144 4122 illum
1171 4069 1385 4139 placare
1412 4074 1707 4141 poterimus
1726 4075 1751 4128 7
1770 4092 1907 4145 quo-

317 4150 482 4206 modo
502 4168 608 4208 non
631 4169 698 4210 eo
724 4158 840 4226 ipso
860 4157 1021 4215 modo
1042 4161 1209 4230 magis
1239 4161 1506 4218 irritemus
1531 4165 1556 4218 ἳ
1582 4164 1698 4220 Νοη
1724 4167 1909 4223 dolere

316 4244 465 4298 enim
491 4246 561 4303 de
582 4260 801 4318 peccato
841 4254 1009 4324 magis
1033 4255 1101 4310 ad
1131 4256 1546 4327 indignationem
1574 4269 1629 4314 et
1657 4260 1790 4315 iram
1824 4262 1906 4332 ip-

314 4350 439 4388 sum
464 4349 745 4408 provocat,
773 4357 929 4413 quam
963 4344 1133 4414 ipsum
1163 4354 1461 4415 peccatum.
1490 4348 1825 4420 Quapmpter
1854 4354 1905 4407 in

315 4425 491 4495 ipsam
533 4438 728 4484 terram
772 4447 895 4489 sese
923 4433 1213 4492 detrudere
1258 4446 1552 4507 oporteret,
1600 4455 1701 4496 nec
1737 4444 1906 4499 solem

312 4516 579 4589 aspicere,
608 4521 694 4577 vel
713 4524 1224 4596 respirare,quando
1252 4536 1357 4581 tam
1388 4529 1701 4598 placabilem
1727 4533 1907 4588 Domi-

314 4623 448 4663 num
478 4609 755 4679 habentes,
784 4614 936 4671 illum
958 4615 1251 4684 irritamus,
1275 4626 1330 4674 et
1355 4619 1626 4675 irritantes
1648 4638 1753 4677 non
1784 4640 1904 4695 poe-

314 4702 601 4761 nitentiam
625 4706 833 4777 agimus
862 4725 876 4763 :
909 4707 1120 4765 etiamsi
1143 4710 1232 4766 ille
1259 4726 1433 4783 neque
1456 4727 1578 4767 cum
1606 4713 1772 4770 iratus
1801 4727 1901 4783 est,

313 4810 419 4850 nos
440 4795 564 4850 odio
590 4794 782 4853 habeat
811 4798 895 4854 vel
937 4810 1236 4868 aversetur,
1266 4802 1361 4857 sed
1391 4803 1557 4858 iratus
1594 4804 1695 4871 sit,
1723 4814 1783 4859 ut
1809 4822 1907 4862 nos

308 4885 397 4942 vel
422 4885 498 4942 sic
526 4887 593 4943 ad
616 4902 674 4941 se
696 4889 990 4958 pertrahat.
1007 4890 1140 4946 Nam
1160 4893 1206 4948 si
1230 4893 1314 4948 vel
1340 4896 1660 4951 contumelia
1687 4897 1908 4954 aﬂ'ectus

310 4986 579 5047 perpetuo
602 4978 858 5037 beneﬁcia
898 4982 1194 5050 conferret,
1233 4984 1407 5055 ipsum
1437 4989 1605 5057 magis
1651 4987 1905 5058 despice-

313 5083 426 5124 rcs.
453 5068 530 5126 Ne
553 5077 734 5127 autem
763 5071 818 5127 id
859 5075 1089 5142 eveniat,
1120 5073 1186 5131 ad
1229 5084 1437 5148 tempus
1466 5079 1662 5134 avertit
1682 5078 1904 5149 faciem,

309 5171 374 5217 ut
397 5171 450 5220 te
499 5178 714 5235 semper
756 5178 937 5221 secum
983 5166 1194 5223 habeat.
1224 5169 1353 5239 Ejus
1382 5170 1559 5247 itaque
1589 5171 1905 5242 benignitati

310 5253 564 5326 ﬁdamus,
592 5264 649 5312 et
685 5256 1049 5325 pmoitentiam
1077 5259 1304 5315 sollicite
1328 5262 1704 5328 exhibeamus,
1729 5263 1906 5333 prius-

312 5360 473 5418 quam
518 5345 637 5405 dies
675 5346 771 5405 ille
797 5348 995 5420 veniat,
1022 5349 1075 5409 in
1106 5365 1212 5422 quo
1242 5351 1374 5407 nihil
1403 5353 1555 5409 nobis
1592 5355 1904 5424 paenitentia

3507 447 3612 503 22?.

2029 574 2283 642 proderit.
2310 575 2462 632 Nunc
2497 577 2640 633 enim
2685 578 2737 634 in
2764 578 2922 635 nobis
2949 588 3056 636 tota
3088 596 3176 637 res
3206 582 3305 638 sita
3338 591 3461 640 est:
3494 591 3617 637 tunc

2028 679 2156 720 vero
2175 665 2347 723 Judex
2384 669 2533 724 solus
2557 668 2658 724 erit
2692 669 2878 740 iudicii
2902 680 2957 726 et
2985 672 3170 727 calculi
3201 672 3407 727 ferendi
3441 671 3616 728 domi-

2027 773 2149 812 nus.
2174 756 2597 832 Prteoccupemus
2632 761 2794 833 igitur
2822 763 3006 834 faciem
3046 767 3156 834 ejus
3209 768 3263 819 in
3301 767 3617 837 confessione

2031 847 2202 919 (Psal.
2235 849 2327 907 94.
2353 852 2460 925 2.),
2489 853 2732 920 ﬂeamus,
2755 855 3048 926 lugeamus.
3080 856 3135 912 Si
3159 858 3300 911 enim
3324 859 3615 928 poterimus

2028 953 2153 999 ante
2182 944 2458 1001 deﬁnitam
2489 946 2632 1002 illam
2660 948 2803 1004 diem
2834 948 3047 1019 placare
3070 950 3337 1018 Judicem,
3368 959 3428 1004 ut
3458 950 3613 1006 nobis

2024 1045 2241 1105 peccata
2268 1039 2539 1109 remittat,
2569 1056 2674 1098 non
2700 1043 2843 1099 ultra
2870 1044 3089 1099 introitu
3118 1045 3273 1098 nobis
3302 1058 3436 1114 opus
3465 1046 3567 1099 erit
3597 1064 3611 1100 :

2024 1136 2084 1182 ut
2107 1142 2138 1183 e
2157 1143 2438 1199 converso,
2467 1133 2510 1188 si
2538 1148 2646 1188 non
2674 1132 2776 1191 hoc
2796 1135 2865 1190 ita
2895 1135 3004 1199 tlat,
3029 1145 3144 1191 toto
3173 1136 3304 1191 orbe
3326 1147 3610 1204 praesente.

2027 1221 2203 1290 palam
2258 1239 2358 1278 nos
2410 1223 2716 1293 iudicabit,
2792 1233 2846 1278 et
2900 1223 3046 1277 nulla
3097 1225 3253 1277 nobis
3312 1225 3452 1277 ultra
3482 1236 3605 1291 spes

2027 1314 2199 1368 veniae
2231 1315 2516 1385 supererit.
2587 1314 2781 1370 Nullus
2817 1315 2965 1369 enim
3022 1329 3212 1369 eorum
3260 1315 3353 1384 qui
3383 1315 3602 1379 adsunt,

2028 1406 2121 1475 qui
2194 1414 2419 1476 peccata
2490 1422 2590 1461 sua
2666 1423 2775 1462 non
2842 1407 3094 1471 abluerit,
3164 1423 3290 1461 cum
3338 1407 3466 1461 illuc
3504 1405 3604 1461 ad-

2026 1498 2270 1562 venerit,
2319 1499 2523 1569 poterit
2569 1514 2761 1570 pennas
2812 1499 2881 1555 iis
2924 1499 3136 1556 debitas
3180 1498 3450 1569 cﬂ'ugere:
3509 1498 3605 1556 sed

2022 1587 2467 1655 quemadmodum
2496 1590 2571 1643 illi
2603 1591 2691 1660 qui
2732 1607 2799 1646 ex
2822 1591 3129 1645 carceribus
3166 1591 3247 1643 his
3274 1590 3339 1644 ad
3376 1590 3606 1644 tribunal

2022 1679 2226 1733 catenis
2249 1680 2424 1734 onusti
2454 1680 2809 1747 adducuntur,
2836 1683 2913 1737 sic
2941 1692 2995 1737 et
3023 1683 3216 1736 animae
3244 1695 3452 1747 omnes,
3484 1697 3606 1737 cum

2023 1767 2147 1823 hinc
2167 1769 2426 1838 abierint,
2467 1772 2629 1827 variis
2658 1782 2995 1842 peccatorum
3047 1787 3267 1827 suorum
3301 1772 3607 1827 constrictae

2021 1861 2226 1916 catenis
2246 1902 2261 1929 ,
2289 1862 2355 1917 ad
2386 1863 2623 1920 terribile
2652 1864 2780 1919 illud
2813 1863 3042 1919 tribunal
3090 1863 3443 1919 adducentur.
3473 1863 3606 1919 Nam

2020 1950 2137 2006 haec
2157 1952 2262 2008 vita
2300 1968 2516 2009 carcere
2558 1954 2723 2009 nihilo
2753 1955 2943 2010 mel‘or
2968 1964 3052 2010 est
3081 1954 3213 2020 ;sed
3236 1956 3379 2033 gsicut
3403 1970 3522 2011 eum
3555 1956 3607 2009 in

2019 2041 2346 2099 domicilium
2389 2044 2517 2100 illud
2555 2046 2836 2101 introimus
2858 2088 2871 2110 ,
2918 2062 3108 2102 omnes
3134 2046 3378 2102 videmus
3405 2047 3609 2103 catenis

2019 2134 2410 2190 circumdatos:
2443 2138 2514 2191 ita
2546 2146 2598 2192 et
2626 2153 2768 2193 nunc
2788 2179 2802 2201 ,
2836 2138 2880 2192 si
2907 2138 3113 2204 abjecta
3145 2137 3232 2192 illa
3263 2147 3608 2195 externarum

2020 2241 2199 2281 rerum
2244 2228 2654 2298 imaginatione,
2690 2232 2741 2285 in
2770 2231 3099 2301 singulorum
3126 2233 3289 2287 vitam
3338 2233 3605 2303 ingredia-

2019 2333 2160 2384 mur,
2183 2319 2419 2388 ipsorum
2442 2321 2645 2376 animas
2671 2322 2967 2377 videbimus
2993 2323 3136 2377 ferro
3162 2323 3467 2378 durioribus
3489 2325 3606 2378 vin-

2019 2410 2152 2465 culis
2195 2413 2509 2467 constrictas
2536 2430 2548 2467 :
2579 2414 2810 2468 maxime
2833 2430 2962 2469 vero
2990 2414 3036 2471 si
3074 2415 3124 2468 in
3148 2416 3354 2470 animas
3383 2415 3606 2470 divitum

2018 2503 2336 2559 intraveris:
2380 2520 2502 2560 nam
2540 2515 2739 2576 quanto
2761 2506 2999 2574 pluribus
3024 2508 3142 2561 illos
3167 2506 3364 2561 videris
3409 2506 3608 2560 divitiis

2016 2594 2400 2659 circumdatos,
2439 2606 2585 2650 tanto
2625 2598 2793 2667 magis
2835 2607 2961 2654 sunt
3001 2598 3219 2667 alligati.
3250 2597 3608 2665 Quemadmo-

2016 2684 2141 2740 dum
2176 2687 2335 2757 igitur
2359 2688 2404 2742 si
2435 2689 2668 2743 vinctum
2697 2688 2895 2744 videris
2926 2689 3171 2744 manibus
3196 2731 3211 2757 ,
3235 2688 3396 2745 dorso
3415 2731 3432 2756 ,
3460 2704 3604 2758 saepe

2016 2780 2175 2834 etiam
2202 2781 2428 2851 pedibus
2453 2782 2722 2853 alligatum
2743 2781 2929 2838 ferreis
2953 2783 3176 2850 catenis,
3203 2782 3348 2837 illum
3373 2782 3607 2837 maxime

2016 2871 2287 2927 misereris
2308 2890 2320 2925 :
2346 2874 2425 2928 sic
2443 2872 2663 2927 divitem
2685 2888 2806 2927 cum
2824 2872 3018 2929 videris
3031 2873 3213 2928 multis
3233 2871 3605 2927 circumﬂuen-

2017 2971 2122 3016 tem
2154 2964 2345 3031 rebus,
2370 2981 2435 3019 ne
2465 2965 2587 3020 ideo
2609 2965 2849 3031 divitem,
2878 2964 2972 3020 sed
3004 2965 3179 3034 potius
3200 2964 3321 3019 ideo
3349 2963 3604 3019 miserum

2015 3055 2320 3112 existimato
2347 3071 2360 3109 :
2395 3072 2515 3110 nam
2544 3072 2669 3111 cum
2696 3055 2778 3112 his
2808 3056 3037 3112 vinculis
3063 3071 3263 3110 saevum
3289 3055 3450 3110 habet
3478 3070 3602 3110 car-

2015 3145 2155 3200 ceris
2184 3147 2462 3201 cuStodem
2489 3187 2505 3213 ,
2553 3162 2769 3216 pravum
2819 3146 3162 3217 pecuniarum
3197 3160 3433 3200 amorem
3470 3165 3482 3199 :
3513 3144 3606 3219 qui

2017 3255 2121 3293 non
2152 3240 2410 3308 permittit
2436 3240 2509 3294 illi
2535 3256 2599 3295 ex
2623 3241 2725 3295 isto
2751 3255 2966 3296 carcere
2986 3240 3202 3296 exsilire
3221 3281 3235 3304 ,
3258 3238 3353 3295 sed
3383 3253 3604 3297 sexcen-

2018 3340 2099 3385 tos
2127 3331 2224 3400 ipsi
2248 3340 2400 3401 parat
2427 3330 2720 3402 compedes
2743 3372 2758 3398 ,
2782 3329 3034 3387 custodes
3067 3372 3084 3396 ,
3121 3337 3307 3400 portas
3329 3374 3344 3394 ,
3386 3342 3567 3387 vectes
3586 3372 3604 3397 ,

2013 3433 2067 3476 et
2095 3424 2148 3477 in
2180 3424 2484 3478 interiorem
2513 3437 2784 3478 carcerem
2816 3421 3058 3487 trudens,
3086 3423 3279 3478 suadet
3306 3423 3380 3476 illi
3410 3433 3468 3476 ut
3493 3424 3607 3479 istis

2016 3515 2245 3569 vinculis
2269 3514 2581 3578 delectetur,
2618 3525 2676 3570 ut
2702 3530 2768 3569 ne
2789 3513 3004 3584 quidem
3030 3514 3294 3571 evadendi
3316 3516 3381 3571 ab
3404 3518 3608 3571 instan-

2017 3605 2156 3659 tibus
2178 3605 2333 3659 malis
2359 3620 2510 3674 Spem
2538 3605 2703 3660 ullam
2734 3604 2948 3659 habeat.
2981 3606 3050 3661 Et
3075 3607 3118 3662 si
3150 3608 3478 3679 cogitatione
3514 3614 3606 3660 tua

2014 3698 2244 3750 animam
2275 3696 2417 3751 illius
2444 3696 2798 3752 denudaveris
2818 3738 2831 3762 ,
2865 3712 2972 3752 non
3000 3699 3232 3754 vinctam
3260 3698 3419 3753 modo
3453 3698 3605 3753 vidc-

2016 3789 2096 3843 bis
2114 3829 2130 3855 ,
2157 3789 2250 3843 sed
2288 3790 2448 3843 etiam
2480 3789 2812 3860 squalentem
2833 3833 2850 3858 ,
2880 3792 3116 3862 putidain
3139 3833 3152 3855 ,
3179 3791 3438 3862 pediculis
3465 3807 3602 3847 onu-

2013 3890 2172 3935 stam.
2194 3880 2332 3935 Nihil
2357 3882 2500 3936 enim
2525 3882 2627 3937 illis
2649 3884 2902 3940 meliores
2915 3894 3039 3938 sunt
3067 3884 3352 3950 Voluptatis
3370 3883 3598 3951 delicim,

2014 3972 2121 4026 imo
2149 3972 2552 4037 horribiliores;
2582 3983 2746 4044 atque
2775 3975 2933 4028 etiam
2966 3989 3161 4044 corpus
3201 3991 3322 4029 cum
3353 3975 3462 4043 ipsa
3481 3975 3598 4028 ani-

2014 4079 2098 4117 ma
2129 4063 2491 4131 labefactant,
2538 4075 2593 4119 et
2629 4064 2754 4119 huic
2785 4073 2839 4119 et
2886 4065 2958 4117 illi
3003 4065 3311 4119 innumeras
3358 4063 3603 4133 inﬂigunt

2014 4154 2320 4208 morborum
2352 4153 2556 4225 plagas.
2594 4153 2818 4224 Propter
2846 4153 2961 4208 lucc
2988 4155 3166 4208 omnia
3192 4153 3603 4222 Redemptorem

2012 4245 2307 4298 animarum
2351 4256 2655 4301 nostrarum
2704 4261 3016 4315 precemur,
3061 4255 3119 4298 ut
3143 4255 3197 4300 et
3222 4245 3428 4300 vincula
3462 4262 3604 4298 rum-

2014 4345 2122 4407 pat,
2151 4347 2204 4392 et
2233 4353 2436 4392 saevum
2462 4337 2607 4393 hunc
2627 4338 2901 4393 custodem
2927 4353 2955 4389 a
2988 4338 3140 4392 nobis
3161 4345 3424 4404 amoveat,
3447 4346 3606 4406 atque

2013 4446 2043 4482 a
2077 4430 2311 4499 pondere
2342 4412 2636 4487 ferreartini
2666 4442 2981 4487 catenarum
3005 4431 3243 4486 liberatis
3263 4473 3279 4498 ,
3312 4430 3410 4485 alis
3438 4432 3606 4484 levio-

2013 4538 2127 4577 rem
2176 4523 2229 4578 in
2260 4525 2416 4579 nobis
2464 4533 2698 4579 mentem
2742 4523 3009 4594 perﬁciat.
3044 4525 3179 4580 Dum
3230 4535 3410 4594 autem
3455 4524 3604 4578 illum

2015 4616 2375 4686 precabimur,
2407 4633 2526 4687 quae
2554 4628 2735 4671 nostra
2761 4626 2887 4672 sunt
2914 4618 3074 4673 etiam
3107 4592 3390 4672 aﬂ'er’amus
3408 4657 3424 4681 ,
3455 4617 3604 4669 solli-

2013 4709 2325 4777 citudinem,
2357 4712 2618 4777 animum,
2644 4711 2994 4766 alacritatem.
3026 4710 3115 4765 Sic
3139 4710 3281 4764 enim
3310 4709 3604 4779 poterimus

2014 4800 2161 4856 brevi
2194 4811 2435 4871 tempore
2463 4818 2492 4856 a
2538 4803 2690 4857 malis
2709 4845 2725 4869 ,
2754 4803 2948 4872 quibus
2977 4802 3280 4858 detinemur
3303 4844 3319 4869 ,
3347 4802 3522 4871 eripi,
3550 4812 3606 4858 et

2013 4892 2254 4948 ediscere
2273 4908 2380 4965 quo
2408 4894 2460 4949 in
2491 4902 2635 4949 statu
2670 4895 2818 4964 prius
2842 4908 3078 4960 eramus,
3111 4902 3606 4966 congruentemque

2014 4984 2170 5039 nobis
2198 4985 2438 5055 recipere
2463 4985 2766 5039 libertatem
2796 5002 2809 5039 :
2840 4998 2999 5055 quam
3027 4984 3230 5038 utinam
3257 5000 3442 5039 omnes
3468 5000 3603 5040 con-

2014 5091 2334 5147 sequamur,
2363 5078 2531 5148 gratia
2567 5085 2622 5133 et
2655 5077 2983 5147 benignitate
3029 5077 3238 5131 Domini
3272 5080 3441 5133 nostri
3477 5077 3604 5135 Jcsu

2014 5167 2210 5223 Christi
2236 5211 2252 5238 ,
2284 5168 2371 5225 cui
2391 5170 2558 5240 gloria
2580 5179 2635 5224 et
2656 5168 2939 5240 imperium
2963 5169 3016 5225 in
3040 5170 3235 5227 smcula
3255 5169 3600 5229 saaculorum.

2016 5268 2208 5322 Amen.

1469 5668 2490 5744 4Wan
