  <div class='ocr_page' id='page_1' title='image "/cluster/home/n/w/nwhite01/storage/ocr_20150623/57:no.7:pt.1/coo.31924054869577/151.png"; bbox 0 0 4052 6454; ppageno 0'>
   <div class='ocr_carea' id='block_1_1' title="bbox 444 390 553 450">
    <p class='ocr_par' dir='ltr' id='par_1_1' title="bbox 444 390 553 450">
     <span class='ocr_line' id='line_1_1' title="bbox 444 390 553 450; baseline 0.037 -4"><span class='ocrx_word' id='word_1_1' title='bbox 444 390 553 450; x_wconf 71' lang='grc'><strong><em>225</em></strong></span> 
     </span>
    </p>
   </div>
   <div class='ocr_carea' id='block_1_2' title="bbox 447 521 583 534">
    <p class='ocr_par' dir='ltr' id='par_1_2' title="bbox 447 521 583 534">
     <span class='ocr_line' id='line_1_2' title="bbox 447 521 583 534; baseline 0.007 -2"><span class='ocrx_word' id='word_1_2' title='bbox 447 521 583 534; x_wconf 75' lang='lat'><strong><em>_</em></strong></span> 
     </span>
    </p>
   </div>
   <div class='ocr_carea' id='block_1_3' title="bbox 1169 388 3732 471">
    <p class='ocr_par' dir='ltr' id='par_1_3' title="bbox 1169 388 3732 471">
     <span class='ocr_line' id='line_1_3' title="bbox 1169 388 3732 471; baseline -0.002 -23"><span class='ocrx_word' id='word_1_3' title='bbox 1169 391 1226 448; x_wconf 86' lang='lat' dir='ltr'><strong><em>S.</em></strong></span> <span class='ocrx_word' id='word_1_4' title='bbox 1267 389 1544 447; x_wconf 61' lang='lat' dir='ltr'><strong><em>JOANN&#39;IS</em></strong></span> <span class='ocrx_word' id='word_1_5' title='bbox 1581 388 2057 446; x_wconf 75' lang='lat' dir='ltr'><strong><em>CIIRYSOSTOMI</em></strong></span> <span class='ocrx_word' id='word_1_6' title='bbox 2099 389 2412 444; x_wconf 77' lang='lat' dir='ltr'><strong><em>AllClllEP.</em></strong></span> <span class='ocrx_word' id='word_1_7' title='bbox 2445 391 2980 448; x_wconf 69' lang='lat' dir='ltr'><strong><em>CUNSTANTINOP.</em></strong></span> <span class='ocrx_word' id='word_1_8' title='bbox 3406 465 3416 471; x_wconf 33' lang='lat'><strong><em>.</em></strong></span> <span class='ocrx_word' id='word_1_9' title='bbox 3627 403 3732 456; x_wconf 55' lang='lat'><strong><em>93$</em></strong></span> 
     </span>
    </p>
   </div>
   <div class='ocr_carea' id='block_1_4' title="bbox 1796 593 2330 656">
    <p class='ocr_par' dir='ltr' id='par_1_4' title="bbox 1796 593 2330 656">
     <span class='ocr_line' id='line_1_4' title="bbox 1796 593 2330 656; baseline -0.002 -1"><span class='ocrx_word' id='word_1_10' title='bbox 1796 593 2144 655; x_wconf 81' lang='lat' dir='ltr'><strong><em>HOMILIA</em></strong></span> <span class='ocrx_word' id='word_1_11' title='bbox 2189 594 2330 656; x_wconf 80' lang='lat' dir='ltr'><strong><em>XV.</em></strong></span> 
     </span>
    </p>
   </div>
   <div class='ocr_carea' id='block_1_5' title="bbox 443 727 2030 802">
    <p class='ocr_par' dir='ltr' id='par_1_5' title="bbox 443 727 2030 802">
     <span class='ocr_line' id='line_1_5' title="bbox 443 727 2030 802; baseline -0.005 -2"><span class='ocrx_word' id='word_1_12' title='bbox 443 743 572 799; x_wconf 70' lang='lat' dir='ltr'><strong><em>CAP.</em></strong></span> <span class='ocrx_word' id='word_1_13' title='bbox 602 743 656 798; x_wconf 81' lang='lat'><strong><em>5.</em></strong></span> <span class='ocrx_word' id='word_1_14' title='bbox 691 757 739 795; x_wconf 79' lang='grc' dir='ltr'><strong>ν.</strong></span> <span class='ocrx_word' id='word_1_15' title='bbox 765 742 816 795; x_wconf 81' lang='lat' dir='ltr'><strong><em>l.</em></strong></span> <span class='ocrx_word' id='word_1_16' title='bbox 853 739 1037 794; x_wconf 76' lang='lat' dir='ltr'><strong><em>Videas</em></strong></span> <span class='ocrx_word' id='word_1_17' title='bbox 1084 748 1252 794; x_wconf 86' lang='lat' dir='ltr'><strong><em>autem</em></strong></span> <span class='ocrx_word' id='word_1_18' title='bbox 1301 738 1454 793; x_wconf 71' lang='lat' dir='ltr'><strong><em>Iesus</em></strong></span> <span class='ocrx_word' id='word_1_19' title='bbox 1503 727 1695 802; x_wconf 82' lang='lat' dir='ltr'><strong><em>turbas,</em></strong></span> <span class='ocrx_word' id='word_1_20' title='bbox 1723 738 1949 791; x_wconf 87' lang='lat' dir='ltr'><strong><em>ascendit</em></strong></span> <span class='ocrx_word' id='word_1_21' title='bbox 1977 739 2030 792; x_wconf 83' lang='lat' dir='ltr'><strong><em>in</em></strong></span> 
     </span>
    </p>
   </div>
   <div class='ocr_carea' id='block_1_6' title="bbox 513 833 2027 897">
    <p class='ocr_par' dir='ltr' id='par_1_6' title="bbox 513 833 2027 897">
     <span class='ocr_line' id='line_1_6' title="bbox 513 833 2027 897; baseline -0.003 -8"><span class='ocrx_word' id='word_1_22' title='bbox 513 845 747 890; x_wconf 81' lang='lat' dir='ltr'><strong><em>montem.</em></strong></span> <span class='ocrx_word' id='word_1_23' title='bbox 784 833 851 888; x_wconf 85' lang='lat' dir='ltr'><strong><em>Et</em></strong></span> <span class='ocrx_word' id='word_1_24' title='bbox 881 851 994 888; x_wconf 87' lang='lat' dir='ltr'><strong><em>cum</em></strong></span> <span class='ocrx_word' id='word_1_25' title='bbox 1033 833 1262 897; x_wconf 72' lang='lat' dir='ltr'><strong><em>sedisset,</em></strong></span> <span class='ocrx_word' id='word_1_26' title='bbox 1292 843 1606 887; x_wconf 84' lang='lat' dir='ltr'><strong><em>accesserunt</em></strong></span> <span class='ocrx_word' id='word_1_27' title='bbox 1635 833 1703 886; x_wconf 89' lang='lat' dir='ltr'><strong><em>ad</em></strong></span> <span class='ocrx_word' id='word_1_28' title='bbox 1732 848 1843 884; x_wconf 88' lang='lat' dir='ltr'><strong><em>eum</em></strong></span> <span class='ocrx_word' id='word_1_29' title='bbox 1871 833 2027 885; x_wconf 85' lang='lat' dir='ltr'><strong><em>disci-</em></strong></span> 
     </span>
    </p>
   </div>
   <div class='ocr_carea' id='block_1_7' title="bbox 512 922 2029 1000">
    <p class='ocr_par' dir='ltr' id='par_1_7' title="bbox 512 922 2029 1000">
     <span class='ocr_line' id='line_1_7' title="bbox 512 922 2029 1000; baseline -0.003 -20"><span class='ocrx_word' id='word_1_30' title='bbox 512 926 622 1000; x_wconf 87' lang='lat' dir='ltr'><strong><em>puli</em></strong></span> <span class='ocrx_word' id='word_1_31' title='bbox 647 927 790 1000; x_wconf 81' lang='lat' dir='ltr'><strong><em>ejus:</em></strong></span> <span class='ocrx_word' id='word_1_32' title='bbox 811 928 865 980; x_wconf 75' lang='lat'><strong><em>‘2.</em></strong></span> <span class='ocrx_word' id='word_1_33' title='bbox 894 936 943 979; x_wconf 90' lang='lat' dir='ltr'><strong><em>et</em></strong></span> <span class='ocrx_word' id='word_1_34' title='bbox 979 927 1205 996; x_wconf 87' lang='lat' dir='ltr'><strong><em>aperiens</em></strong></span> <span class='ocrx_word' id='word_1_35' title='bbox 1231 942 1286 979; x_wconf 86' lang='lat' dir='ltr'><strong><em>os</em></strong></span> <span class='ocrx_word' id='word_1_36' title='bbox 1314 942 1458 978; x_wconf 87' lang='lat' dir='ltr'><strong><em>suum</em></strong></span> <span class='ocrx_word' id='word_1_37' title='bbox 1483 925 1688 978; x_wconf 84' lang='lat' dir='ltr'><strong><em>docebat</em></strong></span> <span class='ocrx_word' id='word_1_38' title='bbox 1717 941 1800 976; x_wconf 89' lang='lat' dir='ltr'><strong><em>eos</em></strong></span> <span class='ocrx_word' id='word_1_39' title='bbox 1819 922 1917 993; x_wconf 91' lang='lat' dir='ltr'><strong><em>(a),</em></strong></span> <span class='ocrx_word' id='word_1_40' title='bbox 1950 924 2029 976; x_wconf 85' lang='lat' dir='ltr'><strong><em>di-</em></strong></span> 
     </span>
    </p>
   </div>
   <div class='ocr_carea' id='block_1_8' title="bbox 508 1017 2028 1090">
    <p class='ocr_par' dir='ltr' id='par_1_8' title="bbox 508 1017 2028 1090">
     <span class='ocr_line' id='line_1_8' title="bbox 508 1017 2028 1090; baseline -0.003 -17"><span class='ocrx_word' id='word_1_41' title='bbox 508 1037 626 1073; x_wconf 85' lang='lat' dir='ltr'><strong><em>cens</em></strong></span> <span class='ocrx_word' id='word_1_42' title='bbox 650 1036 668 1073; x_wconf 94' lang='lat'><strong><em>:</em></strong></span> <span class='ocrx_word' id='word_1_43' title='bbox 701 1019 841 1072; x_wconf 83' lang='lat' dir='ltr'><strong><em>Beati</em></strong></span> <span class='ocrx_word' id='word_1_44' title='bbox 871 1034 1119 1090; x_wconf 77' lang='lat' dir='ltr'><strong><em>pauperes</em></strong></span> <span class='ocrx_word' id='word_1_45' title='bbox 1147 1018 1329 1086; x_wconf 76' lang='lat' dir='ltr'><strong><em>spiritu</em></strong></span> <span class='ocrx_word' id='word_1_46' title='bbox 1349 1057 1364 1082; x_wconf 92' lang='lat'><strong><em>,</em></strong></span> <span class='ocrx_word' id='word_1_47' title='bbox 1413 1017 1649 1086; x_wconf 88' lang='lat' dir='ltr'><strong><em>quoniam</em></strong></span> <span class='ocrx_word' id='word_1_48' title='bbox 1698 1017 1926 1086; x_wconf 88' lang='lat' dir='ltr'><strong><em>ipsorum</em></strong></span> <span class='ocrx_word' id='word_1_49' title='bbox 1953 1025 2028 1068; x_wconf 83' lang='lat' dir='ltr'><strong><em>est</em></strong></span> 
     </span>
    </p>
   </div>
   <div class='ocr_carea' id='block_1_9' title="bbox 508 1113 1011 1182">
    <p class='ocr_par' dir='ltr' id='par_1_9' title="bbox 508 1113 1011 1182">
     <span class='ocr_line' id='line_1_9' title="bbox 508 1113 1011 1182; baseline -0.008 -16"><span class='ocrx_word' id='word_1_50' title='bbox 508 1129 722 1182; x_wconf 87' lang='lat' dir='ltr'><strong><em>regnum</em></strong></span> <span class='ocrx_word' id='word_1_51' title='bbox 751 1113 1011 1166; x_wconf 69' lang='lat' dir='ltr'><strong><em>caelorum.</em></strong></span> 
     </span>
    </p>
   </div>
   <div class='ocr_carea' id='block_1_10' title="bbox 510 1288 2028 1360">
    <p class='ocr_par' dir='ltr' id='par_1_10' title="bbox 510 1288 2028 1360">
     <span class='ocr_line' id='line_1_10' title="bbox 510 1288 2028 1360; baseline -0.003 -14"><span class='ocrx_word' id='word_1_52' title='bbox 510 1293 566 1347; x_wconf 80' lang='grc'><strong><em>1.</em></strong></span> <span class='ocrx_word' id='word_1_53' title='bbox 623 1291 811 1346; x_wconf 80' lang='lat' dir='ltr'><strong><em>Christi</em></strong></span> <span class='ocrx_word' id='word_1_54' title='bbox 839 1291 1082 1345; x_wconf 75' lang='lat' dir='ltr'><strong><em>modestia</em></strong></span> <span class='ocrx_word' id='word_1_55' title='bbox 1104 1291 1268 1360; x_wconf 78' lang='lat' dir='ltr'><strong><em>qualis</em></strong></span> <span class='ocrx_word' id='word_1_56' title='bbox 1296 1298 1342 1343; x_wconf 86' lang='lat' dir='ltr'><strong><em>et</em></strong></span> <span class='ocrx_word' id='word_1_57' title='bbox 1367 1289 1617 1359; x_wconf 90' lang='lat' dir='ltr'><strong><em>quomodo</em></strong></span> <span class='ocrx_word' id='word_1_58' title='bbox 1646 1289 1913 1342; x_wconf 86' lang='lat' dir='ltr'><strong><em>imitanda.</em></strong></span> <span class='ocrx_word' id='word_1_59' title='bbox 1945 1288 2028 1342; x_wconf 70' lang='lat' dir='ltr'><strong><em>Et:</em></strong></span> 
     </span>
    </p>
   </div>
   <div class='ocr_carea' id='block_1_11' title="bbox 439 1381 2030 1454">
    <p class='ocr_par' dir='ltr' id='par_1_11' title="bbox 439 1381 2030 1454">
     <span class='ocr_line' id='line_1_11' title="bbox 439 1381 2030 1454; baseline -0.001 -20"><span class='ocrx_word' id='word_1_60' title='bbox 439 1382 622 1454; x_wconf 81' lang='lat' dir='ltr'><strong><em>agendi</em></strong></span> <span class='ocrx_word' id='word_1_61' title='bbox 642 1384 838 1436; x_wconf 80' lang='lat' dir='ltr'><strong><em>ratione</em></strong></span> <span class='ocrx_word' id='word_1_62' title='bbox 862 1381 1047 1435; x_wconf 73' lang='lat' dir='ltr'><strong><em>Christi</em></strong></span> <span class='ocrx_word' id='word_1_63' title='bbox 1072 1381 1122 1434; x_wconf 83' lang='grc' dir='ltr'><em>Μ</em></span> <span class='ocrx_word' id='word_1_64' title='bbox 1131 1382 1343 1435; x_wconf 68' lang='lat' dir='ltr'><strong><em>artic/imi</em></strong></span> <span class='ocrx_word' id='word_1_65' title='bbox 1362 1381 1518 1435; x_wconf 86' lang='lat' dir='ltr'><strong><em>obiter</em></strong></span> <span class='ocrx_word' id='word_1_66' title='bbox 1537 1383 1856 1452; x_wconf 77' lang='lat' dir='ltr'><strong><em>refelluntur.</em></strong></span> <span class='ocrx_word' id='word_1_67' title='bbox 1880 1381 2030 1436; x_wconf 81' lang='lat' dir='ltr'><strong><em>Chri-</em></strong></span> 
     </span>
    </p>
   </div>
   <div class='ocr_carea' id='block_1_12' title="bbox 437 1472 2029 1544">
    <p class='ocr_par' dir='ltr' id='par_1_12' title="bbox 437 1472 2029 1544">
     <span class='ocr_line' id='line_1_12' title="bbox 437 1472 2029 1544; baseline -0.001 -18"><span class='ocrx_word' id='word_1_68' title='bbox 437 1483 542 1528; x_wconf 86' lang='lat' dir='ltr'><strong><em>stus</em></strong></span> <span class='ocrx_word' id='word_1_69' title='bbox 581 1472 862 1542; x_wconf 81' lang='lat' dir='ltr'><strong><em>discipulos</em></strong></span> <span class='ocrx_word' id='word_1_70' title='bbox 902 1474 1164 1544; x_wconf 80' lang='lat' dir='ltr'><strong><em>alloquens</em></strong></span> <span class='ocrx_word' id='word_1_71' title='bbox 1213 1484 1373 1526; x_wconf 90' lang='lat' dir='ltr'><strong><em>totum</em></strong></span> <span class='ocrx_word' id='word_1_72' title='bbox 1424 1474 1590 1527; x_wconf 86' lang='lat' dir='ltr'><strong><em>orbem</em></strong></span> <span class='ocrx_word' id='word_1_73' title='bbox 1631 1473 1927 1543; x_wconf 84' lang='lat' dir='ltr'><strong><em>alloquitur.</em></strong></span> <span class='ocrx_word' id='word_1_74' title='bbox 1957 1502 2029 1512; x_wconf 90' lang='lat'><strong><em>—</em></strong></span> 
     </span>
    </p>
   </div>
   <div class='ocr_carea' id='block_1_13' title="bbox 441 1563 2026 1634">
    <p class='ocr_par' dir='ltr' id='par_1_13' title="bbox 441 1563 2026 1634">
     <span class='ocr_line' id='line_1_13' title="bbox 441 1563 2026 1634; baseline 0 -16"><span class='ocrx_word' id='word_1_75' title='bbox 441 1564 570 1618; x_wconf 86' lang='lat' dir='ltr'><strong><em>Vide</em></strong></span> <span class='ocrx_word' id='word_1_76' title='bbox 595 1579 751 1634; x_wconf 89' lang='lat' dir='ltr'><strong><em>quam</em></strong></span> <span class='ocrx_word' id='word_1_77' title='bbox 781 1579 809 1618; x_wconf 94' lang='lat' dir='ltr'><strong><em>a</em></strong></span> <span class='ocrx_word' id='word_1_78' title='bbox 858 1564 995 1620; x_wconf 83' lang='lat' dir='ltr'><strong><em>l‘astu</em></strong></span> <span class='ocrx_word' id='word_1_79' title='bbox 1039 1573 1092 1620; x_wconf 90' lang='lat' dir='ltr'><strong><em>et</em></strong></span> <span class='ocrx_word' id='word_1_80' title='bbox 1119 1565 1412 1620; x_wconf 78' lang='lat' dir='ltr'><strong><em>ambitione</em></strong></span> <span class='ocrx_word' id='word_1_81' title='bbox 1454 1564 1524 1620; x_wconf 94' lang='lat' dir='ltr'><strong><em>sit</em></strong></span> <span class='ocrx_word' id='word_1_82' title='bbox 1565 1564 1794 1619; x_wconf 89' lang='lat' dir='ltr'><strong><em>alienus.</em></strong></span> <span class='ocrx_word' id='word_1_83' title='bbox 1841 1563 2026 1634; x_wconf 84' lang='lat' dir='ltr'><strong><em>Neque</em></strong></span> 
     </span>
    </p>
   </div>
   <div class='ocr_carea' id='block_1_14' title="bbox 436 1657 2031 1725">
    <p class='ocr_par' dir='ltr' id='par_1_14' title="bbox 436 1657 2031 1725">
     <span class='ocr_line' id='line_1_14' title="bbox 436 1657 2031 1725; baseline 0.003 -15"><span class='ocrx_word' id='word_1_84' title='bbox 436 1657 576 1711; x_wconf 88' lang='lat' dir='ltr'><strong><em>enim</em></strong></span> <span class='ocrx_word' id='word_1_85' title='bbox 603 1672 785 1712; x_wconf 85' lang='lat' dir='ltr'><strong><em>secum</em></strong></span> <span class='ocrx_word' id='word_1_86' title='bbox 813 1658 1172 1713; x_wconf 77' lang='lat' dir='ltr'><strong><em>circumduxit</em></strong></span> <span class='ocrx_word' id='word_1_87' title='bbox 1198 1673 1314 1725; x_wconf 91' lang='lat' dir='ltr'><strong><em>eos,</em></strong></span> <span class='ocrx_word' id='word_1_88' title='bbox 1337 1658 1430 1713; x_wconf 87' lang='lat' dir='ltr'><strong><em>sed</em></strong></span> <span class='ocrx_word' id='word_1_89' title='bbox 1458 1673 1580 1714; x_wconf 91' lang='lat' dir='ltr'><strong><em>cum</em></strong></span> <span class='ocrx_word' id='word_1_90' title='bbox 1605 1658 1777 1713; x_wconf 90' lang='lat' dir='ltr'><strong><em>morbi</em></strong></span> <span class='ocrx_word' id='word_1_91' title='bbox 1801 1658 2031 1714; x_wconf 90' lang='lat' dir='ltr'><strong><em>curandi</em></strong></span> 
     </span>
    </p>
   </div>
   <div class='ocr_carea' id='block_1_15' title="bbox 436 1749 2025 1821">
    <p class='ocr_par' dir='ltr' id='par_1_15' title="bbox 436 1749 2025 1821">
     <span class='ocr_line' id='line_1_15' title="bbox 436 1749 2025 1821; baseline 0.001 -19"><span class='ocrx_word' id='word_1_92' title='bbox 436 1755 611 1814; x_wconf 89' lang='lat' dir='ltr'><strong><em>erant,</em></strong></span> <span class='ocrx_word' id='word_1_93' title='bbox 636 1753 750 1819; x_wconf 90' lang='lat' dir='ltr'><strong><em>ipse</em></strong></span> <span class='ocrx_word' id='word_1_94' title='bbox 779 1749 1042 1806; x_wconf 79' lang='lat' dir='ltr'><strong><em>circuibat</em></strong></span> <span class='ocrx_word' id='word_1_95' title='bbox 1073 1749 1341 1821; x_wconf 88' lang='lat' dir='ltr'><strong><em>undique,</em></strong></span> <span class='ocrx_word' id='word_1_96' title='bbox 1373 1758 1429 1805; x_wconf 90' lang='lat' dir='ltr'><strong><em>et</em></strong></span> <span class='ocrx_word' id='word_1_97' title='bbox 1469 1750 1630 1805; x_wconf 85' lang='lat' dir='ltr'><strong><em>urbes</em></strong></span> <span class='ocrx_word' id='word_1_98' title='bbox 1658 1758 1712 1805; x_wconf 90' lang='lat' dir='ltr'><strong><em>et</em></strong></span> <span class='ocrx_word' id='word_1_99' title='bbox 1738 1749 1858 1804; x_wconf 84' lang='lat' dir='ltr'><strong><em>loca</em></strong></span> <span class='ocrx_word' id='word_1_100' title='bbox 1895 1750 2025 1804; x_wconf 84' lang='lat' dir='ltr'><strong><em>visi-</em></strong></span> 
     </span>
    </p>
   </div>
   <div class='ocr_carea' id='block_1_16' title="bbox 437 1842 2028 1912">
    <p class='ocr_par' dir='ltr' id='par_1_16' title="bbox 437 1842 2028 1912">
     <span class='ocr_line' id='line_1_16' title="bbox 437 1842 2028 1912; baseline 0.001 -17"><span class='ocrx_word' id='word_1_101' title='bbox 437 1853 555 1897; x_wconf 82' lang='lat' dir='ltr'><strong><em>tans</em></strong></span> <span class='ocrx_word' id='word_1_102' title='bbox 580 1861 592 1896; x_wconf 91' lang='lat'><strong>:</strong></span> <span class='ocrx_word' id='word_1_103' title='bbox 622 1842 835 1912; x_wconf 85' lang='lat' dir='ltr'><strong><em>quando</em></strong></span> <span class='ocrx_word' id='word_1_104' title='bbox 863 1852 1042 1898; x_wconf 90' lang='lat' dir='ltr'><strong><em>autem</em></strong></span> <span class='ocrx_word' id='word_1_105' title='bbox 1070 1843 1222 1897; x_wconf 86' lang='lat' dir='ltr'><strong><em>turba</em></strong></span> <span class='ocrx_word' id='word_1_106' title='bbox 1266 1843 1472 1907; x_wconf 88' lang='lat' dir='ltr'><strong><em>aderat,</em></strong></span> <span class='ocrx_word' id='word_1_107' title='bbox 1504 1859 1611 1897; x_wconf 87' lang='lat' dir='ltr'><strong><em>uno</em></strong></span> <span class='ocrx_word' id='word_1_108' title='bbox 1649 1845 1700 1896; x_wconf 93' lang='lat' dir='ltr'><strong><em>in</em></strong></span> <span class='ocrx_word' id='word_1_109' title='bbox 1727 1842 1850 1898; x_wconf 87' lang='lat' dir='ltr'><strong><em>loco</em></strong></span> <span class='ocrx_word' id='word_1_110' title='bbox 1879 1857 2028 1897; x_wconf 85' lang='lat' dir='ltr'><strong><em>cam-</em></strong></span> 
     </span>
    </p>
   </div>
   <div class='ocr_carea' id='block_1_17' title="bbox 438 1933 2023 2002">
    <p class='ocr_par' dir='ltr' id='par_1_17' title="bbox 438 1933 2023 2002">
     <span class='ocr_line' id='line_1_17' title="bbox 438 1933 2023 2002; baseline 0 -14"><span class='ocrx_word' id='word_1_111' title='bbox 438 1935 600 2002; x_wconf 65' lang='lat' dir='ltr'><strong><em>pestri</em></strong></span> <span class='ocrx_word' id='word_1_112' title='bbox 644 1934 792 1989; x_wconf 86' lang='lat' dir='ltr'><strong><em>sedet</em></strong></span> <span class='ocrx_word' id='word_1_113' title='bbox 819 1975 833 1997; x_wconf 94' lang='lat'><strong><em>,</em></strong></span> <span class='ocrx_word' id='word_1_114' title='bbox 875 1949 979 1988; x_wconf 91' lang='lat' dir='ltr'><strong><em>non</em></strong></span> <span class='ocrx_word' id='word_1_115' title='bbox 1006 1934 1057 1988; x_wconf 92' lang='lat' dir='ltr'><strong><em>in</em></strong></span> <span class='ocrx_word' id='word_1_116' title='bbox 1087 1934 1216 1989; x_wconf 87' lang='lat' dir='ltr'><strong><em>urbe</em></strong></span> <span class='ocrx_word' id='word_1_117' title='bbox 1244 1944 1336 1988; x_wconf 91' lang='lat' dir='ltr'><strong><em>aut</em></strong></span> <span class='ocrx_word' id='word_1_118' title='bbox 1365 1935 1417 1988; x_wconf 90' lang='lat' dir='ltr'><strong><em>in</em></strong></span> <span class='ocrx_word' id='word_1_119' title='bbox 1444 1933 1624 1990; x_wconf 90' lang='lat' dir='ltr'><strong><em>medio</em></strong></span> <span class='ocrx_word' id='word_1_120' title='bbox 1654 1934 1769 1989; x_wconf 83' lang='lat' dir='ltr'><strong><em>foro</em></strong></span> <span class='ocrx_word' id='word_1_121' title='bbox 1793 1976 1806 1999; x_wconf 95' lang='lat'><strong><em>,</em></strong></span> <span class='ocrx_word' id='word_1_122' title='bbox 1843 1935 1939 1989; x_wconf 89' lang='lat' dir='ltr'><strong><em>sed</em></strong></span> <span class='ocrx_word' id='word_1_123' title='bbox 1972 1934 2023 1988; x_wconf 92' lang='lat' dir='ltr'><strong><em>in</em></strong></span> 
     </span>
    </p>
   </div>
   <div class='ocr_carea' id='block_1_18' title="bbox 442 2023 2027 2092">
    <p class='ocr_par' dir='ltr' id='par_1_18' title="bbox 442 2023 2027 2092">
     <span class='ocr_line' id='line_1_18' title="bbox 442 2023 2027 2092; baseline -0.003 -8"><span class='ocrx_word' id='word_1_124' title='bbox 442 2039 646 2089; x_wconf 88' lang='lat' dir='ltr'><strong><em>monte,</em></strong></span> <span class='ocrx_word' id='word_1_125' title='bbox 684 2027 735 2079; x_wconf 93' lang='lat' dir='ltr'><strong><em>in</em></strong></span> <span class='ocrx_word' id='word_1_126' title='bbox 767 2025 1002 2092; x_wconf 89' lang='lat' dir='ltr'><strong><em>deserto,</em></strong></span> <span class='ocrx_word' id='word_1_127' title='bbox 1034 2035 1092 2081; x_wconf 90' lang='lat' dir='ltr'><strong><em>ut</em></strong></span> <span class='ocrx_word' id='word_1_128' title='bbox 1118 2025 1309 2082; x_wconf 81' lang='lat' dir='ltr'><strong><em>doceat</em></strong></span> <span class='ocrx_word' id='word_1_129' title='bbox 1332 2040 1430 2080; x_wconf 91' lang='lat' dir='ltr'><strong><em>nos</em></strong></span> <span class='ocrx_word' id='word_1_130' title='bbox 1459 2025 1592 2080; x_wconf 84' lang='lat' dir='ltr'><strong><em>nihil</em></strong></span> <span class='ocrx_word' id='word_1_131' title='bbox 1619 2023 1686 2081; x_wconf 89' lang='lat' dir='ltr'><strong><em>ad</em></strong></span> <span class='ocrx_word' id='word_1_132' title='bbox 1713 2026 2027 2080; x_wconf 87' lang='lat' dir='ltr'><strong><em>ostentatio-</em></strong></span> 
     </span>
    </p>
   </div>
   <div class='ocr_carea' id='block_1_19' title="bbox 437 2119 2025 2184">
    <p class='ocr_par' dir='ltr' id='par_1_19' title="bbox 437 2119 2025 2184">
     <span class='ocr_line' id='line_1_19' title="bbox 437 2119 2025 2184; baseline 0.001 -12"><span class='ocrx_word' id='word_1_133' title='bbox 437 2136 558 2176; x_wconf 87' lang='lat' dir='ltr'><strong><em>nem</em></strong></span> <span class='ocrx_word' id='word_1_134' title='bbox 585 2119 876 2176; x_wconf 85' lang='lat' dir='ltr'><strong><em>l‘aeiendum</em></strong></span> <span class='ocrx_word' id='word_1_135' title='bbox 912 2135 1050 2184; x_wconf 88' lang='lat' dir='ltr'><strong><em>esse,</em></strong></span> <span class='ocrx_word' id='word_1_136' title='bbox 1093 2127 1148 2174; x_wconf 91' lang='lat' dir='ltr'><strong><em>et</em></strong></span> <span class='ocrx_word' id='word_1_137' title='bbox 1195 2135 1224 2174; x_wconf 92' lang='lat' dir='ltr'><strong><em>a</em></strong></span> <span class='ocrx_word' id='word_1_138' title='bbox 1255 2119 1445 2174; x_wconf 89' lang='lat' dir='ltr'><strong><em>mediis</em></strong></span> <span class='ocrx_word' id='word_1_139' title='bbox 1476 2119 1794 2174; x_wconf 82' lang='lat' dir='ltr'><strong><em>tumultibus</em></strong></span> <span class='ocrx_word' id='word_1_140' title='bbox 1836 2119 2025 2174; x_wconf 86' lang='lat' dir='ltr'><strong><em>absce-</em></strong></span> 
     </span>
    </p>
   </div>
   <div class='ocr_carea' id='block_1_20' title="bbox 435 2211 2025 2286">
    <p class='ocr_par' dir='ltr' id='par_1_20' title="bbox 435 2211 2025 2286">
     <span class='ocr_line' id='line_1_20' title="bbox 435 2211 2025 2286; baseline -0.001 -18"><span class='ocrx_word' id='word_1_141' title='bbox 435 2214 665 2269; x_wconf 90' lang='lat' dir='ltr'><strong><em>dendum</em></strong></span> <span class='ocrx_word' id='word_1_142' title='bbox 686 2256 700 2280; x_wconf 94' lang='lat'><strong><em>,</em></strong></span> <span class='ocrx_word' id='word_1_143' title='bbox 731 2230 852 2270; x_wconf 91' lang='lat' dir='ltr'><strong><em>cum</em></strong></span> <span class='ocrx_word' id='word_1_144' title='bbox 905 2213 1132 2270; x_wconf 78' lang='lat' dir='ltr'><strong><em>maxime</em></strong></span> <span class='ocrx_word' id='word_1_145' title='bbox 1161 2213 1524 2286; x_wconf 86' lang='lat' dir='ltr'><strong><em>philosophari</em></strong></span> <span class='ocrx_word' id='word_1_146' title='bbox 1573 2220 1816 2283; x_wconf 78' lang='lat' dir='ltr'><strong><em>Oportet,</em></strong></span> <span class='ocrx_word' id='word_1_147' title='bbox 1850 2211 2025 2282; x_wconf 90' lang='lat' dir='ltr'><strong><em>deque</em></strong></span> 
     </span>
    </p>
   </div>
   <div class='ocr_carea' id='block_1_21' title="bbox 435 2304 2024 2363">
    <p class='ocr_par' dir='ltr' id='par_1_21' title="bbox 435 2304 2024 2363">
     <span class='ocr_line' id='line_1_21' title="bbox 435 2304 2024 2363; baseline -0.001 -5"><span class='ocrx_word' id='word_1_148' title='bbox 435 2307 753 2363; x_wconf 87' lang='lat' dir='ltr'><strong><em>necessariis</em></strong></span> <span class='ocrx_word' id='word_1_149' title='bbox 781 2308 939 2362; x_wconf 90' lang='lat' dir='ltr'><strong><em>rebus</em></strong></span> <span class='ocrx_word' id='word_1_150' title='bbox 985 2306 1276 2362; x_wconf 87' lang='lat' dir='ltr'><strong><em>disserere.</em></strong></span> <span class='ocrx_word' id='word_1_151' title='bbox 1309 2307 1444 2362; x_wconf 89' lang='lat' dir='ltr'><strong><em>Cum</em></strong></span> <span class='ocrx_word' id='word_1_152' title='bbox 1475 2304 1806 2359; x_wconf 83' lang='lat' dir='ltr'><strong><em>ascendisset</em></strong></span> <span class='ocrx_word' id='word_1_153' title='bbox 1845 2315 2024 2358; x_wconf 89' lang='lat' dir='ltr'><strong><em>autem</em></strong></span> 
     </span>
    </p>
   </div>
   <div class='ocr_carea' id='block_1_22' title="bbox 433 2395 2021 2468">
    <p class='ocr_par' dir='ltr' id='par_1_22' title="bbox 433 2395 2021 2468">
     <span class='ocr_line' id='line_1_22' title="bbox 433 2395 2021 2468; baseline -0.001 -18"><span class='ocrx_word' id='word_1_154' title='bbox 433 2410 591 2468; x_wconf 85' lang='lat' dir='ltr'><strong><em>atque</em></strong></span> <span class='ocrx_word' id='word_1_155' title='bbox 620 2398 868 2462; x_wconf 84' lang='lat' dir='ltr'><strong><em>sedisset,</em></strong></span> <span class='ocrx_word' id='word_1_156' title='bbox 899 2407 1242 2452; x_wconf 86' lang='lat' dir='ltr'><strong><em>accesserunt</em></strong></span> <span class='ocrx_word' id='word_1_157' title='bbox 1261 2397 1531 2467; x_wconf 82' lang='lat' dir='ltr'><strong><em>discipuli.</em></strong></span> <span class='ocrx_word' id='word_1_158' title='bbox 1553 2395 1736 2452; x_wconf 64' lang='lat' dir='ltr'><strong><em>Viden’</em></strong></span> <span class='ocrx_word' id='word_1_159' title='bbox 1758 2411 1942 2449; x_wconf 85' lang='lat' dir='ltr'><strong><em>eorum</em></strong></span> <span class='ocrx_word' id='word_1_160' title='bbox 1971 2395 2021 2448; x_wconf 91' lang='lat' dir='ltr'><strong><em>in</em></strong></span> 
     </span>
    </p>
   </div>
   <div class='ocr_carea' id='block_1_23' title="bbox 434 2489 2024 2559">
    <p class='ocr_par' dir='ltr' id='par_1_23' title="bbox 434 2489 2024 2559">
     <span class='ocr_line' id='line_1_23' title="bbox 434 2489 2024 2559; baseline -0.001 -17"><span class='ocrx_word' id='word_1_161' title='bbox 434 2492 624 2546; x_wconf 82' lang='lat' dir='ltr'><strong><em>virtute</em></strong></span> <span class='ocrx_word' id='word_1_162' title='bbox 653 2489 968 2558; x_wconf 83' lang='lat' dir='ltr'><strong><em>profectum,</em></strong></span> <span class='ocrx_word' id='word_1_163' title='bbox 991 2499 1044 2545; x_wconf 88' lang='lat' dir='ltr'><strong><em>et</em></strong></span> <span class='ocrx_word' id='word_1_164' title='bbox 1066 2489 1335 2559; x_wconf 87' lang='lat' dir='ltr'><strong><em>quomodo</em></strong></span> <span class='ocrx_word' id='word_1_165' title='bbox 1370 2500 1591 2559; x_wconf 88' lang='lat' dir='ltr'><strong><em>repente</em></strong></span> <span class='ocrx_word' id='word_1_166' title='bbox 1621 2491 1872 2544; x_wconf 86' lang='lat' dir='ltr'><strong><em>meliores</em></strong></span> <span class='ocrx_word' id='word_1_167' title='bbox 1899 2496 2024 2540; x_wconf 90' lang='lat' dir='ltr'><strong><em>sunt</em></strong></span> 
     </span>
    </p>
   </div>
   <div class='ocr_carea' id='block_1_24' title="bbox 430 2581 2020 2652">
    <p class='ocr_par' dir='ltr' id='par_1_24' title="bbox 430 2581 2020 2652">
     <span class='ocr_line' id='line_1_24' title="bbox 430 2581 2020 2652; baseline -0.005 -18"><span class='ocrx_word' id='word_1_168' title='bbox 430 2582 640 2637; x_wconf 69' lang='lat' dir='ltr'><strong><em>t-tl&#39;ecti‘t</em></strong></span> <span class='ocrx_word' id='word_1_169' title='bbox 663 2581 808 2636; x_wconf 82' lang='lat' dir='ltr'><strong><em>Multi</em></strong></span> <span class='ocrx_word' id='word_1_170' title='bbox 832 2597 1058 2652; x_wconf 81' lang='lat' dir='ltr'><strong><em>namque</em></strong></span> <span class='ocrx_word' id='word_1_171' title='bbox 1081 2581 1458 2636; x_wconf 79' lang='lat' dir='ltr'><strong><em>miraculorum</em></strong></span> <span class='ocrx_word' id='word_1_172' title='bbox 1483 2589 1810 2651; x_wconf 85' lang='lat' dir='ltr'><strong><em>spectatores</em></strong></span> <span class='ocrx_word' id='word_1_173' title='bbox 1832 2588 2020 2644; x_wconf 86' lang='lat' dir='ltr'><strong><em>erant;</em></strong></span> 
     </span>
    </p>
   </div>
   <div class='ocr_carea' id='block_1_25' title="bbox 433 2672 2013 2744">
    <p class='ocr_par' dir='ltr' id='par_1_25' title="bbox 433 2672 2013 2744">
     <span class='ocr_line' id='line_1_25' title="bbox 433 2672 2013 2744; baseline 0 -17"><span class='ocrx_word' id='word_1_174' title='bbox 433 2675 483 2727; x_wconf 90' lang='lat' dir='ltr'><strong><em>hi</em></strong></span> <span class='ocrx_word' id='word_1_175' title='bbox 520 2690 646 2729; x_wconf 86' lang='lat' dir='ltr'><strong><em>vero</em></strong></span> <span class='ocrx_word' id='word_1_176' title='bbox 677 2689 922 2744; x_wconf 73' lang='lat' dir='ltr'><strong><em>magnum</em></strong></span> <span class='ocrx_word' id='word_1_177' title='bbox 951 2673 1218 2743; x_wconf 82' lang='lat' dir='ltr'><strong><em>quidpiam</em></strong></span> <span class='ocrx_word' id='word_1_178' title='bbox 1247 2681 1302 2726; x_wconf 90' lang='lat' dir='ltr'><strong><em>et</em></strong></span> <span class='ocrx_word' id='word_1_179' title='bbox 1321 2672 1595 2728; x_wconf 84' lang='lat' dir='ltr'><strong><em>excelsum</em></strong></span> <span class='ocrx_word' id='word_1_180' title='bbox 1621 2673 1806 2727; x_wconf 84' lang='lat' dir='ltr'><strong><em>audire</em></strong></span> <span class='ocrx_word' id='word_1_181' title='bbox 1827 2675 2013 2740; x_wconf 87' lang='lat' dir='ltr'><strong><em>cupie-</em></strong></span> 
     </span>
    </p>
   </div>
   <div class='ocr_carea' id='block_1_26' title="bbox 433 2764 2021 2836">
    <p class='ocr_par' dir='ltr' id='par_1_26' title="bbox 433 2764 2021 2836">
     <span class='ocr_line' id='line_1_26' title="bbox 433 2764 2021 2836; baseline 0.001 -17"><span class='ocrx_word' id='word_1_182' title='bbox 433 2769 596 2822; x_wconf 84' lang='lat' dir='ltr'><strong><em>hant:</em></strong></span> <span class='ocrx_word' id='word_1_183' title='bbox 627 2767 766 2836; x_wconf 81' lang='lat' dir='ltr'><strong><em>quod</em></strong></span> <span class='ocrx_word' id='word_1_184' title='bbox 796 2767 959 2819; x_wconf 82' lang='lat' dir='ltr'><strong><em>etiam</em></strong></span> <span class='ocrx_word' id='word_1_185' title='bbox 988 2766 1133 2819; x_wconf 90' lang='lat' dir='ltr'><strong><em>illum</em></strong></span> <span class='ocrx_word' id='word_1_186' title='bbox 1161 2764 1226 2820; x_wconf 87' lang='lat' dir='ltr'><strong><em>ad</em></strong></span> <span class='ocrx_word' id='word_1_187' title='bbox 1260 2764 1563 2820; x_wconf 90' lang='lat' dir='ltr'><strong><em>docendum</em></strong></span> <span class='ocrx_word' id='word_1_188' title='bbox 1593 2765 1824 2833; x_wconf 82' lang='lat' dir='ltr'><strong><em>induxit,</em></strong></span> <span class='ocrx_word' id='word_1_189' title='bbox 1858 2777 2021 2835; x_wconf 89' lang='lat' dir='ltr'><strong><em>utque</em></strong></span> 
     </span>
    </p>
   </div>
   <div class='ocr_carea' id='block_1_27' title="bbox 432 2858 2019 2932">
    <p class='ocr_par' dir='ltr' id='par_1_27' title="bbox 432 2858 2019 2932">
     <span class='ocr_line' id='line_1_27' title="bbox 432 2858 2019 2932; baseline -0.001 -16"><span class='ocrx_word' id='word_1_190' title='bbox 432 2863 530 2917; x_wconf 86' lang='lat' dir='ltr'><strong><em>hos</em></strong></span> <span class='ocrx_word' id='word_1_191' title='bbox 567 2861 832 2916; x_wconf 90' lang='lat' dir='ltr'><strong><em>ordiretur</em></strong></span> <span class='ocrx_word' id='word_1_192' title='bbox 860 2876 1136 2916; x_wconf 88' lang='lat' dir='ltr'><strong><em>sermones</em></strong></span> <span class='ocrx_word' id='word_1_193' title='bbox 1164 2861 1364 2916; x_wconf 84' lang='lat' dir='ltr'><strong><em>eﬁ‘ecit.</em></strong></span> <span class='ocrx_word' id='word_1_194' title='bbox 1405 2858 1591 2932; x_wconf 83' lang='lat' dir='ltr'><strong><em>Neque</em></strong></span> <span class='ocrx_word' id='word_1_195' title='bbox 1620 2861 1760 2916; x_wconf 88' lang='lat' dir='ltr'><strong><em>enim</em></strong></span> <span class='ocrx_word' id='word_1_196' title='bbox 1793 2876 2019 2930; x_wconf 89' lang='lat' dir='ltr'><strong><em>corpora</em></strong></span> 
     </span>
    </p>
   </div>
   <div class='ocr_carea' id='block_1_28' title="bbox 430 2952 2021 3018">
    <p class='ocr_par' dir='ltr' id='par_1_28' title="bbox 430 2952 2021 3018">
     <span class='ocr_line' id='line_1_28' title="bbox 430 2952 2021 3018; baseline 0 -11"><span class='ocrx_word' id='word_1_197' title='bbox 430 2965 631 3009; x_wconf 89' lang='lat' dir='ltr'><strong><em>tantum</em></strong></span> <span class='ocrx_word' id='word_1_198' title='bbox 672 2954 926 3018; x_wconf 79' lang='lat' dir='ltr'><strong><em>curabat,</em></strong></span> <span class='ocrx_word' id='word_1_199' title='bbox 955 2953 1047 3007; x_wconf 85' lang='lat' dir='ltr'><strong><em>sed</em></strong></span> <span class='ocrx_word' id='word_1_200' title='bbox 1099 2953 1258 3007; x_wconf 88' lang='lat' dir='ltr'><strong><em>etiam</em></strong></span> <span class='ocrx_word' id='word_1_201' title='bbox 1305 2953 1511 3007; x_wconf 88' lang='lat' dir='ltr'><strong><em>animas</em></strong></span> <span class='ocrx_word' id='word_1_202' title='bbox 1549 2952 1912 3018; x_wconf 89' lang='lat' dir='ltr'><strong><em>emendabat,</em></strong></span> <span class='ocrx_word' id='word_1_203' title='bbox 1957 2967 2021 3008; x_wconf 89' lang='lat' dir='ltr'><strong><em>ac</em></strong></span> 
     </span>
    </p>
   </div>
   <div class='ocr_carea' id='block_1_29' title="bbox 431 3043 2021 3109">
    <p class='ocr_par' dir='ltr' id='par_1_29' title="bbox 431 3043 2021 3109">
     <span class='ocr_line' id='line_1_29' title="bbox 431 3043 2021 3109; baseline -0.001 -10"><span class='ocrx_word' id='word_1_204' title='bbox 431 3061 639 3100; x_wconf 88' lang='lat' dir='ltr'><strong><em>rursum</em></strong></span> <span class='ocrx_word' id='word_1_205' title='bbox 671 3046 737 3100; x_wconf 87' lang='lat' dir='ltr'><strong><em>ab</em></strong></span> <span class='ocrx_word' id='word_1_206' title='bbox 783 3046 881 3099; x_wconf 89' lang='lat' dir='ltr'><strong><em>hac</em></strong></span> <span class='ocrx_word' id='word_1_207' title='bbox 909 3060 1035 3100; x_wconf 90' lang='lat' dir='ltr'><strong><em>cura</em></strong></span> <span class='ocrx_word' id='word_1_208' title='bbox 1065 3044 1132 3099; x_wconf 90' lang='lat' dir='ltr'><strong><em>ad</em></strong></span> <span class='ocrx_word' id='word_1_209' title='bbox 1163 3045 1306 3099; x_wconf 88' lang='lat' dir='ltr'><strong><em>illam</em></strong></span> <span class='ocrx_word' id='word_1_210' title='bbox 1341 3043 1572 3109; x_wconf 86' lang='lat' dir='ltr'><strong><em>redibat,</em></strong></span> <span class='ocrx_word' id='word_1_211' title='bbox 1624 3046 1703 3100; x_wconf 91' lang='lat' dir='ltr'><strong><em>sic</em></strong></span> <span class='ocrx_word' id='word_1_212' title='bbox 1751 3044 1901 3100; x_wconf 87' lang='lat' dir='ltr'><strong><em>utilia</em></strong></span> <span class='ocrx_word' id='word_1_213' title='bbox 1931 3061 2021 3098; x_wconf 84' lang='lat' dir='ltr'><strong><em>va-</em></strong></span> 
     </span>
    </p>
   </div>
   <div class='ocr_carea' id='block_1_30' title="bbox 429 3136 2022 3206">
    <p class='ocr_par' dir='ltr' id='par_1_30' title="bbox 429 3136 2022 3206">
     <span class='ocr_line' id='line_1_30' title="bbox 429 3136 2022 3206; baseline -0.003 -12"><span class='ocrx_word' id='word_1_214' title='bbox 429 3141 602 3204; x_wconf 83' lang='lat' dir='ltr'><strong><em>rians,</em></strong></span> <span class='ocrx_word' id='word_1_215' title='bbox 633 3146 687 3193; x_wconf 90' lang='lat' dir='ltr'><strong><em>et</em></strong></span> <span class='ocrx_word' id='word_1_216' title='bbox 713 3139 997 3192; x_wconf 76' lang='lat' dir='ltr'><strong><em>verborum</em></strong></span> <span class='ocrx_word' id='word_1_217' title='bbox 1030 3137 1284 3191; x_wconf 71' lang='lat' dir='ltr'><strong><em>doctrina:</em></strong></span> <span class='ocrx_word' id='word_1_218' title='bbox 1311 3151 1538 3206; x_wconf 89' lang='lat' dir='ltr'><strong><em>operum</em></strong></span> <span class='ocrx_word' id='word_1_219' title='bbox 1567 3136 1890 3192; x_wconf 86' lang='lat' dir='ltr'><strong><em>documenta</em></strong></span> <span class='ocrx_word' id='word_1_220' title='bbox 1923 3137 2022 3190; x_wconf 83' lang='lat' dir='ltr'><strong><em>mi-</em></strong></span> 
     </span>
    </p>
   </div>
   <div class='ocr_carea' id='block_1_31' title="bbox 426 3229 2019 3302">
    <p class='ocr_par' dir='ltr' id='par_1_31' title="bbox 426 3229 2019 3302">
     <span class='ocr_line' id='line_1_31' title="bbox 426 3229 2019 3302; baseline -0.001 -18"><span class='ocrx_word' id='word_1_221' title='bbox 426 3245 602 3298; x_wconf 88' lang='lat' dir='ltr'><strong><em>scens,</em></strong></span> <span class='ocrx_word' id='word_1_222' title='bbox 625 3229 807 3302; x_wconf 88' lang='lat' dir='ltr'><strong><em>sicque</em></strong></span> <span class='ocrx_word' id='word_1_223' title='bbox 834 3229 1156 3297; x_wconf 88' lang='lat' dir='ltr'><strong><em>impudentia</em></strong></span> <span class='ocrx_word' id='word_1_224' title='bbox 1188 3231 1562 3284; x_wconf 72' lang='lat' dir='ltr'><strong><em>hmreticorum</em></strong></span> <span class='ocrx_word' id='word_1_225' title='bbox 1585 3229 1872 3284; x_wconf 71' lang='lat' dir='ltr'><strong><em>obstruens</em></strong></span> <span class='ocrx_word' id='word_1_226' title='bbox 1903 3245 2019 3298; x_wconf 89' lang='lat' dir='ltr'><strong><em>ora,</em></strong></span> 
     </span>
    </p>
   </div>
   <div class='ocr_carea' id='block_1_32' title="bbox 426 3322 2018 3393">
    <p class='ocr_par' dir='ltr' id='par_1_32' title="bbox 426 3322 2018 3393">
     <span class='ocr_line' id='line_1_32' title="bbox 426 3322 2018 3393; baseline 0.001 -17"><span class='ocrx_word' id='word_1_227' title='bbox 426 3325 552 3377; x_wconf 86' lang='lat' dir='ltr'><strong><em>dum</em></strong></span> <span class='ocrx_word' id='word_1_228' title='bbox 579 3324 856 3393; x_wconf 73' lang='lat' dir='ltr'><strong><em>utriusque</em></strong></span> <span class='ocrx_word' id='word_1_229' title='bbox 878 3323 1192 3377; x_wconf 68' lang='lat' dir='ltr'><strong><em>substantia:</em></strong></span> <span class='ocrx_word' id='word_1_230' title='bbox 1214 3337 1399 3376; x_wconf 90' lang='lat' dir='ltr'><strong><em>curam</em></strong></span> <span class='ocrx_word' id='word_1_231' title='bbox 1419 3330 1652 3392; x_wconf 84' lang='lat' dir='ltr'><strong><em>gereret,</em></strong></span> <span class='ocrx_word' id='word_1_232' title='bbox 1674 3322 2018 3377; x_wconf 85' lang='lat' dir='ltr'><strong><em>ostenderet-</em></strong></span> 
     </span>
    </p>
   </div>
   <div class='ocr_carea' id='block_1_33' title="bbox 424 3414 2021 3486">
    <p class='ocr_par' dir='ltr' id='par_1_33' title="bbox 424 3414 2021 3486">
     <span class='ocr_line' id='line_1_33' title="bbox 424 3414 2021 3486; baseline 0.003 -19"><span class='ocrx_word' id='word_1_233' title='bbox 424 3432 528 3486; x_wconf 89' lang='lat' dir='ltr'><strong><em>que</em></strong></span> <span class='ocrx_word' id='word_1_234' title='bbox 555 3430 613 3470; x_wconf 90' lang='lat' dir='ltr'><strong><em>se</em></strong></span> <span class='ocrx_word' id='word_1_235' title='bbox 632 3415 881 3469; x_wconf 88' lang='lat' dir='ltr'><strong><em>animalis</em></strong></span> <span class='ocrx_word' id='word_1_236' title='bbox 909 3415 1073 3469; x_wconf 89' lang='lat' dir='ltr'><strong><em>totius</em></strong></span> <span class='ocrx_word' id='word_1_237' title='bbox 1089 3427 1210 3469; x_wconf 89' lang='lat' dir='ltr'><strong><em>esse</em></strong></span> <span class='ocrx_word' id='word_1_238' title='bbox 1237 3415 1568 3469; x_wconf 86' lang='lat' dir='ltr'><strong><em>Creatorem.</em></strong></span> <span class='ocrx_word' id='word_1_239' title='bbox 1595 3414 1720 3469; x_wconf 88' lang='lat' dir='ltr'><strong><em>Ideo</em></strong></span> <span class='ocrx_word' id='word_1_240' title='bbox 1743 3415 2021 3485; x_wconf 77' lang='lat' dir='ltr'><strong><em>utriusque</em></strong></span> 
     </span>
    </p>
   </div>
   <div class='ocr_carea' id='block_1_34' title="bbox 424 3509 2018 3579">
    <p class='ocr_par' dir='ltr' id='par_1_34' title="bbox 424 3509 2018 3579">
     <span class='ocr_line' id='line_1_34' title="bbox 424 3509 2018 3579; baseline -0.001 -15"><span class='ocrx_word' id='word_1_241' title='bbox 424 3519 627 3564; x_wconf 70' lang='lat' dir='ltr'><strong><em>naturae</em></strong></span> <span class='ocrx_word' id='word_1_242' title='bbox 658 3509 1046 3578; x_wconf 87' lang='lat' dir='ltr'><strong><em>providentiam</em></strong></span> <span class='ocrx_word' id='word_1_243' title='bbox 1069 3509 1322 3579; x_wconf 77' lang='lat' dir='ltr'><strong><em>gerebat,</em></strong></span> <span class='ocrx_word' id='word_1_244' title='bbox 1350 3524 1492 3563; x_wconf 91' lang='lat' dir='ltr'><strong><em>nunc</em></strong></span> <span class='ocrx_word' id='word_1_245' title='bbox 1517 3509 1676 3576; x_wconf 89' lang='lat' dir='ltr'><strong><em>hanc,</em></strong></span> <span class='ocrx_word' id='word_1_246' title='bbox 1706 3524 1848 3563; x_wconf 89' lang='lat' dir='ltr'><strong><em>nunc</em></strong></span> <span class='ocrx_word' id='word_1_247' title='bbox 1875 3509 2018 3563; x_wconf 87' lang='lat' dir='ltr'><strong><em>illam</em></strong></span> 
     </span>
    </p>
   </div>
   <div class='ocr_carea' id='block_1_35' title="bbox 425 3600 2017 3672">
    <p class='ocr_par' dir='ltr' id='par_1_35' title="bbox 425 3600 2017 3672">
     <span class='ocr_line' id='line_1_35' title="bbox 425 3600 2017 3672; baseline -0.001 -14"><span class='ocrx_word' id='word_1_248' title='bbox 425 3602 736 3658; x_wconf 73' lang='lat' dir='ltr'><strong><em>emendatus.</em></strong></span> <span class='ocrx_word' id='word_1_249' title='bbox 761 3600 914 3668; x_wconf 85' lang='lat' dir='ltr'><strong><em>Quod</em></strong></span> <span class='ocrx_word' id='word_1_250' title='bbox 947 3611 1072 3656; x_wconf 90' lang='lat' dir='ltr'><strong><em>tunc</em></strong></span> <span class='ocrx_word' id='word_1_251' title='bbox 1101 3606 1261 3656; x_wconf 90' lang='lat' dir='ltr'><strong><em>etiam</em></strong></span> <span class='ocrx_word' id='word_1_252' title='bbox 1295 3601 1542 3657; x_wconf 80' lang='lat' dir='ltr'><strong><em>faciebat.</em></strong></span> <span class='ocrx_word' id='word_1_253' title='bbox 1577 3601 1709 3656; x_wconf 85' lang='lat' dir='ltr'><strong><em>Nam</em></strong></span> <span class='ocrx_word' id='word_1_254' title='bbox 1737 3602 1979 3672; x_wconf 83' lang='lat' dir='ltr'><strong><em>Aperiens</em></strong></span> <span class='ocrx_word' id='word_1_255' title='bbox 2003 3643 2017 3667; x_wconf 93' lang='lat'><strong><em>,</em></strong></span> 
     </span>
    </p>
   </div>
   <div class='ocr_carea' id='block_1_36' title="bbox 426 3693 2014 3765">
    <p class='ocr_par' dir='ltr' id='par_1_36' title="bbox 426 3693 2014 3765">
     <span class='ocr_line' id='line_1_36' title="bbox 426 3693 2014 3765; baseline -0.002 -16"><span class='ocrx_word' id='word_1_256' title='bbox 426 3694 616 3765; x_wconf 89' lang='lat' dir='ltr'><strong><em>inquit,</em></strong></span> <span class='ocrx_word' id='word_1_257' title='bbox 635 3711 691 3749; x_wconf 91' lang='lat' dir='ltr'><strong><em>os</em></strong></span> <span class='ocrx_word' id='word_1_258' title='bbox 709 3711 855 3748; x_wconf 89' lang='lat' dir='ltr'><strong><em>suum</em></strong></span> <span class='ocrx_word' id='word_1_259' title='bbox 879 3695 1088 3748; x_wconf 83' lang='lat' dir='ltr'><strong><em>docebat</em></strong></span> <span class='ocrx_word' id='word_1_260' title='bbox 1109 3711 1212 3748; x_wconf 87' lang='lat' dir='ltr'><strong><em>eos.</em></strong></span> <span class='ocrx_word' id='word_1_261' title='bbox 1241 3694 1310 3748; x_wconf 87' lang='lat' dir='ltr'><strong><em>Et</em></strong></span> <span class='ocrx_word' id='word_1_262' title='bbox 1329 3711 1430 3764; x_wconf 88' lang='lat' dir='ltr'><strong><em>qua</em></strong></span> <span class='ocrx_word' id='word_1_263' title='bbox 1457 3696 1523 3749; x_wconf 90' lang='lat' dir='ltr'><strong><em>de</em></strong></span> <span class='ocrx_word' id='word_1_264' title='bbox 1549 3709 1710 3749; x_wconf 74' lang='lat' dir='ltr'><strong><em>causa</em></strong></span> <span class='ocrx_word' id='word_1_265' title='bbox 1735 3695 1821 3749; x_wconf 90' lang='lat' dir='ltr'><strong><em>hic</em></strong></span> <span class='ocrx_word' id='word_1_266' title='bbox 1843 3693 2014 3761; x_wconf 87' lang='lat' dir='ltr'><strong><em>addit,</em></strong></span> 
     </span>
    </p>
   </div>
   <div class='ocr_carea' id='block_1_37' title="bbox 426 3786 2018 3858">
    <p class='ocr_par' dir='ltr' id='par_1_37' title="bbox 426 3786 2018 3858">
     <span class='ocr_line' id='line_1_37' title="bbox 426 3786 2018 3858; baseline -0.001 -16"><span class='ocrx_word' id='word_1_267' title='bbox 426 3787 670 3858; x_wconf 83' lang='lat' dir='ltr'><strong><em>Aperiens</em></strong></span> <span class='ocrx_word' id='word_1_268' title='bbox 699 3803 754 3841; x_wconf 86' lang='lat' dir='ltr'><strong><em>os</em></strong></span> <span class='ocrx_word' id='word_1_269' title='bbox 777 3788 966 3841; x_wconf 86' lang='lat' dir='ltr'><strong><em>suum?</em></strong></span> <span class='ocrx_word' id='word_1_270' title='bbox 987 3786 1056 3842; x_wconf 91' lang='lat' dir='ltr'><strong><em>Ut</em></strong></span> <span class='ocrx_word' id='word_1_271' title='bbox 1080 3788 1256 3842; x_wconf 87' lang='lat' dir='ltr'><strong><em>discas</em></strong></span> <span class='ocrx_word' id='word_1_272' title='bbox 1285 3802 1406 3841; x_wconf 89' lang='lat' dir='ltr'><strong><em>eum</em></strong></span> <span class='ocrx_word' id='word_1_273' title='bbox 1433 3789 1593 3841; x_wconf 88' lang='lat' dir='ltr'><strong><em>etiam</em></strong></span> <span class='ocrx_word' id='word_1_274' title='bbox 1623 3795 1886 3841; x_wconf 85' lang='lat' dir='ltr'><strong><em>tacentem</em></strong></span> <span class='ocrx_word' id='word_1_275' title='bbox 1918 3786 2018 3841; x_wconf 92' lang='lat' dir='ltr'><strong><em>do-</em></strong></span> 
     </span>
    </p>
   </div>
   <div class='ocr_carea' id='block_1_38' title="bbox 424 3878 2018 3949">
    <p class='ocr_par' dir='ltr' id='par_1_38' title="bbox 424 3878 2018 3949">
     <span class='ocr_line' id='line_1_38' title="bbox 424 3878 2018 3949; baseline -0.002 -13"><span class='ocrx_word' id='word_1_276' title='bbox 424 3881 622 3945; x_wconf 87' lang='lat' dir='ltr'><strong><em>cuisse,</em></strong></span> <span class='ocrx_word' id='word_1_277' title='bbox 655 3894 754 3934; x_wconf 89' lang='lat' dir='ltr'><strong><em>nec</em></strong></span> <span class='ocrx_word' id='word_1_278' title='bbox 785 3878 944 3934; x_wconf 90' lang='lat' dir='ltr'><strong><em>modo</em></strong></span> <span class='ocrx_word' id='word_1_279' title='bbox 971 3880 1307 3949; x_wconf 89' lang='lat' dir='ltr'><strong><em>loquentem;</em></strong></span> <span class='ocrx_word' id='word_1_280' title='bbox 1336 3878 1428 3932; x_wconf 89' lang='lat' dir='ltr'><strong><em>sed</em></strong></span> <span class='ocrx_word' id='word_1_281' title='bbox 1457 3893 1598 3932; x_wconf 91' lang='lat' dir='ltr'><strong><em>nunc</em></strong></span> <span class='ocrx_word' id='word_1_282' title='bbox 1623 3893 1685 3932; x_wconf 82' lang='lat' dir='ltr'><strong><em>os</em></strong></span> <span class='ocrx_word' id='word_1_283' title='bbox 1710 3878 1983 3948; x_wconf 88' lang='lat' dir='ltr'><strong><em>aperuisse</em></strong></span> <span class='ocrx_word' id='word_1_284' title='bbox 2005 3921 2018 3942; x_wconf 91' lang='lat'><strong><em>,</em></strong></span> 
     </span>
    </p>
   </div>
   <div class='ocr_carea' id='block_1_39' title="bbox 425 3969 2017 4041">
    <p class='ocr_par' dir='ltr' id='par_1_39' title="bbox 425 3969 2017 4041">
     <span class='ocr_line' id='line_1_39' title="bbox 425 3969 2017 4041; baseline 0 -16"><span class='ocrx_word' id='word_1_285' title='bbox 425 3985 563 4025; x_wconf 90' lang='lat' dir='ltr'><strong><em>nunc</em></strong></span> <span class='ocrx_word' id='word_1_286' title='bbox 596 3984 686 4040; x_wconf 83' lang='lat' dir='ltr'><strong><em>per</em></strong></span> <span class='ocrx_word' id='word_1_287' title='bbox 712 3984 873 4040; x_wconf 82' lang='lat' dir='ltr'><strong><em>opera</em></strong></span> <span class='ocrx_word' id='word_1_288' title='bbox 898 3971 1010 4041; x_wconf 88' lang='lat' dir='ltr'><strong><em>ipsa</em></strong></span> <span class='ocrx_word' id='word_1_289' title='bbox 1042 3985 1225 4024; x_wconf 87' lang='lat' dir='ltr'><strong><em>vocem</em></strong></span> <span class='ocrx_word' id='word_1_290' title='bbox 1252 3971 1513 4024; x_wconf 87' lang='lat' dir='ltr'><strong><em>emisisse.</em></strong></span> <span class='ocrx_word' id='word_1_291' title='bbox 1545 3969 1676 4024; x_wconf 88' lang='lat' dir='ltr'><strong><em>Cum</em></strong></span> <span class='ocrx_word' id='word_1_292' title='bbox 1699 3969 1849 4025; x_wconf 89' lang='lat' dir='ltr'><strong><em>audis</em></strong></span> <span class='ocrx_word' id='word_1_293' title='bbox 1868 3985 2017 4037; x_wconf 85' lang='lat' dir='ltr'><strong><em>vero,</em></strong></span> 
     </span>
    </p>
   </div>
   <div class='ocr_carea' id='block_1_40' title="bbox 426 4061 2016 4133">
    <p class='ocr_par' dir='ltr' id='par_1_40' title="bbox 426 4061 2016 4133">
     <span class='ocr_line' id='line_1_40' title="bbox 426 4061 2016 4133; baseline 0.002 -19"><span class='ocrx_word' id='word_1_294' title='bbox 426 4061 644 4116; x_wconf 85' lang='lat' dir='ltr'><strong><em>Docebat</em></strong></span> <span class='ocrx_word' id='word_1_295' title='bbox 671 4079 774 4130; x_wconf 86' lang='lat' dir='ltr'><strong><em>eos,</em></strong></span> <span class='ocrx_word' id='word_1_296' title='bbox 805 4077 871 4118; x_wconf 92' lang='lat' dir='ltr'><strong><em>ne</em></strong></span> <span class='ocrx_word' id='word_1_297' title='bbox 891 4072 1044 4132; x_wconf 84' lang='lat' dir='ltr'><strong><em>putes</em></strong></span> <span class='ocrx_word' id='word_1_298' title='bbox 1073 4062 1244 4133; x_wconf 89' lang='lat' dir='ltr'><strong><em>ipsum</em></strong></span> <span class='ocrx_word' id='word_1_299' title='bbox 1270 4063 1413 4117; x_wconf 85' lang='lat' dir='ltr'><strong><em>solos</em></strong></span> <span class='ocrx_word' id='word_1_300' title='bbox 1449 4061 1741 4132; x_wconf 87' lang='lat' dir='ltr'><strong><em>discipulos</em></strong></span> <span class='ocrx_word' id='word_1_301' title='bbox 1777 4061 1974 4132; x_wconf 90' lang='lat' dir='ltr'><strong><em>alloqui</em></strong></span> <span class='ocrx_word' id='word_1_302' title='bbox 2001 4079 2016 4127; x_wconf 90' lang='lat'><strong><em>;</em></strong></span> 
     </span>
    </p>
   </div>
   <div class='ocr_carea' id='block_1_41' title="bbox 423 4153 2020 4224">
    <p class='ocr_par' dir='ltr' id='par_1_41' title="bbox 423 4153 2020 4224">
     <span class='ocr_line' id='line_1_41' title="bbox 423 4153 2020 4224; baseline 0.001 -17"><span class='ocrx_word' id='word_1_303' title='bbox 423 4153 516 4208; x_wconf 89' lang='lat' dir='ltr'><strong><em>sed</em></strong></span> <span class='ocrx_word' id='word_1_304' title='bbox 551 4168 643 4222; x_wconf 89' lang='lat' dir='ltr'><strong><em>per</em></strong></span> <span class='ocrx_word' id='word_1_305' title='bbox 672 4153 810 4218; x_wconf 91' lang='lat' dir='ltr'><strong><em>illos,</em></strong></span> <span class='ocrx_word' id='word_1_306' title='bbox 838 4154 971 4207; x_wconf 89' lang='lat' dir='ltr'><strong><em>alios</em></strong></span> <span class='ocrx_word' id='word_1_307' title='bbox 1002 4169 1209 4208; x_wconf 87' lang='lat' dir='ltr'><strong><em>omnes.</em></strong></span> <span class='ocrx_word' id='word_1_308' title='bbox 1235 4153 1367 4220; x_wconf 83' lang='lat' dir='ltr'><strong><em>Quia</em></strong></span> <span class='ocrx_word' id='word_1_309' title='bbox 1396 4154 1540 4208; x_wconf 91' lang='lat' dir='ltr'><strong><em>enim</em></strong></span> <span class='ocrx_word' id='word_1_310' title='bbox 1571 4153 1725 4208; x_wconf 88' lang='lat' dir='ltr'><strong><em>turba</em></strong></span> <span class='ocrx_word' id='word_1_311' title='bbox 1750 4154 2020 4224; x_wconf 83' lang='lat' dir='ltr'><strong><em>popularis</em></strong></span> 
     </span>
    </p>
   </div>
   <div class='ocr_carea' id='block_1_42' title="bbox 424 4247 2020 4317">
    <p class='ocr_par' dir='ltr' id='par_1_42' title="bbox 424 4247 2020 4317">
     <span class='ocr_line' id='line_1_42' title="bbox 424 4247 2020 4317; baseline 0 -16"><span class='ocrx_word' id='word_1_312' title='bbox 424 4259 538 4301; x_wconf 90' lang='lat' dir='ltr'><strong><em>erat</em></strong></span> <span class='ocrx_word' id='word_1_313' title='bbox 563 4287 580 4312; x_wconf 94' lang='lat'><strong><em>,</em></strong></span> <span class='ocrx_word' id='word_1_314' title='bbox 611 4263 674 4301; x_wconf 84' lang='lat' dir='ltr'><strong><em>ex</em></strong></span> <span class='ocrx_word' id='word_1_315' title='bbox 702 4261 886 4302; x_wconf 91' lang='lat' dir='ltr'><strong><em>eorum</em></strong></span> <span class='ocrx_word' id='word_1_316' title='bbox 918 4262 1142 4301; x_wconf 86' lang='lat' dir='ltr'><strong><em>numero</em></strong></span> <span class='ocrx_word' id='word_1_317' title='bbox 1171 4248 1260 4317; x_wconf 93' lang='lat' dir='ltr'><strong><em>qui</em></strong></span> <span class='ocrx_word' id='word_1_318' title='bbox 1295 4247 1437 4301; x_wconf 90' lang='lat' dir='ltr'><strong><em>humi</em></strong></span> <span class='ocrx_word' id='word_1_319' title='bbox 1469 4247 1760 4317; x_wconf 89' lang='lat' dir='ltr'><strong><em>repcbant,</em></strong></span> <span class='ocrx_word' id='word_1_320' title='bbox 1789 4247 2020 4317; x_wconf 84' lang='lat' dir='ltr'><strong><em>discipu-</em></strong></span> 
     </span>
    </p>
   </div>
   <div class='ocr_carea' id='block_1_43' title="bbox 423 4337 2016 4402">
    <p class='ocr_par' dir='ltr' id='par_1_43' title="bbox 423 4337 2016 4402">
     <span class='ocr_line' id='line_1_43' title="bbox 423 4337 2016 4402; baseline 0.001 -10"><span class='ocrx_word' id='word_1_321' title='bbox 423 4338 597 4392; x_wconf 92' lang='lat' dir='ltr'><strong><em>lorum</em></strong></span> <span class='ocrx_word' id='word_1_322' title='bbox 623 4337 848 4393; x_wconf 91' lang='lat' dir='ltr'><strong><em>chorum</em></strong></span> <span class='ocrx_word' id='word_1_323' title='bbox 871 4349 996 4392; x_wconf 91' lang='lat' dir='ltr'><strong><em>ante</em></strong></span> <span class='ocrx_word' id='word_1_324' title='bbox 1019 4353 1078 4392; x_wconf 89' lang='lat' dir='ltr'><strong><em>se</em></strong></span> <span class='ocrx_word' id='word_1_325' title='bbox 1097 4338 1448 4402; x_wconf 88' lang='lat' dir='ltr'><strong><em>constituens,</em></strong></span> <span class='ocrx_word' id='word_1_326' title='bbox 1473 4339 1538 4396; x_wconf 84' lang='lat' dir='ltr'><strong><em>ad</em></strong></span> <span class='ocrx_word' id='word_1_327' title='bbox 1562 4339 1683 4392; x_wconf 91' lang='lat' dir='ltr'><strong><em>illos</em></strong></span> <span class='ocrx_word' id='word_1_328' title='bbox 1713 4353 2016 4393; x_wconf 84' lang='lat' dir='ltr'><strong><em>sermonem</em></strong></span> 
     </span>
    </p>
   </div>
   <div class='ocr_carea' id='block_1_44' title="bbox 425 4427 2014 4498">
    <p class='ocr_par' dir='ltr' id='par_1_44' title="bbox 425 4427 2014 4498">
     <span class='ocr_line' id='line_1_44' title="bbox 425 4427 2014 4498; baseline -0.001 -14"><span class='ocrx_word' id='word_1_329' title='bbox 425 4429 624 4498; x_wconf 85' lang='lat' dir='ltr'><strong><em>dirigit,</em></strong></span> <span class='ocrx_word' id='word_1_330' title='bbox 652 4427 814 4483; x_wconf 85' lang='lat' dir='ltr'><strong><em>verba</em></strong></span> <span class='ocrx_word' id='word_1_331' title='bbox 844 4443 937 4481; x_wconf 90' lang='lat' dir='ltr'><strong><em>sua</em></strong></span> <span class='ocrx_word' id='word_1_332' title='bbox 970 4428 1038 4481; x_wconf 90' lang='lat' dir='ltr'><strong><em>ita</em></strong></span> <span class='ocrx_word' id='word_1_333' title='bbox 1069 4437 1396 4497; x_wconf 86' lang='lat' dir='ltr'><strong><em>temperans.</em></strong></span> <span class='ocrx_word' id='word_1_334' title='bbox 1426 4437 1483 4482; x_wconf 92' lang='lat' dir='ltr'><strong><em>ut</em></strong></span> <span class='ocrx_word' id='word_1_335' title='bbox 1505 4429 1716 4483; x_wconf 72' lang='lat' dir='ltr'><strong><em>cmteris</em></strong></span> <span class='ocrx_word' id='word_1_336' title='bbox 1746 4429 2014 4496; x_wconf 89' lang='lat' dir='ltr'><strong><em>omnibus,</em></strong></span> 
     </span>
    </p>
   </div>
   <div class='ocr_carea' id='block_1_45' title="bbox 424 4519 2016 4593">
    <p class='ocr_par' dir='ltr' id='par_1_45' title="bbox 424 4519 2016 4593">
     <span class='ocr_line' id='line_1_45' title="bbox 424 4519 2016 4593; baseline 0.001 -21"><span class='ocrx_word' id='word_1_337' title='bbox 424 4521 511 4593; x_wconf 89' lang='lat' dir='ltr'><strong><em>qui</em></strong></span> <span class='ocrx_word' id='word_1_338' title='bbox 541 4522 592 4575; x_wconf 89' lang='lat' dir='ltr'><strong><em>in</em></strong></span> <span class='ocrx_word' id='word_1_339' title='bbox 617 4519 697 4574; x_wconf 89' lang='lat' dir='ltr'><strong><em>his</em></strong></span> <span class='ocrx_word' id='word_1_340' title='bbox 720 4519 1005 4574; x_wconf 90' lang='lat' dir='ltr'><strong><em>admodum</em></strong></span> <span class='ocrx_word' id='word_1_341' title='bbox 1030 4521 1186 4574; x_wconf 87' lang='lat' dir='ltr'><strong><em>rudes</em></strong></span> <span class='ocrx_word' id='word_1_342' title='bbox 1207 4529 1377 4584; x_wconf 86' lang='lat' dir='ltr'><strong><em>erant,</em></strong></span> <span class='ocrx_word' id='word_1_343' title='bbox 1401 4519 1754 4589; x_wconf 67' lang='lat' dir='ltr'><strong><em>philosophice</em></strong></span> <span class='ocrx_word' id='word_1_344' title='bbox 1777 4520 2016 4574; x_wconf 87' lang='lat' dir='ltr'><strong><em>doctrina</em></strong></span> 
     </span>
    </p>
   </div>
   <div class='ocr_carea' id='block_1_46' title="bbox 426 4609 2019 4677">
    <p class='ocr_par' dir='ltr' id='par_1_46' title="bbox 426 4609 2019 4677">
     <span class='ocr_line' id='line_1_46' title="bbox 426 4609 2019 4677; baseline -0.001 -11"><span class='ocrx_word' id='word_1_345' title='bbox 426 4627 530 4666; x_wconf 86' lang='lat' dir='ltr'><strong><em>non</em></strong></span> <span class='ocrx_word' id='word_1_346' title='bbox 560 4612 783 4666; x_wconf 87' lang='lat' dir='ltr'><strong><em>molesta</em></strong></span> <span class='ocrx_word' id='word_1_347' title='bbox 808 4623 970 4665; x_wconf 85' lang='lat' dir='ltr'><strong><em>esset.</em></strong></span> <span class='ocrx_word' id='word_1_348' title='bbox 1003 4611 1155 4677; x_wconf 91' lang='lat' dir='ltr'><strong><em>Quod</em></strong></span> <span class='ocrx_word' id='word_1_349' title='bbox 1186 4609 1345 4664; x_wconf 87' lang='lat' dir='ltr'><strong><em>etiam</em></strong></span> <span class='ocrx_word' id='word_1_350' title='bbox 1373 4611 1544 4665; x_wconf 86' lang='lat' dir='ltr'><strong><em>Lucas</em></strong></span> <span class='ocrx_word' id='word_1_351' title='bbox 1570 4611 1912 4666; x_wconf 80' lang='lat' dir='ltr'><strong><em>subindieans</em></strong></span> <span class='ocrx_word' id='word_1_352' title='bbox 1937 4612 2019 4665; x_wconf 87' lang='lat' dir='ltr'><strong><em>di-</em></strong></span> 
     </span>
    </p>
   </div>
   <div class='ocr_carea' id='block_1_47' title="bbox 423 4701 2010 4776">
    <p class='ocr_par' dir='ltr' id='par_1_47' title="bbox 423 4701 2010 4776">
     <span class='ocr_line' id='line_1_47' title="bbox 423 4701 2010 4776; baseline -0.003 -15"><span class='ocrx_word' id='word_1_353' title='bbox 423 4705 609 4770; x_wconf 86' lang='lat' dir='ltr'><strong><em>cebat,</em></strong></span> <span class='ocrx_word' id='word_1_354' title='bbox 638 4705 809 4776; x_wconf 90' lang='lat' dir='ltr'><strong><em>ipsum</em></strong></span> <span class='ocrx_word' id='word_1_355' title='bbox 839 4719 1143 4758; x_wconf 87' lang='lat' dir='ltr'><strong><em>sermonem</em></strong></span> <span class='ocrx_word' id='word_1_356' title='bbox 1175 4703 1240 4756; x_wconf 89' lang='lat' dir='ltr'><strong><em>ad</em></strong></span> <span class='ocrx_word' id='word_1_357' title='bbox 1270 4717 1365 4756; x_wconf 86' lang='lat' dir='ltr'><strong><em>eos</em></strong></span> <span class='ocrx_word' id='word_1_358' title='bbox 1390 4703 1719 4757; x_wconf 80' lang='lat' dir='ltr'><strong><em>convertisse</em></strong></span> <span class='ocrx_word' id='word_1_359' title='bbox 1764 4703 1782 4772; x_wconf 92' lang='lat'>(</span> <span class='ocrx_word' id='word_1_360' title='bbox 1807 4701 1928 4756; x_wconf 90' lang='lat' dir='ltr'><strong><em>Luc.</em></strong></span> <span class='ocrx_word' id='word_1_361' title='bbox 1959 4705 2010 4757; x_wconf 78' lang='grc' dir='ltr'><strong>ϐ.</strong></span> 
     </span>
    </p>
   </div>
   <div class='ocr_carea' id='block_1_48' title="bbox 422 4794 2017 4870">
    <p class='ocr_par' dir='ltr' id='par_1_48' title="bbox 422 4794 2017 4870">
     <span class='ocr_line' id='line_1_48' title="bbox 422 4794 2017 4870; baseline -0.003 -17"><span class='ocrx_word' id='word_1_362' title='bbox 422 4796 536 4870; x_wconf 73' lang='grc'><strong><em>27)</em></strong></span> <span class='ocrx_word' id='word_1_363' title='bbox 575 4816 587 4852; x_wconf 91' lang='lat'><strong>:</strong></span> <span class='ocrx_word' id='word_1_364' title='bbox 620 4807 674 4853; x_wconf 87' lang='lat' dir='ltr'><strong><em>et</em></strong></span> <span class='ocrx_word' id='word_1_365' title='bbox 703 4797 987 4853; x_wconf 72' lang='lat' dir='ltr'><strong><em>Matthmus</em></strong></span> <span class='ocrx_word' id='word_1_366' title='bbox 1015 4794 1244 4866; x_wconf 83' lang='lat' dir='ltr'><strong><em>idipsum</em></strong></span> <span class='ocrx_word' id='word_1_367' title='bbox 1275 4795 1601 4865; x_wconf 73' lang='lat' dir='ltr'><strong><em>signiﬁcans,</em></strong></span> <span class='ocrx_word' id='word_1_368' title='bbox 1631 4794 1764 4848; x_wconf 79' lang='lat' dir='ltr'><strong><em>dixit</em></strong></span> <span class='ocrx_word' id='word_1_369' title='bbox 1796 4813 1808 4848; x_wconf 88' lang='lat'>:</span> <span class='ocrx_word' id='word_1_370' title='bbox 1838 4795 2017 4849; x_wconf 85' lang='lat' dir='ltr'><strong><em>Acces-</em></strong></span> 
     </span>
    </p>
   </div>
   <div class='ocr_carea' id='block_1_49' title="bbox 423 4886 2014 4959">
    <p class='ocr_par' dir='ltr' id='par_1_49' title="bbox 423 4886 2014 4959">
     <span class='ocr_line' id='line_1_49' title="bbox 423 4886 2014 4959; baseline -0.004 -13"><span class='ocrx_word' id='word_1_371' title='bbox 423 4901 596 4946; x_wconf 79' lang='lat' dir='ltr'><strong><em>serant</em></strong></span> <span class='ocrx_word' id='word_1_372' title='bbox 631 4892 697 4944; x_wconf 90' lang='lat' dir='ltr'><strong><em>ad</em></strong></span> <span class='ocrx_word' id='word_1_373' title='bbox 726 4906 839 4944; x_wconf 87' lang='lat' dir='ltr'><strong><em>eum</em></strong></span> <span class='ocrx_word' id='word_1_374' title='bbox 870 4889 1106 4959; x_wconf 82' lang='lat' dir='ltr'><strong><em>discipuli</em></strong></span> <span class='ocrx_word' id='word_1_375' title='bbox 1153 4888 1284 4958; x_wconf 87' lang='lat' dir='ltr'><strong><em>ejus,</em></strong></span> <span class='ocrx_word' id='word_1_376' title='bbox 1325 4897 1368 4940; x_wconf 89' lang='lat' dir='ltr'><strong><em>et</em></strong></span> <span class='ocrx_word' id='word_1_377' title='bbox 1397 4887 1606 4941; x_wconf 88' lang='lat' dir='ltr'><strong><em>docebat</em></strong></span> <span class='ocrx_word' id='word_1_378' title='bbox 1638 4903 1740 4940; x_wconf 88' lang='lat' dir='ltr'><strong><em>eos.</em></strong></span> <span class='ocrx_word' id='word_1_379' title='bbox 1770 4886 1844 4941; x_wconf 84' lang='lat' dir='ltr'><strong><em>Ita</em></strong></span> <span class='ocrx_word' id='word_1_380' title='bbox 1873 4888 2014 4941; x_wconf 85' lang='lat' dir='ltr'><strong><em>enim</em></strong></span> 
     </span>
    </p>
   </div>
   <div class='ocr_carea' id='block_1_50' title="bbox 421 4978 2017 5048">
    <p class='ocr_par' dir='ltr' id='par_1_50' title="bbox 421 4978 2017 5048">
     <span class='ocr_line' id='line_1_50' title="bbox 421 4978 2017 5048; baseline -0.003 -9"><span class='ocrx_word' id='word_1_381' title='bbox 421 4983 600 5039; x_wconf 66' lang='lat' dir='ltr'><strong><em>ueteri</em></strong></span> <span class='ocrx_word' id='word_1_382' title='bbox 642 4983 894 5038; x_wconf 87' lang='lat' dir='ltr'><strong><em>attentius</em></strong></span> <span class='ocrx_word' id='word_1_383' title='bbox 929 4980 1158 5036; x_wconf 89' lang='lat' dir='ltr'><strong><em>audituri</em></strong></span> <span class='ocrx_word' id='word_1_384' title='bbox 1187 4987 1378 5043; x_wconf 88' lang='lat' dir='ltr'><strong><em>erant,</em></strong></span> <span class='ocrx_word' id='word_1_385' title='bbox 1424 4993 1581 5048; x_wconf 89' lang='lat' dir='ltr'><strong><em>quam</em></strong></span> <span class='ocrx_word' id='word_1_386' title='bbox 1631 4978 1676 5033; x_wconf 89' lang='lat' dir='ltr'><strong><em>si</em></strong></span> <span class='ocrx_word' id='word_1_387' title='bbox 1719 4979 1784 5032; x_wconf 88' lang='lat' dir='ltr'><strong><em>ad</em></strong></span> <span class='ocrx_word' id='word_1_388' title='bbox 1829 4993 2017 5034; x_wconf 89' lang='lat' dir='ltr'><strong><em>omnes</em></strong></span> 
     </span>
    </p>
   </div>
   <div class='ocr_carea' id='block_1_51' title="bbox 421 5071 2015 5142">
    <p class='ocr_par' dir='ltr' id='par_1_51' title="bbox 421 5071 2015 5142">
     <span class='ocr_line' id='line_1_51' title="bbox 421 5071 2015 5142; baseline -0.003 -13"><span class='ocrx_word' id='word_1_389' title='bbox 421 5074 584 5131; x_wconf 76' lang='lat' dir='ltr'><strong><em>verba</em></strong></span> <span class='ocrx_word' id='word_1_390' title='bbox 619 5073 921 5129; x_wconf 80' lang='lat' dir='ltr'><strong><em>direxisset.</em></strong></span> <span class='ocrx_word' id='word_1_391' title='bbox 956 5072 1105 5129; x_wconf 89' lang='lat' dir='ltr'><strong><em>Unde</em></strong></span> <span class='ocrx_word' id='word_1_392' title='bbox 1131 5087 1261 5142; x_wconf 79' lang='lat' dir='ltr'><strong><em>ergo</em></strong></span> <span class='ocrx_word' id='word_1_393' title='bbox 1286 5072 1462 5140; x_wconf 79' lang='lat' dir='ltr'><strong><em>incipit</em></strong></span> <span class='ocrx_word' id='word_1_394' title='bbox 1489 5113 1504 5136; x_wconf 90' lang='lat'><strong><em>,</em></strong></span> <span class='ocrx_word' id='word_1_395' title='bbox 1540 5081 1594 5126; x_wconf 91' lang='lat' dir='ltr'><strong><em>et</em></strong></span> <span class='ocrx_word' id='word_1_396' title='bbox 1632 5086 1752 5141; x_wconf 63' lang='lat' dir='ltr'><strong><em>qua}</em></strong></span> <span class='ocrx_word' id='word_1_397' title='bbox 1778 5071 1899 5124; x_wconf 71' lang='lat' dir='ltr'><strong><em>novi</em></strong></span> <span class='ocrx_word' id='word_1_398' title='bbox 1932 5071 2015 5124; x_wconf 89' lang='lat' dir='ltr'><strong><em>in-</em></strong></span> 
     </span>
    </p>
   </div>
   <div class='ocr_carea' id='block_1_52' title="bbox 422 5163 2017 5234">
    <p class='ocr_par' dir='ltr' id='par_1_52' title="bbox 422 5163 2017 5234">
     <span class='ocr_line' id='line_1_52' title="bbox 422 5163 2017 5234; baseline -0.004 -11"><span class='ocrx_word' id='word_1_399' title='bbox 422 5167 592 5224; x_wconf 88' lang='lat' dir='ltr'><strong><em>stituti</em></strong></span> <span class='ocrx_word' id='word_1_400' title='bbox 622 5166 964 5221; x_wconf 79' lang='lat' dir='ltr'><strong><em>fundamenta</em></strong></span> <span class='ocrx_word' id='word_1_401' title='bbox 995 5165 1150 5219; x_wconf 91' lang='lat' dir='ltr'><strong><em>nobis</em></strong></span> <span class='ocrx_word' id='word_1_402' title='bbox 1184 5165 1375 5234; x_wconf 88' lang='lat' dir='ltr'><strong><em>ponit?</em></strong></span> <span class='ocrx_word' id='word_1_403' title='bbox 1405 5163 1695 5218; x_wconf 87' lang='lat' dir='ltr'><strong><em>Audiamus</em></strong></span> <span class='ocrx_word' id='word_1_404' title='bbox 1735 5164 2017 5234; x_wconf 80' lang='lat' dir='ltr'><strong><em>diligenter</em></strong></span> 
     </span>
    </p>
   </div>
   <div class='ocr_carea' id='block_1_53' title="bbox 421 5254 2016 5330">
    <p class='ocr_par' dir='ltr' id='par_1_53' title="bbox 421 5254 2016 5330">
     <span class='ocr_line' id='line_1_53' title="bbox 421 5254 2016 5330; baseline -0.004 -16"><span class='ocrx_word' id='word_1_405' title='bbox 421 5274 486 5316; x_wconf 84' lang='lat' dir='ltr'><strong><em>ea</em></strong></span> <span class='ocrx_word' id='word_1_406' title='bbox 513 5273 632 5330; x_wconf 73' lang='lat' dir='ltr'><strong><em>qum</em></strong></span> <span class='ocrx_word' id='word_1_407' title='bbox 659 5258 908 5312; x_wconf 86' lang='lat' dir='ltr'><strong><em>dicuntur</em></strong></span> <span class='ocrx_word' id='word_1_408' title='bbox 935 5273 948 5309; x_wconf 93' lang='lat'><strong>:</strong></span> <span class='ocrx_word' id='word_1_409' title='bbox 982 5255 1088 5310; x_wconf 78' lang='lat' dir='ltr'><strong><em>illis</em></strong></span> <span class='ocrx_word' id='word_1_410' title='bbox 1116 5271 1344 5325; x_wconf 88' lang='lat' dir='ltr'><strong><em>namque</em></strong></span> <span class='ocrx_word' id='word_1_411' title='bbox 1385 5254 1525 5311; x_wconf 88' lang='lat' dir='ltr'><strong><em>dicta</em></strong></span> <span class='ocrx_word' id='word_1_412' title='bbox 1555 5265 1708 5321; x_wconf 90' lang='lat' dir='ltr'><strong><em>sunt,</em></strong></span> <span class='ocrx_word' id='word_1_413' title='bbox 1739 5265 1793 5308; x_wconf 91' lang='lat' dir='ltr'><strong><em>et</em></strong></span> <span class='ocrx_word' id='word_1_414' title='bbox 1821 5256 2016 5325; x_wconf 88' lang='lat' dir='ltr'><strong><em>scripta</em></strong></span> 
     </span>
    </p>
   </div>
   <div class='ocr_carea' id='block_1_54' title="bbox 422 5347 2016 5422">
    <p class='ocr_par' dir='ltr' id='par_1_54' title="bbox 422 5347 2016 5422">
     <span class='ocr_line' id='line_1_54' title="bbox 422 5347 2016 5422; baseline -0.004 -14"><span class='ocrx_word' id='word_1_415' title='bbox 422 5361 546 5408; x_wconf 82' lang='lat' dir='ltr'><strong><em>sunt</em></strong></span> <span class='ocrx_word' id='word_1_416' title='bbox 597 5367 694 5422; x_wconf 92' lang='lat' dir='ltr'><strong><em>pro</em></strong></span> <span class='ocrx_word' id='word_1_417' title='bbox 745 5349 994 5405; x_wconf 89' lang='lat' dir='ltr'><strong><em>omnibus</em></strong></span> <span class='ocrx_word' id='word_1_418' title='bbox 1024 5358 1144 5419; x_wconf 89' lang='lat' dir='ltr'><strong><em>post</em></strong></span> <span class='ocrx_word' id='word_1_419' title='bbox 1185 5348 1400 5403; x_wconf 78' lang='lat' dir='ltr'><strong><em>futuris.</em></strong></span> <span class='ocrx_word' id='word_1_420' title='bbox 1449 5347 1652 5402; x_wconf 91' lang='lat' dir='ltr'><strong><em>Idcirco</em></strong></span> <span class='ocrx_word' id='word_1_421' title='bbox 1693 5347 2016 5402; x_wconf 89' lang='lat' dir='ltr'><strong><em>concionans</em></strong></span> 
     </span>
    </p>
   </div>
   <div class='ocr_carea' id='block_1_55' title="bbox 421 5439 2017 5512">
    <p class='ocr_par' dir='ltr' id='par_1_55' title="bbox 421 5439 2017 5512">
     <span class='ocr_line' id='line_1_55' title="bbox 421 5439 2017 5512; baseline -0.003 -16"><span class='ocrx_word' id='word_1_422' title='bbox 421 5442 635 5512; x_wconf 87' lang='lat' dir='ltr'><strong><em>quidem</em></strong></span> <span class='ocrx_word' id='word_1_423' title='bbox 685 5441 979 5512; x_wconf 85' lang='lat' dir='ltr'><strong><em>discipulos</em></strong></span> <span class='ocrx_word' id='word_1_424' title='bbox 1017 5441 1338 5510; x_wconf 89' lang='lat' dir='ltr'><strong><em>alloquitur;</em></strong></span> <span class='ocrx_word' id='word_1_425' title='bbox 1391 5455 1565 5509; x_wconf 90' lang='lat' dir='ltr'><strong><em>neque</em></strong></span> <span class='ocrx_word' id='word_1_426' title='bbox 1606 5447 1782 5493; x_wconf 89' lang='lat' dir='ltr'><strong><em>tamen</em></strong></span> <span class='ocrx_word' id='word_1_427' title='bbox 1815 5439 1866 5492; x_wconf 92' lang='lat' dir='ltr'><strong><em>in</em></strong></span> <span class='ocrx_word' id='word_1_428' title='bbox 1912 5439 2017 5492; x_wconf 90' lang='lat' dir='ltr'><strong><em>illis</em></strong></span> 
     </span>
    </p>
   </div>
   <div class='ocr_carea' id='block_1_56' title="bbox 421 5530 2016 5597">
    <p class='ocr_par' dir='ltr' id='par_1_56' title="bbox 421 5530 2016 5597">
     <span class='ocr_line' id='line_1_56' title="bbox 421 5530 2016 5597; baseline -0.001 -12"><span class='ocrx_word' id='word_1_429' title='bbox 421 5535 563 5587; x_wconf 90' lang='lat' dir='ltr'><strong><em>dicta</em></strong></span> <span class='ocrx_word' id='word_1_430' title='bbox 600 5532 1030 5597; x_wconf 90' lang='lat' dir='ltr'><strong><em>circumscribit,</em></strong></span> <span class='ocrx_word' id='word_1_431' title='bbox 1080 5531 1173 5586; x_wconf 90' lang='lat' dir='ltr'><strong><em>scd</em></strong></span> <span class='ocrx_word' id='word_1_432' title='bbox 1206 5531 1617 5586; x_wconf 87' lang='lat' dir='ltr'><strong><em>indctcrminate</em></strong></span> <span class='ocrx_word' id='word_1_433' title='bbox 1659 5530 2016 5586; x_wconf 89' lang='lat' dir='ltr'><strong><em>beatitudines</em></strong></span> 
     </span>
    </p>
   </div>
   <div class='ocr_carea' id='block_1_57' title="bbox 422 5621 2016 5692">
    <p class='ocr_par' dir='ltr' id='par_1_57' title="bbox 422 5621 2016 5692">
     <span class='ocr_line' id='line_1_57' title="bbox 422 5621 2016 5692; baseline -0.001 -14"><span class='ocrx_word' id='word_1_434' title='bbox 422 5639 610 5678; x_wconf 77' lang='lat' dir='ltr'><strong><em>einncs</em></strong></span> <span class='ocrx_word' id='word_1_435' title='bbox 641 5624 858 5692; x_wconf 82' lang='lat' dir='ltr'><strong><em>profert.</em></strong></span> <span class='ocrx_word' id='word_1_436' title='bbox 904 5624 1019 5678; x_wconf 88' lang='lat' dir='ltr'><strong><em>Non</em></strong></span> <span class='ocrx_word' id='word_1_437' title='bbox 1050 5625 1189 5679; x_wconf 91' lang='lat' dir='ltr'><strong><em>enim</em></strong></span> <span class='ocrx_word' id='word_1_438' title='bbox 1221 5623 1357 5678; x_wconf 81' lang='lat' dir='ltr'><strong><em>dixit</em></strong></span> <span class='ocrx_word' id='word_1_439' title='bbox 1383 5665 1399 5692; x_wconf 96' lang='lat'><strong><em>,</em></strong></span> <span class='ocrx_word' id='word_1_440' title='bbox 1443 5622 1591 5678; x_wconf 89' lang='lat' dir='ltr'><strong><em>Beati</em></strong></span> <span class='ocrx_word' id='word_1_441' title='bbox 1641 5623 1770 5678; x_wconf 90' lang='lat' dir='ltr'><strong><em>estis</em></strong></span> <span class='ocrx_word' id='word_1_442' title='bbox 1799 5637 1895 5676; x_wconf 88' lang='lat' dir='ltr'><strong><em>vos</em></strong></span> <span class='ocrx_word' id='word_1_443' title='bbox 1923 5663 1938 5687; x_wconf 93' lang='lat'><strong><em>,</em></strong></span> <span class='ocrx_word' id='word_1_444' title='bbox 1970 5621 2016 5677; x_wconf 88' lang='lat' dir='ltr'><strong><em>si</em></strong></span> 
     </span>
    </p>
   </div>
   <div class='ocr_carea' id='block_1_58' title="bbox 491 5838 2011 5906">
    <p class='ocr_par' dir='ltr' id='par_1_58' title="bbox 491 5838 2011 5906">
     <span class='ocr_line' id='line_1_58' title="bbox 491 5838 2011 5906; baseline 0.001 -19"><span class='ocrx_word' id='word_1_445' title='bbox 491 5838 567 5900; x_wconf 74' lang='lat' dir='ltr'><strong><em>(tt)</em></strong></span> <span class='ocrx_word' id='word_1_446' title='bbox 599 5839 653 5888; x_wconf 82' lang='lat' dir='ltr'><strong><em>In</em></strong></span> <span class='ocrx_word' id='word_1_447' title='bbox 671 5841 774 5890; x_wconf 70' lang='lat' dir='ltr'><strong><em>hanc</em></strong></span> <span class='ocrx_word' id='word_1_448' title='bbox 797 5843 963 5906; x_wconf 78' lang='lat' dir='ltr'><strong><em>verba,</em></strong></span> <span class='ocrx_word' id='word_1_449' title='bbox 992 5841 1190 5894; x_wconf 83' lang='lat' dir='ltr'><strong><em>docebat</em></strong></span> <span class='ocrx_word' id='word_1_450' title='bbox 1214 5853 1311 5904; x_wconf 83' lang='lat' dir='ltr'><strong><em>eos,</em></strong></span> <span class='ocrx_word' id='word_1_451' title='bbox 1331 5840 1500 5892; x_wconf 86' lang='lat' dir='ltr'><strong><em>titulus</em></strong></span> <span class='ocrx_word' id='word_1_452' title='bbox 1521 5841 1705 5893; x_wconf 84' lang='lat' dir='ltr'><strong><em>desinit</em></strong></span> <span class='ocrx_word' id='word_1_453' title='bbox 1726 5843 1848 5906; x_wconf 82' lang='lat' dir='ltr'><strong><em>apud</em></strong></span> <span class='ocrx_word' id='word_1_454' title='bbox 1872 5839 2011 5890; x_wconf 59' lang='lat' dir='ltr'><strong><em>Sani.</em></strong></span> 
     </span>
    </p>
   </div>
   <div class='ocr_carea' id='block_1_59' title="bbox 2140 738 3738 817">
    <p class='ocr_par' dir='ltr' id='par_1_59' title="bbox 2140 738 3738 817">
     <span class='ocr_line' id='line_1_59' title="bbox 2140 738 3738 817; baseline 0.011 -26"><span class='ocrx_word' id='word_1_455' title='bbox 2140 753 2403 809; x_wconf 88' lang='lat' dir='ltr'><strong><em>pauperes</em></strong></span> <span class='ocrx_word' id='word_1_456' title='bbox 2428 738 2666 807; x_wconf 81' lang='lat' dir='ltr'><strong><em>fueritis;</em></strong></span> <span class='ocrx_word' id='word_1_457' title='bbox 2710 743 2802 798; x_wconf 91' lang='lat' dir='ltr'><strong><em>sed</em></strong></span> <span class='ocrx_word' id='word_1_458' title='bbox 2827 784 2842 810; x_wconf 95' lang='lat'><strong><em>,</em></strong></span> <span class='ocrx_word' id='word_1_459' title='bbox 2874 743 3019 800; x_wconf 84' lang='lat' dir='ltr'><strong><em>Beati</em></strong></span> <span class='ocrx_word' id='word_1_460' title='bbox 3043 764 3308 817; x_wconf 87' lang='lat' dir='ltr'><strong><em>pauperes.</em></strong></span> <span class='ocrx_word' id='word_1_461' title='bbox 3341 749 3498 806; x_wconf 85' lang='lat' dir='ltr'><strong><em>Certe</em></strong></span> <span class='ocrx_word' id='word_1_462' title='bbox 3524 754 3738 809; x_wconf 70' lang='lat' dir='ltr'><strong><em>etiamsi</em></strong></span> 
     </span>
    </p>
   </div>
   <div class='ocr_carea' id='block_1_60' title="bbox 2137 830 3735 902">
    <p class='ocr_par' dir='ltr' id='par_1_60' title="bbox 2137 830 3735 902">
     <span class='ocr_line' id='line_1_60' title="bbox 2137 830 3735 902; baseline 0.01 -20"><span class='ocrx_word' id='word_1_463' title='bbox 2137 830 2243 885; x_wconf 88' lang='lat' dir='ltr'><strong><em>illis</em></strong></span> <span class='ocrx_word' id='word_1_464' title='bbox 2289 832 2568 900; x_wconf 85' lang='lat' dir='ltr'><strong><em>speciatim</em></strong></span> <span class='ocrx_word' id='word_1_465' title='bbox 2617 833 2881 902; x_wconf 79' lang='lat' dir='ltr'><strong><em>dixisset,</em></strong></span> <span class='ocrx_word' id='word_1_466' title='bbox 2930 843 3232 893; x_wconf 79' lang='lat' dir='ltr'><strong><em>communia</em></strong></span> <span class='ocrx_word' id='word_1_467' title='bbox 3285 851 3460 897; x_wconf 84' lang='lat' dir='ltr'><strong><em>tamen</em></strong></span> <span class='ocrx_word' id='word_1_468' title='bbox 3509 847 3735 898; x_wconf 69' lang='lat' dir='ltr'><strong><em>Consilia</em></strong></span> 
     </span>
    </p>
   </div>
   <div class='ocr_carea' id='block_1_61' title="bbox 2137 921 3739 1004">
    <p class='ocr_par' dir='ltr' id='par_1_61' title="bbox 2137 921 3739 1004">
     <span class='ocr_line' id='line_1_61' title="bbox 2137 921 3739 1004; baseline 0.009 -30"><span class='ocrx_word' id='word_1_469' title='bbox 2137 921 2306 976; x_wconf 79' lang='lat' dir='ltr'><strong><em>futura</em></strong></span> <span class='ocrx_word' id='word_1_470' title='bbox 2339 933 2510 976; x_wconf 86' lang='lat' dir='ltr'><strong><em>erant.</em></strong></span> <span class='ocrx_word' id='word_1_471' title='bbox 2545 924 2753 980; x_wconf 69' lang='lat' dir='ltr'><strong><em>Etenim</em></strong></span> <span class='ocrx_word' id='word_1_472' title='bbox 2777 943 2896 981; x_wconf 90' lang='lat' dir='ltr'><strong><em>cum</em></strong></span> <span class='ocrx_word' id='word_1_473' title='bbox 2925 927 3128 985; x_wconf 84' lang='lat' dir='ltr'><strong><em>diceret</em></strong></span> <span class='ocrx_word' id='word_1_474' title='bbox 3162 949 3175 984; x_wconf 91' lang='lat'>:</span> <span class='ocrx_word' id='word_1_475' title='bbox 3211 931 3342 985; x_wconf 79' lang='lat' dir='ltr'><strong><em>Ecce</em></strong></span> <span class='ocrx_word' id='word_1_476' title='bbox 3364 950 3456 1004; x_wconf 85' lang='lat' dir='ltr'><strong><em>ego</em></strong></span> <span class='ocrx_word' id='word_1_477' title='bbox 3476 934 3739 990; x_wconf 82' lang='lat' dir='ltr'><strong><em>vobiscum</em></strong></span> 
     </span>
    </p>
   </div>
   <div class='ocr_carea' id='block_1_62' title="bbox 2133 1013 3736 1088">
    <p class='ocr_par' dir='ltr' id='par_1_62' title="bbox 2133 1013 3736 1088">
     <span class='ocr_line' id='line_1_62' title="bbox 2133 1013 3736 1088; baseline 0.009 -22"><span class='ocrx_word' id='word_1_478' title='bbox 2133 1029 2246 1066; x_wconf 87' lang='lat' dir='ltr'><strong><em>sum</em></strong></span> <span class='ocrx_word' id='word_1_479' title='bbox 2275 1013 2506 1068; x_wconf 87' lang='lat' dir='ltr'><strong><em>omnibus</em></strong></span> <span class='ocrx_word' id='word_1_480' title='bbox 2550 1017 2724 1069; x_wconf 85' lang='lat' dir='ltr'><strong><em>diebus</em></strong></span> <span class='ocrx_word' id='word_1_481' title='bbox 2752 1035 2908 1088; x_wconf 81' lang='lat' dir='ltr'><strong><em>usque</em></strong></span> <span class='ocrx_word' id='word_1_482' title='bbox 2937 1022 3006 1072; x_wconf 90' lang='lat' dir='ltr'><strong><em>ad</em></strong></span> <span class='ocrx_word' id='word_1_483' title='bbox 3031 1026 3518 1078; x_wconf 88' lang='lat' dir='ltr'><strong><em>consunnnationem</em></strong></span> <span class='ocrx_word' id='word_1_484' title='bbox 3557 1028 3736 1080; x_wconf 76' lang='lat' dir='ltr'><strong><em>saeculi</em></strong></span> 
     </span>
    </p>
   </div>
   <div class='ocr_carea' id='block_1_63' title="bbox 2134 1103 3737 1185">
    <p class='ocr_par' dir='ltr' id='par_1_63' title="bbox 2134 1103 3737 1185">
     <span class='ocr_line' id='line_1_63' title="bbox 2134 1103 3737 1185; baseline 0.01 -28"><span class='ocrx_word' id='word_1_485' title='bbox 2134 1103 2360 1177; x_wconf 82' lang='lat' dir='ltr'><strong><em>(Matth.</em></strong></span> <span class='ocrx_word' id='word_1_486' title='bbox 2393 1106 2482 1160; x_wconf 71' lang='lat'><strong><em>28.</em></strong></span> <span class='ocrx_word' id='word_1_487' title='bbox 2511 1106 2614 1178; x_wconf 78' lang='lat'><strong><em>20)</em></strong></span> <span class='ocrx_word' id='word_1_488' title='bbox 2652 1126 2663 1160; x_wconf 96' lang='lat'>:</span> <span class='ocrx_word' id='word_1_489' title='bbox 2698 1124 2803 1164; x_wconf 90' lang='lat' dir='ltr'><strong><em>non</em></strong></span> <span class='ocrx_word' id='word_1_490' title='bbox 2836 1111 2956 1164; x_wconf 88' lang='lat' dir='ltr'><strong><em>illos</em></strong></span> <span class='ocrx_word' id='word_1_491' title='bbox 2984 1112 3156 1166; x_wconf 89' lang='lat' dir='ltr'><strong><em>solum</em></strong></span> <span class='ocrx_word' id='word_1_492' title='bbox 3197 1115 3520 1185; x_wconf 86' lang='lat' dir='ltr'><strong><em>alloquitur,</em></strong></span> <span class='ocrx_word' id='word_1_493' title='bbox 3552 1117 3646 1171; x_wconf 86' lang='lat' dir='ltr'><strong><em>sed</em></strong></span> <span class='ocrx_word' id='word_1_494' title='bbox 3678 1129 3737 1174; x_wconf 86' lang='lat' dir='ltr'><strong><em>et</em></strong></span> 
     </span>
    </p>
   </div>
   <div class='ocr_carea' id='block_1_64' title="bbox 2136 1196 3736 1275">
    <p class='ocr_par' dir='ltr' id='par_1_64' title="bbox 2136 1196 3736 1275">
     <span class='ocr_line' id='line_1_64' title="bbox 2136 1196 3736 1275; baseline 0.011 -29"><span class='ocrx_word' id='word_1_495' title='bbox 2136 1210 2231 1264; x_wconf 86' lang='lat' dir='ltr'><strong><em>per</em></strong></span> <span class='ocrx_word' id='word_1_496' title='bbox 2271 1196 2392 1250; x_wconf 92' lang='lat' dir='ltr'><strong><em>illos</em></strong></span> <span class='ocrx_word' id='word_1_497' title='bbox 2421 1206 2590 1252; x_wconf 87' lang='lat' dir='ltr'><strong><em>totum</em></strong></span> <span class='ocrx_word' id='word_1_498' title='bbox 2618 1200 2804 1254; x_wconf 89' lang='lat' dir='ltr'><strong><em>orbem</em></strong></span> <span class='ocrx_word' id='word_1_499' title='bbox 2838 1219 2852 1255; x_wconf 89' lang='lat'><strong>:</strong></span> <span class='ocrx_word' id='word_1_500' title='bbox 2880 1212 2936 1256; x_wconf 91' lang='lat' dir='ltr'><strong><em>et</em></strong></span> <span class='ocrx_word' id='word_1_501' title='bbox 2963 1217 3083 1256; x_wconf 92' lang='lat' dir='ltr'><strong><em>cum</em></strong></span> <span class='ocrx_word' id='word_1_502' title='bbox 3114 1205 3232 1258; x_wconf 90' lang='lat' dir='ltr'><strong><em>illos</em></strong></span> <span class='ocrx_word' id='word_1_503' title='bbox 3257 1205 3445 1260; x_wconf 86' lang='lat' dir='ltr'><strong><em>beatos</em></strong></span> <span class='ocrx_word' id='word_1_504' title='bbox 3477 1207 3736 1275; x_wconf 76' lang='lat' dir='ltr'><strong><em>prmdicat</em></strong></span> 
     </span>
    </p>
   </div>
   <div class='ocr_carea' id='block_1_65' title="bbox 2133 1287 3730 1361">
    <p class='ocr_par' dir='ltr' id='par_1_65' title="bbox 2133 1287 3730 1361">
     <span class='ocr_line' id='line_1_65' title="bbox 2133 1287 3730 1361; baseline 0.008 -23"><span class='ocrx_word' id='word_1_505' title='bbox 2133 1287 2602 1355; x_wconf 88' lang='lat' dir='ltr'><strong><em>persequutionem</em></strong></span> <span class='ocrx_word' id='word_1_506' title='bbox 2647 1290 2907 1356; x_wconf 86' lang='lat' dir='ltr'><strong><em>patientes</em></strong></span> <span class='ocrx_word' id='word_1_507' title='bbox 2945 1331 2960 1356; x_wconf 94' lang='lat'><strong><em>,</em></strong></span> <span class='ocrx_word' id='word_1_508' title='bbox 2992 1294 3176 1361; x_wconf 89' lang='lat' dir='ltr'><strong><em>pulsos</em></strong></span> <span class='ocrx_word' id='word_1_509' title='bbox 3202 1334 3219 1361; x_wconf 92' lang='lat'><strong><em>,</em></strong></span> <span class='ocrx_word' id='word_1_510' title='bbox 3265 1305 3321 1348; x_wconf 90' lang='lat' dir='ltr'><strong><em>et</em></strong></span> <span class='ocrx_word' id='word_1_511' title='bbox 3369 1295 3730 1352; x_wconf 85' lang='lat' dir='ltr'><strong><em>intolerabilia</em></strong></span> 
     </span>
    </p>
   </div>
   <div class='ocr_carea' id='block_1_66' title="bbox 2132 1377 3730 1450">
    <p class='ocr_par' dir='ltr' id='par_1_66' title="bbox 2132 1377 3730 1450">
     <span class='ocr_line' id='line_1_66' title="bbox 2132 1377 3730 1450; baseline 0.009 -21"><span class='ocrx_word' id='word_1_512' title='bbox 2132 1377 2490 1443; x_wconf 87' lang='lat' dir='ltr'><strong><em>sustinentes;</em></strong></span> <span class='ocrx_word' id='word_1_513' title='bbox 2515 1394 2619 1434; x_wconf 92' lang='lat' dir='ltr'><strong><em>non</em></strong></span> <span class='ocrx_word' id='word_1_514' title='bbox 2647 1380 2751 1435; x_wconf 92' lang='lat' dir='ltr'><strong><em>illis</em></strong></span> <span class='ocrx_word' id='word_1_515' title='bbox 2778 1390 3003 1450; x_wconf 90' lang='lat' dir='ltr'><strong><em>tantum,</em></strong></span> <span class='ocrx_word' id='word_1_516' title='bbox 3027 1384 3122 1439; x_wconf 89' lang='lat' dir='ltr'><strong><em>sed</em></strong></span> <span class='ocrx_word' id='word_1_517' title='bbox 3145 1387 3305 1440; x_wconf 87' lang='lat' dir='ltr'><strong><em>etiam</em></strong></span> <span class='ocrx_word' id='word_1_518' title='bbox 3332 1389 3582 1444; x_wconf 89' lang='lat' dir='ltr'><strong><em>omnibus</em></strong></span> <span class='ocrx_word' id='word_1_519' title='bbox 3606 1389 3730 1444; x_wconf 82' lang='lat' dir='ltr'><strong><em>talia</em></strong></span> 
     </span>
    </p>
   </div>
   <div class='ocr_carea' id='block_1_67' title="bbox 2133 1470 3728 1536">
    <p class='ocr_par' dir='ltr' id='par_1_67' title="bbox 2133 1470 3728 1536">
     <span class='ocr_line' id='line_1_67' title="bbox 2133 1470 3728 1536; baseline 0.01 -16"><span class='ocrx_word' id='word_1_520' title='bbox 2133 1470 2346 1522; x_wconf 77' lang='lat' dir='ltr'><strong><em>fortiter</em></strong></span> <span class='ocrx_word' id='word_1_521' title='bbox 2395 1472 2686 1526; x_wconf 81' lang='lat' dir='ltr'><strong><em>ferentibus</em></strong></span> <span class='ocrx_word' id='word_1_522' title='bbox 2737 1489 2994 1528; x_wconf 87' lang='lat' dir='ltr'><strong><em>coronam</em></strong></span> <span class='ocrx_word' id='word_1_523' title='bbox 3050 1478 3234 1532; x_wconf 89' lang='lat' dir='ltr'><strong><em>nectit.</em></strong></span> <span class='ocrx_word' id='word_1_524' title='bbox 3263 1478 3527 1534; x_wconf 71' lang='lat' dir='ltr'><strong><em>Cmternm</em></strong></span> <span class='ocrx_word' id='word_1_525' title='bbox 3577 1490 3636 1535; x_wconf 91' lang='lat' dir='ltr'><strong><em>ut</em></strong></span> <span class='ocrx_word' id='word_1_526' title='bbox 3676 1483 3728 1536; x_wconf 86' lang='lat' dir='ltr'><strong><em>id</em></strong></span> 
     </span>
    </p>
   </div>
   <div class='ocr_carea' id='block_1_68' title="bbox 2129 1559 3728 1636">
    <p class='ocr_par' dir='ltr' id='par_1_68' title="bbox 2129 1559 3728 1636">
     <span class='ocr_line' id='line_1_68' title="bbox 2129 1559 3728 1636; baseline 0.01 -24"><span class='ocrx_word' id='word_1_527' title='bbox 2129 1559 2325 1614; x_wconf 85' lang='lat' dir='ltr'><strong><em>clarius</em></strong></span> <span class='ocrx_word' id='word_1_528' title='bbox 2352 1561 2580 1626; x_wconf 85' lang='lat' dir='ltr'><strong><em>evadat,</em></strong></span> <span class='ocrx_word' id='word_1_529' title='bbox 2613 1574 2664 1616; x_wconf 88' lang='lat' dir='ltr'><strong><em>et</em></strong></span> <span class='ocrx_word' id='word_1_530' title='bbox 2694 1563 2870 1618; x_wconf 85' lang='lat' dir='ltr'><strong><em>discas</em></strong></span> <span class='ocrx_word' id='word_1_531' title='bbox 2898 1582 2960 1620; x_wconf 81' lang='lat' dir='ltr'><strong><em>ea</em></strong></span> <span class='ocrx_word' id='word_1_532' title='bbox 2989 1585 3107 1636; x_wconf 68' lang='lat' dir='ltr'><strong><em>qua:</em></strong></span> <span class='ocrx_word' id='word_1_533' title='bbox 3131 1569 3270 1624; x_wconf 88' lang='lat' dir='ltr'><strong><em>dicta</em></strong></span> <span class='ocrx_word' id='word_1_534' title='bbox 3292 1581 3415 1625; x_wconf 89' lang='lat' dir='ltr'><strong><em>sunt</em></strong></span> <span class='ocrx_word' id='word_1_535' title='bbox 3453 1572 3545 1626; x_wconf 86' lang='lat' dir='ltr'><strong><em>tibi</em></strong></span> <span class='ocrx_word' id='word_1_536' title='bbox 3573 1588 3728 1627; x_wconf 88' lang='lat' dir='ltr'><strong><em>com-</em></strong></span> 
     </span>
    </p>
   </div>
   <div class='ocr_carea' id='block_1_69' title="bbox 2129 1653 3728 1725">
    <p class='ocr_par' dir='ltr' id='par_1_69' title="bbox 2129 1653 3728 1725">
     <span class='ocr_line' id='line_1_69' title="bbox 2129 1653 3728 1725; baseline 0.009 -20"><span class='ocrx_word' id='word_1_537' title='bbox 2129 1653 2308 1706; x_wconf 90' lang='lat' dir='ltr'><strong><em>munia</em></strong></span> <span class='ocrx_word' id='word_1_538' title='bbox 2330 1667 2474 1720; x_wconf 89' lang='lat' dir='ltr'><strong><em>esse,</em></strong></span> <span class='ocrx_word' id='word_1_539' title='bbox 2504 1670 2710 1709; x_wconf 88' lang='lat' dir='ltr'><strong><em>necnon</em></strong></span> <span class='ocrx_word' id='word_1_540' title='bbox 2738 1659 2830 1710; x_wconf 83' lang='lat' dir='ltr'><strong><em>toti</em></strong></span> <span class='ocrx_word' id='word_1_541' title='bbox 2857 1658 3103 1714; x_wconf 84' lang='lat' dir='ltr'><strong><em>humanae</em></strong></span> <span class='ocrx_word' id='word_1_542' title='bbox 3126 1672 3350 1725; x_wconf 59' lang='lat' dir='ltr'><strong><em>naturae,</em></strong></span> <span class='ocrx_word' id='word_1_543' title='bbox 3374 1664 3418 1717; x_wconf 89' lang='lat' dir='ltr'><strong><em>si</em></strong></span> <span class='ocrx_word' id='word_1_544' title='bbox 3445 1665 3728 1719; x_wconf 87' lang='lat' dir='ltr'><strong><em>attendere</em></strong></span> 
     </span>
    </p>
   </div>
   <div class='ocr_carea' id='block_1_70' title="bbox 2130 1745 3724 1818">
    <p class='ocr_par' dir='ltr' id='par_1_70' title="bbox 2130 1745 3724 1818">
     <span class='ocr_line' id='line_1_70' title="bbox 2130 1745 3724 1818; baseline 0.011 -22"><span class='ocrx_word' id='word_1_545' title='bbox 2130 1745 2397 1800; x_wconf 85' lang='lat' dir='ltr'><strong><em>voluerint</em></strong></span> <span class='ocrx_word' id='word_1_546' title='bbox 2421 1788 2436 1813; x_wconf 97' lang='lat'><strong><em>,</em></strong></span> <span class='ocrx_word' id='word_1_547' title='bbox 2465 1748 2586 1801; x_wconf 87' lang='lat' dir='ltr'><strong><em>audi</em></strong></span> <span class='ocrx_word' id='word_1_548' title='bbox 2615 1751 2882 1818; x_wconf 88' lang='lat' dir='ltr'><strong><em>quomodo</em></strong></span> <span class='ocrx_word' id='word_1_549' title='bbox 2913 1753 3054 1807; x_wconf 91' lang='lat' dir='ltr'><strong><em>hunc</em></strong></span> <span class='ocrx_word' id='word_1_550' title='bbox 3082 1753 3378 1810; x_wconf 87' lang='lat' dir='ltr'><strong><em>mirabilem</em></strong></span> <span class='ocrx_word' id='word_1_551' title='bbox 3420 1771 3724 1813; x_wconf 89' lang='lat' dir='ltr'><strong><em>sermonem</em></strong></span> 
     </span>
    </p>
   </div>
   <div class='ocr_carea' id='block_1_71' title="bbox 2128 1835 3725 1920">
    <p class='ocr_par' dir='ltr' id='par_1_71' title="bbox 2128 1835 3725 1920">
     <span class='ocr_line' id='line_1_71' title="bbox 2128 1835 3725 1920; baseline 0.009 -31"><span class='ocrx_word' id='word_1_552' title='bbox 2128 1835 2385 1890; x_wconf 83' lang='lat' dir='ltr'><strong><em>ordiatur.</em></strong></span> <span class='ocrx_word' id='word_1_553' title='bbox 2421 1837 2475 1891; x_wconf 84' lang='lat'><strong><em>5.</em></strong></span> <span class='ocrx_word' id='word_1_554' title='bbox 2504 1837 2650 1891; x_wconf 86' lang='lat' dir='ltr'><strong><em>Beati</em></strong></span> <span class='ocrx_word' id='word_1_555' title='bbox 2693 1857 2940 1910; x_wconf 84' lang='lat' dir='ltr'><strong><em>pauperes</em></strong></span> <span class='ocrx_word' id='word_1_556' title='bbox 2978 1845 3157 1914; x_wconf 81' lang='lat' dir='ltr'><strong><em>spiritu</em></strong></span> <span class='ocrx_word' id='word_1_557' title='bbox 3183 1887 3198 1912; x_wconf 93' lang='lat'><strong><em>,</em></strong></span> <span class='ocrx_word' id='word_1_558' title='bbox 3227 1849 3468 1918; x_wconf 84' lang='lat' dir='ltr'><strong><em>quoniam</em></strong></span> <span class='ocrx_word' id='word_1_559' title='bbox 3496 1853 3725 1920; x_wconf 86' lang='lat' dir='ltr'><strong><em>ipsorum</em></strong></span> 
     </span>
    </p>
   </div>
   <div class='ocr_carea' id='block_1_72' title="bbox 2131 1931 3723 2010">
    <p class='ocr_par' dir='ltr' id='par_1_72' title="bbox 2131 1931 3723 2010">
     <span class='ocr_line' id='line_1_72' title="bbox 2131 1931 3723 2010; baseline 0.011 -31"><span class='ocrx_word' id='word_1_560' title='bbox 2131 1937 2202 1980; x_wconf 85' lang='lat' dir='ltr'><strong><em>est</em></strong></span> <span class='ocrx_word' id='word_1_561' title='bbox 2232 1943 2442 1998; x_wconf 86' lang='lat' dir='ltr'><strong><em>regnum</em></strong></span> <span class='ocrx_word' id='word_1_562' title='bbox 2485 1931 2746 1984; x_wconf 67' lang='lat' dir='ltr'><strong><em>castorum.</em></strong></span> <span class='ocrx_word' id='word_1_563' title='bbox 2777 1933 2876 2000; x_wconf 86' lang='lat' dir='ltr'><strong><em>Qui</em></strong></span> <span class='ocrx_word' id='word_1_564' title='bbox 2909 1945 3036 1989; x_wconf 86' lang='lat' dir='ltr'><strong><em>sunt</em></strong></span> <span class='ocrx_word' id='word_1_565' title='bbox 3063 1935 3324 2008; x_wconf 82' lang='lat' dir='ltr'><strong><em>Panperes</em></strong></span> <span class='ocrx_word' id='word_1_566' title='bbox 3351 1940 3530 2010; x_wconf 86' lang='lat' dir='ltr'><strong><em>spiritu</em></strong></span> <span class='ocrx_word' id='word_1_567' title='bbox 3556 1942 3582 1994; x_wconf 72' lang='lat'><strong><em>.9</em></strong></span> <span class='ocrx_word' id='word_1_568' title='bbox 3612 1943 3723 1996; x_wconf 85' lang='lat' dir='ltr'><strong><em>llu-</em></strong></span> 
     </span>
    </p>
   </div>
   <div class='ocr_carea' id='block_1_73' title="bbox 2129 2019 3725 2096">
    <p class='ocr_par' dir='ltr' id='par_1_73' title="bbox 2129 2019 3725 2096">
     <span class='ocr_line' id='line_1_73' title="bbox 2129 2019 3725 2096; baseline 0.01 -24"><span class='ocrx_word' id='word_1_569' title='bbox 2129 2019 2324 2086; x_wconf 79' lang='lat' dir='ltr'><strong><em>miles,</em></strong></span> <span class='ocrx_word' id='word_1_570' title='bbox 2355 2030 2409 2075; x_wconf 90' lang='lat' dir='ltr'><strong><em>et</em></strong></span> <span class='ocrx_word' id='word_1_571' title='bbox 2456 2021 2637 2076; x_wconf 90' lang='lat' dir='ltr'><strong><em>animo</em></strong></span> <span class='ocrx_word' id='word_1_572' title='bbox 2677 2025 2913 2079; x_wconf 89' lang='lat' dir='ltr'><strong><em>contriti.</em></strong></span> <span class='ocrx_word' id='word_1_573' title='bbox 2959 2026 3216 2096; x_wconf 83' lang='lat' dir='ltr'><strong><em>Spiritum</em></strong></span> <span class='ocrx_word' id='word_1_574' title='bbox 3267 2031 3409 2084; x_wconf 88' lang='lat' dir='ltr'><strong><em>enim</em></strong></span> <span class='ocrx_word' id='word_1_575' title='bbox 3457 2031 3541 2086; x_wconf 90' lang='lat' dir='ltr'><strong><em>hic</em></strong></span> <span class='ocrx_word' id='word_1_576' title='bbox 3593 2033 3725 2090; x_wconf 90' lang='lat' dir='ltr'><strong><em>dicit</em></strong></span> 
     </span>
    </p>
   </div>
   <div class='ocr_carea' id='block_1_74' title="bbox 2129 2111 3722 2188">
    <p class='ocr_par' dir='ltr' id='par_1_74' title="bbox 2129 2111 3722 2188">
     <span class='ocr_line' id='line_1_74' title="bbox 2129 2111 3722 2188; baseline 0.01 -25"><span class='ocrx_word' id='word_1_577' title='bbox 2129 2111 2363 2165; x_wconf 88' lang='lat' dir='ltr'><strong><em>animam</em></strong></span> <span class='ocrx_word' id='word_1_578' title='bbox 2408 2122 2462 2167; x_wconf 90' lang='lat' dir='ltr'><strong><em>et</em></strong></span> <span class='ocrx_word' id='word_1_579' title='bbox 2494 2114 2780 2170; x_wconf 76' lang='lat' dir='ltr'><strong><em>voluntatis</em></strong></span> <span class='ocrx_word' id='word_1_580' title='bbox 2823 2119 3171 2186; x_wconf 87' lang='lat' dir='ltr'><strong><em>propositum.</em></strong></span> <span class='ocrx_word' id='word_1_581' title='bbox 3205 2120 3335 2188; x_wconf 85' lang='lat' dir='ltr'><strong><em>Quia</em></strong></span> <span class='ocrx_word' id='word_1_582' title='bbox 3381 2123 3523 2176; x_wconf 89' lang='lat' dir='ltr'><strong><em>enim</em></strong></span> <span class='ocrx_word' id='word_1_583' title='bbox 3567 2125 3722 2179; x_wconf 88' lang='lat' dir='ltr'><strong><em>multi</em></strong></span> 
     </span>
    </p>
   </div>
   <div class='ocr_carea' id='block_1_75' title="bbox 2129 2203 3724 2278">
    <p class='ocr_par' dir='ltr' id='par_1_75' title="bbox 2129 2203 3724 2278">
     <span class='ocr_line' id='line_1_75' title="bbox 2129 2203 3724 2278; baseline 0.011 -23"><span class='ocrx_word' id='word_1_584' title='bbox 2129 2211 2254 2256; x_wconf 92' lang='lat' dir='ltr'><strong><em>sunt</em></strong></span> <span class='ocrx_word' id='word_1_585' title='bbox 2282 2203 2535 2271; x_wconf 86' lang='lat' dir='ltr'><strong><em>humiles,</em></strong></span> <span class='ocrx_word' id='word_1_586' title='bbox 2563 2221 2670 2260; x_wconf 92' lang='lat' dir='ltr'><strong><em>non</em></strong></span> <span class='ocrx_word' id='word_1_587' title='bbox 2700 2217 2893 2276; x_wconf 83' lang='lat' dir='ltr'><strong><em>sponte</em></strong></span> <span class='ocrx_word' id='word_1_588' title='bbox 2916 2223 3011 2264; x_wconf 90' lang='lat' dir='ltr'><strong><em>sua</em></strong></span> <span class='ocrx_word' id='word_1_589' title='bbox 3033 2251 3048 2278; x_wconf 93' lang='lat'><strong><em>,</em></strong></span> <span class='ocrx_word' id='word_1_590' title='bbox 3077 2211 3171 2265; x_wconf 90' lang='lat' dir='ltr'><strong><em>sed</em></strong></span> <span class='ocrx_word' id='word_1_591' title='bbox 3199 2227 3377 2267; x_wconf 88' lang='lat' dir='ltr'><strong><em>rerum</em></strong></span> <span class='ocrx_word' id='word_1_592' title='bbox 3403 2216 3724 2272; x_wconf 88' lang='lat' dir='ltr'><strong><em>necessitate</em></strong></span> 
     </span>
    </p>
   </div>
   <div class='ocr_carea' id='block_1_76' title="bbox 2129 2293 3720 2380">
    <p class='ocr_par' dir='ltr' id='par_1_76' title="bbox 2129 2293 3720 2380">
     <span class='ocr_line' id='line_1_76' title="bbox 2129 2293 3720 2380; baseline 0.012 -35"><span class='ocrx_word' id='word_1_593' title='bbox 2129 2293 2297 2348; x_wconf 82' lang='lat' dir='ltr'><strong><em>coacti</em></strong></span> <span class='ocrx_word' id='word_1_594' title='bbox 2324 2335 2338 2358; x_wconf 92' lang='lat'><strong><em>,</em></strong></span> <span class='ocrx_word' id='word_1_595' title='bbox 2370 2295 2493 2349; x_wconf 91' lang='lat' dir='ltr'><strong><em>illos</em></strong></span> <span class='ocrx_word' id='word_1_596' title='bbox 2521 2299 2736 2353; x_wconf 88' lang='lat' dir='ltr'><strong><em>mittens</em></strong></span> <span class='ocrx_word' id='word_1_597' title='bbox 2765 2300 2979 2370; x_wconf 89' lang='lat' dir='ltr'><strong><em>(neque</em></strong></span> <span class='ocrx_word' id='word_1_598' title='bbox 3006 2302 3147 2356; x_wconf 89' lang='lat' dir='ltr'><strong><em>cnim</em></strong></span> <span class='ocrx_word' id='word_1_599' title='bbox 3178 2305 3229 2357; x_wconf 93' lang='lat' dir='ltr'><strong><em>id</em></strong></span> <span class='ocrx_word' id='word_1_600' title='bbox 3263 2305 3404 2359; x_wconf 90' lang='lat' dir='ltr'><strong><em>laudi</em></strong></span> <span class='ocrx_word' id='word_1_601' title='bbox 3435 2305 3584 2380; x_wconf 87' lang='lat' dir='ltr'><strong><em>est),</em></strong></span> <span class='ocrx_word' id='word_1_602' title='bbox 3626 2324 3720 2365; x_wconf 79' lang='lat' dir='ltr'><strong><em>eos</em></strong></span> 
     </span>
    </p>
   </div>
   <div class='ocr_carea' id='block_1_77' title="bbox 2127 2385 3721 2468">
    <p class='ocr_par' dir='ltr' id='par_1_77' title="bbox 2127 2385 3721 2468">
     <span class='ocr_line' id='line_1_77' title="bbox 2127 2385 3721 2468; baseline 0.011 -32"><span class='ocrx_word' id='word_1_603' title='bbox 2127 2385 2216 2455; x_wconf 89' lang='lat' dir='ltr'><strong><em>qui</em></strong></span> <span class='ocrx_word' id='word_1_604' title='bbox 2261 2401 2326 2440; x_wconf 82' lang='lat' dir='ltr'><strong><em>ex</em></strong></span> <span class='ocrx_word' id='word_1_605' title='bbox 2356 2387 2649 2443; x_wconf 85' lang='lat' dir='ltr'><strong><em>voluntatis</em></strong></span> <span class='ocrx_word' id='word_1_606' title='bbox 2677 2393 2955 2461; x_wconf 89' lang='lat' dir='ltr'><strong><em>proposito</em></strong></span> <span class='ocrx_word' id='word_1_607' title='bbox 2991 2408 3110 2448; x_wconf 88' lang='lat' dir='ltr'><strong><em>sese</em></strong></span> <span class='ocrx_word' id='word_1_608' title='bbox 3138 2394 3419 2451; x_wconf 87' lang='lat' dir='ltr'><strong><em>humiliant</em></strong></span> <span class='ocrx_word' id='word_1_609' title='bbox 3445 2411 3510 2453; x_wconf 87' lang='lat' dir='ltr'><strong><em>ac</em></strong></span> <span class='ocrx_word' id='word_1_610' title='bbox 3533 2399 3721 2468; x_wconf 80' lang='lat' dir='ltr'><strong><em>depri-</em></strong></span> 
     </span>
    </p>
   </div>
   <div class='ocr_carea' id='block_1_78' title="bbox 2128 2478 3722 2556">
    <p class='ocr_par' dir='ltr' id='par_1_78' title="bbox 2128 2478 3722 2556">
     <span class='ocr_line' id='line_1_78' title="bbox 2128 2478 3722 2556; baseline 0.011 -29"><span class='ocrx_word' id='word_1_611' title='bbox 2128 2485 2312 2543; x_wconf 89' lang='lat' dir='ltr'><strong><em>munt,</em></strong></span> <span class='ocrx_word' id='word_1_612' title='bbox 2347 2478 2550 2546; x_wconf 87' lang='lat' dir='ltr'><strong><em>primos</em></strong></span> <span class='ocrx_word' id='word_1_613' title='bbox 2572 2480 2756 2535; x_wconf 87' lang='lat' dir='ltr'><strong><em>beatos</em></strong></span> <span class='ocrx_word' id='word_1_614' title='bbox 2781 2483 3033 2552; x_wconf 86' lang='lat' dir='ltr'><strong><em>appellat.</em></strong></span> <span class='ocrx_word' id='word_1_615' title='bbox 3061 2484 3130 2539; x_wconf 89' lang='lat' dir='ltr'><strong><em>Et</em></strong></span> <span class='ocrx_word' id='word_1_616' title='bbox 3155 2502 3252 2541; x_wconf 89' lang='lat' dir='ltr'><strong><em>cur</em></strong></span> <span class='ocrx_word' id='word_1_617' title='bbox 3279 2504 3382 2542; x_wconf 90' lang='lat' dir='ltr'><strong><em>non</em></strong></span> <span class='ocrx_word' id='word_1_618' title='bbox 3409 2487 3573 2556; x_wconf 82' lang='lat' dir='ltr'><strong><em>dixit,</em></strong></span> <span class='ocrx_word' id='word_1_619' title='bbox 3611 2491 3722 2545; x_wconf 83' lang='lat' dir='ltr'><strong><em>llu-</em></strong></span> 
     </span>
    </p>
   </div>
   <div class='ocr_carea' id='block_1_79' title="bbox 2127 2572 3717 2651">
    <p class='ocr_par' dir='ltr' id='par_1_79' title="bbox 2127 2572 3717 2651">
     <span class='ocr_line' id='line_1_79' title="bbox 2127 2572 3717 2651; baseline 0.01 -29"><span class='ocrx_word' id='word_1_620' title='bbox 2127 2572 2278 2625; x_wconf 89' lang='lat' dir='ltr'><strong><em>miles</em></strong></span> <span class='ocrx_word' id='word_1_621' title='bbox 2304 2613 2320 2639; x_wconf 95' lang='lat'><strong><em>,</em></strong></span> <span class='ocrx_word' id='word_1_622' title='bbox 2349 2573 2466 2638; x_wconf 84' lang='lat' dir='ltr'><strong><em>sed,</em></strong></span> <span class='ocrx_word' id='word_1_623' title='bbox 2502 2573 2810 2644; x_wconf 81' lang='lat' dir='ltr'><strong><em>Pauperes‘l</em></strong></span> <span class='ocrx_word' id='word_1_624' title='bbox 2835 2578 2970 2644; x_wconf 87' lang='lat' dir='ltr'><strong><em>Quia</em></strong></span> <span class='ocrx_word' id='word_1_625' title='bbox 2997 2579 3097 2634; x_wconf 87' lang='lat' dir='ltr'><strong><em>hoc</em></strong></span> <span class='ocrx_word' id='word_1_626' title='bbox 3127 2580 3218 2633; x_wconf 91' lang='lat' dir='ltr'><strong><em>illo</em></strong></span> <span class='ocrx_word' id='word_1_627' title='bbox 3247 2584 3584 2651; x_wconf 68' lang='lat' dir='ltr'><strong><em>praestantius</em></strong></span> <span class='ocrx_word' id='word_1_628' title='bbox 3613 2594 3717 2638; x_wconf 89' lang='lat' dir='ltr'><strong><em>est.</em></strong></span> 
     </span>
    </p>
   </div>
   <div class='ocr_carea' id='block_1_80' title="bbox 2127 2660 3720 2740">
    <p class='ocr_par' dir='ltr' id='par_1_80' title="bbox 2127 2660 3720 2740">
     <span class='ocr_line' id='line_1_80' title="bbox 2127 2660 3720 2740; baseline 0.008 -25"><span class='ocrx_word' id='word_1_629' title='bbox 2127 2660 2258 2715; x_wconf 83' lang='lat' dir='ltr'><strong><em>Nam</em></strong></span> <span class='ocrx_word' id='word_1_630' title='bbox 2289 2663 2374 2718; x_wconf 90' lang='lat' dir='ltr'><strong><em>hic</em></strong></span> <span class='ocrx_word' id='word_1_631' title='bbox 2396 2663 2528 2720; x_wconf 90' lang='lat' dir='ltr'><strong><em>dicit</em></strong></span> <span class='ocrx_word' id='word_1_632' title='bbox 2557 2681 2674 2733; x_wconf 89' lang='lat' dir='ltr'><strong><em>eos,</em></strong></span> <span class='ocrx_word' id='word_1_633' title='bbox 2707 2670 2796 2737; x_wconf 91' lang='lat' dir='ltr'><strong><em>qui</em></strong></span> <span class='ocrx_word' id='word_1_634' title='bbox 2833 2669 2922 2724; x_wconf 86' lang='lat' dir='ltr'><strong><em>Dei</em></strong></span> <span class='ocrx_word' id='word_1_635' title='bbox 2952 2681 3216 2740; x_wconf 51' lang='lat' dir='ltr'><strong><em>praicepta</em></strong></span> <span class='ocrx_word' id='word_1_636' title='bbox 3245 2683 3484 2728; x_wconf 89' lang='lat' dir='ltr'><strong><em>metuunt</em></strong></span> <span class='ocrx_word' id='word_1_637' title='bbox 3507 2681 3564 2727; x_wconf 90' lang='lat' dir='ltr'><strong><em>et</em></strong></span> <span class='ocrx_word' id='word_1_638' title='bbox 3585 2688 3720 2728; x_wconf 80' lang='lat' dir='ltr'><strong><em>cun-</em></strong></span> 
     </span>
    </p>
   </div>
   <div class='ocr_carea' id='block_1_81' title="bbox 2131 2757 3720 2835">
    <p class='ocr_par' dir='ltr' id='par_1_81' title="bbox 2131 2757 3720 2835">
     <span class='ocr_line' id='line_1_81' title="bbox 2131 2757 3720 2835; baseline 0.01 -28"><span class='ocrx_word' id='word_1_639' title='bbox 2131 2757 2444 2810; x_wconf 87' lang='lat' dir='ltr'><strong><em>tremiscunt</em></strong></span> <span class='ocrx_word' id='word_1_640' title='bbox 2473 2773 2488 2812; x_wconf 73' lang='grc' dir='ltr'>ζ</span> <span class='ocrx_word' id='word_1_641' title='bbox 2519 2773 2653 2827; x_wconf 92' lang='lat' dir='ltr'><strong><em>quos</em></strong></span> <span class='ocrx_word' id='word_1_642' title='bbox 2689 2771 2743 2814; x_wconf 87' lang='lat' dir='ltr'><strong><em>et</em></strong></span> <span class='ocrx_word' id='word_1_643' title='bbox 2775 2777 2868 2830; x_wconf 88' lang='lat' dir='ltr'><strong><em>per</em></strong></span> <span class='ocrx_word' id='word_1_644' title='bbox 2894 2761 3084 2817; x_wconf 82' lang='lat' dir='ltr'><strong><em>Isaiam</em></strong></span> <span class='ocrx_word' id='word_1_645' title='bbox 3117 2764 3433 2835; x_wconf 80' lang='lat' dir='ltr'><strong><em>praphctam</em></strong></span> <span class='ocrx_word' id='word_1_646' title='bbox 3463 2782 3521 2820; x_wconf 91' lang='lat' dir='ltr'><strong><em>se</em></strong></span> <span class='ocrx_word' id='word_1_647' title='bbox 3561 2766 3720 2823; x_wconf 84' lang='lat' dir='ltr'><strong><em>valde</em></strong></span> 
     </span>
    </p>
   </div>
   <div class='ocr_carea' id='block_1_82' title="bbox 2124 2848 3715 2928">
    <p class='ocr_par' dir='ltr' id='par_1_82' title="bbox 2124 2848 3715 2928">
     <span class='ocr_line' id='line_1_82' title="bbox 2124 2848 3715 2928; baseline 0.007 -28"><span class='ocrx_word' id='word_1_648' title='bbox 2124 2857 2375 2918; x_wconf 75' lang='lat' dir='ltr'><strong><em>aet-eptos</em></strong></span> <span class='ocrx_word' id='word_1_649' title='bbox 2407 2848 2604 2905; x_wconf 85' lang='lat' dir='ltr'><strong><em>habere</em></strong></span> <span class='ocrx_word' id='word_1_650' title='bbox 2638 2853 2776 2907; x_wconf 86' lang='lat' dir='ltr'><strong><em>Deus</em></strong></span> <span class='ocrx_word' id='word_1_651' title='bbox 2802 2853 3040 2909; x_wconf 86' lang='lat' dir='ltr'><strong><em>declarat</em></strong></span> <span class='ocrx_word' id='word_1_652' title='bbox 3072 2873 3083 2908; x_wconf 95' lang='lat'>:</span> <span class='ocrx_word' id='word_1_653' title='bbox 3120 2858 3199 2910; x_wconf 77' lang='lat' dir='ltr'><strong><em>.id</em></strong></span> <span class='ocrx_word' id='word_1_654' title='bbox 3225 2874 3368 2928; x_wconf 76' lang='lat' dir='ltr'><strong><em>quem</em></strong></span> <span class='ocrx_word' id='word_1_655' title='bbox 3401 2859 3670 2928; x_wconf 84' lang='lat' dir='ltr'><strong><em>respiciam</em></strong></span> <span class='ocrx_word' id='word_1_656' title='bbox 3697 2902 3715 2923; x_wconf 89' lang='lat'><strong><em>,</em></strong></span> 
     </span>
    </p>
   </div>
   <div class='ocr_carea' id='block_1_83' title="bbox 2124 2943 3716 3020">
    <p class='ocr_par' dir='ltr' id='par_1_83' title="bbox 2124 2943 3716 3020">
     <span class='ocr_line' id='line_1_83' title="bbox 2124 2943 3716 3020; baseline 0.005 -24"><span class='ocrx_word' id='word_1_657' title='bbox 2124 2944 2224 2998; x_wconf 86' lang='lat' dir='ltr'><strong><em>nisi</em></strong></span> <span class='ocrx_word' id='word_1_658' title='bbox 2257 2943 2328 2996; x_wconf 90' lang='lat' dir='ltr'><strong><em>ad</em></strong></span> <span class='ocrx_word' id='word_1_659' title='bbox 2350 2955 2670 2999; x_wconf 87' lang='lat' dir='ltr'><strong><em>mansuetum</em></strong></span> <span class='ocrx_word' id='word_1_660' title='bbox 2693 2957 2738 3001; x_wconf 88' lang='lat' dir='ltr'><strong><em>et</em></strong></span> <span class='ocrx_word' id='word_1_661' title='bbox 2759 2951 3010 3020; x_wconf 88' lang='lat' dir='ltr'><strong><em>quietum,</em></strong></span> <span class='ocrx_word' id='word_1_662' title='bbox 3033 2959 3078 3002; x_wconf 86' lang='lat' dir='ltr'><strong><em>et</em></strong></span> <span class='ocrx_word' id='word_1_663' title='bbox 3101 2959 3399 3006; x_wconf 86' lang='lat' dir='ltr'><strong><em>trementem</em></strong></span> <span class='ocrx_word' id='word_1_664' title='bbox 3427 2954 3576 3006; x_wconf 82' lang='lat' dir='ltr'><strong><em>verba</em></strong></span> <span class='ocrx_word' id='word_1_665' title='bbox 3603 2969 3716 3006; x_wconf 86' lang='lat' dir='ltr'><strong><em>mea</em></strong></span> 
     </span>
    </p>
   </div>
   <div class='ocr_carea' id='block_1_84' title="bbox 2124 3035 2566 3108">
    <p class='ocr_par' dir='ltr' id='par_1_84' title="bbox 2124 3035 2566 3108">
     <span class='ocr_line' id='line_1_84' title="bbox 2124 3035 2566 3108; baseline 0.005 -20"><span class='ocrx_word' id='word_1_666' title='bbox 2124 3035 2290 3106; x_wconf 79' lang='lat' dir='ltr'><strong><em>(Isai.</em></strong></span> <span class='ocrx_word' id='word_1_667' title='bbox 2325 3038 2412 3091; x_wconf 85' lang='lat'><strong><em>66.</em></strong></span> <span class='ocrx_word' id='word_1_668' title='bbox 2443 3037 2478 3091; x_wconf 75' lang='grc'>2</span> <span class='ocrx_word' id='word_1_669' title='bbox 2507 3040 2566 3108; x_wconf 77' lang='lat' dir='ltr'><strong><em>)‘l</em></strong></span> 
     </span>
    </p>
   </div>
   <div class='ocr_carea' id='block_1_85' title="bbox 2194 3128 3720 3203">
    <p class='ocr_par' dir='ltr' id='par_1_85' title="bbox 2194 3128 3720 3203">
     <span class='ocr_line' id='line_1_85' title="bbox 2194 3128 3720 3203; baseline 0.014 -21"><span class='ocrx_word' id='word_1_670' title='bbox 2194 3129 2248 3183; x_wconf 79' lang='grc'><strong><em>2.</em></strong></span> <span class='ocrx_word' id='word_1_671' title='bbox 2291 3128 2446 3184; x_wconf 84' lang='lat' dir='ltr'><strong><em>Multi</em></strong></span> <span class='ocrx_word' id='word_1_672' title='bbox 2489 3134 2792 3188; x_wconf 81' lang='lat' dir='ltr'><strong><em>humilitatis</em></strong></span> <span class='ocrx_word' id='word_1_673' title='bbox 2838 3137 2994 3190; x_wconf 89' lang='lat' dir='ltr'><strong><em>modi.</em></strong></span> <span class='ocrx_word' id='word_1_674' title='bbox 3033 3167 3101 3178; x_wconf 88' lang='lat'><strong><em>——-</em></strong></span> <span class='ocrx_word' id='word_1_675' title='bbox 3137 3140 3346 3197; x_wconf 84' lang='lat' dir='ltr'><strong><em>Etenim</em></strong></span> <span class='ocrx_word' id='word_1_676' title='bbox 3390 3146 3541 3200; x_wconf 86' lang='lat' dir='ltr'><strong><em>multi</em></strong></span> <span class='ocrx_word' id='word_1_677' title='bbox 3591 3157 3720 3203; x_wconf 80' lang='lat' dir='ltr'><strong><em>sunt</em></strong></span> 
     </span>
    </p>
   </div>
   <div class='ocr_carea' id='block_1_86' title="bbox 2125 3222 3720 3300">
    <p class='ocr_par' dir='ltr' id='par_1_86' title="bbox 2125 3222 3720 3300">
     <span class='ocr_line' id='line_1_86' title="bbox 2125 3222 3720 3300; baseline 0.012 -24"><span class='ocrx_word' id='word_1_678' title='bbox 2125 3222 2436 3278; x_wconf 87' lang='lat' dir='ltr'><strong><em>humilitatis</em></strong></span> <span class='ocrx_word' id='word_1_679' title='bbox 2452 3226 2598 3280; x_wconf 75' lang='lat' dir='ltr'><strong><em>modi</em></strong></span> <span class='ocrx_word' id='word_1_680' title='bbox 2624 3247 2637 3282; x_wconf 91' lang='lat'><strong>:</strong></span> <span class='ocrx_word' id='word_1_681' title='bbox 2666 3237 2719 3281; x_wconf 89' lang='lat' dir='ltr'><strong><em>et</em></strong></span> <span class='ocrx_word' id='word_1_682' title='bbox 2742 3229 2877 3282; x_wconf 87' lang='lat' dir='ltr'><strong><em>alius</em></strong></span> <span class='ocrx_word' id='word_1_683' title='bbox 2897 3229 3112 3300; x_wconf 88' lang='lat' dir='ltr'><strong><em>quidem</em></strong></span> <span class='ocrx_word' id='word_1_684' title='bbox 3134 3242 3216 3288; x_wconf 73' lang='lat' dir='ltr'><strong><em>est</em></strong></span> <span class='ocrx_word' id='word_1_685' title='bbox 3241 3236 3514 3293; x_wconf 86' lang='lat' dir='ltr'><strong><em>moderate</em></strong></span> <span class='ocrx_word' id='word_1_686' title='bbox 3539 3239 3720 3294; x_wconf 87' lang='lat' dir='ltr'><strong><em>humi-</em></strong></span> 
     </span>
    </p>
   </div>
   <div class='ocr_carea' id='block_1_87' title="bbox 2126 3315 3716 3394">
    <p class='ocr_par' dir='ltr' id='par_1_87' title="bbox 2126 3315 3716 3394">
     <span class='ocr_line' id='line_1_87' title="bbox 2126 3315 3716 3394; baseline 0.013 -26"><span class='ocrx_word' id='word_1_687' title='bbox 2126 3315 2224 3379; x_wconf 92' lang='lat' dir='ltr'><strong><em>lis,</em></strong></span> <span class='ocrx_word' id='word_1_688' title='bbox 2255 3315 2390 3370; x_wconf 88' lang='lat' dir='ltr'><strong><em>alius</em></strong></span> <span class='ocrx_word' id='word_1_689' title='bbox 2421 3331 2548 3371; x_wconf 74' lang='lat' dir='ltr'><strong><em>vero</em></strong></span> <span class='ocrx_word' id='word_1_690' title='bbox 2577 3333 2736 3386; x_wconf 87' lang='lat' dir='ltr'><strong><em>supra</em></strong></span> <span class='ocrx_word' id='word_1_691' title='bbox 2767 3320 3004 3376; x_wconf 90' lang='lat' dir='ltr'><strong><em>modum.</em></strong></span> <span class='ocrx_word' id='word_1_692' title='bbox 3052 3323 3200 3379; x_wconf 85' lang='lat' dir='ltr'><strong><em>Hanc</em></strong></span> <span class='ocrx_word' id='word_1_693' title='bbox 3247 3342 3409 3394; x_wconf 86' lang='lat' dir='ltr'><strong><em>porro</em></strong></span> <span class='ocrx_word' id='word_1_694' title='bbox 3441 3329 3716 3387; x_wconf 88' lang='lat' dir='ltr'><strong><em>humilita-</em></strong></span> 
     </span>
    </p>
   </div>
   <div class='ocr_carea' id='block_1_88' title="bbox 2125 3409 3718 3496">
    <p class='ocr_par' dir='ltr' id='par_1_88' title="bbox 2125 3409 3718 3496">
     <span class='ocr_line' id='line_1_88' title="bbox 2125 3409 3718 3496; baseline 0.011 -32"><span class='ocrx_word' id='word_1_695' title='bbox 2125 3417 2232 3464; x_wconf 86' lang='lat' dir='ltr'><strong><em>tetn</em></strong></span> <span class='ocrx_word' id='word_1_696' title='bbox 2259 3409 2438 3464; x_wconf 82' lang='lat' dir='ltr'><strong><em>laudat</em></strong></span> <span class='ocrx_word' id='word_1_697' title='bbox 2471 3413 2659 3466; x_wconf 83' lang='lat' dir='ltr'><strong><em>beatus</em></strong></span> <span class='ocrx_word' id='word_1_698' title='bbox 2687 3414 2946 3482; x_wconf 86' lang='lat' dir='ltr'><strong><em>propheta</em></strong></span> <span class='ocrx_word' id='word_1_699' title='bbox 2968 3456 2984 3482; x_wconf 89' lang='lat'><strong><em>,</em></strong></span> <span class='ocrx_word' id='word_1_700' title='bbox 3015 3432 3120 3472; x_wconf 87' lang='lat' dir='ltr'><strong><em>non</em></strong></span> <span class='ocrx_word' id='word_1_701' title='bbox 3153 3419 3467 3489; x_wconf 86' lang='lat' dir='ltr'><strong><em>depressum</em></strong></span> <span class='ocrx_word' id='word_1_702' title='bbox 3505 3425 3718 3496; x_wconf 85' lang='lat' dir='ltr'><strong><em>simpli-</em></strong></span> 
     </span>
    </p>
   </div>
   <div class='ocr_carea' id='block_1_89' title="bbox 2123 3502 3715 3585">
    <p class='ocr_par' dir='ltr' id='par_1_89' title="bbox 2123 3502 3715 3585">
     <span class='ocr_line' id='line_1_89' title="bbox 2123 3502 3715 3585; baseline 0.009 -27"><span class='ocrx_word' id='word_1_703' title='bbox 2123 3502 2266 3558; x_wconf 83' lang='lat' dir='ltr'><strong><em>citcr-</em></strong></span> <span class='ocrx_word' id='word_1_704' title='bbox 2299 3505 2537 3559; x_wconf 87' lang='lat' dir='ltr'><strong><em>animum</em></strong></span> <span class='ocrx_word' id='word_1_705' title='bbox 2586 3505 2928 3576; x_wconf 85' lang='lat' dir='ltr'><strong><em>describens,</em></strong></span> <span class='ocrx_word' id='word_1_706' title='bbox 2974 3511 3068 3564; x_wconf 87' lang='lat' dir='ltr'><strong><em>sed</em></strong></span> <span class='ocrx_word' id='word_1_707' title='bbox 3115 3513 3336 3568; x_wconf 88' lang='lat' dir='ltr'><strong><em>omnino</em></strong></span> <span class='ocrx_word' id='word_1_708' title='bbox 3389 3519 3715 3585; x_wconf 89' lang='lat' dir='ltr'><strong><em>contritum,</em></strong></span> 
     </span>
    </p>
   </div>
   <div class='ocr_carea' id='block_1_90' title="bbox 2123 3596 3721 3675">
    <p class='ocr_par' dir='ltr' id='par_1_90' title="bbox 2123 3596 3721 3675">
     <span class='ocr_line' id='line_1_90' title="bbox 2123 3596 3721 3675; baseline 0.01 -25"><span class='ocrx_word' id='word_1_709' title='bbox 2123 3610 2244 3650; x_wconf 88' lang='lat' dir='ltr'><strong><em>cum</em></strong></span> <span class='ocrx_word' id='word_1_710' title='bbox 2281 3599 2390 3650; x_wconf 89' lang='lat' dir='ltr'><strong><em>ait:</em></strong></span> <span class='ocrx_word' id='word_1_711' title='bbox 2429 3596 2754 3665; x_wconf 76' lang='lat' dir='ltr'><strong><em>Sacriﬁcium</em></strong></span> <span class='ocrx_word' id='word_1_712' title='bbox 2796 3599 2906 3654; x_wconf 87' lang='lat' dir='ltr'><strong><em>Deo</em></strong></span> <span class='ocrx_word' id='word_1_713' title='bbox 2943 3604 3153 3671; x_wconf 83' lang='lat' dir='ltr'><strong><em>spiritus</em></strong></span> <span class='ocrx_word' id='word_1_714' title='bbox 3201 3608 3587 3675; x_wconf 85' lang='lat' dir='ltr'><strong><em>contribulatus,</em></strong></span> <span class='ocrx_word' id='word_1_715' title='bbox 3630 3629 3721 3666; x_wconf 86' lang='lat' dir='ltr'><strong><em>cor</em></strong></span> 
     </span>
    </p>
   </div>
   <div class='ocr_carea' id='block_1_91' title="bbox 2124 3687 3717 3774">
    <p class='ocr_par' dir='ltr' id='par_1_91' title="bbox 2124 3687 3717 3774">
     <span class='ocr_line' id='line_1_91' title="bbox 2124 3687 3717 3774; baseline 0.011 -35"><span class='ocrx_word' id='word_1_716' title='bbox 2124 3687 2397 3740; x_wconf 83' lang='lat' dir='ltr'><strong><em>contritum</em></strong></span> <span class='ocrx_word' id='word_1_717' title='bbox 2421 3698 2469 3742; x_wconf 87' lang='lat' dir='ltr'><strong><em>et</em></strong></span> <span class='ocrx_word' id='word_1_718' title='bbox 2491 3689 2849 3759; x_wconf 84' lang='lat' dir='ltr'><strong><em>humiliatum,</em></strong></span> <span class='ocrx_word' id='word_1_719' title='bbox 2898 3691 3067 3760; x_wconf 87' lang='lat' dir='ltr'><strong><em>Deus,</em></strong></span> <span class='ocrx_word' id='word_1_720' title='bbox 3117 3712 3221 3750; x_wconf 80' lang='lat' dir='ltr'><strong><em>non</em></strong></span> <span class='ocrx_word' id='word_1_721' title='bbox 3259 3699 3502 3770; x_wconf 83' lang='lat' dir='ltr'><strong><em>despicies</em></strong></span> <span class='ocrx_word' id='word_1_722' title='bbox 3539 3703 3717 3774; x_wconf 84' lang='lat' dir='ltr'><strong><em>(Psal.</em></strong></span> 
     </span>
    </p>
   </div>
   <div class='ocr_carea' id='block_1_92' title="bbox 2126 3779 3716 3861">
    <p class='ocr_par' dir='ltr' id='par_1_92' title="bbox 2126 3779 3716 3861">
     <span class='ocr_line' id='line_1_92' title="bbox 2126 3779 3716 3861; baseline 0.011 -28"><span class='ocrx_word' id='word_1_723' title='bbox 2126 3779 2214 3834; x_wconf 80' lang='lat'><strong><em>50.</em></strong></span> <span class='ocrx_word' id='word_1_724' title='bbox 2259 3779 2372 3848; x_wconf 81' lang='lat' dir='ltr'><strong><em>l9).</em></strong></span> <span class='ocrx_word' id='word_1_725' title='bbox 2411 3779 2558 3835; x_wconf 90' lang='lat' dir='ltr'><strong><em>Hanc</em></strong></span> <span class='ocrx_word' id='word_1_726' title='bbox 2597 3791 2652 3836; x_wconf 87' lang='lat' dir='ltr'><strong><em>et</em></strong></span> <span class='ocrx_word' id='word_1_727' title='bbox 2697 3793 2806 3838; x_wconf 89' lang='lat' dir='ltr'><strong><em>tres</em></strong></span> <span class='ocrx_word' id='word_1_728' title='bbox 2851 3786 3001 3854; x_wconf 89' lang='lat' dir='ltr'><strong><em>pueri</em></strong></span> <span class='ocrx_word' id='word_1_729' title='bbox 3051 3803 3152 3858; x_wconf 90' lang='lat' dir='ltr'><strong><em>pro</em></strong></span> <span class='ocrx_word' id='word_1_730' title='bbox 3203 3806 3397 3861; x_wconf 80' lang='lat' dir='ltr'><strong><em>magno</em></strong></span> <span class='ocrx_word' id='word_1_731' title='bbox 3448 3796 3716 3851; x_wconf 72' lang='lat' dir='ltr'><strong><em>sacriﬁcio</em></strong></span> 
     </span>
    </p>
   </div>
   <div class='ocr_carea' id='block_1_93' title="bbox 2127 3873 3723 3957">
    <p class='ocr_par' dir='ltr' id='par_1_93' title="bbox 2127 3873 3723 3957">
     <span class='ocr_line' id='line_1_93' title="bbox 2127 3873 3723 3957; baseline 0.009 -32"><span class='ocrx_word' id='word_1_732' title='bbox 2127 3873 2236 3927; x_wconf 86' lang='lat' dir='ltr'><strong><em>Deo</em></strong></span> <span class='ocrx_word' id='word_1_733' title='bbox 2265 3873 2515 3940; x_wconf 85' lang='lat' dir='ltr'><strong><em>oll&#39;erunt,</em></strong></span> <span class='ocrx_word' id='word_1_734' title='bbox 2543 3873 2785 3930; x_wconf 83' lang='lat' dir='ltr'><strong><em>dicentes</em></strong></span> <span class='ocrx_word' id='word_1_735' title='bbox 2809 3893 2822 3929; x_wconf 90' lang='lat'>:</span> <span class='ocrx_word' id='word_1_736' title='bbox 2855 3876 2961 3932; x_wconf 89' lang='lat' dir='ltr'><strong><em>Sed</em></strong></span> <span class='ocrx_word' id='word_1_737' title='bbox 2999 3879 3053 3932; x_wconf 88' lang='lat' dir='ltr'><strong><em>in</em></strong></span> <span class='ocrx_word' id='word_1_738' title='bbox 3093 3882 3263 3935; x_wconf 86' lang='lat' dir='ltr'><strong><em>anima</em></strong></span> <span class='ocrx_word' id='word_1_739' title='bbox 3290 3885 3525 3952; x_wconf 89' lang='lat' dir='ltr'><strong><em>contrita,</em></strong></span> <span class='ocrx_word' id='word_1_740' title='bbox 3553 3896 3599 3940; x_wconf 88' lang='lat' dir='ltr'><strong><em>et</em></strong></span> <span class='ocrx_word' id='word_1_741' title='bbox 3621 3892 3723 3957; x_wconf 83' lang='lat' dir='ltr'><strong><em>spi-</em></strong></span> 
     </span>
    </p>
   </div>
   <div class='ocr_carea' id='block_1_94' title="bbox 2123 3966 3722 4047">
    <p class='ocr_par' dir='ltr' id='par_1_94' title="bbox 2123 3966 3722 4047">
     <span class='ocr_line' id='line_1_94' title="bbox 2123 3966 3722 4047; baseline 0.011 -30"><span class='ocrx_word' id='word_1_742' title='bbox 2123 3966 2222 4018; x_wconf 86' lang='lat' dir='ltr'><strong><em>ritu</em></strong></span> <span class='ocrx_word' id='word_1_743' title='bbox 2245 3967 2510 4021; x_wconf 84' lang='lat' dir='ltr'><strong><em>Immiliato</em></strong></span> <span class='ocrx_word' id='word_1_744' title='bbox 2529 3970 2868 4038; x_wconf 85' lang='lat' dir='ltr'><strong><em>sascipiamur</em></strong></span> <span class='ocrx_word' id='word_1_745' title='bbox 2895 3970 3063 4041; x_wconf 88' lang='lat' dir='ltr'><strong><em>(Dan.</em></strong></span> <span class='ocrx_word' id='word_1_746' title='bbox 3091 3973 3148 4028; x_wconf 82' lang='lat'><strong><em>&#39;5.</em></strong></span> <span class='ocrx_word' id='word_1_747' title='bbox 3177 3975 3290 4047; x_wconf 76' lang='lat'><strong><em>39).</em></strong></span> <span class='ocrx_word' id='word_1_748' title='bbox 3317 3976 3464 4032; x_wconf 90' lang='lat' dir='ltr'><strong><em>llauc</em></strong></span> <span class='ocrx_word' id='word_1_749' title='bbox 3486 3988 3540 4033; x_wconf 90' lang='lat' dir='ltr'><strong><em>et</em></strong></span> <span class='ocrx_word' id='word_1_750' title='bbox 3562 3979 3722 4034; x_wconf 84' lang='lat' dir='ltr'><strong><em>Chri-</em></strong></span> 
     </span>
    </p>
   </div>
   <div class='ocr_carea' id='block_1_95' title="bbox 2124 4058 3716 4130">
    <p class='ocr_par' dir='ltr' id='par_1_95' title="bbox 2124 4058 3716 4130">
     <span class='ocr_line' id='line_1_95' title="bbox 2124 4058 3716 4130; baseline 0.009 -20"><span class='ocrx_word' id='word_1_751' title='bbox 2124 4067 2238 4111; x_wconf 91' lang='lat' dir='ltr'><strong><em>stus</em></strong></span> <span class='ocrx_word' id='word_1_752' title='bbox 2267 4058 2477 4114; x_wconf 87' lang='lat' dir='ltr'><strong><em>beatam</em></strong></span> <span class='ocrx_word' id='word_1_753' title='bbox 2505 4075 2647 4113; x_wconf 91' lang='lat' dir='ltr'><strong><em>nune</em></strong></span> <span class='ocrx_word' id='word_1_754' title='bbox 2677 4061 2949 4130; x_wconf 69' lang='lat' dir='ltr'><strong><em>praedicat.</em></strong></span> <span class='ocrx_word' id='word_1_755' title='bbox 2981 4065 3114 4129; x_wconf 87' lang='lat' dir='ltr'><strong><em>Quia</em></strong></span> <span class='ocrx_word' id='word_1_756' title='bbox 3145 4066 3287 4120; x_wconf 82' lang='lat' dir='ltr'><strong><em>enim</em></strong></span> <span class='ocrx_word' id='word_1_757' title='bbox 3318 4069 3548 4124; x_wconf 84' lang='lat' dir='ltr'><strong><em>maxima</em></strong></span> <span class='ocrx_word' id='word_1_758' title='bbox 3579 4071 3716 4125; x_wconf 84' lang='lat' dir='ltr'><strong><em>mala</em></strong></span> 
     </span>
    </p>
   </div>
   <div class='ocr_carea' id='block_1_96' title="bbox 2124 4155 3720 4231">
    <p class='ocr_par' dir='ltr' id='par_1_96' title="bbox 2124 4155 3720 4231">
     <span class='ocr_line' id='line_1_96' title="bbox 2124 4155 3720 4231; baseline 0.009 -28"><span class='ocrx_word' id='word_1_759' title='bbox 2124 4165 2244 4219; x_wconf 68' lang='lat' dir='ltr'><strong><em>qua:</em></strong></span> <span class='ocrx_word' id='word_1_760' title='bbox 2295 4159 2461 4206; x_wconf 89' lang='lat' dir='ltr'><strong><em>totum</em></strong></span> <span class='ocrx_word' id='word_1_761' title='bbox 2512 4155 2700 4208; x_wconf 83' lang='lat' dir='ltr'><strong><em>orbem</em></strong></span> <span class='ocrx_word' id='word_1_762' title='bbox 2749 4155 3068 4210; x_wconf 76' lang='lat' dir='ltr'><strong><em>labefactant</em></strong></span> <span class='ocrx_word' id='word_1_763' title='bbox 3115 4172 3180 4212; x_wconf 86' lang='lat' dir='ltr'><strong><em>ex</em></strong></span> <span class='ocrx_word' id='word_1_764' title='bbox 3225 4160 3472 4228; x_wconf 86' lang='lat' dir='ltr'><strong><em>superbia</em></strong></span> <span class='ocrx_word' id='word_1_765' title='bbox 3501 4162 3720 4231; x_wconf 87' lang='lat' dir='ltr'><strong><em>prodie-</em></strong></span> 
     </span>
    </p>
   </div>
   <div class='ocr_carea' id='block_1_97' title="bbox 2125 4246 3718 4321">
    <p class='ocr_par' dir='ltr' id='par_1_97' title="bbox 2125 4246 3718 4321">
     <span class='ocr_line' id='line_1_97' title="bbox 2125 4246 3718 4321; baseline 0.008 -23"><span class='ocrx_word' id='word_1_766' title='bbox 2125 4253 2282 4310; x_wconf 88' lang='lat' dir='ltr'><strong><em>runt;</em></strong></span> <span class='ocrx_word' id='word_1_767' title='bbox 2324 4246 2755 4316; x_wconf 85' lang='lat' dir='ltr'><strong><em>quandoquidem</em></strong></span> <span class='ocrx_word' id='word_1_768' title='bbox 2803 4248 3083 4316; x_wconf 86' lang='lat' dir='ltr'><strong><em>diabolus,</em></strong></span> <span class='ocrx_word' id='word_1_769' title='bbox 3131 4251 3221 4321; x_wconf 89' lang='lat' dir='ltr'><strong><em>qui</em></strong></span> <span class='ocrx_word' id='word_1_770' title='bbox 3272 4253 3392 4309; x_wconf 88' lang='lat' dir='ltr'><strong><em>talis</em></strong></span> <span class='ocrx_word' id='word_1_771' title='bbox 3435 4264 3559 4309; x_wconf 87' lang='lat' dir='ltr'><strong><em>ante</em></strong></span> <span class='ocrx_word' id='word_1_772' title='bbox 3609 4273 3718 4311; x_wconf 87' lang='lat' dir='ltr'><strong><em>non</em></strong></span> 
     </span>
    </p>
   </div>
   <div class='ocr_carea' id='block_1_98' title="bbox 2125 4337 3717 4414">
    <p class='ocr_par' dir='ltr' id='par_1_98' title="bbox 2125 4337 3717 4414">
     <span class='ocr_line' id='line_1_98' title="bbox 2125 4337 3717 4414; baseline 0.008 -22"><span class='ocrx_word' id='word_1_773' title='bbox 2125 4337 2330 4403; x_wconf 84' lang='lat' dir='ltr'><strong><em>fuerat,</em></strong></span> <span class='ocrx_word' id='word_1_774' title='bbox 2360 4340 2439 4394; x_wconf 87' lang='lat' dir='ltr'><strong><em>sic</em></strong></span> <span class='ocrx_word' id='word_1_775' title='bbox 2471 4341 2712 4395; x_wconf 76' lang='lat' dir='ltr'><strong><em>diabolus</em></strong></span> <span class='ocrx_word' id='word_1_776' title='bbox 2739 4340 2964 4396; x_wconf 77' lang='lat' dir='ltr'><strong><em>effectus</em></strong></span> <span class='ocrx_word' id='word_1_777' title='bbox 2993 4355 3075 4398; x_wconf 89' lang='lat' dir='ltr'><strong><em>est</em></strong></span> <span class='ocrx_word' id='word_1_778' title='bbox 3109 4363 3121 4399; x_wconf 93' lang='lat'><strong>:</strong></span> <span class='ocrx_word' id='word_1_779' title='bbox 3152 4345 3291 4414; x_wconf 90' lang='lat' dir='ltr'><strong><em>quod</em></strong></span> <span class='ocrx_word' id='word_1_780' title='bbox 3328 4347 3492 4401; x_wconf 89' lang='lat' dir='ltr'><strong><em>etiam</em></strong></span> <span class='ocrx_word' id='word_1_781' title='bbox 3524 4347 3717 4404; x_wconf 83' lang='lat' dir='ltr'><strong><em>Paulus</em></strong></span> 
     </span>
    </p>
   </div>
   <div class='ocr_carea' id='block_1_99' title="bbox 2123 4432 3715 4512">
    <p class='ocr_par' dir='ltr' id='par_1_99' title="bbox 2123 4432 3715 4512">
     <span class='ocr_line' id='line_1_99' title="bbox 2123 4432 3715 4512; baseline 0.006 -25"><span class='ocrx_word' id='word_1_782' title='bbox 2123 4433 2369 4490; x_wconf 85' lang='lat' dir='ltr'><strong><em>dicebat:</em></strong></span> <span class='ocrx_word' id='word_1_783' title='bbox 2396 4432 2480 4488; x_wconf 84' lang='lat' dir='ltr'><strong><em>Ne</em></strong></span> <span class='ocrx_word' id='word_1_784' title='bbox 2503 4436 2712 4505; x_wconf 82' lang='lat' dir='ltr'><strong><em>inﬂatus</em></strong></span> <span class='ocrx_word' id='word_1_785' title='bbox 2734 4437 2784 4488; x_wconf 88' lang='lat' dir='ltr'><strong><em>in</em></strong></span> <span class='ocrx_word' id='word_1_786' title='bbox 2799 4435 3053 4506; x_wconf 85' lang='lat' dir='ltr'><strong><em>judicium</em></strong></span> <span class='ocrx_word' id='word_1_787' title='bbox 3077 4438 3264 4492; x_wconf 83' lang='lat' dir='ltr'><strong><em>incidat</em></strong></span> <span class='ocrx_word' id='word_1_788' title='bbox 3286 4440 3476 4494; x_wconf 83' lang='lat' dir='ltr'><strong><em>diaboli</em></strong></span> <span class='ocrx_word' id='word_1_789' title='bbox 3497 4441 3542 4512; x_wconf 80' lang='grc' dir='ltr'><strong>(Ι</strong></span> <span class='ocrx_word' id='word_1_790' title='bbox 3561 4441 3715 4497; x_wconf 89' lang='lat' dir='ltr'><strong><em>.Tim.</em></strong></span> 
     </span>
    </p>
   </div>
   <div class='ocr_carea' id='block_1_100' title="bbox 2122 4525 3719 4605">
    <p class='ocr_par' dir='ltr' id='par_1_100' title="bbox 2122 4525 3719 4605">
     <span class='ocr_line' id='line_1_100' title="bbox 2122 4525 3719 4605; baseline 0.004 -25"><span class='ocrx_word' id='word_1_791' title='bbox 2122 4526 2178 4581; x_wconf 77' lang='lat'><strong><em>3.</em></strong></span> <span class='ocrx_word' id='word_1_792' title='bbox 2211 4525 2286 4595; x_wconf 88' lang='lat'><strong><em>6).</em></strong></span> <span class='ocrx_word' id='word_1_793' title='bbox 2318 4525 2528 4580; x_wconf 86' lang='lat' dir='ltr'><strong><em>Primus</em></strong></span> <span class='ocrx_word' id='word_1_794' title='bbox 2555 4542 2766 4597; x_wconf 91' lang='lat' dir='ltr'><strong><em>quoque</em></strong></span> <span class='ocrx_word' id='word_1_795' title='bbox 2793 4528 2952 4583; x_wconf 92' lang='lat' dir='ltr'><strong><em>homo</em></strong></span> <span class='ocrx_word' id='word_1_796' title='bbox 2981 4526 3082 4584; x_wconf 89' lang='lat' dir='ltr'><strong><em>hac</em></strong></span> <span class='ocrx_word' id='word_1_797' title='bbox 3109 4530 3365 4585; x_wconf 88' lang='lat' dir='ltr'><strong><em>adiabolo</em></strong></span> <span class='ocrx_word' id='word_1_798' title='bbox 3391 4531 3603 4586; x_wconf 85' lang='lat' dir='ltr'><strong><em>inﬂatus</em></strong></span> <span class='ocrx_word' id='word_1_799' title='bbox 3624 4549 3719 4605; x_wconf 88' lang='lat' dir='ltr'><strong><em>spe</em></strong></span> 
     </span>
    </p>
   </div>
   <div class='ocr_carea' id='block_1_101' title="bbox 2122 4617 3718 4696">
    <p class='ocr_par' dir='ltr' id='par_1_101' title="bbox 2122 4617 3718 4696">
     <span class='ocr_line' id='line_1_101' title="bbox 2122 4617 3718 4696; baseline 0.008 -28"><span class='ocrx_word' id='word_1_800' title='bbox 2122 4617 2486 4688; x_wconf 63' lang='lat' dir='ltr'><strong><em>praecipitatus</em></strong></span> <span class='ocrx_word' id='word_1_801' title='bbox 2527 4625 2582 4673; x_wconf 90' lang='lat' dir='ltr'><strong><em>et</em></strong></span> <span class='ocrx_word' id='word_1_802' title='bbox 2612 4620 2854 4674; x_wconf 85' lang='lat' dir='ltr'><strong><em>mortalis</em></strong></span> <span class='ocrx_word' id='word_1_803' title='bbox 2898 4619 3067 4676; x_wconf 81' lang='lat' dir='ltr'><strong><em>iactus</em></strong></span> <span class='ocrx_word' id='word_1_804' title='bbox 3097 4631 3181 4677; x_wconf 88' lang='lat' dir='ltr'><strong><em>est</em></strong></span> <span class='ocrx_word' id='word_1_805' title='bbox 3207 4640 3221 4678; x_wconf 90' lang='lat'>:</span> <span class='ocrx_word' id='word_1_806' title='bbox 3253 4637 3375 4680; x_wconf 90' lang='lat' dir='ltr'><strong><em>cum</em></strong></span> <span class='ocrx_word' id='word_1_807' title='bbox 3405 4625 3546 4679; x_wconf 90' lang='lat' dir='ltr'><strong><em>enim</em></strong></span> <span class='ocrx_word' id='word_1_808' title='bbox 3589 4640 3718 4696; x_wconf 86' lang='lat' dir='ltr'><strong><em>spe-</em></strong></span> 
     </span>
    </p>
   </div>
   <div class='ocr_carea' id='block_1_102' title="bbox 2125 4710 3725 4787">
    <p class='ocr_par' dir='ltr' id='par_1_102' title="bbox 2125 4710 3725 4787">
     <span class='ocr_line' id='line_1_102' title="bbox 2125 4710 3725 4787; baseline 0.004 -21"><span class='ocrx_word' id='word_1_809' title='bbox 2125 4721 2296 4767; x_wconf 89' lang='lat' dir='ltr'><strong><em>rasset</em></strong></span> <span class='ocrx_word' id='word_1_810' title='bbox 2319 4727 2379 4767; x_wconf 90' lang='lat' dir='ltr'><strong><em>se</em></strong></span> <span class='ocrx_word' id='word_1_811' title='bbox 2408 4710 2566 4766; x_wconf 89' lang='lat' dir='ltr'><strong><em>deum</em></strong></span> <span class='ocrx_word' id='word_1_812' title='bbox 2613 4711 2764 4778; x_wconf 79' lang='lat' dir='ltr'><strong><em>fore,</em></strong></span> <span class='ocrx_word' id='word_1_813' title='bbox 2793 4711 2952 4768; x_wconf 90' lang='lat' dir='ltr'><strong><em>etiam</em></strong></span> <span class='ocrx_word' id='word_1_814' title='bbox 2995 4713 3047 4769; x_wconf 88' lang='lat' dir='ltr'><strong><em>id</em></strong></span> <span class='ocrx_word' id='word_1_815' title='bbox 3093 4714 3234 4784; x_wconf 92' lang='lat' dir='ltr'><strong><em>quod</em></strong></span> <span class='ocrx_word' id='word_1_816' title='bbox 3280 4714 3512 4772; x_wconf 84' lang='lat' dir='ltr'><strong><em>habebat</em></strong></span> <span class='ocrx_word' id='word_1_817' title='bbox 3542 4717 3725 4787; x_wconf 85' lang='lat' dir='ltr'><strong><em>perdi-</em></strong></span> 
     </span>
    </p>
   </div>
   <div class='ocr_carea' id='block_1_103' title="bbox 2121 4803 3716 4879">
    <p class='ocr_par' dir='ltr' id='par_1_103' title="bbox 2121 4803 3716 4879">
     <span class='ocr_line' id='line_1_103' title="bbox 2121 4803 3716 4879; baseline 0.001 -19"><span class='ocrx_word' id='word_1_818' title='bbox 2121 4805 2225 4860; x_wconf 90' lang='lat' dir='ltr'><strong><em>dit.</em></strong></span> <span class='ocrx_word' id='word_1_819' title='bbox 2253 4803 2404 4871; x_wconf 91' lang='lat' dir='ltr'><strong><em>Quod</em></strong></span> <span class='ocrx_word' id='word_1_820' title='bbox 2447 4813 2502 4858; x_wconf 89' lang='lat' dir='ltr'><strong><em>et</em></strong></span> <span class='ocrx_word' id='word_1_821' title='bbox 2552 4804 2692 4859; x_wconf 89' lang='lat' dir='ltr'><strong><em>Deus</em></strong></span> <span class='ocrx_word' id='word_1_822' title='bbox 2741 4803 2840 4875; x_wconf 89' lang='lat' dir='ltr'><strong><em>ipsi</em></strong></span> <span class='ocrx_word' id='word_1_823' title='bbox 2874 4808 3228 4879; x_wconf 84' lang='lat' dir='ltr'><strong><em>exprobrans,</em></strong></span> <span class='ocrx_word' id='word_1_824' title='bbox 3262 4815 3316 4862; x_wconf 91' lang='lat' dir='ltr'><strong><em>et</em></strong></span> <span class='ocrx_word' id='word_1_825' title='bbox 3357 4808 3716 4877; x_wconf 81' lang='lat' dir='ltr'><strong><em>insipientiam</em></strong></span> 
     </span>
    </p>
   </div>
   <div class='ocr_carea' id='block_1_104' title="bbox 2121 4895 3718 4969">
    <p class='ocr_par' dir='ltr' id='par_1_104' title="bbox 2121 4895 3718 4969">
     <span class='ocr_line' id='line_1_104' title="bbox 2121 4895 3718 4969; baseline 0.001 -18"><span class='ocrx_word' id='word_1_826' title='bbox 2121 4895 2237 4966; x_wconf 87' lang='lat' dir='ltr'><strong><em>ejus</em></strong></span> <span class='ocrx_word' id='word_1_827' title='bbox 2278 4896 2599 4962; x_wconf 89' lang='lat' dir='ltr'><strong><em>traducens,</em></strong></span> <span class='ocrx_word' id='word_1_828' title='bbox 2641 4895 2890 4952; x_wconf 86' lang='lat' dir='ltr'><strong><em>dicebat:</em></strong></span> <span class='ocrx_word' id='word_1_829' title='bbox 2924 4895 3060 4950; x_wconf 83' lang='lat' dir='ltr'><strong><em>Ecce</em></strong></span> <span class='ocrx_word' id='word_1_830' title='bbox 3091 4898 3254 4950; x_wconf 83' lang='lat' dir='ltr'><strong><em>Adam</em></strong></span> <span class='ocrx_word' id='word_1_831' title='bbox 3297 4900 3462 4969; x_wconf 82' lang='lat' dir='ltr'><strong><em>factus</em></strong></span> <span class='ocrx_word' id='word_1_832' title='bbox 3488 4909 3561 4952; x_wconf 87' lang='lat' dir='ltr'><strong><em>est</em></strong></span> <span class='ocrx_word' id='word_1_833' title='bbox 3588 4899 3718 4952; x_wconf 82' lang='lat' dir='ltr'><strong><em>sicut</em></strong></span> 
     </span>
    </p>
   </div>
   <div class='ocr_carea' id='block_1_105' title="bbox 2123 4985 3720 5060">
    <p class='ocr_par' dir='ltr' id='par_1_105' title="bbox 2123 4985 3720 5060">
     <span class='ocr_line' id='line_1_105' title="bbox 2123 4985 3720 5060; baseline 0.001 -17"><span class='ocrx_word' id='word_1_834' title='bbox 2123 5005 2258 5044; x_wconf 89' lang='lat' dir='ltr'><strong><em>unus</em></strong></span> <span class='ocrx_word' id='word_1_835' title='bbox 2281 5005 2346 5043; x_wconf 81' lang='lat' dir='ltr'><strong><em>ea:</em></strong></span> <span class='ocrx_word' id='word_1_836' title='bbox 2370 4987 2514 5042; x_wconf 85' lang='lat' dir='ltr'><strong><em>nobis</em></strong></span> <span class='ocrx_word' id='word_1_837' title='bbox 2552 4986 2710 5059; x_wconf 86' lang='lat' dir='ltr'><strong><em>(Gen.</em></strong></span> <span class='ocrx_word' id='word_1_838' title='bbox 2753 4989 2806 5044; x_wconf 81' lang='grc'><strong><em>5.</em></strong></span> <span class='ocrx_word' id='word_1_839' title='bbox 2846 4986 2963 5058; x_wconf 70' lang='lat'><strong><em>22).</em></strong></span> <span class='ocrx_word' id='word_1_840' title='bbox 3013 4985 3217 5058; x_wconf 82' lang='lat' dir='ltr'><strong><em>Singuli</em></strong></span> <span class='ocrx_word' id='word_1_841' title='bbox 3264 4999 3441 5044; x_wconf 88' lang='lat' dir='ltr'><strong><em>autem</em></strong></span> <span class='ocrx_word' id='word_1_842' title='bbox 3473 4990 3563 5060; x_wconf 93' lang='lat' dir='ltr'><strong><em>qui</em></strong></span> <span class='ocrx_word' id='word_1_843' title='bbox 3598 5002 3720 5060; x_wconf 80' lang='lat' dir='ltr'><strong><em>post</em></strong></span> 
     </span>
    </p>
   </div>
   <div class='ocr_carea' id='block_1_106' title="bbox 2122 5081 3720 5152">
    <p class='ocr_par' dir='ltr' id='par_1_106' title="bbox 2122 5081 3720 5152">
     <span class='ocr_line' id='line_1_106' title="bbox 2122 5081 3720 5152; baseline 0.001 -15"><span class='ocrx_word' id='word_1_844' title='bbox 2122 5081 2369 5150; x_wconf 80' lang='lat' dir='ltr'><strong><em>fuerunt,</em></strong></span> <span class='ocrx_word' id='word_1_845' title='bbox 2420 5081 2546 5136; x_wconf 89' lang='lat' dir='ltr'><strong><em>hinc</em></strong></span> <span class='ocrx_word' id='word_1_846' title='bbox 2574 5081 2624 5135; x_wconf 93' lang='lat' dir='ltr'><strong><em>in</em></strong></span> <span class='ocrx_word' id='word_1_847' title='bbox 2673 5082 3001 5152; x_wconf 89' lang='lat' dir='ltr'><strong><em>impietatem</em></strong></span> <span class='ocrx_word' id='word_1_848' title='bbox 3048 5082 3267 5151; x_wconf 89' lang='lat' dir='ltr'><strong><em>collapsi</em></strong></span> <span class='ocrx_word' id='word_1_849' title='bbox 3311 5091 3472 5150; x_wconf 90' lang='lat' dir='ltr'><strong><em>sunt,</em></strong></span> <span class='ocrx_word' id='word_1_850' title='bbox 3512 5098 3570 5138; x_wconf 91' lang='lat' dir='ltr'><strong><em>se</em></strong></span> <span class='ocrx_word' id='word_1_851' title='bbox 3609 5083 3720 5139; x_wconf 88' lang='lat' dir='ltr'><strong><em>Deo</em></strong></span> 
     </span>
    </p>
   </div>
   <div class='ocr_carea' id='block_1_107' title="bbox 2121 5171 3718 5245">
    <p class='ocr_par' dir='ltr' id='par_1_107' title="bbox 2121 5171 3718 5245">
     <span class='ocr_line' id='line_1_107' title="bbox 2121 5171 3718 5245; baseline 0.001 -17"><span class='ocrx_word' id='word_1_852' title='bbox 2121 5173 2354 5244; x_wconf 72' lang='lat' dir='ltr'><strong><em>sequales</em></strong></span> <span class='ocrx_word' id='word_1_853' title='bbox 2398 5173 2772 5243; x_wconf 80' lang='lat' dir='ltr'><strong><em>imaginantes.</em></strong></span> <span class='ocrx_word' id='word_1_854' title='bbox 2816 5171 3078 5240; x_wconf 90' lang='lat' dir='ltr'><strong><em>Quoniam</em></strong></span> <span class='ocrx_word' id='word_1_855' title='bbox 3120 5173 3281 5245; x_wconf 81' lang='lat' dir='ltr'><strong><em>igitur</em></strong></span> <span class='ocrx_word' id='word_1_856' title='bbox 3310 5175 3424 5231; x_wconf 77' lang='lat' dir='ltr'><strong><em>haec</em></strong></span> <span class='ocrx_word' id='word_1_857' title='bbox 3453 5177 3718 5231; x_wconf 84' lang='lat' dir='ltr'><strong><em>malorum</em></strong></span> 
     </span>
    </p>
   </div>
   <div class='ocr_carea' id='block_1_108' title="bbox 2122 5267 3717 5340">
    <p class='ocr_par' dir='ltr' id='par_1_108' title="bbox 2122 5267 3717 5340">
     <span class='ocr_line' id='line_1_108' title="bbox 2122 5267 3717 5340; baseline 0.001 -20"><span class='ocrx_word' id='word_1_858' title='bbox 2122 5282 2215 5321; x_wconf 88' lang='lat' dir='ltr'><strong><em>arx</em></strong></span> <span class='ocrx_word' id='word_1_859' title='bbox 2262 5276 2405 5335; x_wconf 89' lang='lat' dir='ltr'><strong><em>erat,</em></strong></span> <span class='ocrx_word' id='word_1_860' title='bbox 2441 5268 2679 5338; x_wconf 91' lang='lat' dir='ltr'><strong><em>itemque</em></strong></span> <span class='ocrx_word' id='word_1_861' title='bbox 2722 5268 2877 5322; x_wconf 84' lang='lat' dir='ltr'><strong><em>radix</em></strong></span> <span class='ocrx_word' id='word_1_862' title='bbox 2930 5277 2986 5322; x_wconf 90' lang='lat' dir='ltr'><strong><em>et</em></strong></span> <span class='ocrx_word' id='word_1_863' title='bbox 3031 5267 3149 5323; x_wconf 78' lang='lat' dir='ltr'><strong><em>l‘ons</em></strong></span> <span class='ocrx_word' id='word_1_864' title='bbox 3194 5269 3370 5323; x_wconf 92' lang='lat' dir='ltr'><strong><em>omnis</em></strong></span> <span class='ocrx_word' id='word_1_865' title='bbox 3423 5269 3717 5340; x_wconf 70' lang='lat' dir='ltr'><strong><em>nequitim:</em></strong></span> 
     </span>
    </p>
   </div>
   <div class='ocr_carea' id='block_1_109' title="bbox 2122 5359 3726 5431">
    <p class='ocr_par' dir='ltr' id='par_1_109' title="bbox 2122 5359 3726 5431">
     <span class='ocr_line' id='line_1_109' title="bbox 2122 5359 3726 5431; baseline 0.001 -19"><span class='ocrx_word' id='word_1_866' title='bbox 2122 5363 2312 5413; x_wconf 90' lang='lat' dir='ltr'><strong><em>morbo</em></strong></span> <span class='ocrx_word' id='word_1_867' title='bbox 2338 5375 2638 5430; x_wconf 76' lang='lat' dir='ltr'><strong><em>congruens</em></strong></span> <span class='ocrx_word' id='word_1_868' title='bbox 2669 5360 2969 5415; x_wconf 88' lang='lat' dir='ltr'><strong><em>remedium</em></strong></span> <span class='ocrx_word' id='word_1_869' title='bbox 3001 5375 3299 5430; x_wconf 89' lang='lat' dir='ltr'><strong><em>apparans,</em></strong></span> <span class='ocrx_word' id='word_1_870' title='bbox 3331 5363 3480 5431; x_wconf 86' lang='lat' dir='ltr'><strong><em>quasi</em></strong></span> <span class='ocrx_word' id='word_1_871' title='bbox 3513 5359 3726 5415; x_wconf 82' lang='lat' dir='ltr'><strong><em>funda—</em></strong></span> 
     </span>
    </p>
   </div>
   <div class='ocr_carea' id='block_1_110' title="bbox 2123 5453 3717 5523">
    <p class='ocr_par' dir='ltr' id='par_1_110' title="bbox 2123 5453 3717 5523">
     <span class='ocr_line' id='line_1_110' title="bbox 2123 5453 3717 5523; baseline -0.003 -14"><span class='ocrx_word' id='word_1_872' title='bbox 2123 5464 2362 5510; x_wconf 89' lang='lat' dir='ltr'><strong><em>mentum</em></strong></span> <span class='ocrx_word' id='word_1_873' title='bbox 2396 5455 2606 5509; x_wconf 87' lang='lat' dir='ltr'><strong><em>ﬁrmum</em></strong></span> <span class='ocrx_word' id='word_1_874' title='bbox 2630 5465 2686 5509; x_wconf 91' lang='lat' dir='ltr'><strong><em>et</em></strong></span> <span class='ocrx_word' id='word_1_875' title='bbox 2709 5463 2879 5507; x_wconf 86' lang='lat' dir='ltr'><strong><em>tutum</em></strong></span> <span class='ocrx_word' id='word_1_876' title='bbox 2911 5453 3047 5507; x_wconf 90' lang='lat' dir='ltr'><strong><em>hanc</em></strong></span> <span class='ocrx_word' id='word_1_877' title='bbox 3075 5453 3303 5521; x_wconf 87' lang='lat' dir='ltr'><strong><em>primam</em></strong></span> <span class='ocrx_word' id='word_1_878' title='bbox 3324 5455 3497 5523; x_wconf 71' lang='lat' dir='ltr'><strong><em>posuit</em></strong></span> <span class='ocrx_word' id='word_1_879' title='bbox 3523 5456 3717 5522; x_wconf 84' lang='lat' dir='ltr'><strong><em>legem.</em></strong></span> 
     </span>
    </p>
   </div>
   <div class='ocr_carea' id='block_1_111' title="bbox 2123 5545 3717 5616">
    <p class='ocr_par' dir='ltr' id='par_1_111' title="bbox 2123 5545 3717 5616">
     <span class='ocr_line' id='line_1_111' title="bbox 2123 5545 3717 5616; baseline -0.004 -13"><span class='ocrx_word' id='word_1_880' title='bbox 2123 5547 2236 5603; x_wconf 82' lang='lat' dir='ltr'><strong><em>Hac</em></strong></span> <span class='ocrx_word' id='word_1_881' title='bbox 2276 5547 2421 5603; x_wconf 89' lang='lat' dir='ltr'><strong><em>enim</em></strong></span> <span class='ocrx_word' id='word_1_882' title='bbox 2465 5547 2666 5616; x_wconf 88' lang='lat' dir='ltr'><strong><em>posita,</em></strong></span> <span class='ocrx_word' id='word_1_883' title='bbox 2701 5553 2815 5600; x_wconf 91' lang='lat' dir='ltr'><strong><em>tuto</em></strong></span> <span class='ocrx_word' id='word_1_884' title='bbox 2842 5557 3035 5600; x_wconf 65' lang='lat' dir='ltr'><strong><em>cattera</em></strong></span> <span class='ocrx_word' id='word_1_885' title='bbox 3066 5545 3243 5600; x_wconf 87' lang='lat' dir='ltr'><strong><em>omnia</em></strong></span> <span class='ocrx_word' id='word_1_886' title='bbox 3273 5546 3588 5615; x_wconf 85' lang='lat' dir='ltr'><strong><em>superpenit</em></strong></span> <span class='ocrx_word' id='word_1_887' title='bbox 3627 5562 3717 5597; x_wconf 86' lang='lat' dir='ltr'><strong><em>ar-</em></strong></span> 
     </span>
    </p>
   </div>
   <div class='ocr_carea' id='block_1_112' title="bbox 2123 5639 3717 5709">
    <p class='ocr_par' dir='ltr' id='par_1_112' title="bbox 2123 5639 3717 5709">
     <span class='ocr_line' id='line_1_112' title="bbox 2123 5639 3717 5709; baseline -0.004 -11"><span class='ocrx_word' id='word_1_888' title='bbox 2123 5643 2386 5699; x_wconf 78' lang='lat' dir='ltr'><strong><em>chitectus</em></strong></span> <span class='ocrx_word' id='word_1_889' title='bbox 2415 5659 2429 5697; x_wconf 88' lang='lat'><strong>:</strong></span> <span class='ocrx_word' id='word_1_890' title='bbox 2463 5641 2562 5696; x_wconf 91' lang='lat' dir='ltr'><strong><em>hac</em></strong></span> <span class='ocrx_word' id='word_1_891' title='bbox 2609 5656 2737 5696; x_wconf 90' lang='lat' dir='ltr'><strong><em>vero</em></strong></span> <span class='ocrx_word' id='word_1_892' title='bbox 2786 5640 3031 5705; x_wconf 87' lang='lat' dir='ltr'><strong><em>sublata,</em></strong></span> <span class='ocrx_word' id='word_1_893' title='bbox 3086 5639 3131 5694; x_wconf 89' lang='lat' dir='ltr'><strong><em>si</em></strong></span> <span class='ocrx_word' id='word_1_894' title='bbox 3183 5640 3304 5709; x_wconf 92' lang='lat' dir='ltr'><strong><em>quis</em></strong></span> <span class='ocrx_word' id='word_1_895' title='bbox 3350 5653 3421 5693; x_wconf 80' lang='lat' dir='ltr'><strong><em>ex</em></strong></span> <span class='ocrx_word' id='word_1_896' title='bbox 3470 5639 3717 5693; x_wconf 86' lang='lat' dir='ltr'><strong><em>instituto</em></strong></span> 
     </span>
    </p>
   </div>
   <div class='ocr_carea' id='block_1_113' title="bbox 2122 5732 3716 5810">
    <p class='ocr_par' dir='ltr' id='par_1_113' title="bbox 2122 5732 3716 5810">
     <span class='ocr_line' id='line_1_113' title="bbox 2122 5732 3716 5810; baseline -0.003 -19"><span class='ocrx_word' id='word_1_897' title='bbox 2122 5737 2244 5792; x_wconf 69' lang='lat' dir='ltr'><strong><em>vitae</em></strong></span> <span class='ocrx_word' id='word_1_898' title='bbox 2271 5736 2356 5790; x_wconf 75' lang='lat' dir='ltr'><strong><em>vel</em></strong></span> <span class='ocrx_word' id='word_1_899' title='bbox 2385 5734 2451 5790; x_wconf 90' lang='lat' dir='ltr'><strong><em>ad</em></strong></span> <span class='ocrx_word' id='word_1_900' title='bbox 2476 5735 2666 5790; x_wconf 61' lang='lat' dir='ltr'><strong><em>caelum</em></strong></span> <span class='ocrx_word' id='word_1_901' title='bbox 2697 5734 2962 5805; x_wconf 71' lang='lat' dir='ltr'><strong><em>pertingat</em></strong></span> <span class='ocrx_word' id='word_1_902' title='bbox 2981 5775 2996 5800; x_wconf 91' lang='lat'><strong><em>,</em></strong></span> <span class='ocrx_word' id='word_1_903' title='bbox 3034 5735 3213 5788; x_wconf 87' lang='lat' dir='ltr'><strong><em>omnia</em></strong></span> <span class='ocrx_word' id='word_1_904' title='bbox 3255 5732 3414 5810; x_wconf 75' lang='lat' dir='ltr'><strong><em>facile</em></strong></span> <span class='ocrx_word' id='word_1_905' title='bbox 3436 5742 3631 5798; x_wconf 91' lang='lat' dir='ltr'><strong><em>ruunt,</em></strong></span> <span class='ocrx_word' id='word_1_906' title='bbox 3663 5741 3716 5786; x_wconf 88' lang='lat' dir='ltr'><strong><em>et</em></strong></span> 
     </span>
    </p>
   </div>
   <div class='ocr_carea' id='block_1_114' title="bbox 2125 5820 3718 5900">
    <p class='ocr_par' dir='ltr' id='par_1_114' title="bbox 2125 5820 3718 5900">
     <span class='ocr_line' id='line_1_114' title="bbox 2125 5820 3718 5900; baseline -0.006 -16"><span class='ocrx_word' id='word_1_907' title='bbox 2125 5828 2177 5884; x_wconf 89' lang='lat' dir='ltr'><strong><em>in</em></strong></span> <span class='ocrx_word' id='word_1_908' title='bbox 2205 5829 2494 5900; x_wconf 83' lang='lat' dir='ltr'><strong><em>pessimum</em></strong></span> <span class='ocrx_word' id='word_1_909' title='bbox 2519 5825 2678 5884; x_wconf 87' lang='lat' dir='ltr'><strong><em>ﬁnem</em></strong></span> <span class='ocrx_word' id='word_1_910' title='bbox 2705 5825 2979 5882; x_wconf 86' lang='lat' dir='ltr'><strong><em>desinunt.</em></strong></span> <span class='ocrx_word' id='word_1_911' title='bbox 3008 5826 3115 5880; x_wconf 72' lang='lat' dir='ltr'><strong><em>l&#39;ltsi</em></strong></span> <span class='ocrx_word' id='word_1_912' title='bbox 3143 5824 3438 5896; x_wconf 80' lang='lat' dir='ltr'><strong><em>jejunium,</em></strong></span> <span class='ocrx_word' id='word_1_913' title='bbox 3465 5820 3563 5879; x_wconf 88' lang='lat' dir='ltr'><strong><em>etsi</em></strong></span> <span class='ocrx_word' id='word_1_914' title='bbox 3596 5837 3718 5876; x_wconf 85' lang='lat' dir='ltr'><strong><em>ora-</em></strong></span> 
     </span>
    </p>
   </div>
  </div>
