  <div class='ocr_page' id='page_1' title='image "/cluster/home/n/w/nwhite01/storage/ocr_20150623/57:no.7:pt.1/coo.31924054869577/154.png"; bbox 0 0 4052 6454; ppageno 0'>
   <div class='ocr_carea' id='block_1_1' title="bbox 349 403 452 459">
    <p class='ocr_par' dir='ltr' id='par_1_1' title="bbox 349 403 452 459">
     <span class='ocr_line' id='line_1_1' title="bbox 349 403 452 459; baseline 0 0"><span class='ocrx_word' id='word_1_1' title='bbox 349 403 452 459; x_wconf 66' lang='lat'><strong>2’35</strong></span> 
     </span>
    </p>
   </div>
   <div class='ocr_carea' id='block_1_2' title="bbox 355 518 1945 593">
    <p class='ocr_par' dir='ltr' id='par_1_2' title="bbox 355 518 1945 593">
     <span class='ocr_line' id='line_1_2' title="bbox 355 518 1945 593; baseline 0 -18"><span class='ocrx_word' id='word_1_2' title='bbox 355 522 553 576; x_wconf 99' lang='lat' dir='ltr'><strong>tionem</strong></span> <span class='ocrx_word' id='word_1_3' title='bbox 580 560 595 585; x_wconf 91' lang='lat'><strong>,</strong></span> <span class='ocrx_word' id='word_1_4' title='bbox 657 520 759 574; x_wconf 90' lang='lat' dir='ltr'><strong>etsi</strong></span> <span class='ocrx_word' id='word_1_5' title='bbox 804 518 1204 593; x_wconf 81' lang='lat' dir='ltr'><strong>eleemosynam</strong></span> <span class='ocrx_word' id='word_1_6' title='bbox 1233 562 1248 586; x_wconf 90' lang='lat'><strong>,</strong></span> <span class='ocrx_word' id='word_1_7' title='bbox 1301 518 1401 574; x_wconf 89' lang='lat' dir='ltr'><strong>etsi</strong></span> <span class='ocrx_word' id='word_1_8' title='bbox 1447 520 1748 574; x_wconf 87' lang='lat' dir='ltr'><strong>castitatem</strong></span> <span class='ocrx_word' id='word_1_9' title='bbox 1841 522 1945 575; x_wconf 90' lang='lat' dir='ltr'><strong>etsi</strong></span> 
     </span>
    </p>
   </div>
   <div class='ocr_carea' id='block_1_3' title="bbox 351 609 1944 681">
    <p class='ocr_par' dir='ltr' id='par_1_3' title="bbox 351 609 1944 681">
     <span class='ocr_line' id='line_1_3' title="bbox 351 609 1944 681; baseline -0.001 -16"><span class='ocrx_word' id='word_1_10' title='bbox 351 609 495 665; x_wconf 81' lang='lat' dir='ltr'><strong>aliud</strong></span> <span class='ocrx_word' id='word_1_11' title='bbox 539 609 756 680; x_wconf 80' lang='lat' dir='ltr'><strong>quidvis</strong></span> <span class='ocrx_word' id='word_1_12' title='bbox 793 612 991 666; x_wconf 88' lang='lat' dir='ltr'><strong>bonum</strong></span> <span class='ocrx_word' id='word_1_13' title='bbox 1022 610 1337 681; x_wconf 74' lang='lat' dir='ltr'><strong>collegeris,</strong></span> <span class='ocrx_word' id='word_1_14' title='bbox 1380 610 1583 681; x_wconf 93' lang='lat' dir='ltr'><strong>absque</strong></span> <span class='ocrx_word' id='word_1_15' title='bbox 1611 611 1944 679; x_wconf 76' lang='lat' dir='ltr'><strong>humilitate,</strong></span> 
     </span>
    </p>
   </div>
   <div class='ocr_carea' id='block_1_4' title="bbox 354 700 1947 773">
    <p class='ocr_par' dir='ltr' id='par_1_4' title="bbox 354 700 1947 773">
     <span class='ocr_line' id='line_1_4' title="bbox 354 700 1947 773; baseline 0 -16"><span class='ocrx_word' id='word_1_16' title='bbox 354 702 605 757; x_wconf 83' lang='lat' dir='ltr'><strong>difﬂuunt</strong></span> <span class='ocrx_word' id='word_1_17' title='bbox 632 703 844 768; x_wconf 85' lang='lat' dir='ltr'><strong>omnia,</strong></span> <span class='ocrx_word' id='word_1_18' title='bbox 878 712 932 757; x_wconf 89' lang='lat' dir='ltr'><strong>et</strong></span> <span class='ocrx_word' id='word_1_19' title='bbox 962 710 1204 773; x_wconf 90' lang='lat' dir='ltr'><strong>pereunt.</strong></span> <span class='ocrx_word' id='word_1_20' title='bbox 1232 700 1287 757; x_wconf 89' lang='lat' dir='ltr'><strong>Id</strong></span> <span class='ocrx_word' id='word_1_21' title='bbox 1313 702 1473 756; x_wconf 88' lang='lat' dir='ltr'><strong>etiam</strong></span> <span class='ocrx_word' id='word_1_22' title='bbox 1509 701 1778 756; x_wconf 73' lang='lat' dir='ltr'><strong>Pharismo</strong></span> <span class='ocrx_word' id='word_1_23' title='bbox 1807 704 1947 757; x_wconf 85' lang='lat' dir='ltr'><strong>acci-</strong></span> 
     </span>
    </p>
   </div>
   <div class='ocr_carea' id='block_1_5' title="bbox 347 792 1945 866">
    <p class='ocr_par' dir='ltr' id='par_1_5' title="bbox 347 792 1945 866">
     <span class='ocr_line' id='line_1_5' title="bbox 347 792 1945 866; baseline 0 -16"><span class='ocrx_word' id='word_1_24' title='bbox 347 795 425 850; x_wconf 90' lang='lat' dir='ltr'><strong>dit</strong></span> <span class='ocrx_word' id='word_1_25' title='bbox 452 793 608 863; x_wconf 84' lang='lat' dir='ltr'><strong>(Luc.</strong></span> <span class='ocrx_word' id='word_1_26' title='bbox 638 792 764 866; x_wconf 78' lang='lat' dir='ltr'><strong>l8).</strong></span> <span class='ocrx_word' id='word_1_27' title='bbox 793 794 924 849; x_wconf 87' lang='lat' dir='ltr'><strong>Nam</strong></span> <span class='ocrx_word' id='word_1_28' title='bbox 956 810 1077 849; x_wconf 90' lang='lat' dir='ltr'><strong>cum</strong></span> <span class='ocrx_word' id='word_1_29' title='bbox 1121 794 1187 849; x_wconf 90' lang='lat' dir='ltr'><strong>ad</strong></span> <span class='ocrx_word' id='word_1_30' title='bbox 1227 796 1398 864; x_wconf 88' lang='lat' dir='ltr'><strong>ipsunt</strong></span> <span class='ocrx_word' id='word_1_31' title='bbox 1441 794 1653 849; x_wconf 84' lang='lat' dir='ltr'><strong>culmen</strong></span> <span class='ocrx_word' id='word_1_32' title='bbox 1695 796 1945 865; x_wconf 87' lang='lat' dir='ltr'><strong>pertigis-</strong></span> 
     </span>
    </p>
   </div>
   <div class='ocr_carea' id='block_1_6' title="bbox 349 887 1943 960">
    <p class='ocr_par' dir='ltr' id='par_1_6' title="bbox 349 887 1943 960">
     <span class='ocr_line' id='line_1_6' title="bbox 349 887 1943 960; baseline 0.002 -18"><span class='ocrx_word' id='word_1_33' title='bbox 349 895 464 952; x_wconf 88' lang='lat' dir='ltr'><strong>set,</strong></span> <span class='ocrx_word' id='word_1_34' title='bbox 498 887 751 942; x_wconf 87' lang='lat' dir='ltr'><strong>omnibus</strong></span> <span class='ocrx_word' id='word_1_35' title='bbox 781 889 994 942; x_wconf 81' lang='lat' dir='ltr'><strong>amissis</strong></span> <span class='ocrx_word' id='word_1_36' title='bbox 1025 889 1275 957; x_wconf 87' lang='lat' dir='ltr'><strong>delapsus</strong></span> <span class='ocrx_word' id='word_1_37' title='bbox 1305 898 1408 952; x_wconf 88' lang='lat' dir='ltr'><strong>est,</strong></span> <span class='ocrx_word' id='word_1_38' title='bbox 1441 891 1563 960; x_wconf 85' lang='lat' dir='ltr'><strong>quia</strong></span> <span class='ocrx_word' id='word_1_39' title='bbox 1592 900 1817 943; x_wconf 85' lang='lat' dir='ltr'><strong>matrem</strong></span> <span class='ocrx_word' id='word_1_40' title='bbox 1846 890 1943 945; x_wconf 89' lang='lat' dir='ltr'><strong>bo-</strong></span> 
     </span>
    </p>
   </div>
   <div class='ocr_carea' id='block_1_7' title="bbox 350 980 1942 1051">
    <p class='ocr_par' dir='ltr' id='par_1_7' title="bbox 350 980 1942 1051">
     <span class='ocr_line' id='line_1_7' title="bbox 350 980 1942 1051; baseline 0.001 -16"><span class='ocrx_word' id='word_1_41' title='bbox 350 996 544 1035; x_wconf 91' lang='lat' dir='ltr'><strong>norum</strong></span> <span class='ocrx_word' id='word_1_42' title='bbox 590 997 696 1035; x_wconf 90' lang='lat' dir='ltr'><strong>non</strong></span> <span class='ocrx_word' id='word_1_43' title='bbox 743 980 945 1037; x_wconf 89' lang='lat' dir='ltr'><strong>habuit.</strong></span> <span class='ocrx_word' id='word_1_44' title='bbox 992 980 1453 1047; x_wconf 82' lang='lat' dir='ltr'><strong>Quemadmodum</strong></span> <span class='ocrx_word' id='word_1_45' title='bbox 1505 983 1649 1036; x_wconf 91' lang='lat' dir='ltr'><strong>enim</strong></span> <span class='ocrx_word' id='word_1_46' title='bbox 1695 983 1942 1051; x_wconf 84' lang='lat' dir='ltr'><strong>superbia</strong></span> 
     </span>
    </p>
   </div>
   <div class='ocr_carea' id='block_1_8' title="bbox 347 1073 1942 1145">
    <p class='ocr_par' dir='ltr' id='par_1_8' title="bbox 347 1073 1942 1145">
     <span class='ocr_line' id='line_1_8' title="bbox 347 1073 1942 1145; baseline 0.002 -18"><span class='ocrx_word' id='word_1_47' title='bbox 347 1073 469 1127; x_wconf 85' lang='lat' dir='ltr'><strong>fons</strong></span> <span class='ocrx_word' id='word_1_48' title='bbox 509 1075 688 1128; x_wconf 87' lang='lat' dir='ltr'><strong>omnis</strong></span> <span class='ocrx_word' id='word_1_49' title='bbox 733 1075 983 1143; x_wconf 75' lang='lat' dir='ltr'><strong>nequitirc</strong></span> <span class='ocrx_word' id='word_1_50' title='bbox 1025 1084 1140 1138; x_wconf 89' lang='lat' dir='ltr'><strong>est,</strong></span> <span class='ocrx_word' id='word_1_51' title='bbox 1186 1075 1263 1129; x_wconf 89' lang='lat' dir='ltr'><strong>sic</strong></span> <span class='ocrx_word' id='word_1_52' title='bbox 1294 1074 1566 1128; x_wconf 85' lang='lat' dir='ltr'><strong>humilitas</strong></span> <span class='ocrx_word' id='word_1_53' title='bbox 1596 1074 1942 1145; x_wconf 79' lang='lat' dir='ltr'><strong>philosophiae</strong></span> 
     </span>
    </p>
   </div>
   <div class='ocr_carea' id='block_1_9' title="bbox 344 1166 1941 1236">
    <p class='ocr_par' dir='ltr' id='par_1_9' title="bbox 344 1166 1941 1236">
     <span class='ocr_line' id='line_1_9' title="bbox 344 1166 1941 1236; baseline 0.001 -16"><span class='ocrx_word' id='word_1_54' title='bbox 344 1166 523 1220; x_wconf 87' lang='lat' dir='ltr'><strong>omnis</strong></span> <span class='ocrx_word' id='word_1_55' title='bbox 571 1166 916 1236; x_wconf 78' lang='lat' dir='ltr'><strong>principium.</strong></span> <span class='ocrx_word' id='word_1_56' title='bbox 961 1166 1320 1233; x_wconf 89' lang='lat' dir='ltr'><strong>Quamobrem</strong></span> <span class='ocrx_word' id='word_1_57' title='bbox 1353 1166 1476 1221; x_wconf 88' lang='lat' dir='ltr'><strong>hinc</strong></span> <span class='ocrx_word' id='word_1_58' title='bbox 1508 1167 1722 1236; x_wconf 84' lang='lat' dir='ltr'><strong>incipit,</strong></span> <span class='ocrx_word' id='word_1_59' title='bbox 1753 1184 1814 1221; x_wconf 82' lang='lat' dir='ltr'><strong>ex</strong></span> <span class='ocrx_word' id='word_1_60' title='bbox 1848 1183 1941 1221; x_wconf 90' lang='lat' dir='ltr'><strong>an-</strong></span> 
     </span>
    </p>
   </div>
   <div class='ocr_carea' id='block_1_10' title="bbox 343 1260 1942 1332">
    <p class='ocr_par' dir='ltr' id='par_1_10' title="bbox 343 1260 1942 1332">
     <span class='ocr_line' id='line_1_10' title="bbox 343 1260 1942 1332; baseline 0.001 -18"><span class='ocrx_word' id='word_1_61' title='bbox 343 1261 581 1315; x_wconf 80' lang='lat' dir='ltr'><strong>ditarum</strong></span> <span class='ocrx_word' id='word_1_62' title='bbox 621 1260 815 1315; x_wconf 89' lang='lat' dir='ltr'><strong>animis</strong></span> <span class='ocrx_word' id='word_1_63' title='bbox 858 1261 1218 1332; x_wconf 81' lang='lat' dir='ltr'><strong>arrogantiam</strong></span> <span class='ocrx_word' id='word_1_64' title='bbox 1260 1261 1500 1316; x_wconf 88' lang='lat' dir='ltr'><strong>evellens</strong></span> <span class='ocrx_word' id='word_1_65' title='bbox 1532 1261 1806 1316; x_wconf 86' lang='lat' dir='ltr'><strong>radicitus.</strong></span> <span class='ocrx_word' id='word_1_66' title='bbox 1842 1261 1942 1315; x_wconf 88' lang='lat' dir='ltr'><strong>Ec-</strong></span> 
     </span>
    </p>
   </div>
   <div class='ocr_carea' id='block_1_11' title="bbox 343 1353 1940 1424">
    <p class='ocr_par' dir='ltr' id='par_1_11' title="bbox 343 1353 1940 1424">
     <span class='ocr_line' id='line_1_11' title="bbox 343 1353 1940 1424; baseline 0.001 -15"><span class='ocrx_word' id='word_1_67' title='bbox 343 1354 470 1423; x_wconf 79' lang='lat' dir='ltr'><strong>quid</strong></span> <span class='ocrx_word' id='word_1_68' title='bbox 498 1353 601 1409; x_wconf 84' lang='lat' dir='ltr'><strong>hoc</strong></span> <span class='ocrx_word' id='word_1_69' title='bbox 627 1353 692 1409; x_wconf 88' lang='lat' dir='ltr'><strong>ad</strong></span> <span class='ocrx_word' id='word_1_70' title='bbox 715 1353 1040 1423; x_wconf 85' lang='lat' dir='ltr'><strong>discipulos,</strong></span> <span class='ocrx_word' id='word_1_71' title='bbox 1071 1354 1278 1424; x_wconf 90' lang='lat' dir='ltr'><strong>inquies</strong></span> <span class='ocrx_word' id='word_1_72' title='bbox 1300 1396 1313 1420; x_wconf 91' lang='lat'><strong>,</strong></span> <span class='ocrx_word' id='word_1_73' title='bbox 1344 1355 1434 1424; x_wconf 91' lang='lat' dir='ltr'><strong>qui</strong></span> <span class='ocrx_word' id='word_1_74' title='bbox 1459 1356 1678 1408; x_wconf 85' lang='lat' dir='ltr'><strong>omnino</strong></span> <span class='ocrx_word' id='word_1_75' title='bbox 1708 1354 1940 1410; x_wconf 88' lang='lat' dir='ltr'><strong>humiles</strong></span> 
     </span>
    </p>
   </div>
   <div class='ocr_carea' id='block_1_12' title="bbox 343 1444 1934 1516">
    <p class='ocr_par' dir='ltr' id='par_1_12' title="bbox 343 1444 1934 1516">
     <span class='ocr_line' id='line_1_12' title="bbox 343 1444 1934 1516; baseline 0.001 -16"><span class='ocrx_word' id='word_1_76' title='bbox 343 1446 541 1500; x_wconf 81' lang='lat' dir='ltr'><strong>erant?</strong></span> <span class='ocrx_word' id='word_1_77' title='bbox 584 1444 794 1500; x_wconf 87' lang='lat' dir='ltr'><strong>Nullam</strong></span> <span class='ocrx_word' id='word_1_78' title='bbox 837 1446 978 1500; x_wconf 91' lang='lat' dir='ltr'><strong>enim</strong></span> <span class='ocrx_word' id='word_1_79' title='bbox 1030 1447 1347 1516; x_wconf 64' lang='lat' dir='ltr'><strong>arrogantiae</strong></span> <span class='ocrx_word' id='word_1_80' title='bbox 1393 1462 1578 1501; x_wconf 90' lang='lat' dir='ltr'><strong>ansam</strong></span> <span class='ocrx_word' id='word_1_81' title='bbox 1630 1447 1934 1514; x_wconf 85' lang='lat' dir='ltr'><strong>habebant,</strong></span> 
     </span>
    </p>
   </div>
   <div class='ocr_carea' id='block_1_13' title="bbox 343 1539 1931 1610">
    <p class='ocr_par' dir='ltr' id='par_1_13' title="bbox 343 1539 1931 1610">
     <span class='ocr_line' id='line_1_13' title="bbox 343 1539 1931 1610; baseline 0 -17"><span class='ocrx_word' id='word_1_82' title='bbox 343 1542 638 1610; x_wconf 75' lang='lat' dir='ltr'><strong>piscatores</strong></span> <span class='ocrx_word' id='word_1_83' title='bbox 660 1554 780 1594; x_wconf 91' lang='lat' dir='ltr'><strong>cum</strong></span> <span class='ocrx_word' id='word_1_84' title='bbox 805 1549 981 1595; x_wconf 85' lang='lat' dir='ltr'><strong>essent</strong></span> <span class='ocrx_word' id='word_1_85' title='bbox 1006 1582 1022 1605; x_wconf 89' lang='lat'><strong>,</strong></span> <span class='ocrx_word' id='word_1_86' title='bbox 1051 1554 1314 1609; x_wconf 83' lang='lat' dir='ltr'><strong>pauperes</strong></span> <span class='ocrx_word' id='word_1_87' title='bbox 1334 1581 1350 1605; x_wconf 91' lang='lat'><strong>,</strong></span> <span class='ocrx_word' id='word_1_88' title='bbox 1382 1539 1629 1605; x_wconf 91' lang='lat' dir='ltr'><strong>obscuri,</strong></span> <span class='ocrx_word' id='word_1_89' title='bbox 1661 1548 1713 1593; x_wconf 88' lang='lat' dir='ltr'><strong>ct</strong></span> <span class='ocrx_word' id='word_1_90' title='bbox 1732 1539 1931 1594; x_wconf 67' lang='lat' dir='ltr'><strong>idiotae.</strong></span> 
     </span>
    </p>
   </div>
   <div class='ocr_carea' id='block_1_14' title="bbox 344 1630 1935 1700">
    <p class='ocr_par' dir='ltr' id='par_1_14' title="bbox 344 1630 1935 1700">
     <span class='ocr_line' id='line_1_14' title="bbox 344 1630 1935 1700; baseline 0.001 -15"><span class='ocrx_word' id='word_1_91' title='bbox 344 1632 457 1685; x_wconf 84' lang='lat' dir='ltr'><strong>Etsi</strong></span> <span class='ocrx_word' id='word_1_92' title='bbox 490 1630 605 1686; x_wconf 75' lang='lat' dir='ltr'><strong>[nec</strong></span> <span class='ocrx_word' id='word_1_93' title='bbox 648 1631 719 1686; x_wconf 90' lang='lat' dir='ltr'><strong>ad</strong></span> <span class='ocrx_word' id='word_1_94' title='bbox 760 1631 1050 1699; x_wconf 85' lang='lat' dir='ltr'><strong>discipulos</strong></span> <span class='ocrx_word' id='word_1_95' title='bbox 1094 1647 1200 1684; x_wconf 87' lang='lat' dir='ltr'><strong>non</strong></span> <span class='ocrx_word' id='word_1_96' title='bbox 1248 1640 1588 1700; x_wconf 82' lang='lat' dir='ltr'><strong>spectarent,</strong></span> <span class='ocrx_word' id='word_1_97' title='bbox 1623 1631 1714 1686; x_wconf 88' lang='lat' dir='ltr'><strong>sed</strong></span> <span class='ocrx_word' id='word_1_98' title='bbox 1746 1632 1811 1687; x_wconf 90' lang='lat' dir='ltr'><strong>ad</strong></span> <span class='ocrx_word' id='word_1_99' title='bbox 1843 1647 1935 1687; x_wconf 83' lang='lat' dir='ltr'><strong>eos</strong></span> 
     </span>
    </p>
   </div>
   <div class='ocr_carea' id='block_1_15' title="bbox 339 1721 1934 1793">
    <p class='ocr_par' dir='ltr' id='par_1_15' title="bbox 339 1721 1934 1793">
     <span class='ocr_line' id='line_1_15' title="bbox 339 1721 1934 1793; baseline 0.001 -15"><span class='ocrx_word' id='word_1_100' title='bbox 339 1724 430 1793; x_wconf 88' lang='lat' dir='ltr'><strong>qui</strong></span> <span class='ocrx_word' id='word_1_101' title='bbox 464 1732 759 1792; x_wconf 61' lang='lat' dir='ltr'><strong>praesentes</strong></span> <span class='ocrx_word' id='word_1_102' title='bbox 784 1731 936 1777; x_wconf 87' lang='lat' dir='ltr'><strong>erant</strong></span> <span class='ocrx_word' id='word_1_103' title='bbox 964 1721 1083 1777; x_wconf 80' lang='lat' dir='ltr'><strong>haec</strong></span> <span class='ocrx_word' id='word_1_104' title='bbox 1110 1723 1382 1792; x_wconf 88' lang='lat' dir='ltr'><strong>pertinere</strong></span> <span class='ocrx_word' id='word_1_105' title='bbox 1412 1732 1693 1793; x_wconf 87' lang='lat' dir='ltr'><strong>poterant,</strong></span> <span class='ocrx_word' id='word_1_106' title='bbox 1726 1738 1934 1779; x_wconf 83' lang='lat' dir='ltr'><strong>necnon</strong></span> 
     </span>
    </p>
   </div>
   <div class='ocr_carea' id='block_1_16' title="bbox 338 1814 1932 1885">
    <p class='ocr_par' dir='ltr' id='par_1_16' title="bbox 338 1814 1932 1885">
     <span class='ocr_line' id='line_1_16' title="bbox 338 1814 1932 1885; baseline 0.001 -17"><span class='ocrx_word' id='word_1_107' title='bbox 338 1815 406 1868; x_wconf 89' lang='lat' dir='ltr'><strong>ad</strong></span> <span class='ocrx_word' id='word_1_108' title='bbox 429 1828 523 1869; x_wconf 88' lang='lat' dir='ltr'><strong>eos</strong></span> <span class='ocrx_word' id='word_1_109' title='bbox 548 1815 635 1884; x_wconf 90' lang='lat' dir='ltr'><strong>qui</strong></span> <span class='ocrx_word' id='word_1_110' title='bbox 661 1824 844 1884; x_wconf 88' lang='lat' dir='ltr'><strong>postea</strong></span> <span class='ocrx_word' id='word_1_111' title='bbox 875 1814 1019 1885; x_wconf 86' lang='lat' dir='ltr'><strong>ipsos</strong></span> <span class='ocrx_word' id='word_1_112' title='bbox 1050 1815 1326 1883; x_wconf 85' lang='lat' dir='ltr'><strong>excepturi</strong></span> <span class='ocrx_word' id='word_1_113' title='bbox 1350 1823 1523 1877; x_wconf 88' lang='lat' dir='ltr'><strong>erant,</strong></span> <span class='ocrx_word' id='word_1_114' title='bbox 1557 1831 1625 1870; x_wconf 91' lang='lat' dir='ltr'><strong>ne</strong></span> <span class='ocrx_word' id='word_1_115' title='bbox 1651 1825 1932 1885; x_wconf 82' lang='lat' dir='ltr'><strong>prepterea</strong></span> 
     </span>
    </p>
   </div>
   <div class='ocr_carea' id='block_1_17' title="bbox 345 1904 1931 1976">
    <p class='ocr_par' dir='ltr' id='par_1_17' title="bbox 345 1904 1931 1976">
     <span class='ocr_line' id='line_1_17' title="bbox 345 1904 1931 1976; baseline 0.003 -19"><span class='ocrx_word' id='word_1_116' title='bbox 345 1905 493 1973; x_wconf 90' lang='lat' dir='ltr'><strong>ipsos</strong></span> <span class='ocrx_word' id='word_1_117' title='bbox 522 1904 894 1974; x_wconf 80' lang='lat' dir='ltr'><strong>despicerent;</strong></span> <span class='ocrx_word' id='word_1_118' title='bbox 928 1904 1036 1958; x_wconf 91' lang='lat' dir='ltr'><strong>imo</strong></span> <span class='ocrx_word' id='word_1_119' title='bbox 1067 1920 1198 1959; x_wconf 88' lang='lat' dir='ltr'><strong>vero</strong></span> <span class='ocrx_word' id='word_1_120' title='bbox 1227 1904 1293 1958; x_wconf 86' lang='lat' dir='ltr'><strong>ad</strong></span> <span class='ocrx_word' id='word_1_121' title='bbox 1324 1905 1616 1976; x_wconf 88' lang='lat' dir='ltr'><strong>discipulos</strong></span> <span class='ocrx_word' id='word_1_122' title='bbox 1647 1906 1764 1961; x_wconf 68' lang='lat' dir='ltr'><strong>haec</strong></span> <span class='ocrx_word' id='word_1_123' title='bbox 1794 1907 1931 1961; x_wconf 87' lang='lat' dir='ltr'><strong>dicta</strong></span> 
     </span>
    </p>
   </div>
   <div class='ocr_carea' id='block_1_18' title="bbox 339 1994 1931 2066">
    <p class='ocr_par' dir='ltr' id='par_1_18' title="bbox 339 1994 1931 2066">
     <span class='ocr_line' id='line_1_18' title="bbox 339 1994 1931 2066; baseline 0.003 -18"><span class='ocrx_word' id='word_1_124' title='bbox 339 2004 512 2050; x_wconf 88' lang='lat' dir='ltr'><strong>erant.</strong></span> <span class='ocrx_word' id='word_1_125' title='bbox 545 1995 766 2050; x_wconf 88' lang='lat' dir='ltr'><strong>Etiamsi</strong></span> <span class='ocrx_word' id='word_1_126' title='bbox 807 1994 951 2049; x_wconf 91' lang='lat' dir='ltr'><strong>enim</strong></span> <span class='ocrx_word' id='word_1_127' title='bbox 990 2012 1095 2050; x_wconf 89' lang='lat' dir='ltr'><strong>non</strong></span> <span class='ocrx_word' id='word_1_128' title='bbox 1139 2004 1297 2063; x_wconf 91' lang='lat' dir='ltr'><strong>tunc,</strong></span> <span class='ocrx_word' id='word_1_129' title='bbox 1327 2008 1381 2050; x_wconf 90' lang='lat' dir='ltr'><strong>at</strong></span> <span class='ocrx_word' id='word_1_130' title='bbox 1414 2005 1593 2066; x_wconf 83' lang='lat' dir='ltr'><strong>postea</strong></span> <span class='ocrx_word' id='word_1_131' title='bbox 1622 2012 1753 2066; x_wconf 86' lang='lat' dir='ltr'><strong>opus</strong></span> <span class='ocrx_word' id='word_1_132' title='bbox 1783 1996 1931 2052; x_wconf 86' lang='lat' dir='ltr'><strong>habi—</strong></span> 
     </span>
    </p>
   </div>
   <div class='ocr_carea' id='block_1_19' title="bbox 340 2088 1929 2160">
    <p class='ocr_par' dir='ltr' id='par_1_19' title="bbox 340 2088 1929 2160">
     <span class='ocr_line' id='line_1_19' title="bbox 340 2088 1929 2160; baseline 0.003 -18"><span class='ocrx_word' id='word_1_133' title='bbox 340 2089 443 2142; x_wconf 90' lang='lat' dir='ltr'><strong>turi</strong></span> <span class='ocrx_word' id='word_1_134' title='bbox 483 2098 636 2143; x_wconf 85' lang='lat' dir='ltr'><strong>erant</strong></span> <span class='ocrx_word' id='word_1_135' title='bbox 682 2088 767 2141; x_wconf 90' lang='lat' dir='ltr'><strong>illa</strong></span> <span class='ocrx_word' id='word_1_136' title='bbox 809 2088 922 2142; x_wconf 88' lang='lat' dir='ltr'><strong>utili</strong></span> <span class='ocrx_word' id='word_1_137' title='bbox 968 2089 1246 2152; x_wconf 79' lang='lat' dir='ltr'><strong>cautione,</strong></span> <span class='ocrx_word' id='word_1_138' title='bbox 1296 2097 1417 2159; x_wconf 91' lang='lat' dir='ltr'><strong>post</strong></span> <span class='ocrx_word' id='word_1_139' title='bbox 1460 2090 1609 2160; x_wconf 81' lang='lat' dir='ltr'><strong>signa</strong></span> <span class='ocrx_word' id='word_1_140' title='bbox 1656 2106 1846 2160; x_wconf 87' lang='lat' dir='ltr'><strong>nempe</strong></span> <span class='ocrx_word' id='word_1_141' title='bbox 1877 2101 1929 2146; x_wconf 92' lang='lat' dir='ltr'><strong>et</strong></span> 
     </span>
    </p>
   </div>
   <div class='ocr_carea' id='block_1_20' title="bbox 337 2181 1924 2252">
    <p class='ocr_par' dir='ltr' id='par_1_20' title="bbox 337 2181 1924 2252">
     <span class='ocr_line' id='line_1_20' title="bbox 337 2181 1924 2252; baseline 0.002 -16"><span class='ocrx_word' id='word_1_142' title='bbox 337 2182 592 2236; x_wconf 88' lang='lat' dir='ltr'><strong>miracula</strong></span> <span class='ocrx_word' id='word_1_143' title='bbox 616 2224 630 2247; x_wconf 94' lang='lat'><strong>,</strong></span> <span class='ocrx_word' id='word_1_144' title='bbox 662 2191 781 2252; x_wconf 87' lang='lat' dir='ltr'><strong>post</strong></span> <span class='ocrx_word' id='word_1_145' title='bbox 830 2192 1033 2236; x_wconf 89' lang='lat' dir='ltr'><strong>tantum</strong></span> <span class='ocrx_word' id='word_1_146' title='bbox 1069 2181 1121 2237; x_wconf 93' lang='lat' dir='ltr'><strong>in</strong></span> <span class='ocrx_word' id='word_1_147' title='bbox 1153 2184 1283 2238; x_wconf 85' lang='lat' dir='ltr'><strong>orbe</strong></span> <span class='ocrx_word' id='word_1_148' title='bbox 1313 2183 1574 2239; x_wconf 80' lang='lat' dir='ltr'><strong>honorem</strong></span> <span class='ocrx_word' id='word_1_149' title='bbox 1596 2226 1611 2250; x_wconf 93' lang='lat'><strong>,</strong></span> <span class='ocrx_word' id='word_1_150' title='bbox 1642 2193 1696 2239; x_wconf 90' lang='lat' dir='ltr'><strong>et</strong></span> <span class='ocrx_word' id='word_1_151' title='bbox 1728 2194 1924 2240; x_wconf 85' lang='lat' dir='ltr'><strong>tantam</strong></span> 
     </span>
    </p>
   </div>
   <div class='ocr_carea' id='block_1_21' title="bbox 339 2274 1928 2347">
    <p class='ocr_par' dir='ltr' id='par_1_21' title="bbox 339 2274 1928 2347">
     <span class='ocr_line' id='line_1_21' title="bbox 339 2274 1928 2347; baseline 0.001 -18"><span class='ocrx_word' id='word_1_152' title='bbox 339 2276 393 2329; x_wconf 92' lang='lat' dir='ltr'><strong>in</strong></span> <span class='ocrx_word' id='word_1_153' title='bbox 433 2276 543 2331; x_wconf 89' lang='lat' dir='ltr'><strong>Deo</strong></span> <span class='ocrx_word' id='word_1_154' title='bbox 571 2274 839 2329; x_wconf 87' lang='lat' dir='ltr'><strong>ﬁduciam.</strong></span> <span class='ocrx_word' id='word_1_155' title='bbox 882 2274 1065 2345; x_wconf 80' lang='lat' dir='ltr'><strong>Neque</strong></span> <span class='ocrx_word' id='word_1_156' title='bbox 1106 2277 1246 2330; x_wconf 90' lang='lat' dir='ltr'><strong>enim</strong></span> <span class='ocrx_word' id='word_1_157' title='bbox 1276 2275 1504 2342; x_wconf 83' lang='lat' dir='ltr'><strong>divitiae,</strong></span> <span class='ocrx_word' id='word_1_158' title='bbox 1536 2292 1709 2347; x_wconf 88' lang='lat' dir='ltr'><strong>neque</strong></span> <span class='ocrx_word' id='word_1_159' title='bbox 1742 2286 1928 2347; x_wconf 83' lang='lat' dir='ltr'><strong>poten-</strong></span> 
     </span>
    </p>
   </div>
   <div class='ocr_carea' id='block_1_22' title="bbox 337 2368 1923 2439">
    <p class='ocr_par' dir='ltr' id='par_1_22' title="bbox 337 2368 1923 2439">
     <span class='ocr_line' id='line_1_22' title="bbox 337 2368 1923 2439; baseline 0.003 -17"><span class='ocrx_word' id='word_1_160' title='bbox 337 2368 447 2429; x_wconf 84' lang='lat' dir='ltr'><strong>tia.</strong></span> <span class='ocrx_word' id='word_1_161' title='bbox 478 2382 650 2437; x_wconf 89' lang='lat' dir='ltr'><strong>neque</strong></span> <span class='ocrx_word' id='word_1_162' title='bbox 691 2384 911 2438; x_wconf 84' lang='lat' dir='ltr'><strong>regnum</strong></span> <span class='ocrx_word' id='word_1_163' title='bbox 969 2369 1034 2421; x_wconf 90' lang='lat' dir='ltr'><strong>ita</strong></span> <span class='ocrx_word' id='word_1_164' title='bbox 1073 2372 1377 2439; x_wconf 82' lang='lat' dir='ltr'><strong>quempiam</strong></span> <span class='ocrx_word' id='word_1_165' title='bbox 1426 2380 1672 2439; x_wconf 86' lang='lat' dir='ltr'><strong>pote:ant</strong></span> <span class='ocrx_word' id='word_1_166' title='bbox 1710 2370 1923 2437; x_wconf 84' lang='lat' dir='ltr'><strong>ell&#39;erre,</strong></span> 
     </span>
    </p>
   </div>
   <div class='ocr_carea' id='block_1_23' title="bbox 338 2459 1923 2534">
    <p class='ocr_par' dir='ltr' id='par_1_23' title="bbox 338 2459 1923 2534">
     <span class='ocr_line' id='line_1_23' title="bbox 338 2459 1923 2534; baseline 0.003 -21"><span class='ocrx_word' id='word_1_167' title='bbox 338 2468 398 2514; x_wconf 89' lang='lat' dir='ltr'><strong>ut</strong></span> <span class='ocrx_word' id='word_1_168' title='bbox 439 2473 504 2513; x_wconf 86' lang='lat' dir='ltr'><strong>ea</strong></span> <span class='ocrx_word' id='word_1_169' title='bbox 553 2459 732 2513; x_wconf 84' lang='lat' dir='ltr'><strong>omnia</strong></span> <span class='ocrx_word' id='word_1_170' title='bbox 782 2474 900 2529; x_wconf 79' lang='lat' dir='ltr'><strong>qua:</strong></span> <span class='ocrx_word' id='word_1_171' title='bbox 944 2460 1209 2530; x_wconf 78' lang='lat' dir='ltr'><strong>apostolis</strong></span> <span class='ocrx_word' id='word_1_172' title='bbox 1251 2461 1626 2530; x_wconf 89' lang='lat' dir='ltr'><strong>suppetebant.</strong></span> <span class='ocrx_word' id='word_1_173' title='bbox 1677 2463 1923 2534; x_wconf 89' lang='lat' dir='ltr'><strong>Alioquin</strong></span> 
     </span>
    </p>
   </div>
   <div class='ocr_carea' id='block_1_24' title="bbox 336 2550 1925 2620">
    <p class='ocr_par' dir='ltr' id='par_1_24' title="bbox 336 2550 1925 2620">
     <span class='ocr_line' id='line_1_24' title="bbox 336 2550 1925 2620; baseline 0.003 -16"><span class='ocrx_word' id='word_1_174' title='bbox 336 2560 515 2605; x_wconf 88' lang='lat' dir='ltr'><strong>autem</strong></span> <span class='ocrx_word' id='word_1_175' title='bbox 548 2550 660 2605; x_wconf 88' lang='lat' dir='ltr'><strong>ﬁeri</strong></span> <span class='ocrx_word' id='word_1_176' title='bbox 694 2559 904 2620; x_wconf 89' lang='lat' dir='ltr'><strong>poterat</strong></span> <span class='ocrx_word' id='word_1_177' title='bbox 929 2560 989 2604; x_wconf 93' lang='lat' dir='ltr'><strong>ut</strong></span> <span class='ocrx_word' id='word_1_178' title='bbox 1014 2553 1174 2605; x_wconf 89' lang='lat' dir='ltr'><strong>etiam</strong></span> <span class='ocrx_word' id='word_1_179' title='bbox 1215 2564 1341 2606; x_wconf 84' lang='lat' dir='ltr'><strong>ante</strong></span> <span class='ocrx_word' id='word_1_180' title='bbox 1379 2552 1638 2606; x_wconf 88' lang='lat' dir='ltr'><strong>miracula</strong></span> <span class='ocrx_word' id='word_1_181' title='bbox 1668 2553 1925 2609; x_wconf 64' lang='lat' dir='ltr'><strong>efferren-</strong></span> 
     </span>
    </p>
   </div>
   <div class='ocr_carea' id='block_1_25' title="bbox 335 2640 1920 2709">
    <p class='ocr_par' dir='ltr' id='par_1_25' title="bbox 335 2640 1920 2709">
     <span class='ocr_line' id='line_1_25' title="bbox 335 2640 1920 2709; baseline 0.003 -15"><span class='ocrx_word' id='word_1_182' title='bbox 335 2649 445 2707; x_wconf 89' lang='lat' dir='ltr'><strong>tur,</strong></span> <span class='ocrx_word' id='word_1_183' title='bbox 495 2650 692 2695; x_wconf 87' lang='lat' dir='ltr'><strong>lautam</strong></span> <span class='ocrx_word' id='word_1_184' title='bbox 740 2640 1133 2696; x_wconf 85' lang='lat' dir='ltr'><strong>multitudinem</strong></span> <span class='ocrx_word' id='word_1_185' title='bbox 1185 2654 1503 2709; x_wconf 91' lang='lat' dir='ltr'><strong>cernentes,</strong></span> <span class='ocrx_word' id='word_1_186' title='bbox 1556 2653 1611 2698; x_wconf 91' lang='lat' dir='ltr'><strong>et</strong></span> <span class='ocrx_word' id='word_1_187' title='bbox 1658 2644 1920 2699; x_wconf 83' lang='lat' dir='ltr'><strong>theatrum</strong></span> 
     </span>
    </p>
   </div>
   <div class='ocr_carea' id='block_1_26' title="bbox 1512 404 2455 463">
    <p class='ocr_par' dir='ltr' id='par_1_26' title="bbox 1512 404 2455 463">
     <span class='ocr_line' id='line_1_26' title="bbox 1512 404 2455 463; baseline 0.003 -5"><span class='ocrx_word' id='word_1_188' title='bbox 1512 404 1577 459; x_wconf 75' lang='grc' dir='ltr'><strong>ΙΝ</strong></span> <span class='ocrx_word' id='word_1_189' title='bbox 1617 404 2023 463; x_wconf 72' lang='grc' dir='ltr'><strong>ΜΑΤΤΗᾹΞΗΜ</strong></span> <span class='ocrx_word' id='word_1_190' title='bbox 2067 405 2296 461; x_wconf 77' lang='lat' dir='ltr'><strong>llOMlL.</strong></span> <span class='ocrx_word' id='word_1_191' title='bbox 2339 406 2455 462; x_wconf 79' lang='lat' dir='ltr'><strong>XV.</strong></span> 
     </span>
    </p>
   </div>
   <div class='ocr_carea' id='block_1_27' title="bbox 3553 443 3661 499">
    <p class='ocr_par' dir='ltr' id='par_1_27' title="bbox 3553 443 3661 499">
     <span class='ocr_line' id='line_1_27' title="bbox 3553 443 3661 499; baseline 0 -1"><span class='ocrx_word' id='word_1_192' title='bbox 3553 443 3661 499; x_wconf 73' lang='lat'><strong>9.26</strong></span> 
     </span>
    </p>
   </div>
   <div class='ocr_carea' id='block_1_28' title="bbox 2060 522 3657 593">
    <p class='ocr_par' dir='ltr' id='par_1_28' title="bbox 2060 522 3657 593">
     <span class='ocr_line' id='line_1_28' title="bbox 2060 522 3657 593; baseline 0.011 -18"><span class='ocrx_word' id='word_1_193' title='bbox 2060 528 2320 590; x_wconf 85' lang='lat' dir='ltr'><strong>appetunt</strong></span> <span class='ocrx_word' id='word_1_194' title='bbox 2345 564 2360 588; x_wconf 95' lang='lat'><strong>,</strong></span> <span class='ocrx_word' id='word_1_195' title='bbox 2391 536 2498 576; x_wconf 90' lang='lat' dir='ltr'><strong>non</strong></span> <span class='ocrx_word' id='word_1_196' title='bbox 2532 522 2740 593; x_wconf 89' lang='lat' dir='ltr'><strong>injuriis</strong></span> <span class='ocrx_word' id='word_1_197' title='bbox 2765 534 3049 582; x_wconf 88' lang='lat' dir='ltr'><strong>moventur</strong></span> <span class='ocrx_word' id='word_1_198' title='bbox 3071 569 3086 593; x_wconf 95' lang='lat'><strong>,</strong></span> <span class='ocrx_word' id='word_1_199' title='bbox 3116 545 3221 584; x_wconf 89' lang='lat' dir='ltr'><strong>non</strong></span> <span class='ocrx_word' id='word_1_200' title='bbox 3254 531 3447 589; x_wconf 83' lang='lat' dir='ltr'><strong>invidia</strong></span> <span class='ocrx_word' id='word_1_201' title='bbox 3484 540 3657 592; x_wconf 85' lang='lat' dir='ltr'><strong>corri-</strong></span> 
     </span>
    </p>
   </div>
   <div class='ocr_carea' id='block_1_29' title="bbox 2056 611 3653 686">
    <p class='ocr_par' dir='ltr' id='par_1_29' title="bbox 2056 611 3653 686">
     <span class='ocr_line' id='line_1_29' title="bbox 2056 611 3653 686; baseline 0.011 -22"><span class='ocrx_word' id='word_1_202' title='bbox 2056 611 2291 680; x_wconf 82' lang='lat' dir='ltr'><strong>piuntur.</strong></span> <span class='ocrx_word' id='word_1_203' title='bbox 2317 627 2492 683; x_wconf 88' lang='lat' dir='ltr'><strong>neque</strong></span> <span class='ocrx_word' id='word_1_204' title='bbox 2513 614 2617 667; x_wconf 88' lang='lat' dir='ltr'><strong>alio</strong></span> <span class='ocrx_word' id='word_1_205' title='bbox 2643 617 2893 686; x_wconf 86' lang='lat' dir='ltr'><strong>quopiam</strong></span> <span class='ocrx_word' id='word_1_206' title='bbox 2916 618 3080 673; x_wconf 89' lang='lat' dir='ltr'><strong>animi</strong></span> <span class='ocrx_word' id='word_1_207' title='bbox 3101 623 3291 678; x_wconf 90' lang='lat' dir='ltr'><strong>morbo</strong></span> <span class='ocrx_word' id='word_1_208' title='bbox 3312 625 3653 684; x_wconf 83' lang='lat' dir='ltr'><strong>obsidentur:</strong></span> 
     </span>
    </p>
   </div>
   <div class='ocr_carea' id='block_1_30' title="bbox 2052 701 3653 787">
    <p class='ocr_par' dir='ltr' id='par_1_30' title="bbox 2052 701 3653 787">
     <span class='ocr_line' id='line_1_30' title="bbox 2052 701 3653 787; baseline 0.012 -33"><span class='ocrx_word' id='word_1_209' title='bbox 2052 701 2147 756; x_wconf 90' lang='lat' dir='ltr'><strong>sed</strong></span> <span class='ocrx_word' id='word_1_210' title='bbox 2178 717 2398 770; x_wconf 85' lang='lat' dir='ltr'><strong>prorsus</strong></span> <span class='ocrx_word' id='word_1_211' title='bbox 2418 703 2581 758; x_wconf 91' lang='lat' dir='ltr'><strong>luctui</strong></span> <span class='ocrx_word' id='word_1_212' title='bbox 2609 706 2806 761; x_wconf 88' lang='lat' dir='ltr'><strong>addicti</strong></span> <span class='ocrx_word' id='word_1_213' title='bbox 2834 718 2959 763; x_wconf 89' lang='lat' dir='ltr'><strong>sunt</strong></span> <span class='ocrx_word' id='word_1_214' title='bbox 2986 727 2999 763; x_wconf 89' lang='lat'><strong>:</strong></span> <span class='ocrx_word' id='word_1_215' title='bbox 3028 712 3194 768; x_wconf 91' lang='lat' dir='ltr'><strong>multo</strong></span> <span class='ocrx_word' id='word_1_216' title='bbox 3215 716 3384 785; x_wconf 89' lang='lat' dir='ltr'><strong>magis</strong></span> <span class='ocrx_word' id='word_1_217' title='bbox 3411 718 3503 787; x_wconf 86' lang='lat' dir='ltr'><strong>qui</strong></span> <span class='ocrx_word' id='word_1_218' title='bbox 3535 734 3653 787; x_wconf 84' lang='lat' dir='ltr'><strong>pec-</strong></span> 
     </span>
    </p>
   </div>
   <div class='ocr_carea' id='block_1_31' title="bbox 2053 796 3651 878">
    <p class='ocr_par' dir='ltr' id='par_1_31' title="bbox 2053 796 3651 878">
     <span class='ocr_line' id='line_1_31' title="bbox 2053 796 3651 878; baseline 0.012 -32"><span class='ocrx_word' id='word_1_219' title='bbox 2053 804 2171 848; x_wconf 88' lang='lat' dir='ltr'><strong>eata</strong></span> <span class='ocrx_word' id='word_1_220' title='bbox 2197 809 2293 850; x_wconf 88' lang='lat' dir='ltr'><strong>sua</strong></span> <span class='ocrx_word' id='word_1_221' title='bbox 2321 796 2525 866; x_wconf 84' lang='lat' dir='ltr'><strong>lugent,</strong></span> <span class='ocrx_word' id='word_1_222' title='bbox 2556 798 2693 853; x_wconf 90' lang='lat' dir='ltr'><strong>sicut</strong></span> <span class='ocrx_word' id='word_1_223' title='bbox 2721 815 2782 854; x_wconf 90' lang='lat' dir='ltr'><strong>ea</strong></span> <span class='ocrx_word' id='word_1_224' title='bbox 2812 800 3041 870; x_wconf 85' lang='lat' dir='ltr'><strong>lugenda</strong></span> <span class='ocrx_word' id='word_1_225' title='bbox 3069 816 3195 859; x_wconf 91' lang='lat' dir='ltr'><strong>sunt</strong></span> <span class='ocrx_word' id='word_1_226' title='bbox 3218 848 3231 868; x_wconf 90' lang='lat'><strong>,</strong></span> <span class='ocrx_word' id='word_1_227' title='bbox 3268 804 3367 863; x_wconf 83' lang='lat' dir='ltr'><strong>hac</strong></span> <span class='ocrx_word' id='word_1_228' title='bbox 3395 809 3651 878; x_wconf 89' lang='lat' dir='ltr'><strong>majorem</strong></span> 
     </span>
    </p>
   </div>
   <div class='ocr_carea' id='block_1_32' title="bbox 2051 885 3644 969">
    <p class='ocr_par' dir='ltr' id='par_1_32' title="bbox 2051 885 3644 969">
     <span class='ocr_line' id='line_1_32' title="bbox 2051 885 3644 969; baseline 0.009 -32"><span class='ocrx_word' id='word_1_229' title='bbox 2051 885 2382 942; x_wconf 80' lang='lat' dir='ltr'><strong>exhibebunt</strong></span> <span class='ocrx_word' id='word_1_230' title='bbox 2409 889 2820 959; x_wconf 87' lang='lat' dir='ltr'><strong>philosophiam.</strong></span> <span class='ocrx_word' id='word_1_231' title='bbox 2853 893 3087 960; x_wconf 90' lang='lat' dir='ltr'><strong>Deinde,</strong></span> <span class='ocrx_word' id='word_1_232' title='bbox 3119 897 3259 966; x_wconf 90' lang='lat' dir='ltr'><strong>quod</strong></span> <span class='ocrx_word' id='word_1_233' title='bbox 3290 914 3479 953; x_wconf 89' lang='lat' dir='ltr'><strong>eorum</strong></span> <span class='ocrx_word' id='word_1_234' title='bbox 3508 916 3644 969; x_wconf 69' lang='lat' dir='ltr'><strong>prae-</strong></span> 
     </span>
    </p>
   </div>
   <div class='ocr_carea' id='block_1_33' title="bbox 2051 977 3649 1059">
    <p class='ocr_par' dir='ltr' id='par_1_33' title="bbox 2051 977 3649 1059">
     <span class='ocr_line' id='line_1_33' title="bbox 2051 977 3649 1059; baseline 0.011 -30"><span class='ocrx_word' id='word_1_235' title='bbox 2051 977 2215 1031; x_wconf 89' lang='lat' dir='ltr'><strong>mium</strong></span> <span class='ocrx_word' id='word_1_236' title='bbox 2239 979 2386 1033; x_wconf 85' lang='lat' dir='ltr'><strong>erit?</strong></span> <span class='ocrx_word' id='word_1_237' title='bbox 2434 982 2685 1045; x_wconf 77' lang='lat' dir='ltr'><strong>Quoniam</strong></span> <span class='ocrx_word' id='word_1_238' title='bbox 2715 983 2816 1053; x_wconf 87' lang='lat' dir='ltr'><strong>ipsi</strong></span> <span class='ocrx_word' id='word_1_239' title='bbox 2840 986 3239 1042; x_wconf 83' lang='lat' dir='ltr'><strong>consolabuntur</strong></span> <span class='ocrx_word' id='word_1_240' title='bbox 3263 1032 3277 1057; x_wconf 92' lang='lat'><strong>,</strong></span> <span class='ocrx_word' id='word_1_241' title='bbox 3311 989 3500 1059; x_wconf 87' lang='lat' dir='ltr'><strong>inquit.</strong></span> <span class='ocrx_word' id='word_1_242' title='bbox 3545 993 3649 1048; x_wconf 83' lang='lat' dir='ltr'><strong>Ubi</strong></span> 
     </span>
    </p>
   </div>
   <div class='ocr_carea' id='block_1_34' title="bbox 2047 1071 3643 1151">
    <p class='ocr_par' dir='ltr' id='par_1_34' title="bbox 2047 1071 3643 1151">
     <span class='ocr_line' id='line_1_34' title="bbox 2047 1071 3643 1151; baseline 0.011 -29"><span class='ocrx_word' id='word_1_243' title='bbox 2047 1085 2206 1134; x_wconf 85' lang='lat' dir='ltr'><strong>vero,</strong></span> <span class='ocrx_word' id='word_1_244' title='bbox 2231 1071 2320 1127; x_wconf 89' lang='lat' dir='ltr'><strong>die</strong></span> <span class='ocrx_word' id='word_1_245' title='bbox 2350 1073 2510 1138; x_wconf 86' lang='lat' dir='ltr'><strong>mihi,</strong></span> <span class='ocrx_word' id='word_1_246' title='bbox 2545 1076 2994 1131; x_wconf 84' lang='lat' dir='ltr'><strong>consolabuntur?</strong></span> <span class='ocrx_word' id='word_1_247' title='bbox 3025 1079 3091 1133; x_wconf 89' lang='lat' dir='ltr'><strong>Et</strong></span> <span class='ocrx_word' id='word_1_248' title='bbox 3116 1079 3236 1148; x_wconf 89' lang='lat' dir='ltr'><strong>hic,</strong></span> <span class='ocrx_word' id='word_1_249' title='bbox 3270 1093 3323 1137; x_wconf 87' lang='lat' dir='ltr'><strong>et</strong></span> <span class='ocrx_word' id='word_1_250' title='bbox 3353 1083 3480 1138; x_wconf 91' lang='lat' dir='ltr'><strong>illic.</strong></span> <span class='ocrx_word' id='word_1_251' title='bbox 3512 1084 3643 1151; x_wconf 86' lang='lat' dir='ltr'><strong>Quia</strong></span> 
     </span>
    </p>
   </div>
   <div class='ocr_carea' id='block_1_35' title="bbox 2046 1164 3633 1241">
    <p class='ocr_par' dir='ltr' id='par_1_35' title="bbox 2046 1164 3633 1241">
     <span class='ocr_line' id='line_1_35' title="bbox 2046 1164 3633 1241; baseline 0.007 -25"><span class='ocrx_word' id='word_1_252' title='bbox 2046 1164 2188 1217; x_wconf 90' lang='lat' dir='ltr'><strong>enim</strong></span> <span class='ocrx_word' id='word_1_253' title='bbox 2221 1174 2542 1234; x_wconf 68' lang='lat' dir='ltr'><strong>praeceptum</strong></span> <span class='ocrx_word' id='word_1_254' title='bbox 2573 1182 2737 1236; x_wconf 86' lang='lat' dir='ltr'><strong>grave</strong></span> <span class='ocrx_word' id='word_1_255' title='bbox 2765 1169 3049 1225; x_wconf 90' lang='lat' dir='ltr'><strong>admodum</strong></span> <span class='ocrx_word' id='word_1_256' title='bbox 3079 1181 3195 1226; x_wconf 92' lang='lat' dir='ltr'><strong>erat</strong></span> <span class='ocrx_word' id='word_1_257' title='bbox 3221 1182 3273 1228; x_wconf 91' lang='lat' dir='ltr'><strong>et</strong></span> <span class='ocrx_word' id='word_1_258' title='bbox 3302 1188 3633 1241; x_wconf 88' lang='lat' dir='ltr'><strong>onerosum,</strong></span> 
     </span>
    </p>
   </div>
   <div class='ocr_carea' id='block_1_36' title="bbox 2047 1253 3645 1330">
    <p class='ocr_par' dir='ltr' id='par_1_36' title="bbox 2047 1253 3645 1330">
     <span class='ocr_line' id='line_1_36' title="bbox 2047 1253 3645 1330; baseline 0.009 -23"><span class='ocrx_word' id='word_1_259' title='bbox 2047 1253 2151 1309; x_wconf 87' lang='lat' dir='ltr'><strong>hoc</strong></span> <span class='ocrx_word' id='word_1_260' title='bbox 2198 1270 2257 1310; x_wconf 89' lang='lat' dir='ltr'><strong>se</strong></span> <span class='ocrx_word' id='word_1_261' title='bbox 2302 1258 2547 1325; x_wconf 79' lang='lat' dir='ltr'><strong>promisit</strong></span> <span class='ocrx_word' id='word_1_262' title='bbox 2591 1258 2882 1323; x_wconf 89' lang='lat' dir='ltr'><strong>daturum,</strong></span> <span class='ocrx_word' id='word_1_263' title='bbox 2916 1261 3057 1330; x_wconf 90' lang='lat' dir='ltr'><strong>quod</strong></span> <span class='ocrx_word' id='word_1_264' title='bbox 3087 1262 3215 1317; x_wconf 89' lang='lat' dir='ltr'><strong>illud</strong></span> <span class='ocrx_word' id='word_1_265' title='bbox 3256 1264 3487 1321; x_wconf 79' lang='lat' dir='ltr'><strong>maxime</strong></span> <span class='ocrx_word' id='word_1_266' title='bbox 3529 1266 3645 1321; x_wconf 87' lang='lat' dir='ltr'><strong>leve</strong></span> 
     </span>
    </p>
   </div>
   <div class='ocr_carea' id='block_1_37' title="bbox 2043 1344 3639 1426">
    <p class='ocr_par' dir='ltr' id='par_1_37' title="bbox 2043 1344 3639 1426">
     <span class='ocr_line' id='line_1_37' title="bbox 2043 1344 3639 1426; baseline 0.01 -31"><span class='ocrx_word' id='word_1_267' title='bbox 2043 1352 2226 1413; x_wconf 77' lang='lat' dir='ltr'><strong>posset</strong></span> <span class='ocrx_word' id='word_1_268' title='bbox 2245 1344 2475 1400; x_wconf 89' lang='lat' dir='ltr'><strong>efﬁcere.</strong></span> <span class='ocrx_word' id='word_1_269' title='bbox 2504 1346 2684 1418; x_wconf 89' lang='lat' dir='ltr'><strong>Itaque</strong></span> <span class='ocrx_word' id='word_1_270' title='bbox 2708 1350 2752 1403; x_wconf 90' lang='lat' dir='ltr'><strong>si</strong></span> <span class='ocrx_word' id='word_1_271' title='bbox 2777 1350 2908 1403; x_wconf 91' lang='lat' dir='ltr'><strong>velis</strong></span> <span class='ocrx_word' id='word_1_272' title='bbox 2933 1353 3356 1408; x_wconf 81' lang='lat' dir='ltr'><strong>consolationem</strong></span> <span class='ocrx_word' id='word_1_273' title='bbox 3377 1356 3639 1426; x_wconf 87' lang='lat' dir='ltr'><strong>accipere,</strong></span> 
     </span>
    </p>
   </div>
   <div class='ocr_carea' id='block_1_38' title="bbox 2043 1438 3638 1517">
    <p class='ocr_par' dir='ltr' id='par_1_38' title="bbox 2043 1438 3638 1517">
     <span class='ocr_line' id='line_1_38' title="bbox 2043 1438 3638 1517; baseline 0.01 -26"><span class='ocrx_word' id='word_1_274' title='bbox 2043 1438 2186 1508; x_wconf 88' lang='lat' dir='ltr'><strong>lnge.</strong></span> <span class='ocrx_word' id='word_1_275' title='bbox 2229 1439 2296 1493; x_wconf 90' lang='lat' dir='ltr'><strong>Et</strong></span> <span class='ocrx_word' id='word_1_276' title='bbox 2324 1456 2392 1496; x_wconf 88' lang='lat' dir='ltr'><strong>ne</strong></span> <span class='ocrx_word' id='word_1_277' title='bbox 2425 1452 2579 1510; x_wconf 89' lang='lat' dir='ltr'><strong>putes</strong></span> <span class='ocrx_word' id='word_1_278' title='bbox 2624 1445 2850 1514; x_wconf 62' lang='lat' dir='ltr'><strong>aenigma</strong></span> <span class='ocrx_word' id='word_1_279' title='bbox 2880 1460 3000 1500; x_wconf 89' lang='lat' dir='ltr'><strong>esse</strong></span> <span class='ocrx_word' id='word_1_280' title='bbox 3028 1445 3078 1501; x_wconf 91' lang='lat' dir='ltr'><strong>id</strong></span> <span class='ocrx_word' id='word_1_281' title='bbox 3114 1448 3255 1517; x_wconf 91' lang='lat' dir='ltr'><strong>quod</strong></span> <span class='ocrx_word' id='word_1_282' title='bbox 3304 1448 3502 1506; x_wconf 90' lang='lat' dir='ltr'><strong>dictum</strong></span> <span class='ocrx_word' id='word_1_283' title='bbox 3535 1460 3638 1508; x_wconf 91' lang='lat' dir='ltr'><strong>est.</strong></span> 
     </span>
    </p>
   </div>
   <div class='ocr_carea' id='block_1_39' title="bbox 2042 1527 3641 1599">
    <p class='ocr_par' dir='ltr' id='par_1_39' title="bbox 2042 1527 3641 1599">
     <span class='ocr_line' id='line_1_39' title="bbox 2042 1527 3641 1599; baseline 0.011 -17"><span class='ocrx_word' id='word_1_284' title='bbox 2042 1527 2172 1582; x_wconf 88' lang='lat' dir='ltr'><strong>Cum</strong></span> <span class='ocrx_word' id='word_1_285' title='bbox 2201 1531 2343 1584; x_wconf 91' lang='lat' dir='ltr'><strong>enim</strong></span> <span class='ocrx_word' id='word_1_286' title='bbox 2372 1532 2512 1587; x_wconf 90' lang='lat' dir='ltr'><strong>Deus</strong></span> <span class='ocrx_word' id='word_1_287' title='bbox 2535 1535 2865 1599; x_wconf 79' lang='lat' dir='ltr'><strong>consolatur,</strong></span> <span class='ocrx_word' id='word_1_288' title='bbox 2895 1538 3106 1592; x_wconf 91' lang='lat' dir='ltr'><strong>etiamsi</strong></span> <span class='ocrx_word' id='word_1_289' title='bbox 3135 1540 3281 1594; x_wconf 91' lang='lat' dir='ltr'><strong>mille</strong></span> <span class='ocrx_word' id='word_1_290' title='bbox 3305 1542 3472 1596; x_wconf 86' lang='lat' dir='ltr'><strong>tristia</strong></span> <span class='ocrx_word' id='word_1_291' title='bbox 3501 1546 3641 1599; x_wconf 85' lang='lat' dir='ltr'><strong>acci-</strong></span> 
     </span>
    </p>
   </div>
   <div class='ocr_carea' id='block_1_40' title="bbox 2040 1619 3639 1705">
    <p class='ocr_par' dir='ltr' id='par_1_40' title="bbox 2040 1619 3639 1705">
     <span class='ocr_line' id='line_1_40' title="bbox 2040 1619 3639 1705; baseline 0.012 -32"><span class='ocrx_word' id='word_1_292' title='bbox 2040 1619 2187 1683; x_wconf 89' lang='lat' dir='ltr'><strong>dant,</strong></span> <span class='ocrx_word' id='word_1_293' title='bbox 2220 1622 2469 1678; x_wconf 83' lang='lat' dir='ltr'><strong>omnibus</strong></span> <span class='ocrx_word' id='word_1_294' title='bbox 2497 1625 2744 1694; x_wconf 89' lang='lat' dir='ltr'><strong>superior</strong></span> <span class='ocrx_word' id='word_1_295' title='bbox 2781 1628 2912 1682; x_wconf 89' lang='lat' dir='ltr'><strong>eris.</strong></span> <span class='ocrx_word' id='word_1_296' title='bbox 2945 1628 3156 1684; x_wconf 88' lang='lat' dir='ltr'><strong>Etenim</strong></span> <span class='ocrx_word' id='word_1_297' title='bbox 3202 1632 3367 1688; x_wconf 91' lang='lat' dir='ltr'><strong>multo</strong></span> <span class='ocrx_word' id='word_1_298' title='bbox 3407 1635 3639 1705; x_wconf 80' lang='lat' dir='ltr'><strong>majores</strong></span> 
     </span>
    </p>
   </div>
   <div class='ocr_carea' id='block_1_41' title="bbox 2039 1711 3636 1793">
    <p class='ocr_par' dir='ltr' id='par_1_41' title="bbox 2039 1711 3636 1793">
     <span class='ocr_line' id='line_1_41' title="bbox 2039 1711 3636 1793; baseline 0.009 -27"><span class='ocrx_word' id='word_1_299' title='bbox 2039 1711 2131 1766; x_wconf 88' lang='lat' dir='ltr'><strong>dat</strong></span> <span class='ocrx_word' id='word_1_300' title='bbox 2160 1727 2375 1782; x_wconf 87' lang='lat' dir='ltr'><strong>semper</strong></span> <span class='ocrx_word' id='word_1_301' title='bbox 2401 1716 2541 1771; x_wconf 85' lang='lat' dir='ltr'><strong>Deus</strong></span> <span class='ocrx_word' id='word_1_302' title='bbox 2582 1716 2824 1772; x_wconf 83' lang='lat' dir='ltr'><strong>laborum</strong></span> <span class='ocrx_word' id='word_1_303' title='bbox 2863 1719 3139 1775; x_wconf 89' lang='lat' dir='ltr'><strong>mercedes</strong></span> <span class='ocrx_word' id='word_1_304' title='bbox 3168 1739 3180 1775; x_wconf 89' lang='lat'><strong>:</strong></span> <span class='ocrx_word' id='word_1_305' title='bbox 3211 1721 3262 1777; x_wconf 92' lang='lat' dir='ltr'><strong>id</strong></span> <span class='ocrx_word' id='word_1_306' title='bbox 3305 1724 3444 1793; x_wconf 91' lang='lat' dir='ltr'><strong>quod</strong></span> <span class='ocrx_word' id='word_1_307' title='bbox 3475 1726 3636 1781; x_wconf 89' lang='lat' dir='ltr'><strong>etiam</strong></span> 
     </span>
    </p>
   </div>
   <div class='ocr_carea' id='block_1_42' title="bbox 2039 1806 3636 1885">
    <p class='ocr_par' dir='ltr' id='par_1_42' title="bbox 2039 1806 3636 1885">
     <span class='ocr_line' id='line_1_42' title="bbox 2039 1806 3636 1885; baseline 0.009 -27"><span class='ocrx_word' id='word_1_308' title='bbox 2039 1806 2126 1859; x_wconf 90' lang='lat' dir='ltr'><strong>hic</strong></span> <span class='ocrx_word' id='word_1_309' title='bbox 2167 1806 2288 1862; x_wconf 85' lang='lat' dir='ltr'><strong>fecit</strong></span> <span class='ocrx_word' id='word_1_310' title='bbox 2313 1848 2327 1872; x_wconf 94' lang='lat'><strong>,</strong></span> <span class='ocrx_word' id='word_1_311' title='bbox 2357 1822 2477 1861; x_wconf 92' lang='lat' dir='ltr'><strong>cum</strong></span> <span class='ocrx_word' id='word_1_312' title='bbox 2505 1809 2639 1862; x_wconf 82' lang='lat' dir='ltr'><strong>dixit</strong></span> <span class='ocrx_word' id='word_1_313' title='bbox 2662 1808 2849 1863; x_wconf 87' lang='lat' dir='ltr'><strong>beatos</strong></span> <span class='ocrx_word' id='word_1_314' title='bbox 2878 1825 2998 1866; x_wconf 91' lang='lat' dir='ltr'><strong>esse</strong></span> <span class='ocrx_word' id='word_1_315' title='bbox 3025 1827 3119 1866; x_wconf 85' lang='lat' dir='ltr'><strong>eos</strong></span> <span class='ocrx_word' id='word_1_316' title='bbox 3159 1814 3249 1884; x_wconf 89' lang='lat' dir='ltr'><strong>qui</strong></span> <span class='ocrx_word' id='word_1_317' title='bbox 3282 1814 3461 1885; x_wconf 78' lang='lat' dir='ltr'><strong>lugent</strong></span> <span class='ocrx_word' id='word_1_318' title='bbox 3486 1857 3501 1882; x_wconf 92' lang='lat'><strong>,</strong></span> <span class='ocrx_word' id='word_1_319' title='bbox 3530 1832 3636 1873; x_wconf 90' lang='lat' dir='ltr'><strong>non</strong></span> 
     </span>
    </p>
   </div>
   <div class='ocr_carea' id='block_1_43' title="bbox 2040 1897 3636 1978">
    <p class='ocr_par' dir='ltr' id='par_1_43' title="bbox 2040 1897 3636 1978">
     <span class='ocr_line' id='line_1_43' title="bbox 2040 1897 3636 1978; baseline 0.007 -27"><span class='ocrx_word' id='word_1_320' title='bbox 2040 1897 2332 1951; x_wconf 84' lang='lat' dir='ltr'><strong>secundum</strong></span> <span class='ocrx_word' id='word_1_321' title='bbox 2364 1900 2439 1952; x_wconf 90' lang='lat' dir='ltr'><strong>rei</strong></span> <span class='ocrx_word' id='word_1_322' title='bbox 2464 1900 2737 1965; x_wconf 89' lang='lat' dir='ltr'><strong>meritum,</strong></span> <span class='ocrx_word' id='word_1_323' title='bbox 2768 1900 2862 1956; x_wconf 90' lang='lat' dir='ltr'><strong>sed</strong></span> <span class='ocrx_word' id='word_1_324' title='bbox 2890 1902 3180 1957; x_wconf 89' lang='lat' dir='ltr'><strong>secundum</strong></span> <span class='ocrx_word' id='word_1_325' title='bbox 3206 1905 3369 1972; x_wconf 91' lang='lat' dir='ltr'><strong>ipsius</strong></span> <span class='ocrx_word' id='word_1_326' title='bbox 3389 1905 3636 1978; x_wconf 84' lang='lat' dir='ltr'><strong>benigni-</strong></span> 
     </span>
    </p>
   </div>
   <div class='ocr_carea' id='block_1_44' title="bbox 2038 1991 3637 2067">
    <p class='ocr_par' dir='ltr' id='par_1_44' title="bbox 2038 1991 3637 2067">
     <span class='ocr_line' id='line_1_44' title="bbox 2038 1991 3637 2067; baseline 0.01 -27"><span class='ocrx_word' id='word_1_327' title='bbox 2038 1997 2197 2041; x_wconf 83' lang='lat' dir='ltr'><strong>tatem</strong></span> <span class='ocrx_word' id='word_1_328' title='bbox 2226 2005 2240 2054; x_wconf 93' lang='lat'><strong>;</strong></span> <span class='ocrx_word' id='word_1_329' title='bbox 2274 2004 2379 2042; x_wconf 88' lang='lat' dir='ltr'><strong>non</strong></span> <span class='ocrx_word' id='word_1_330' title='bbox 2411 2005 2474 2044; x_wconf 88' lang='lat' dir='ltr'><strong>ex</strong></span> <span class='ocrx_word' id='word_1_331' title='bbox 2503 1991 2682 2060; x_wconf 81' lang='lat' dir='ltr'><strong>aperis</strong></span> <span class='ocrx_word' id='word_1_332' title='bbox 2707 1992 2914 2047; x_wconf 87' lang='lat' dir='ltr'><strong>scilicet</strong></span> <span class='ocrx_word' id='word_1_333' title='bbox 2959 1993 3216 2063; x_wconf 84' lang='lat' dir='ltr'><strong>dignitate</strong></span> <span class='ocrx_word' id='word_1_334' title='bbox 3241 2036 3254 2059; x_wconf 92' lang='lat'><strong>,</strong></span> <span class='ocrx_word' id='word_1_335' title='bbox 3277 1996 3370 2051; x_wconf 89' lang='lat' dir='ltr'><strong>sed</strong></span> <span class='ocrx_word' id='word_1_336' title='bbox 3411 2012 3478 2052; x_wconf 84' lang='lat' dir='ltr'><strong>ex</strong></span> <span class='ocrx_word' id='word_1_337' title='bbox 3520 1998 3637 2067; x_wconf 87' lang='lat' dir='ltr'><strong>ejus</strong></span> 
     </span>
    </p>
   </div>
   <div class='ocr_carea' id='block_1_45' title="bbox 2033 2078 3633 2157">
    <p class='ocr_par' dir='ltr' id='par_1_45' title="bbox 2033 2078 3633 2157">
     <span class='ocr_line' id='line_1_45' title="bbox 2033 2078 3633 2157; baseline 0.007 -24"><span class='ocrx_word' id='word_1_338' title='bbox 2033 2094 2159 2150; x_wconf 70' lang='lat' dir='ltr'><strong>erga</strong></span> <span class='ocrx_word' id='word_1_339' title='bbox 2191 2078 2438 2135; x_wconf 86' lang='lat' dir='ltr'><strong>homines</strong></span> <span class='ocrx_word' id='word_1_340' title='bbox 2478 2096 2681 2137; x_wconf 88' lang='lat' dir='ltr'><strong>amore.</strong></span> <span class='ocrx_word' id='word_1_341' title='bbox 2728 2081 2861 2137; x_wconf 88' lang='lat' dir='ltr'><strong>Nam</strong></span> <span class='ocrx_word' id='word_1_342' title='bbox 2895 2085 2983 2154; x_wconf 89' lang='lat' dir='ltr'><strong>qui</strong></span> <span class='ocrx_word' id='word_1_343' title='bbox 3014 2085 3233 2155; x_wconf 89' lang='lat' dir='ltr'><strong>lugent,</strong></span> <span class='ocrx_word' id='word_1_344' title='bbox 3281 2099 3495 2157; x_wconf 83' lang='lat' dir='ltr'><strong>peccata</strong></span> <span class='ocrx_word' id='word_1_345' title='bbox 3539 2103 3633 2144; x_wconf 85' lang='lat' dir='ltr'><strong>sua</strong></span> 
     </span>
    </p>
   </div>
   <div class='ocr_carea' id='block_1_46' title="bbox 2034 2171 3636 2248">
    <p class='ocr_par' dir='ltr' id='par_1_46' title="bbox 2034 2171 3636 2248">
     <span class='ocr_line' id='line_1_46' title="bbox 2034 2171 3636 2248; baseline 0.007 -23"><span class='ocrx_word' id='word_1_346' title='bbox 2034 2171 2253 2241; x_wconf 78' lang='lat' dir='ltr'><strong>lugent;</strong></span> <span class='ocrx_word' id='word_1_347' title='bbox 2283 2171 2368 2228; x_wconf 89' lang='lat' dir='ltr'><strong>his</strong></span> <span class='ocrx_word' id='word_1_348' title='bbox 2397 2188 2526 2228; x_wconf 91' lang='lat' dir='ltr'><strong>vero</strong></span> <span class='ocrx_word' id='word_1_349' title='bbox 2553 2174 2749 2230; x_wconf 88' lang='lat' dir='ltr'><strong>sufﬁcit</strong></span> <span class='ocrx_word' id='word_1_350' title='bbox 2769 2177 2814 2231; x_wconf 90' lang='lat' dir='ltr'><strong>si</strong></span> <span class='ocrx_word' id='word_1_351' title='bbox 2840 2178 3051 2231; x_wconf 84' lang='lat' dir='ltr'><strong>veniam</strong></span> <span class='ocrx_word' id='word_1_352' title='bbox 3082 2177 3372 2248; x_wconf 83' lang='lat' dir='ltr'><strong>impetrent</strong></span> <span class='ocrx_word' id='word_1_353' title='bbox 3393 2189 3448 2236; x_wconf 90' lang='lat' dir='ltr'><strong>et</strong></span> <span class='ocrx_word' id='word_1_354' title='bbox 3471 2197 3636 2237; x_wconf 80' lang='lat' dir='ltr'><strong>excu-</strong></span> 
     </span>
    </p>
   </div>
   <div class='ocr_carea' id='block_1_47' title="bbox 2035 2263 3631 2340">
    <p class='ocr_par' dir='ltr' id='par_1_47' title="bbox 2035 2263 3631 2340">
     <span class='ocr_line' id='line_1_47' title="bbox 2035 2263 3631 2340; baseline 0.007 -23"><span class='ocrx_word' id='word_1_355' title='bbox 2035 2263 2321 2319; x_wconf 83' lang='lat' dir='ltr'><strong>sationem.</strong></span> <span class='ocrx_word' id='word_1_356' title='bbox 2368 2264 2631 2331; x_wconf 84' lang='lat' dir='ltr'><strong>Quoniam</strong></span> <span class='ocrx_word' id='word_1_357' title='bbox 2661 2275 2839 2322; x_wconf 81' lang='lat' dir='ltr'><strong>autent</strong></span> <span class='ocrx_word' id='word_1_358' title='bbox 2869 2268 2960 2323; x_wconf 91' lang='lat' dir='ltr'><strong>ille</strong></span> <span class='ocrx_word' id='word_1_359' title='bbox 2989 2284 3183 2339; x_wconf 86' lang='lat' dir='ltr'><strong>magno</strong></span> <span class='ocrx_word' id='word_1_360' title='bbox 3225 2285 3349 2340; x_wconf 84' lang='lat' dir='ltr'><strong>erga</strong></span> <span class='ocrx_word' id='word_1_361' title='bbox 3382 2270 3631 2328; x_wconf 86' lang='lat' dir='ltr'><strong>homines</strong></span> 
     </span>
    </p>
   </div>
   <div class='ocr_carea' id='block_1_48' title="bbox 2030 2358 3634 2435">
    <p class='ocr_par' dir='ltr' id='par_1_48' title="bbox 2030 2358 3634 2435">
     <span class='ocr_line' id='line_1_48' title="bbox 2030 2358 3634 2435; baseline 0.006 -26"><span class='ocrx_word' id='word_1_362' title='bbox 2030 2370 2214 2411; x_wconf 86' lang='lat' dir='ltr'><strong>amore</strong></span> <span class='ocrx_word' id='word_1_363' title='bbox 2256 2364 2488 2424; x_wconf 87' lang='lat' dir='ltr'><strong>tenetur,</strong></span> <span class='ocrx_word' id='word_1_364' title='bbox 2519 2373 2691 2427; x_wconf 91' lang='lat' dir='ltr'><strong>neque</strong></span> <span class='ocrx_word' id='word_1_365' title='bbox 2715 2358 2768 2413; x_wconf 94' lang='lat' dir='ltr'><strong>in</strong></span> <span class='ocrx_word' id='word_1_366' title='bbox 2785 2361 3042 2430; x_wconf 79' lang='lat' dir='ltr'><strong>supplicii</strong></span> <span class='ocrx_word' id='word_1_367' title='bbox 3070 2362 3389 2418; x_wconf 82' lang='lat' dir='ltr'><strong>remissione</strong></span> <span class='ocrx_word' id='word_1_368' title='bbox 3414 2405 3429 2429; x_wconf 92' lang='lat'><strong>,</strong></span> <span class='ocrx_word' id='word_1_369' title='bbox 3461 2380 3634 2435; x_wconf 88' lang='lat' dir='ltr'><strong>neque</strong></span> 
     </span>
    </p>
   </div>
   <div class='ocr_carea' id='block_1_49' title="bbox 2031 2448 3632 2518">
    <p class='ocr_par' dir='ltr' id='par_1_49' title="bbox 2031 2448 3632 2518">
     <span class='ocr_line' id='line_1_49' title="bbox 2031 2448 3632 2518; baseline 0.008 -17"><span class='ocrx_word' id='word_1_370' title='bbox 2031 2448 2082 2503; x_wconf 91' lang='lat' dir='ltr'><strong>in</strong></span> <span class='ocrx_word' id='word_1_371' title='bbox 2107 2459 2443 2518; x_wconf 84' lang='lat' dir='ltr'><strong>peccatorum</strong></span> <span class='ocrx_word' id='word_1_372' title='bbox 2462 2452 2615 2505; x_wconf 90' lang='lat' dir='ltr'><strong>venia</strong></span> <span class='ocrx_word' id='word_1_373' title='bbox 2645 2452 2944 2507; x_wconf 90' lang='lat' dir='ltr'><strong>mercedem</strong></span> <span class='ocrx_word' id='word_1_374' title='bbox 2969 2453 3128 2514; x_wconf 85' lang='lat' dir='ltr'><strong>sistit.</strong></span> <span class='ocrx_word' id='word_1_375' title='bbox 3150 2455 3242 2509; x_wconf 90' lang='lat' dir='ltr'><strong>sed</strong></span> <span class='ocrx_word' id='word_1_376' title='bbox 3266 2457 3425 2511; x_wconf 89' lang='lat' dir='ltr'><strong>etiam</strong></span> <span class='ocrx_word' id='word_1_377' title='bbox 3446 2457 3632 2514; x_wconf 84' lang='lat' dir='ltr'><strong>beatos</strong></span> 
     </span>
    </p>
   </div>
   <div class='ocr_carea' id='block_1_50' title="bbox 2029 2540 3628 2619">
    <p class='ocr_par' dir='ltr' id='par_1_50' title="bbox 2029 2540 3628 2619">
     <span class='ocr_line' id='line_1_50' title="bbox 2029 2540 3628 2619; baseline 0.006 -25"><span class='ocrx_word' id='word_1_378' title='bbox 2029 2540 2210 2604; x_wconf 87' lang='lat' dir='ltr'><strong>efﬁcit,</strong></span> <span class='ocrx_word' id='word_1_379' title='bbox 2241 2550 2295 2595; x_wconf 91' lang='lat' dir='ltr'><strong>et</strong></span> <span class='ocrx_word' id='word_1_380' title='bbox 2325 2541 2545 2595; x_wconf 89' lang='lat' dir='ltr'><strong>multam</strong></span> <span class='ocrx_word' id='word_1_381' title='bbox 2571 2542 2725 2597; x_wconf 77' lang='lat' dir='ltr'><strong>aﬁ‘ert</strong></span> <span class='ocrx_word' id='word_1_382' title='bbox 2751 2544 3193 2600; x_wconf 88' lang='lat' dir='ltr'><strong>consolationem.</strong></span> <span class='ocrx_word' id='word_1_383' title='bbox 3219 2545 3425 2619; x_wconf 88' lang='lat' dir='ltr'><strong>Lugere</strong></span> <span class='ocrx_word' id='word_1_384' title='bbox 3451 2560 3628 2605; x_wconf 83' lang='lat' dir='ltr'><strong>autem</strong></span> 
     </span>
    </p>
   </div>
   <div class='ocr_carea' id='block_1_51' title="bbox 2031 2633 3626 2705">
    <p class='ocr_par' dir='ltr' id='par_1_51' title="bbox 2031 2633 3626 2705">
     <span class='ocr_line' id='line_1_51' title="bbox 2031 2633 3626 2705; baseline 0.006 -18"><span class='ocrx_word' id='word_1_385' title='bbox 2031 2648 2132 2687; x_wconf 86' lang='lat' dir='ltr'><strong>nos</strong></span> <span class='ocrx_word' id='word_1_386' title='bbox 2159 2633 2332 2702; x_wconf 88' lang='lat' dir='ltr'><strong>jubet,</strong></span> <span class='ocrx_word' id='word_1_387' title='bbox 2358 2649 2462 2689; x_wconf 92' lang='lat' dir='ltr'><strong>non</strong></span> <span class='ocrx_word' id='word_1_388' title='bbox 2489 2635 2556 2690; x_wconf 90' lang='lat' dir='ltr'><strong>de</strong></span> <span class='ocrx_word' id='word_1_389' title='bbox 2585 2637 2816 2705; x_wconf 87' lang='lat' dir='ltr'><strong>peccatis</strong></span> <span class='ocrx_word' id='word_1_390' title='bbox 2848 2645 3050 2691; x_wconf 91' lang='lat' dir='ltr'><strong>tantum</strong></span> <span class='ocrx_word' id='word_1_391' title='bbox 3082 2640 3306 2704; x_wconf 82' lang='lat' dir='ltr'><strong>nostris,</strong></span> <span class='ocrx_word' id='word_1_392' title='bbox 3345 2641 3438 2694; x_wconf 86' lang='lat' dir='ltr'><strong>sed</strong></span> <span class='ocrx_word' id='word_1_393' title='bbox 3467 2643 3626 2696; x_wconf 89' lang='lat' dir='ltr'><strong>etiam</strong></span> 
     </span>
    </p>
   </div>
   <div class='ocr_carea' id='block_1_52' title="bbox 334 2726 3624 2803">
    <p class='ocr_par' dir='ltr' id='par_1_52' title="bbox 334 2726 3624 2803">
     <span class='ocr_line' id='line_1_52' title="bbox 334 2726 3624 2803; baseline 0.004 -28"><span class='ocrx_word' id='word_1_394' title='bbox 334 2733 462 2788; x_wconf 69' lang='lat' dir='ltr'><strong>illud</strong></span> <span class='ocrx_word' id='word_1_395' title='bbox 487 2733 629 2803; x_wconf 75' lang='lat' dir='ltr'><strong>quod</strong></span> <span class='ocrx_word' id='word_1_396' title='bbox 668 2732 945 2787; x_wconf 63' lang='lat' dir='ltr'><strong>doctorem</strong></span> <span class='ocrx_word' id='word_1_397' title='bbox 986 2749 1144 2789; x_wconf 79' lang='lat' dir='ltr'><strong>suum</strong></span> <span class='ocrx_word' id='word_1_398' title='bbox 1190 2734 1593 2801; x_wconf 67' lang='lat' dir='ltr'><strong>circumdabat;</strong></span> <span class='ocrx_word' id='word_1_399' title='bbox 1640 2746 1786 2789; x_wconf 75' lang='lat' dir='ltr'><strong>cene</strong></span> <span class='ocrx_word' id='word_1_400' title='bbox 1827 2735 1922 2790; x_wconf 77' lang='lat' dir='ltr'><strong>hu-</strong></span> <span class='ocrx_word' id='word_1_401' title='bbox 1992 2726 2093 2781; x_wconf 59' lang='lat' dir='ltr'><strong>«le</strong></span> <span class='ocrx_word' id='word_1_402' title='bbox 2120 2727 2333 2783; x_wconf 88' lang='lat' dir='ltr'><strong>alienis.</strong></span> <span class='ocrx_word' id='word_1_403' title='bbox 2369 2728 2679 2798; x_wconf 84' lang='lat' dir='ltr'><strong>llujusmodi</strong></span> <span class='ocrx_word' id='word_1_404' title='bbox 2710 2744 2840 2784; x_wconf 81' lang='lat' dir='ltr'><strong>vero</strong></span> <span class='ocrx_word' id='word_1_405' title='bbox 2875 2739 3030 2784; x_wconf 88' lang='lat' dir='ltr'><strong>erant</strong></span> <span class='ocrx_word' id='word_1_406' title='bbox 3056 2740 3362 2786; x_wconf 87' lang='lat' dir='ltr'><strong>sanctorum</strong></span> <span class='ocrx_word' id='word_1_407' title='bbox 3397 2734 3624 2799; x_wconf 68' lang='lat' dir='ltr'><strong>animm,</strong></span> 
     </span>
    </p>
   </div>
   <div class='ocr_carea' id='block_1_53' title="bbox 334 2824 1919 2895">
    <p class='ocr_par' dir='ltr' id='par_1_53' title="bbox 334 2824 1919 2895">
     <span class='ocr_line' id='line_1_53' title="bbox 334 2824 1919 2895; baseline 0.003 -16"><span class='ocrx_word' id='word_1_408' title='bbox 334 2840 548 2879; x_wconf 85' lang='lat' dir='ltr'><strong>manum</strong></span> <span class='ocrx_word' id='word_1_409' title='bbox 603 2824 875 2894; x_wconf 84' lang='lat' dir='ltr'><strong>quidpiam</strong></span> <span class='ocrx_word' id='word_1_410' title='bbox 920 2827 1027 2895; x_wconf 90' lang='lat' dir='ltr'><strong>pati</strong></span> <span class='ocrx_word' id='word_1_411' title='bbox 1085 2835 1351 2895; x_wconf 88' lang='lat' dir='ltr'><strong>poterant.</strong></span> <span class='ocrx_word' id='word_1_412' title='bbox 1398 2826 1598 2882; x_wconf 90' lang='lat' dir='ltr'><strong>Idcirco</strong></span> <span class='ocrx_word' id='word_1_413' title='bbox 1644 2827 1762 2882; x_wconf 91' lang='lat' dir='ltr'><strong>illos</strong></span> <span class='ocrx_word' id='word_1_414' title='bbox 1808 2838 1919 2883; x_wconf 91' lang='lat' dir='ltr'><strong>sta-</strong></span> 
     </span>
    </p>
   </div>
   <div class='ocr_carea' id='block_1_54' title="bbox 333 2916 1920 2989">
    <p class='ocr_par' dir='ltr' id='par_1_54' title="bbox 333 2916 1920 2989">
     <span class='ocr_line' id='line_1_54' title="bbox 333 2916 1920 2989; baseline 0.003 -18"><span class='ocrx_word' id='word_1_415' title='bbox 333 2919 427 2971; x_wconf 91' lang='lat' dir='ltr'><strong>tim</strong></span> <span class='ocrx_word' id='word_1_416' title='bbox 460 2916 701 2985; x_wconf 87' lang='lat' dir='ltr'><strong>reprimit</strong></span> <span class='ocrx_word' id='word_1_417' title='bbox 739 2931 825 2971; x_wconf 62' lang='lat' dir='ltr'><strong>ne&#39;</strong></span> <span class='ocrx_word' id='word_1_418' title='bbox 856 2916 1022 2972; x_wconf 90' lang='lat' dir='ltr'><strong>altum</strong></span> <span class='ocrx_word' id='word_1_419' title='bbox 1068 2919 1298 2988; x_wconf 90' lang='lat' dir='ltr'><strong>sapiant.</strong></span> <span class='ocrx_word' id='word_1_420' title='bbox 1326 2917 1510 2989; x_wconf 85' lang='lat' dir='ltr'><strong>Neque</strong></span> <span class='ocrx_word' id='word_1_421' title='bbox 1539 2920 1677 2975; x_wconf 89' lang='lat' dir='ltr'><strong>dicta</strong></span> <span class='ocrx_word' id='word_1_422' title='bbox 1706 2935 1797 2976; x_wconf 90' lang='lat' dir='ltr'><strong>sua</strong></span> <span class='ocrx_word' id='word_1_423' title='bbox 1828 2921 1920 2976; x_wconf 84' lang='lat' dir='ltr'><strong>ad-</strong></span> 
     </span>
    </p>
   </div>
   <div class='ocr_carea' id='block_1_55' title="bbox 332 3008 1916 3081">
    <p class='ocr_par' dir='ltr' id='par_1_55' title="bbox 332 3008 1916 3081">
     <span class='ocr_line' id='line_1_55' title="bbox 332 3008 1916 3081; baseline 0.002 -17"><span class='ocrx_word' id='word_1_424' title='bbox 332 3008 644 3064; x_wconf 89' lang='lat' dir='ltr'><strong>monitionis</strong></span> <span class='ocrx_word' id='word_1_425' title='bbox 670 3009 751 3062; x_wconf 90' lang='lat' dir='ltr'><strong>vel</strong></span> <span class='ocrx_word' id='word_1_426' title='bbox 786 3018 1179 3079; x_wconf 72' lang='lat' dir='ltr'><strong>praeceptorum</strong></span> <span class='ocrx_word' id='word_1_427' title='bbox 1207 3026 1358 3065; x_wconf 91' lang='lat' dir='ltr'><strong>more</strong></span> <span class='ocrx_word' id='word_1_428' title='bbox 1384 3010 1608 3080; x_wconf 77' lang='lat' dir='ltr'><strong>profert,</strong></span> <span class='ocrx_word' id='word_1_429' title='bbox 1654 3013 1748 3067; x_wconf 86' lang='lat' dir='ltr'><strong>sed</strong></span> <span class='ocrx_word' id='word_1_430' title='bbox 1792 3030 1916 3081; x_wconf 84' lang='lat' dir='ltr'><strong>pro-</strong></span> 
     </span>
    </p>
   </div>
   <div class='ocr_carea' id='block_1_56' title="bbox 330 3100 1918 3173">
    <p class='ocr_par' dir='ltr' id='par_1_56' title="bbox 330 3100 1918 3173">
     <span class='ocr_line' id='line_1_56' title="bbox 330 3100 1918 3173; baseline 0.005 -20"><span class='ocrx_word' id='word_1_431' title='bbox 330 3100 517 3170; x_wconf 81' lang='lat' dir='ltr'><strong>posita:</strong></span> <span class='ocrx_word' id='word_1_432' title='bbox 564 3100 909 3156; x_wconf 86' lang='lat' dir='ltr'><strong>beatitudinis</strong></span> <span class='ocrx_word' id='word_1_433' title='bbox 967 3101 1170 3167; x_wconf 87' lang='lat' dir='ltr'><strong>fornta,</strong></span> <span class='ocrx_word' id='word_1_434' title='bbox 1228 3103 1309 3158; x_wconf 89' lang='lat' dir='ltr'><strong>sic</strong></span> <span class='ocrx_word' id='word_1_435' title='bbox 1363 3104 1653 3173; x_wconf 79' lang='lat' dir='ltr'><strong>gratiorem</strong></span> <span class='ocrx_word' id='word_1_436' title='bbox 1700 3106 1918 3161; x_wconf 81' lang='lat' dir='ltr'><strong>ordiens</strong></span> 
     </span>
    </p>
   </div>
   <div class='ocr_carea' id='block_1_57' title="bbox 327 3193 1914 3268">
    <p class='ocr_par' dir='ltr' id='par_1_57' title="bbox 327 3193 1914 3268">
     <span class='ocr_line' id='line_1_57' title="bbox 327 3193 1914 3268; baseline 0.004 -21"><span class='ocrx_word' id='word_1_437' title='bbox 327 3207 672 3257; x_wconf 81' lang='lat' dir='ltr'><strong>sermonem,</strong></span> <span class='ocrx_word' id='word_1_438' title='bbox 716 3204 771 3247; x_wconf 93' lang='lat' dir='ltr'><strong>et</strong></span> <span class='ocrx_word' id='word_1_439' title='bbox 808 3193 1067 3248; x_wconf 74' lang='lat' dir='ltr'><strong>doctrina:</strong></span> <span class='ocrx_word' id='word_1_440' title='bbox 1106 3193 1335 3249; x_wconf 83' lang='lat' dir='ltr'><strong>stadium</strong></span> <span class='ocrx_word' id='word_1_441' title='bbox 1374 3196 1619 3253; x_wconf 89' lang='lat' dir='ltr'><strong>omnibus</strong></span> <span class='ocrx_word' id='word_1_442' title='bbox 1645 3203 1914 3268; x_wconf 85' lang='lat' dir='ltr'><strong>aperiens.</strong></span> 
     </span>
    </p>
   </div>
   <div class='ocr_carea' id='block_1_58' title="bbox 332 3283 1912 3357">
    <p class='ocr_par' dir='ltr' id='par_1_58' title="bbox 332 3283 1912 3357">
     <span class='ocr_line' id='line_1_58' title="bbox 332 3283 1912 3357; baseline 0.005 -19"><span class='ocrx_word' id='word_1_443' title='bbox 332 3284 452 3338; x_wconf 80' lang='lat' dir='ltr'><strong>Non</strong></span> <span class='ocrx_word' id='word_1_444' title='bbox 497 3284 638 3338; x_wconf 88' lang='lat' dir='ltr'><strong>enim</strong></span> <span class='ocrx_word' id='word_1_445' title='bbox 669 3284 825 3350; x_wconf 81' lang='lat' dir='ltr'><strong>dixit,</strong></span> <span class='ocrx_word' id='word_1_446' title='bbox 861 3284 957 3338; x_wconf 84' lang='lat' dir='ltr'><strong>llic</strong></span> <span class='ocrx_word' id='word_1_447' title='bbox 995 3283 1079 3339; x_wconf 84' lang='lat' dir='ltr'><strong>vel</strong></span> <span class='ocrx_word' id='word_1_448' title='bbox 1110 3286 1218 3352; x_wconf 89' lang='lat' dir='ltr'><strong>ille,</strong></span> <span class='ocrx_word' id='word_1_449' title='bbox 1246 3289 1377 3355; x_wconf 87' lang='lat' dir='ltr'><strong>sed,</strong></span> <span class='ocrx_word' id='word_1_450' title='bbox 1406 3288 1506 3354; x_wconf 87' lang='lat' dir='ltr'><strong>Qui</strong></span> <span class='ocrx_word' id='word_1_451' title='bbox 1537 3289 1652 3344; x_wconf 68' lang='lat' dir='ltr'><strong>haec</strong></span> <span class='ocrx_word' id='word_1_452' title='bbox 1683 3291 1912 3357; x_wconf 81' lang='lat' dir='ltr'><strong>faciunt,</strong></span> 
     </span>
    </p>
   </div>
   <div class='ocr_carea' id='block_1_59' title="bbox 329 3375 1918 3445">
    <p class='ocr_par' dir='ltr' id='par_1_59' title="bbox 329 3375 1918 3445">
     <span class='ocr_line' id='line_1_59' title="bbox 329 3375 1918 3445; baseline 0.004 -14"><span class='ocrx_word' id='word_1_453' title='bbox 329 3377 476 3431; x_wconf 84' lang='lat' dir='ltr'><strong>beati</strong></span> <span class='ocrx_word' id='word_1_454' title='bbox 498 3391 686 3432; x_wconf 89' lang='lat' dir='ltr'><strong>omnes</strong></span> <span class='ocrx_word' id='word_1_455' title='bbox 716 3387 895 3433; x_wconf 90' lang='lat' dir='ltr'><strong>erunt.</strong></span> <span class='ocrx_word' id='word_1_456' title='bbox 928 3375 1003 3431; x_wconf 91' lang='lat' dir='ltr'><strong>lta</strong></span> <span class='ocrx_word' id='word_1_457' title='bbox 1028 3387 1085 3431; x_wconf 90' lang='lat' dir='ltr'><strong>ut</strong></span> <span class='ocrx_word' id='word_1_458' title='bbox 1111 3379 1224 3434; x_wconf 89' lang='lat' dir='ltr'><strong>sive</strong></span> <span class='ocrx_word' id='word_1_459' title='bbox 1251 3394 1438 3435; x_wconf 90' lang='lat' dir='ltr'><strong>servus</strong></span> <span class='ocrx_word' id='word_1_460' title='bbox 1467 3382 1542 3435; x_wconf 89' lang='lat' dir='ltr'><strong>sis</strong></span> <span class='ocrx_word' id='word_1_461' title='bbox 1562 3423 1576 3445; x_wconf 92' lang='lat'><strong>,</strong></span> <span class='ocrx_word' id='word_1_462' title='bbox 1617 3384 1731 3437; x_wconf 85' lang='lat' dir='ltr'><strong>sive</strong></span> <span class='ocrx_word' id='word_1_463' title='bbox 1767 3399 1918 3437; x_wconf 86' lang='lat' dir='ltr'><strong>men-</strong></span> 
     </span>
    </p>
   </div>
   <div class='ocr_carea' id='block_1_60' title="bbox 327 3465 1912 3539">
    <p class='ocr_par' dir='ltr' id='par_1_60' title="bbox 327 3465 1912 3539">
     <span class='ocr_line' id='line_1_60' title="bbox 327 3465 1912 3539; baseline 0.004 -19"><span class='ocrx_word' id='word_1_464' title='bbox 327 3465 517 3531; x_wconf 86' lang='lat' dir='ltr'><strong>dicus,</strong></span> <span class='ocrx_word' id='word_1_465' title='bbox 565 3468 679 3523; x_wconf 91' lang='lat' dir='ltr'><strong>sive</strong></span> <span class='ocrx_word' id='word_1_466' title='bbox 732 3482 954 3537; x_wconf 87' lang='lat' dir='ltr'><strong>pauper,</strong></span> <span class='ocrx_word' id='word_1_467' title='bbox 999 3468 1112 3522; x_wconf 87' lang='lat' dir='ltr'><strong>sive</strong></span> <span class='ocrx_word' id='word_1_468' title='bbox 1160 3470 1508 3539; x_wconf 88' lang='lat' dir='ltr'><strong>peregrinus,</strong></span> <span class='ocrx_word' id='word_1_469' title='bbox 1559 3472 1673 3527; x_wconf 87' lang='lat' dir='ltr'><strong>sive</strong></span> <span class='ocrx_word' id='word_1_470' title='bbox 1715 3473 1912 3539; x_wconf 71' lang='lat' dir='ltr'><strong>idiota,</strong></span> 
     </span>
    </p>
   </div>
   <div class='ocr_carea' id='block_1_61' title="bbox 330 3559 1913 3630">
    <p class='ocr_par' dir='ltr' id='par_1_61' title="bbox 330 3559 1913 3630">
     <span class='ocr_line' id='line_1_61' title="bbox 330 3559 1913 3630; baseline 0.004 -19"><span class='ocrx_word' id='word_1_471' title='bbox 330 3559 465 3611; x_wconf 87' lang='lat' dir='ltr'><strong>nihil</strong></span> <span class='ocrx_word' id='word_1_472' title='bbox 496 3567 548 3612; x_wconf 88' lang='lat' dir='ltr'><strong>te</strong></span> <span class='ocrx_word' id='word_1_473' title='bbox 577 3559 829 3628; x_wconf 85' lang='lat' dir='ltr'><strong>impediat</strong></span> <span class='ocrx_word' id='word_1_474' title='bbox 871 3564 997 3630; x_wconf 87' lang='lat' dir='ltr'><strong>quin</strong></span> <span class='ocrx_word' id='word_1_475' title='bbox 1040 3560 1116 3615; x_wconf 89' lang='lat' dir='ltr'><strong>sis</strong></span> <span class='ocrx_word' id='word_1_476' title='bbox 1159 3560 1377 3625; x_wconf 90' lang='lat' dir='ltr'><strong>beatus,</strong></span> <span class='ocrx_word' id='word_1_477' title='bbox 1424 3562 1466 3615; x_wconf 92' lang='lat' dir='ltr'><strong>si</strong></span> <span class='ocrx_word' id='word_1_478' title='bbox 1498 3562 1636 3617; x_wconf 90' lang='lat' dir='ltr'><strong>hanc</strong></span> <span class='ocrx_word' id='word_1_479' title='bbox 1666 3564 1913 3617; x_wconf 85' lang='lat' dir='ltr'><strong>virtutem</strong></span> 
     </span>
    </p>
   </div>
   <div class='ocr_carea' id='block_1_62' title="bbox 333 3651 1913 3725">
    <p class='ocr_par' dir='ltr' id='par_1_62' title="bbox 333 3651 1913 3725">
     <span class='ocr_line' id='line_1_62' title="bbox 333 3651 1913 3725; baseline 0.006 -23"><span class='ocrx_word' id='word_1_480' title='bbox 333 3651 586 3704; x_wconf 89' lang='lat' dir='ltr'><strong>colueris.</strong></span> <span class='ocrx_word' id='word_1_481' title='bbox 618 3651 753 3705; x_wconf 91' lang='lat' dir='ltr'><strong>lline</strong></span> <span class='ocrx_word' id='word_1_482' title='bbox 781 3653 958 3721; x_wconf 88' lang='lat' dir='ltr'><strong>itaque</strong></span> <span class='ocrx_word' id='word_1_483' title='bbox 986 3665 1141 3706; x_wconf 91' lang='lat' dir='ltr'><strong>orsus</strong></span> <span class='ocrx_word' id='word_1_484' title='bbox 1161 3693 1174 3716; x_wconf 91' lang='lat'><strong>,</strong></span> <span class='ocrx_word' id='word_1_485' title='bbox 1206 3655 1347 3708; x_wconf 88' lang='lat' dir='ltr'><strong>unde</strong></span> <span class='ocrx_word' id='word_1_486' title='bbox 1376 3657 1608 3709; x_wconf 77' lang='lat' dir='ltr'><strong>maxime</strong></span> <span class='ocrx_word' id='word_1_487' title='bbox 1640 3671 1731 3725; x_wconf 90' lang='lat' dir='ltr'><strong>par</strong></span> <span class='ocrx_word' id='word_1_488' title='bbox 1758 3666 1874 3711; x_wconf 88' lang='lat' dir='ltr'><strong>erat</strong></span> <span class='ocrx_word' id='word_1_489' title='bbox 1896 3697 1913 3724; x_wconf 93' lang='lat'><strong>,</strong></span> 
     </span>
    </p>
   </div>
   <div class='ocr_carea' id='block_1_63' title="bbox 335 3741 1915 3813">
    <p class='ocr_par' dir='ltr' id='par_1_63' title="bbox 335 3741 1915 3813">
     <span class='ocr_line' id='line_1_63' title="bbox 335 3741 1915 3813; baseline 0.006 -18"><span class='ocrx_word' id='word_1_490' title='bbox 335 3742 402 3795; x_wconf 86' lang='lat' dir='ltr'><strong>ad</strong></span> <span class='ocrx_word' id='word_1_491' title='bbox 433 3741 573 3796; x_wconf 91' lang='lat' dir='ltr'><strong>aliud</strong></span> <span class='ocrx_word' id='word_1_492' title='bbox 607 3742 909 3796; x_wconf 86' lang='lat' dir='ltr'><strong>mandatum</strong></span> <span class='ocrx_word' id='word_1_493' title='bbox 938 3744 1209 3813; x_wconf 88' lang='lat' dir='ltr'><strong>procedit,</strong></span> <span class='ocrx_word' id='word_1_494' title='bbox 1241 3745 1380 3811; x_wconf 89' lang='lat' dir='ltr'><strong>quod</strong></span> <span class='ocrx_word' id='word_1_495' title='bbox 1410 3745 1620 3801; x_wconf 89' lang='lat' dir='ltr'><strong>videtur</strong></span> <span class='ocrx_word' id='word_1_496' title='bbox 1649 3749 1807 3801; x_wconf 89' lang='lat' dir='ltr'><strong>totius</strong></span> <span class='ocrx_word' id='word_1_497' title='bbox 1828 3764 1915 3804; x_wconf 88' lang='lat' dir='ltr'><strong>or-</strong></span> 
     </span>
    </p>
   </div>
   <div class='ocr_carea' id='block_1_64' title="bbox 325 3833 1916 3911">
    <p class='ocr_par' dir='ltr' id='par_1_64' title="bbox 325 3833 1916 3911">
     <span class='ocr_line' id='line_1_64' title="bbox 325 3833 1916 3911; baseline 0.005 -22"><span class='ocrx_word' id='word_1_498' title='bbox 325 3833 413 3890; x_wconf 81' lang='lat' dir='ltr'><strong>bis</strong></span> <span class='ocrx_word' id='word_1_499' title='bbox 436 3850 739 3906; x_wconf 82' lang='lat' dir='ltr'><strong>oppugnare</strong></span> <span class='ocrx_word' id='word_1_500' title='bbox 766 3837 1104 3891; x_wconf 84' lang='lat' dir='ltr'><strong>sententiam.</strong></span> <span class='ocrx_word' id='word_1_501' title='bbox 1148 3838 1281 3891; x_wconf 82' lang='lat' dir='ltr'><strong>Cum</strong></span> <span class='ocrx_word' id='word_1_502' title='bbox 1326 3840 1471 3892; x_wconf 89' lang='lat' dir='ltr'><strong>enim</strong></span> <span class='ocrx_word' id='word_1_503' title='bbox 1513 3856 1699 3894; x_wconf 88' lang='lat' dir='ltr'><strong>omnes</strong></span> <span class='ocrx_word' id='word_1_504' title='bbox 1732 3849 1916 3911; x_wconf 89' lang='lat' dir='ltr'><strong>putent</strong></span> 
     </span>
    </p>
   </div>
   <div class='ocr_carea' id='block_1_65' title="bbox 326 3927 1914 4003">
    <p class='ocr_par' dir='ltr' id='par_1_65' title="bbox 326 3927 1914 4003">
     <span class='ocr_line' id='line_1_65' title="bbox 326 3927 1914 4003; baseline 0.004 -22"><span class='ocrx_word' id='word_1_505' title='bbox 326 3941 424 3981; x_wconf 87' lang='lat' dir='ltr'><strong>eos</strong></span> <span class='ocrx_word' id='word_1_506' title='bbox 450 3928 535 3997; x_wconf 86' lang='lat' dir='ltr'><strong>qui</strong></span> <span class='ocrx_word' id='word_1_507' title='bbox 565 3927 798 3996; x_wconf 87' lang='lat' dir='ltr'><strong>gaudent</strong></span> <span class='ocrx_word' id='word_1_508' title='bbox 821 3940 876 3981; x_wconf 90' lang='lat' dir='ltr'><strong>et</strong></span> <span class='ocrx_word' id='word_1_509' title='bbox 902 3928 1152 3981; x_wconf 70' lang='lat' dir='ltr'><strong>lmtantur</strong></span> <span class='ocrx_word' id='word_1_510' title='bbox 1177 3943 1296 3983; x_wconf 90' lang='lat' dir='ltr'><strong>esse</strong></span> <span class='ocrx_word' id='word_1_511' title='bbox 1323 3929 1529 3995; x_wconf 87' lang='lat' dir='ltr'><strong>beatos,</strong></span> <span class='ocrx_word' id='word_1_512' title='bbox 1558 3946 1649 3985; x_wconf 90' lang='lat' dir='ltr'><strong>eos</strong></span> <span class='ocrx_word' id='word_1_513' title='bbox 1674 3948 1801 3987; x_wconf 85' lang='lat' dir='ltr'><strong>vero</strong></span> <span class='ocrx_word' id='word_1_514' title='bbox 1825 3933 1914 4003; x_wconf 89' lang='lat' dir='ltr'><strong>qui</strong></span> 
     </span>
    </p>
   </div>
   <div class='ocr_carea' id='block_1_66' title="bbox 328 4019 1914 4089">
    <p class='ocr_par' dir='ltr' id='par_1_66' title="bbox 328 4019 1914 4089">
     <span class='ocr_line' id='line_1_66' title="bbox 328 4019 1914 4089; baseline 0.004 -17"><span class='ocrx_word' id='word_1_515' title='bbox 328 4019 385 4072; x_wconf 93' lang='lat' dir='ltr'><strong>in</strong></span> <span class='ocrx_word' id='word_1_516' title='bbox 424 4033 656 4074; x_wconf 72' lang='lat' dir='ltr'><strong>mret-ore</strong></span> <span class='ocrx_word' id='word_1_517' title='bbox 674 4061 689 4085; x_wconf 94' lang='lat'><strong>,</strong></span> <span class='ocrx_word' id='word_1_518' title='bbox 733 4027 1045 4089; x_wconf 89' lang='lat' dir='ltr'><strong>paupertate</strong></span> <span class='ocrx_word' id='word_1_519' title='bbox 1074 4031 1129 4074; x_wconf 90' lang='lat' dir='ltr'><strong>ct</strong></span> <span class='ocrx_word' id='word_1_520' title='bbox 1155 4020 1299 4075; x_wconf 89' lang='lat' dir='ltr'><strong>luctu</strong></span> <span class='ocrx_word' id='word_1_521' title='bbox 1327 4031 1634 4088; x_wconf 88' lang='lat' dir='ltr'><strong>versantur,</strong></span> <span class='ocrx_word' id='word_1_522' title='bbox 1665 4038 1784 4078; x_wconf 86' lang='lat' dir='ltr'><strong>esse</strong></span> <span class='ocrx_word' id='word_1_523' title='bbox 1810 4025 1914 4078; x_wconf 88' lang='lat' dir='ltr'><strong>mi—</strong></span> 
     </span>
    </p>
   </div>
   <div class='ocr_carea' id='block_1_67' title="bbox 325 4109 1911 4180">
    <p class='ocr_par' dir='ltr' id='par_1_67' title="bbox 325 4109 1911 4180">
     <span class='ocr_line' id='line_1_67' title="bbox 325 4109 1911 4180; baseline 0.004 -18"><span class='ocrx_word' id='word_1_524' title='bbox 325 4123 500 4175; x_wconf 89' lang='lat' dir='ltr'><strong>seros,</strong></span> <span class='ocrx_word' id='word_1_525' title='bbox 535 4109 632 4162; x_wconf 86' lang='lat' dir='ltr'><strong>lius</strong></span> <span class='ocrx_word' id='word_1_526' title='bbox 666 4111 754 4164; x_wconf 91' lang='lat' dir='ltr'><strong>ille</strong></span> <span class='ocrx_word' id='word_1_527' title='bbox 783 4125 890 4178; x_wconf 61' lang='lat' dir='ltr'><strong>prie</strong></span> <span class='ocrx_word' id='word_1_528' title='bbox 919 4110 1040 4165; x_wconf 90' lang='lat' dir='ltr'><strong>aliis</strong></span> <span class='ocrx_word' id='word_1_529' title='bbox 1068 4109 1253 4164; x_wconf 87' lang='lat' dir='ltr'><strong>beatos</strong></span> <span class='ocrx_word' id='word_1_530' title='bbox 1284 4112 1536 4180; x_wconf 58' lang='lat' dir='ltr'><strong>praedicat</strong></span> <span class='ocrx_word' id='word_1_531' title='bbox 1559 4155 1572 4174; x_wconf 90' lang='lat'><strong>,</strong></span> <span class='ocrx_word' id='word_1_532' title='bbox 1607 4113 1827 4169; x_wconf 88' lang='lat' dir='ltr'><strong>dicens:</strong></span> <span class='ocrx_word' id='word_1_533' title='bbox 1859 4117 1911 4169; x_wconf 77' lang='grc'><strong>5.</strong></span> 
     </span>
    </p>
   </div>
   <div class='ocr_carea' id='block_1_68' title="bbox 326 4199 1916 4271">
    <p class='ocr_par' dir='ltr' id='par_1_68' title="bbox 326 4199 1916 4271">
     <span class='ocr_line' id='line_1_68' title="bbox 326 4199 1916 4271; baseline 0.004 -17"><span class='ocrx_word' id='word_1_534' title='bbox 326 4199 471 4256; x_wconf 82' lang='lat' dir='ltr'><strong>Beati</strong></span> <span class='ocrx_word' id='word_1_535' title='bbox 498 4202 582 4270; x_wconf 85' lang='lat' dir='ltr'><strong>qui</strong></span> <span class='ocrx_word' id='word_1_536' title='bbox 611 4202 804 4271; x_wconf 82' lang='lat' dir='ltr'><strong>lugent.</strong></span> <span class='ocrx_word' id='word_1_537' title='bbox 836 4202 994 4271; x_wconf 83' lang='lat' dir='ltr'><strong>Atqui</strong></span> <span class='ocrx_word' id='word_1_538' title='bbox 1039 4201 1108 4256; x_wconf 88' lang='lat' dir='ltr'><strong>ab</strong></span> <span class='ocrx_word' id='word_1_539' title='bbox 1154 4203 1402 4257; x_wconf 87' lang='lat' dir='ltr'><strong>omnibus</strong></span> <span class='ocrx_word' id='word_1_540' title='bbox 1437 4203 1491 4256; x_wconf 91' lang='lat' dir='ltr'><strong>hi</strong></span> <span class='ocrx_word' id='word_1_541' title='bbox 1531 4202 1769 4259; x_wconf 90' lang='lat' dir='ltr'><strong>infelices</strong></span> <span class='ocrx_word' id='word_1_542' title='bbox 1798 4220 1916 4261; x_wconf 90' lang='lat' dir='ltr'><strong>esse</strong></span> 
     </span>
    </p>
   </div>
   <div class='ocr_carea' id='block_1_69' title="bbox 325 4291 1914 4367">
    <p class='ocr_par' dir='ltr' id='par_1_69' title="bbox 325 4291 1914 4367">
     <span class='ocr_line' id='line_1_69' title="bbox 325 4291 1914 4367; baseline 0.004 -22"><span class='ocrx_word' id='word_1_543' title='bbox 325 4292 615 4345; x_wconf 83' lang='lat' dir='ltr'><strong>dicuntur:</strong></span> <span class='ocrx_word' id='word_1_544' title='bbox 647 4291 741 4347; x_wconf 88' lang='lat' dir='ltr'><strong>sed</strong></span> <span class='ocrx_word' id='word_1_545' title='bbox 782 4291 903 4347; x_wconf 90' lang='lat' dir='ltr'><strong>ideo</strong></span> <span class='ocrx_word' id='word_1_546' title='bbox 931 4292 1020 4347; x_wconf 86' lang='lat' dir='ltr'><strong>ille</strong></span> <span class='ocrx_word' id='word_1_547' title='bbox 1045 4292 1195 4362; x_wconf 85' lang='lat' dir='ltr'><strong>signa</strong></span> <span class='ocrx_word' id='word_1_548' title='bbox 1226 4295 1518 4362; x_wconf 76' lang='lat' dir='ltr'><strong>prtemisit,</strong></span> <span class='ocrx_word' id='word_1_549' title='bbox 1563 4305 1618 4349; x_wconf 95' lang='lat' dir='ltr'><strong>ut</strong></span> <span class='ocrx_word' id='word_1_550' title='bbox 1659 4296 1805 4367; x_wconf 84' lang='lat' dir='ltr'><strong>leges</strong></span> <span class='ocrx_word' id='word_1_551' title='bbox 1830 4298 1914 4351; x_wconf 86' lang='lat' dir='ltr'><strong>af-</strong></span> 
     </span>
    </p>
   </div>
   <div class='ocr_carea' id='block_1_70' title="bbox 327 4382 1915 4453">
    <p class='ocr_par' dir='ltr' id='par_1_70' title="bbox 327 4382 1915 4453">
     <span class='ocr_line' id='line_1_70' title="bbox 327 4382 1915 4453; baseline 0.006 -18"><span class='ocrx_word' id='word_1_552' title='bbox 327 4382 504 4437; x_wconf 84' lang='lat' dir='ltr'><strong>ferens</strong></span> <span class='ocrx_word' id='word_1_553' title='bbox 545 4384 678 4438; x_wconf 85' lang='lat' dir='ltr'><strong>tales</strong></span> <span class='ocrx_word' id='word_1_554' title='bbox 713 4383 818 4439; x_wconf 82' lang='lat' dir='ltr'><strong>ﬁde</strong></span> <span class='ocrx_word' id='word_1_555' title='bbox 845 4383 1037 4453; x_wconf 81' lang='lat' dir='ltr'><strong>dignus</strong></span> <span class='ocrx_word' id='word_1_556' title='bbox 1065 4393 1229 4440; x_wconf 86' lang='lat' dir='ltr'><strong>esset.</strong></span> <span class='ocrx_word' id='word_1_557' title='bbox 1262 4386 1359 4441; x_wconf 89' lang='lat' dir='ltr'><strong>llic</strong></span> <span class='ocrx_word' id='word_1_558' title='bbox 1383 4398 1558 4442; x_wconf 87' lang='lat' dir='ltr'><strong>autem</strong></span> <span class='ocrx_word' id='word_1_559' title='bbox 1593 4406 1777 4443; x_wconf 87' lang='lat' dir='ltr'><strong>rursus</strong></span> <span class='ocrx_word' id='word_1_560' title='bbox 1809 4405 1915 4445; x_wconf 87' lang='lat' dir='ltr'><strong>non</strong></span> 
     </span>
    </p>
   </div>
   <div class='ocr_carea' id='block_1_71' title="bbox 324 4474 1914 4550">
    <p class='ocr_par' dir='ltr' id='par_1_71' title="bbox 324 4474 1914 4550">
     <span class='ocr_line' id='line_1_71' title="bbox 324 4474 1914 4550; baseline 0.008 -24"><span class='ocrx_word' id='word_1_561' title='bbox 324 4474 641 4543; x_wconf 87' lang='lat' dir='ltr'><strong>simpliciter</strong></span> <span class='ocrx_word' id='word_1_562' title='bbox 667 4475 910 4543; x_wconf 86' lang='lat' dir='ltr'><strong>lugentes</strong></span> <span class='ocrx_word' id='word_1_563' title='bbox 952 4477 1163 4544; x_wconf 87' lang='lat' dir='ltr'><strong>posuit,</strong></span> <span class='ocrx_word' id='word_1_564' title='bbox 1211 4476 1305 4531; x_wconf 90' lang='lat' dir='ltr'><strong>sed</strong></span> <span class='ocrx_word' id='word_1_565' title='bbox 1350 4492 1444 4533; x_wconf 92' lang='lat' dir='ltr'><strong>eos</strong></span> <span class='ocrx_word' id='word_1_566' title='bbox 1472 4480 1558 4549; x_wconf 92' lang='lat' dir='ltr'><strong>qui</strong></span> <span class='ocrx_word' id='word_1_567' title='bbox 1586 4480 1654 4536; x_wconf 88' lang='lat' dir='ltr'><strong>de</strong></span> <span class='ocrx_word' id='word_1_568' title='bbox 1682 4482 1914 4550; x_wconf 83' lang='lat' dir='ltr'><strong>peccatis</strong></span> 
     </span>
    </p>
   </div>
   <div class='ocr_carea' id='block_1_72' title="bbox 328 4565 1916 4638">
    <p class='ocr_par' dir='ltr' id='par_1_72' title="bbox 328 4565 1916 4638">
     <span class='ocr_line' id='line_1_72' title="bbox 328 4565 1916 4638; baseline 0.006 -19"><span class='ocrx_word' id='word_1_569' title='bbox 328 4566 576 4636; x_wconf 84' lang='lat' dir='ltr'><strong>lugerent</strong></span> <span class='ocrx_word' id='word_1_570' title='bbox 612 4584 625 4620; x_wconf 89' lang='lat'><strong>:</strong></span> <span class='ocrx_word' id='word_1_571' title='bbox 656 4575 711 4619; x_wconf 91' lang='lat' dir='ltr'><strong>ut</strong></span> <span class='ocrx_word' id='word_1_572' title='bbox 740 4575 795 4620; x_wconf 91' lang='lat' dir='ltr'><strong>et</strong></span> <span class='ocrx_word' id='word_1_573' title='bbox 824 4565 968 4620; x_wconf 89' lang='lat' dir='ltr'><strong>aliud</strong></span> <span class='ocrx_word' id='word_1_574' title='bbox 998 4581 1211 4637; x_wconf 88' lang='lat' dir='ltr'><strong>quoque</strong></span> <span class='ocrx_word' id='word_1_575' title='bbox 1237 4568 1411 4622; x_wconf 89' lang='lat' dir='ltr'><strong>luctus</strong></span> <span class='ocrx_word' id='word_1_576' title='bbox 1440 4584 1609 4638; x_wconf 89' lang='lat' dir='ltr'><strong>genus</strong></span> <span class='ocrx_word' id='word_1_577' title='bbox 1631 4572 1916 4628; x_wconf 85' lang='lat' dir='ltr'><strong>admodum</strong></span> 
     </span>
    </p>
   </div>
   <div class='ocr_carea' id='block_1_73' title="bbox 328 4657 1917 4736">
    <p class='ocr_par' dir='ltr' id='par_1_73' title="bbox 328 4657 1917 4736">
     <span class='ocr_line' id='line_1_73' title="bbox 328 4657 1917 4736; baseline 0.007 -24"><span class='ocrx_word' id='word_1_578' title='bbox 328 4658 666 4727; x_wconf 85' lang='lat' dir='ltr'><strong>prohibetur,</strong></span> <span class='ocrx_word' id='word_1_579' title='bbox 708 4673 902 4728; x_wconf 88' lang='lat' dir='ltr'><strong>nempe</strong></span> <span class='ocrx_word' id='word_1_580' title='bbox 930 4657 998 4714; x_wconf 90' lang='lat' dir='ltr'><strong>de</strong></span> <span class='ocrx_word' id='word_1_581' title='bbox 1026 4675 1201 4715; x_wconf 90' lang='lat' dir='ltr'><strong>rerum</strong></span> <span class='ocrx_word' id='word_1_582' title='bbox 1246 4662 1587 4718; x_wconf 61' lang='lat' dir='ltr'><strong>saecularium</strong></span> <span class='ocrx_word' id='word_1_583' title='bbox 1633 4665 1917 4736; x_wconf 90' lang='lat' dir='ltr'><strong>dispendio</strong></span> 
     </span>
    </p>
   </div>
   <div class='ocr_carea' id='block_1_74' title="bbox 325 4748 1919 4821">
    <p class='ocr_par' dir='ltr' id='par_1_74' title="bbox 325 4748 1919 4821">
     <span class='ocr_line' id='line_1_74' title="bbox 325 4748 1919 4821; baseline 0.007 -19"><span class='ocrx_word' id='word_1_584' title='bbox 325 4750 532 4819; x_wconf 88' lang='lat' dir='ltr'><strong>Ingere.</strong></span> <span class='ocrx_word' id='word_1_585' title='bbox 560 4748 712 4817; x_wconf 89' lang='lat' dir='ltr'><strong>Quod</strong></span> <span class='ocrx_word' id='word_1_586' title='bbox 755 4749 1090 4820; x_wconf 87' lang='lat' dir='ltr'><strong>signiﬁcabat</strong></span> <span class='ocrx_word' id='word_1_587' title='bbox 1118 4760 1173 4805; x_wconf 91' lang='lat' dir='ltr'><strong>et</strong></span> <span class='ocrx_word' id='word_1_588' title='bbox 1200 4751 1394 4808; x_wconf 89' lang='lat' dir='ltr'><strong>Paulus</strong></span> <span class='ocrx_word' id='word_1_589' title='bbox 1415 4753 1598 4809; x_wconf 92' lang='lat' dir='ltr'><strong>dicens</strong></span> <span class='ocrx_word' id='word_1_590' title='bbox 1627 4773 1639 4808; x_wconf 91' lang='lat'><strong>:</strong></span> <span class='ocrx_word' id='word_1_591' title='bbox 1673 4756 1803 4821; x_wconf 83' lang='lat' dir='ltr'><strong>Quia</strong></span> <span class='ocrx_word' id='word_1_592' title='bbox 1823 4773 1919 4812; x_wconf 82' lang='lat' dir='ltr'><strong>sie-</strong></span> 
     </span>
    </p>
   </div>
   <div class='ocr_carea' id='block_1_75' title="bbox 325 4843 1908 4917">
    <p class='ocr_par' dir='ltr' id='par_1_75' title="bbox 325 4843 1908 4917">
     <span class='ocr_line' id='line_1_75' title="bbox 325 4843 1908 4917; baseline 0.006 -21"><span class='ocrx_word' id='word_1_593' title='bbox 325 4844 434 4897; x_wconf 81' lang='lat' dir='ltr'><strong>culi</strong></span> <span class='ocrx_word' id='word_1_594' title='bbox 472 4845 673 4913; x_wconf 78' lang='lat' dir='ltr'><strong>quidem</strong></span> <span class='ocrx_word' id='word_1_595' title='bbox 721 4843 926 4909; x_wconf 76' lang='lat' dir='ltr'><strong>tristitia</strong></span> <span class='ocrx_word' id='word_1_596' title='bbox 962 4853 1175 4898; x_wconf 87' lang='lat' dir='ltr'><strong>mortem</strong></span> <span class='ocrx_word' id='word_1_597' title='bbox 1209 4857 1449 4916; x_wconf 86' lang='lat' dir='ltr'><strong>aperatur</strong></span> <span class='ocrx_word' id='word_1_598' title='bbox 1472 4862 1624 4917; x_wconf 69' lang='lat' dir='ltr'><strong>:qua:</strong></span> <span class='ocrx_word' id='word_1_599' title='bbox 1646 4861 1810 4903; x_wconf 86' lang='lat' dir='ltr'><strong>autem</strong></span> <span class='ocrx_word' id='word_1_600' title='bbox 1835 4868 1908 4905; x_wconf 88' lang='lat' dir='ltr'><strong>se-</strong></span> 
     </span>
    </p>
   </div>
   <div class='ocr_carea' id='block_1_76' title="bbox 322 4933 1917 5007">
    <p class='ocr_par' dir='ltr' id='par_1_76' title="bbox 322 4933 1917 5007">
     <span class='ocr_line' id='line_1_76' title="bbox 322 4933 1917 5007; baseline 0.006 -20"><span class='ocrx_word' id='word_1_601' title='bbox 322 4934 552 4988; x_wconf 77' lang='lat' dir='ltr'><strong>cundant</strong></span> <span class='ocrx_word' id='word_1_602' title='bbox 575 4933 745 4988; x_wconf 85' lang='lat' dir='ltr'><strong>Deum</strong></span> <span class='ocrx_word' id='word_1_603' title='bbox 762 4943 834 4988; x_wconf 84' lang='lat' dir='ltr'><strong>est</strong></span> <span class='ocrx_word' id='word_1_604' title='bbox 867 4935 1070 4989; x_wconf 79' lang='lat' dir='ltr'><strong>tristitia</strong></span> <span class='ocrx_word' id='word_1_605' title='bbox 1090 4978 1105 5005; x_wconf 90' lang='lat'><strong>,</strong></span> <span class='ocrx_word' id='word_1_606' title='bbox 1134 4936 1475 5007; x_wconf 73' lang='lat' dir='ltr'><strong>paenitentiam</strong></span> <span class='ocrx_word' id='word_1_607' title='bbox 1499 4940 1551 4993; x_wconf 87' lang='lat' dir='ltr'><strong>in</strong></span> <span class='ocrx_word' id='word_1_608' title='bbox 1575 4940 1790 4996; x_wconf 80' lang='lat' dir='ltr'><strong>salutem</strong></span> <span class='ocrx_word' id='word_1_609' title='bbox 1810 4953 1917 4997; x_wconf 88' lang='lat' dir='ltr'><strong>sta-</strong></span> 
     </span>
    </p>
   </div>
   <div class='ocr_carea' id='block_1_77' title="bbox 319 5023 1196 5097">
    <p class='ocr_par' dir='ltr' id='par_1_77' title="bbox 319 5023 1196 5097">
     <span class='ocr_line' id='line_1_77' title="bbox 319 5023 1196 5097; baseline 0.005 -19"><span class='ocrx_word' id='word_1_610' title='bbox 319 5025 477 5078; x_wconf 77' lang='lat' dir='ltr'><strong>bilem</strong></span> <span class='ocrx_word' id='word_1_611' title='bbox 503 5034 737 5092; x_wconf 78' lang='lat' dir='ltr'><strong>operatur</strong></span> <span class='ocrx_word' id='word_1_612' title='bbox 757 5024 832 5095; x_wconf 72' lang='lat'><strong>(2.</strong></span> <span class='ocrx_word' id='word_1_613' title='bbox 858 5023 977 5080; x_wconf 88' lang='lat' dir='ltr'><strong>Cor.</strong></span> <span class='ocrx_word' id='word_1_614' title='bbox 1002 5026 1054 5079; x_wconf 86' lang='grc'><strong>7.</strong></span> <span class='ocrx_word' id='word_1_615' title='bbox 1082 5026 1196 5097; x_wconf 85' lang='lat' dir='ltr'><strong>l0).</strong></span> 
     </span>
    </p>
   </div>
   <div class='ocr_carea' id='block_1_78' title="bbox 398 5115 1919 5193">
    <p class='ocr_par' dir='ltr' id='par_1_78' title="bbox 398 5115 1919 5193">
     <span class='ocr_line' id='line_1_78' title="bbox 398 5115 1919 5193; baseline 0.005 -23"><span class='ocrx_word' id='word_1_616' title='bbox 398 5117 454 5171; x_wconf 76' lang='grc'><strong>5.</strong></span> <span class='ocrx_word' id='word_1_617' title='bbox 501 5115 685 5170; x_wconf 78' lang='lat' dir='ltr'><strong>Beatos</strong></span> <span class='ocrx_word' id='word_1_618' title='bbox 720 5118 998 5186; x_wconf 74' lang='lat' dir='ltr'><strong>prtedicare</strong></span> <span class='ocrx_word' id='word_1_619' title='bbox 1026 5119 1112 5188; x_wconf 87' lang='lat' dir='ltr'><strong>qui</strong></span> <span class='ocrx_word' id='word_1_620' title='bbox 1142 5118 1330 5190; x_wconf 82' lang='lat' dir='ltr'><strong>lugent,</strong></span> <span class='ocrx_word' id='word_1_621' title='bbox 1358 5122 1680 5191; x_wconf 76' lang='lat' dir='ltr'><strong>philosophia</strong></span> <span class='ocrx_word' id='word_1_622' title='bbox 1716 5123 1919 5193; x_wconf 83' lang='lat' dir='ltr'><strong>plenum</strong></span> 
     </span>
    </p>
   </div>
   <div class='ocr_carea' id='block_1_79' title="bbox 318 5209 1918 5286">
    <p class='ocr_par' dir='ltr' id='par_1_79' title="bbox 318 5209 1918 5286">
     <span class='ocr_line' id='line_1_79' title="bbox 318 5209 1918 5286; baseline 0.004 -21"><span class='ocrx_word' id='word_1_623' title='bbox 318 5222 413 5265; x_wconf 80' lang='lat' dir='ltr'><strong>est.</strong></span> <span class='ocrx_word' id='word_1_624' title='bbox 450 5209 739 5264; x_wconf 77' lang='lat' dir='ltr'><strong>Consolatio</strong></span> <span class='ocrx_word' id='word_1_625' title='bbox 763 5226 796 5263; x_wconf 90' lang='lat' dir='ltr'><strong>a</strong></span> <span class='ocrx_word' id='word_1_626' title='bbox 819 5210 927 5265; x_wconf 86' lang='lat' dir='ltr'><strong>Deo</strong></span> <span class='ocrx_word' id='word_1_627' title='bbox 947 5213 1170 5281; x_wconf 80' lang='lat' dir='ltr'><strong>profecta</strong></span> <span class='ocrx_word' id='word_1_628' title='bbox 1185 5224 1391 5283; x_wconf 83' lang='lat' dir='ltr'><strong>quanta.</strong></span> <span class='ocrx_word' id='word_1_629' title='bbox 1418 5216 1607 5271; x_wconf 86' lang='lat' dir='ltr'><strong>—Hos</strong></span> <span class='ocrx_word' id='word_1_630' title='bbox 1633 5217 1792 5286; x_wconf 84' lang='lat' dir='ltr'><strong>igitur</strong></span> <span class='ocrx_word' id='word_1_631' title='bbox 1811 5218 1918 5286; x_wconf 86' lang='lat' dir='ltr'><strong>ille,</strong></span> 
     </span>
    </p>
   </div>
   <div class='ocr_carea' id='block_1_80' title="bbox 323 5302 1923 5378">
    <p class='ocr_par' dir='ltr' id='par_1_80' title="bbox 323 5302 1923 5378">
     <span class='ocr_line' id='line_1_80' title="bbox 323 5302 1923 5378; baseline 0.007 -24"><span class='ocrx_word' id='word_1_632' title='bbox 323 5302 420 5366; x_wconf 80' lang='lat' dir='ltr'><strong>qui</strong></span> <span class='ocrx_word' id='word_1_633' title='bbox 466 5303 545 5356; x_wconf 87' lang='lat' dir='ltr'><strong>sic</strong></span> <span class='ocrx_word' id='word_1_634' title='bbox 573 5302 754 5371; x_wconf 88' lang='lat' dir='ltr'><strong>lugent</strong></span> <span class='ocrx_word' id='word_1_635' title='bbox 778 5341 794 5367; x_wconf 90' lang='lat'><strong>,</strong></span> <span class='ocrx_word' id='word_1_636' title='bbox 842 5303 1026 5356; x_wconf 89' lang='lat' dir='ltr'><strong>beatos</strong></span> <span class='ocrx_word' id='word_1_637' title='bbox 1071 5302 1325 5372; x_wconf 69' lang='lat' dir='ltr'><strong>praedicat</strong></span> <span class='ocrx_word' id='word_1_638' title='bbox 1354 5321 1367 5357; x_wconf 92' lang='lat'><strong>:</strong></span> <span class='ocrx_word' id='word_1_639' title='bbox 1400 5322 1571 5377; x_wconf 88' lang='lat' dir='ltr'><strong>neque</strong></span> <span class='ocrx_word' id='word_1_640' title='bbox 1609 5308 1923 5378; x_wconf 89' lang='lat' dir='ltr'><strong>simpliciter</strong></span> 
     </span>
    </p>
   </div>
   <div class='ocr_carea' id='block_1_81' title="bbox 328 5391 1923 5469">
    <p class='ocr_par' dir='ltr' id='par_1_81' title="bbox 328 5391 1923 5469">
     <span class='ocr_line' id='line_1_81' title="bbox 328 5391 1923 5469; baseline 0.006 -24"><span class='ocrx_word' id='word_1_641' title='bbox 328 5395 570 5462; x_wconf 81' lang='lat' dir='ltr'><strong>lugentes</strong></span> <span class='ocrx_word' id='word_1_642' title='bbox 594 5393 782 5462; x_wconf 88' lang='lat' dir='ltr'><strong>ponit,</strong></span> <span class='ocrx_word' id='word_1_643' title='bbox 826 5391 921 5447; x_wconf 85' lang='lat' dir='ltr'><strong>sed</strong></span> <span class='ocrx_word' id='word_1_644' title='bbox 948 5393 1036 5464; x_wconf 91' lang='lat' dir='ltr'><strong>qui</strong></span> <span class='ocrx_word' id='word_1_645' title='bbox 1082 5394 1321 5464; x_wconf 89' lang='lat' dir='ltr'><strong>impense</strong></span> <span class='ocrx_word' id='word_1_646' title='bbox 1361 5397 1560 5467; x_wconf 84' lang='lat' dir='ltr'><strong>lugent.</strong></span> <span class='ocrx_word' id='word_1_647' title='bbox 1588 5399 1923 5469; x_wconf 88' lang='lat' dir='ltr'><strong>Quapropter</strong></span> 
     </span>
    </p>
   </div>
   <div class='ocr_carea' id='block_1_82' title="bbox 329 5482 1922 5558">
    <p class='ocr_par' dir='ltr' id='par_1_82' title="bbox 329 5482 1922 5558">
     <span class='ocr_line' id='line_1_82' title="bbox 329 5482 1922 5558; baseline 0.008 -23"><span class='ocrx_word' id='word_1_648' title='bbox 329 5500 438 5535; x_wconf 88' lang='lat' dir='ltr'><strong>non</strong></span> <span class='ocrx_word' id='word_1_649' title='bbox 475 5483 648 5547; x_wconf 89' lang='lat' dir='ltr'><strong>dixit,</strong></span> <span class='ocrx_word' id='word_1_650' title='bbox 677 5482 778 5549; x_wconf 81' lang='lat' dir='ltr'><strong>Qui</strong></span> <span class='ocrx_word' id='word_1_651' title='bbox 806 5494 1035 5538; x_wconf 70' lang='lat' dir='ltr'><strong>mcerent</strong></span> <span class='ocrx_word' id='word_1_652' title='bbox 1058 5527 1074 5551; x_wconf 93' lang='lat'><strong>,</strong></span> <span class='ocrx_word' id='word_1_653' title='bbox 1105 5486 1201 5540; x_wconf 89' lang='lat' dir='ltr'><strong>sed</strong></span> <span class='ocrx_word' id='word_1_654' title='bbox 1226 5528 1239 5551; x_wconf 95' lang='lat'><strong>,</strong></span> <span class='ocrx_word' id='word_1_655' title='bbox 1271 5486 1371 5552; x_wconf 82' lang='lat' dir='ltr'><strong>Qui</strong></span> <span class='ocrx_word' id='word_1_656' title='bbox 1399 5489 1567 5558; x_wconf 85' lang='lat' dir='ltr'><strong>lugent</strong></span> <span class='ocrx_word' id='word_1_657' title='bbox 1595 5505 1615 5542; x_wconf 90' lang='lat'><strong><em>:</em></strong></span> <span class='ocrx_word' id='word_1_658' title='bbox 1647 5505 1771 5543; x_wconf 84' lang='lat' dir='ltr'><strong>nam</strong></span> <span class='ocrx_word' id='word_1_659' title='bbox 1820 5490 1922 5547; x_wconf 90' lang='lat' dir='ltr'><strong>hoc</strong></span> 
     </span>
    </p>
   </div>
   <div class='ocr_carea' id='block_1_83' title="bbox 333 5576 1937 5651">
    <p class='ocr_par' dir='ltr' id='par_1_83' title="bbox 333 5576 1937 5651">
     <span class='ocr_line' id='line_1_83' title="bbox 333 5576 1937 5651; baseline 0.002 -23"><span class='ocrx_word' id='word_1_660' title='bbox 333 5585 661 5647; x_wconf 75' lang='lat' dir='ltr'><strong>przceeptum</strong></span> <span class='ocrx_word' id='word_1_661' title='bbox 708 5576 870 5629; x_wconf 74' lang='lat' dir='ltr'><strong>totius</strong></span> <span class='ocrx_word' id='word_1_662' title='bbox 911 5586 996 5631; x_wconf 80' lang='lat' dir='ltr'><strong>est</strong></span> <span class='ocrx_word' id='word_1_663' title='bbox 1038 5577 1390 5647; x_wconf 69' lang='lat' dir='ltr'><strong>philosophiae</strong></span> <span class='ocrx_word' id='word_1_664' title='bbox 1440 5581 1826 5651; x_wconf 89' lang='lat' dir='ltr'><strong>magisterium.</strong></span> 
     </span>
    </p>
   </div>
   <div class='ocr_carea' id='block_1_84' title="bbox 330 5667 1923 5744">
    <p class='ocr_par' dir='ltr' id='par_1_84' title="bbox 330 5667 1923 5744">
     <span class='ocr_line' id='line_1_84' title="bbox 330 5667 1923 5744; baseline 0.003 -21"><span class='ocrx_word' id='word_1_665' title='bbox 330 5668 474 5724; x_wconf 85' lang='lat' dir='ltr'><strong>enim</strong></span> <span class='ocrx_word' id='word_1_666' title='bbox 503 5667 593 5736; x_wconf 91' lang='lat' dir='ltr'><strong>qui</strong></span> <span class='ocrx_word' id='word_1_667' title='bbox 623 5667 794 5731; x_wconf 88' lang='lat' dir='ltr'><strong>ﬁlios,</strong></span> <span class='ocrx_word' id='word_1_668' title='bbox 829 5683 1072 5735; x_wconf 86' lang='lat' dir='ltr'><strong>uxorem,</strong></span> <span class='ocrx_word' id='word_1_669' title='bbox 1099 5669 1181 5723; x_wconf 78' lang='lat' dir='ltr'><strong>vel</strong></span> <span class='ocrx_word' id='word_1_670' title='bbox 1207 5670 1370 5724; x_wconf 88' lang='lat' dir='ltr'><strong>alium</strong></span> <span class='ocrx_word' id='word_1_671' title='bbox 1397 5674 1698 5742; x_wconf 88' lang='lat' dir='ltr'><strong>quempiam</strong></span> <span class='ocrx_word' id='word_1_672' title='bbox 1724 5688 1923 5744; x_wconf 85' lang='lat' dir='ltr'><strong>cogna-</strong></span> 
     </span>
    </p>
   </div>
   <div class='ocr_carea' id='block_1_85' title="bbox 331 5758 1925 5835">
    <p class='ocr_par' dir='ltr' id='par_1_85' title="bbox 331 5758 1925 5835">
     <span class='ocr_line' id='line_1_85' title="bbox 331 5758 1925 5835; baseline 0.005 -23"><span class='ocrx_word' id='word_1_673' title='bbox 331 5768 442 5813; x_wconf 88' lang='lat' dir='ltr'><strong>tum</strong></span> <span class='ocrx_word' id='word_1_674' title='bbox 468 5758 778 5814; x_wconf 81' lang='lat' dir='ltr'><strong>defunctum</strong></span> <span class='ocrx_word' id='word_1_675' title='bbox 810 5759 1023 5830; x_wconf 85' lang='lat' dir='ltr'><strong>lugent,</strong></span> <span class='ocrx_word' id='word_1_676' title='bbox 1055 5776 1158 5816; x_wconf 88' lang='lat' dir='ltr'><strong>non</strong></span> <span class='ocrx_word' id='word_1_677' title='bbox 1187 5763 1532 5831; x_wconf 88' lang='lat' dir='ltr'><strong>pecuniarum</strong></span> <span class='ocrx_word' id='word_1_678' title='bbox 1552 5806 1569 5831; x_wconf 92' lang='lat'><strong>,</strong></span> <span class='ocrx_word' id='word_1_679' title='bbox 1602 5780 1704 5819; x_wconf 93' lang='lat' dir='ltr'><strong>non</strong></span> <span class='ocrx_word' id='word_1_680' title='bbox 1732 5781 1925 5835; x_wconf 88' lang='lat' dir='ltr'><strong>corpo-</strong></span> 
     </span>
    </p>
   </div>
   <div class='ocr_carea' id='block_1_86' title="bbox 333 5850 1921 5925">
    <p class='ocr_par' dir='ltr' id='par_1_86' title="bbox 333 5850 1921 5925">
     <span class='ocr_line' id='line_1_86' title="bbox 333 5850 1921 5925; baseline 0.004 -20"><span class='ocrx_word' id='word_1_681' title='bbox 333 5867 450 5906; x_wconf 87' lang='lat' dir='ltr'><strong>rum</strong></span> <span class='ocrx_word' id='word_1_682' title='bbox 476 5864 665 5905; x_wconf 84' lang='lat' dir='ltr'><strong>amore</strong></span> <span class='ocrx_word' id='word_1_683' title='bbox 689 5856 930 5904; x_wconf 88' lang='lat' dir='ltr'><strong>tenentur</strong></span> <span class='ocrx_word' id='word_1_684' title='bbox 950 5850 1040 5906; x_wconf 93' lang='lat' dir='ltr'><strong>illo</strong></span> <span class='ocrx_word' id='word_1_685' title='bbox 1059 5850 1260 5908; x_wconf 89' lang='lat' dir='ltr'><strong>doloris</strong></span> <span class='ocrx_word' id='word_1_686' title='bbox 1284 5861 1547 5923; x_wconf 87' lang='lat' dir='ltr'><strong>tempore,</strong></span> <span class='ocrx_word' id='word_1_687' title='bbox 1571 5869 1676 5910; x_wconf 90' lang='lat' dir='ltr'><strong>non</strong></span> <span class='ocrx_word' id='word_1_688' title='bbox 1697 5855 1921 5925; x_wconf 87' lang='lat' dir='ltr'><strong>gloriam</strong></span> 
     </span>
    </p>
   </div>
   <div class='ocr_carea' id='block_1_87' title="bbox 2025 2821 3627 2898">
    <p class='ocr_par' dir='ltr' id='par_1_87' title="bbox 2025 2821 3627 2898">
     <span class='ocr_line' id='line_1_87' title="bbox 2025 2821 3627 2898; baseline 0.005 -22"><span class='ocrx_word' id='word_1_689' title='bbox 2025 2830 2083 2876; x_wconf 91' lang='lat' dir='ltr'><strong>ut</strong></span> <span class='ocrx_word' id='word_1_690' title='bbox 2105 2821 2322 2892; x_wconf 88' lang='lat' dir='ltr'><strong>Moysis,</strong></span> <span class='ocrx_word' id='word_1_691' title='bbox 2354 2833 2411 2876; x_wconf 90' lang='lat' dir='ltr'><strong>ut</strong></span> <span class='ocrx_word' id='word_1_692' title='bbox 2437 2822 2608 2889; x_wconf 86' lang='lat' dir='ltr'><strong>Pauli,</strong></span> <span class='ocrx_word' id='word_1_693' title='bbox 2635 2832 2692 2878; x_wconf 90' lang='lat' dir='ltr'><strong>ttt</strong></span> <span class='ocrx_word' id='word_1_694' title='bbox 2714 2822 2927 2878; x_wconf 87' lang='lat' dir='ltr'><strong>Davidis</strong></span> <span class='ocrx_word' id='word_1_695' title='bbox 2958 2844 2971 2879; x_wconf 92' lang='lat'><strong>:</strong></span> <span class='ocrx_word' id='word_1_696' title='bbox 3000 2841 3122 2881; x_wconf 90' lang='lat' dir='ltr'><strong>nam</strong></span> <span class='ocrx_word' id='word_1_697' title='bbox 3153 2826 3204 2880; x_wconf 93' lang='lat' dir='ltr'><strong>hi</strong></span> <span class='ocrx_word' id='word_1_698' title='bbox 3234 2827 3459 2882; x_wconf 87' lang='lat' dir='ltr'><strong>aliorum</strong></span> <span class='ocrx_word' id='word_1_699' title='bbox 3483 2843 3627 2898; x_wconf 83' lang='lat' dir='ltr'><strong>sat-pe</strong></span> 
     </span>
    </p>
   </div>
   <div class='ocr_carea' id='block_1_88' title="bbox 2026 2914 3626 2990">
    <p class='ocr_par' dir='ltr' id='par_1_88' title="bbox 2026 2914 3626 2990">
     <span class='ocr_line' id='line_1_88' title="bbox 2026 2914 3626 2990; baseline 0.003 -22"><span class='ocrx_word' id='word_1_700' title='bbox 2026 2924 2237 2984; x_wconf 86' lang='lat' dir='ltr'><strong>peccata</strong></span> <span class='ocrx_word' id='word_1_701' title='bbox 2265 2914 2537 2970; x_wconf 81' lang='lat' dir='ltr'><strong>luxerunt.</strong></span> <span class='ocrx_word' id='word_1_702' title='bbox 2566 2916 2619 2970; x_wconf 71' lang='grc'><strong>4.</strong></span> <span class='ocrx_word' id='word_1_703' title='bbox 2648 2915 2793 2970; x_wconf 83' lang='lat' dir='ltr'><strong>Beati</strong></span> <span class='ocrx_word' id='word_1_704' title='bbox 2816 2917 2977 2979; x_wconf 88' lang='lat' dir='ltr'><strong>mites,</strong></span> <span class='ocrx_word' id='word_1_705' title='bbox 3011 2919 3249 2987; x_wconf 83' lang='lat' dir='ltr'><strong>quoniam</strong></span> <span class='ocrx_word' id='word_1_706' title='bbox 3278 2919 3377 2989; x_wconf 83' lang='lat' dir='ltr'><strong>ipsi</strong></span> <span class='ocrx_word' id='word_1_707' title='bbox 3401 2921 3626 2990; x_wconf 80' lang='lat' dir='ltr'><strong>posside-</strong></span> 
     </span>
    </p>
   </div>
   <div class='ocr_carea' id='block_1_89' title="bbox 2033 3006 3622 3080">
    <p class='ocr_par' dir='ltr' id='par_1_89' title="bbox 2033 3006 3622 3080">
     <span class='ocr_line' id='line_1_89' title="bbox 2033 3006 3622 3080; baseline 0.004 -20"><span class='ocrx_word' id='word_1_708' title='bbox 2033 3006 2155 3060; x_wconf 83' lang='lat' dir='ltr'><strong>bunt</strong></span> <span class='ocrx_word' id='word_1_709' title='bbox 2178 3016 2387 3062; x_wconf 86' lang='lat' dir='ltr'><strong>terram.</strong></span> <span class='ocrx_word' id='word_1_710' title='bbox 2419 3007 2516 3061; x_wconf 91' lang='lat' dir='ltr'><strong>Dic</strong></span> <span class='ocrx_word' id='word_1_711' title='bbox 2543 3007 2693 3075; x_wconf 90' lang='lat' dir='ltr'><strong>mihi,</strong></span> <span class='ocrx_word' id='word_1_712' title='bbox 2717 3023 2876 3078; x_wconf 91' lang='lat' dir='ltr'><strong>quam</strong></span> <span class='ocrx_word' id='word_1_713' title='bbox 2903 3008 3139 3063; x_wconf 87' lang='lat' dir='ltr'><strong>terrain?</strong></span> <span class='ocrx_word' id='word_1_714' title='bbox 3165 3009 3384 3065; x_wconf 87' lang='lat' dir='ltr'><strong>Terram</strong></span> <span class='ocrx_word' id='word_1_715' title='bbox 3410 3011 3622 3080; x_wconf 89' lang='lat' dir='ltr'><strong>quidem</strong></span> 
     </span>
    </p>
   </div>
   <div class='ocr_carea' id='block_1_90' title="bbox 2022 3099 3619 3170">
    <p class='ocr_par' dir='ltr' id='par_1_90' title="bbox 2022 3099 3619 3170">
     <span class='ocr_line' id='line_1_90' title="bbox 2022 3099 3619 3170; baseline 0.003 -17"><span class='ocrx_word' id='word_1_716' title='bbox 2022 3099 2415 3170; x_wconf 82' lang='lat' dir='ltr'><strong>intelligibilem</strong></span> <span class='ocrx_word' id='word_1_717' title='bbox 2461 3099 2663 3156; x_wconf 89' lang='lat' dir='ltr'><strong>dicunt.</strong></span> <span class='ocrx_word' id='word_1_718' title='bbox 2711 3101 2903 3155; x_wconf 79' lang='lat' dir='ltr'><strong>Verum</strong></span> <span class='ocrx_word' id='word_1_719' title='bbox 2949 3117 3054 3156; x_wconf 87' lang='lat' dir='ltr'><strong>non</strong></span> <span class='ocrx_word' id='word_1_720' title='bbox 3104 3101 3173 3156; x_wconf 85' lang='lat' dir='ltr'><strong>ita</strong></span> <span class='ocrx_word' id='word_1_721' title='bbox 3206 3116 3264 3156; x_wconf 90' lang='lat' dir='ltr'><strong>se</strong></span> <span class='ocrx_word' id='word_1_722' title='bbox 3307 3118 3393 3157; x_wconf 87' lang='lat' dir='ltr'><strong>res</strong></span> <span class='ocrx_word' id='word_1_723' title='bbox 3436 3102 3619 3158; x_wconf 85' lang='lat' dir='ltr'><strong>habet.</strong></span> 
     </span>
    </p>
   </div>
   <div class='ocr_carea' id='block_1_91' title="bbox 2022 3188 3623 3262">
    <p class='ocr_par' dir='ltr' id='par_1_91' title="bbox 2022 3188 3623 3262">
     <span class='ocr_line' id='line_1_91' title="bbox 2022 3188 3623 3262; baseline 0.003 -18"><span class='ocrx_word' id='word_1_724' title='bbox 2022 3188 2293 3261; x_wconf 85' lang='lat' dir='ltr'><strong>Nusquam</strong></span> <span class='ocrx_word' id='word_1_725' title='bbox 2323 3192 2464 3246; x_wconf 91' lang='lat' dir='ltr'><strong>enim</strong></span> <span class='ocrx_word' id='word_1_726' title='bbox 2508 3192 2558 3246; x_wconf 91' lang='lat' dir='ltr'><strong>in</strong></span> <span class='ocrx_word' id='word_1_727' title='bbox 2591 3191 2861 3262; x_wconf 89' lang='lat' dir='ltr'><strong>Scriptura</strong></span> <span class='ocrx_word' id='word_1_728' title='bbox 2902 3193 3197 3262; x_wconf 89' lang='lat' dir='ltr'><strong>reperimus</strong></span> <span class='ocrx_word' id='word_1_729' title='bbox 3241 3205 3434 3248; x_wconf 87' lang='lat' dir='ltr'><strong>terram</strong></span> <span class='ocrx_word' id='word_1_730' title='bbox 3465 3194 3623 3249; x_wconf 77' lang='lat' dir='ltr'><strong>intel-</strong></span> 
     </span>
    </p>
   </div>
   <div class='ocr_carea' id='block_1_92' title="bbox 2023 3282 3620 3357">
    <p class='ocr_par' dir='ltr' id='par_1_92' title="bbox 2023 3282 3620 3357">
     <span class='ocr_line' id='line_1_92' title="bbox 2023 3282 3620 3357; baseline 0.003 -20"><span class='ocrx_word' id='word_1_731' title='bbox 2023 3282 2276 3353; x_wconf 89' lang='lat' dir='ltr'><strong>ligibilem</strong></span> <span class='ocrx_word' id='word_1_732' title='bbox 2306 3283 2405 3355; x_wconf 82' lang='grc' dir='ltr'><strong>(α).</strong></span> <span class='ocrx_word' id='word_1_733' title='bbox 2433 3284 2539 3340; x_wconf 89' lang='lat' dir='ltr'><strong>Sed</strong></span> <span class='ocrx_word' id='word_1_734' title='bbox 2566 3284 2693 3355; x_wconf 91' lang='lat' dir='ltr'><strong>quid</strong></span> <span class='ocrx_word' id='word_1_735' title='bbox 2722 3285 2823 3339; x_wconf 89' lang='lat' dir='ltr'><strong>sibi</strong></span> <span class='ocrx_word' id='word_1_736' title='bbox 2853 3286 2965 3339; x_wconf 85' lang='lat' dir='ltr'><strong>vult</strong></span> <span class='ocrx_word' id='word_1_737' title='bbox 2991 3286 3159 3340; x_wconf 84' lang='lat' dir='ltr'><strong>illud?</strong></span> <span class='ocrx_word' id='word_1_738' title='bbox 3189 3285 3454 3341; x_wconf 87' lang='lat' dir='ltr'><strong>Sensibile</strong></span> <span class='ocrx_word' id='word_1_739' title='bbox 3483 3303 3620 3357; x_wconf 73' lang='lat' dir='ltr'><strong>prte-</strong></span> 
     </span>
    </p>
   </div>
   <div class='ocr_carea' id='block_1_93' title="bbox 2022 3376 3615 3444">
    <p class='ocr_par' dir='ltr' id='par_1_93' title="bbox 2022 3376 3615 3444">
     <span class='ocr_line' id='line_1_93' title="bbox 2022 3376 3615 3444; baseline 0.003 -16"><span class='ocrx_word' id='word_1_740' title='bbox 2022 3376 2185 3429; x_wconf 91' lang='lat' dir='ltr'><strong>mium</strong></span> <span class='ocrx_word' id='word_1_741' title='bbox 2233 3377 2417 3431; x_wconf 88' lang='lat' dir='ltr'><strong>statuit</strong></span> <span class='ocrx_word' id='word_1_742' title='bbox 2446 3417 2459 3441; x_wconf 93' lang='lat'><strong>,</strong></span> <span class='ocrx_word' id='word_1_743' title='bbox 2510 3377 2647 3431; x_wconf 91' lang='lat' dir='ltr'><strong>sicut</strong></span> <span class='ocrx_word' id='word_1_744' title='bbox 2674 3388 2728 3432; x_wconf 92' lang='lat' dir='ltr'><strong>et</strong></span> <span class='ocrx_word' id='word_1_745' title='bbox 2758 3377 2976 3432; x_wconf 83' lang='lat' dir='ltr'><strong>Paulus.</strong></span> <span class='ocrx_word' id='word_1_746' title='bbox 3007 3378 3136 3433; x_wconf 91' lang='lat' dir='ltr'><strong>Cum</strong></span> <span class='ocrx_word' id='word_1_747' title='bbox 3176 3378 3400 3434; x_wconf 75' lang='lat' dir='ltr'><strong>dixisset</strong></span> <span class='ocrx_word' id='word_1_748' title='bbox 3427 3383 3569 3434; x_wconf 89' lang='lat' dir='ltr'><strong>enim</strong></span> <span class='ocrx_word' id='word_1_749' title='bbox 3599 3422 3615 3444; x_wconf 86' lang='lat'><strong>,</strong></span> 
     </span>
    </p>
   </div>
   <div class='ocr_carea' id='block_1_94' title="bbox 2028 3465 3619 3538">
    <p class='ocr_par' dir='ltr' id='par_1_94' title="bbox 2028 3465 3619 3538">
     <span class='ocr_line' id='line_1_94' title="bbox 2028 3465 3619 3538; baseline 0.003 -19"><span class='ocrx_word' id='word_1_750' title='bbox 2028 3465 2244 3519; x_wconf 80' lang='lat' dir='ltr'><strong>Honora</strong></span> <span class='ocrx_word' id='word_1_751' title='bbox 2273 3478 2466 3537; x_wconf 84' lang='lat' dir='ltr'><strong>patrem</strong></span> <span class='ocrx_word' id='word_1_752' title='bbox 2494 3479 2637 3521; x_wconf 88' lang='lat' dir='ltr'><strong>tttum</strong></span> <span class='ocrx_word' id='word_1_753' title='bbox 2658 3478 2704 3522; x_wconf 89' lang='lat' dir='ltr'><strong>et</strong></span> <span class='ocrx_word' id='word_1_754' title='bbox 2746 3479 2955 3521; x_wconf 87' lang='lat' dir='ltr'><strong>matrem</strong></span> <span class='ocrx_word' id='word_1_755' title='bbox 2996 3478 3132 3523; x_wconf 84' lang='lat' dir='ltr'><strong>tuam</strong></span> <span class='ocrx_word' id='word_1_756' title='bbox 3156 3511 3170 3532; x_wconf 86' lang='lat'><strong>,</strong></span> <span class='ocrx_word' id='word_1_757' title='bbox 3202 3470 3493 3538; x_wconf 79' lang='lat' dir='ltr'><strong>subjunxit,</strong></span> <span class='ocrx_word' id='word_1_758' title='bbox 3528 3471 3619 3524; x_wconf 86' lang='lat' dir='ltr'><strong>Sic</strong></span> 
     </span>
    </p>
   </div>
   <div class='ocr_carea' id='block_1_95' title="bbox 2020 3559 3619 3632">
    <p class='ocr_par' dir='ltr' id='par_1_95' title="bbox 2020 3559 3619 3632">
     <span class='ocr_line' id='line_1_95' title="bbox 2020 3559 3619 3632; baseline 0.002 -21"><span class='ocrx_word' id='word_1_759' title='bbox 2020 3560 2150 3612; x_wconf 83' lang='lat' dir='ltr'><strong>enim</strong></span> <span class='ocrx_word' id='word_1_760' title='bbox 2174 3560 2271 3613; x_wconf 77' lang='lat' dir='ltr'><strong>eris</strong></span> <span class='ocrx_word' id='word_1_761' title='bbox 2304 3562 2559 3630; x_wconf 71' lang='lat' dir='ltr'><strong>longaevus</strong></span> <span class='ocrx_word' id='word_1_762' title='bbox 2604 3575 2756 3629; x_wconf 83' lang='lat' dir='ltr'><strong>super</strong></span> <span class='ocrx_word' id='word_1_763' title='bbox 2782 3569 2965 3613; x_wconf 77' lang='lat' dir='ltr'><strong>terram</strong></span> <span class='ocrx_word' id='word_1_764' title='bbox 2994 3559 3224 3630; x_wconf 81' lang='lat' dir='ltr'><strong>(Epltes.</strong></span> <span class='ocrx_word' id='word_1_765' title='bbox 3258 3559 3312 3614; x_wconf 86' lang='lat'><strong>6.</strong></span> <span class='ocrx_word' id='word_1_766' title='bbox 3344 3560 3398 3614; x_wconf 73' lang='lat'><strong>2.</strong></span> <span class='ocrx_word' id='word_1_767' title='bbox 3424 3562 3456 3615; x_wconf 82' lang='lat'><strong>&#39;5</strong></span> <span class='ocrx_word' id='word_1_768' title='bbox 3482 3566 3519 3632; x_wconf 85' lang='lat'><strong>).</strong></span> <span class='ocrx_word' id='word_1_769' title='bbox 3552 3560 3619 3614; x_wconf 90' lang='lat' dir='ltr'><strong>Et</strong></span> 
     </span>
    </p>
   </div>
   <div class='ocr_carea' id='block_1_96' title="bbox 2020 3652 3619 3724">
    <p class='ocr_par' dir='ltr' id='par_1_96' title="bbox 2020 3652 3619 3724">
     <span class='ocr_line' id='line_1_96' title="bbox 2020 3652 3619 3724; baseline 0.004 -21"><span class='ocrx_word' id='word_1_770' title='bbox 2020 3652 2133 3720; x_wconf 86' lang='lat' dir='ltr'><strong>ipse</strong></span> <span class='ocrx_word' id='word_1_771' title='bbox 2164 3652 2420 3706; x_wconf 89' lang='lat' dir='ltr'><strong>Dominus</strong></span> <span class='ocrx_word' id='word_1_772' title='bbox 2451 3652 2641 3706; x_wconf 87' lang='lat' dir='ltr'><strong>latroni</strong></span> <span class='ocrx_word' id='word_1_773' title='bbox 2672 3670 2684 3705; x_wconf 90' lang='lat'><strong>:</strong></span> <span class='ocrx_word' id='word_1_774' title='bbox 2721 3652 2890 3707; x_wconf 85' lang='lat' dir='ltr'><strong>Hodie</strong></span> <span class='ocrx_word' id='word_1_775' title='bbox 2930 3670 3121 3707; x_wconf 81' lang='lat' dir='ltr'><strong>mecum</strong></span> <span class='ocrx_word' id='word_1_776' title='bbox 3162 3654 3258 3708; x_wconf 82' lang='lat' dir='ltr'><strong>eris</strong></span> <span class='ocrx_word' id='word_1_777' title='bbox 3287 3655 3340 3708; x_wconf 89' lang='lat' dir='ltr'><strong>in</strong></span> <span class='ocrx_word' id='word_1_778' title='bbox 3381 3655 3619 3724; x_wconf 80' lang='lat' dir='ltr'><strong>paradiso</strong></span> 
     </span>
    </p>
   </div>
   <div class='ocr_carea' id='block_1_97' title="bbox 2025 3742 3616 3817">
    <p class='ocr_par' dir='ltr' id='par_1_97' title="bbox 2025 3742 3616 3817">
     <span class='ocr_line' id='line_1_97' title="bbox 2025 3742 3616 3817; baseline 0.004 -22"><span class='ocrx_word' id='word_1_779' title='bbox 2025 3742 2043 3813; x_wconf 95' lang='lat'><strong>(</strong></span> <span class='ocrx_word' id='word_1_780' title='bbox 2080 3742 2209 3798; x_wconf 91' lang='lat' dir='ltr'><strong>Luc.</strong></span> <span class='ocrx_word' id='word_1_781' title='bbox 2240 3744 2329 3798; x_wconf 73' lang='grc'><strong>25.</strong></span> <span class='ocrx_word' id='word_1_782' title='bbox 2363 3744 2432 3798; x_wconf 72' lang='grc'><strong>45</strong></span> <span class='ocrx_word' id='word_1_783' title='bbox 2458 3743 2501 3817; x_wconf 89' lang='grc'><strong>).</strong></span> <span class='ocrx_word' id='word_1_784' title='bbox 2554 3744 2734 3815; x_wconf 89' lang='lat' dir='ltr'><strong>Neque</strong></span> <span class='ocrx_word' id='word_1_785' title='bbox 2766 3746 2909 3799; x_wconf 86' lang='lat' dir='ltr'><strong>enim</strong></span> <span class='ocrx_word' id='word_1_786' title='bbox 2942 3745 3012 3800; x_wconf 87' lang='lat' dir='ltr'><strong>ob</strong></span> <span class='ocrx_word' id='word_1_787' title='bbox 3053 3744 3226 3799; x_wconf 90' lang='lat' dir='ltr'><strong>futura</strong></span> <span class='ocrx_word' id='word_1_788' title='bbox 3260 3746 3434 3800; x_wconf 85' lang='lat' dir='ltr'><strong>solum</strong></span> <span class='ocrx_word' id='word_1_789' title='bbox 3479 3746 3616 3801; x_wconf 74' lang='lat' dir='ltr'><strong>bOtta</strong></span> 
     </span>
    </p>
   </div>
   <div class='ocr_carea' id='block_1_98' title="bbox 2019 3834 3619 3905">
    <p class='ocr_par' dir='ltr' id='par_1_98' title="bbox 2019 3834 3619 3905">
     <span class='ocr_line' id='line_1_98' title="bbox 2019 3834 3619 3905; baseline 0.001 -18"><span class='ocrx_word' id='word_1_790' title='bbox 2019 3834 2351 3897; x_wconf 85' lang='lat' dir='ltr'><strong>cohortatur,</strong></span> <span class='ocrx_word' id='word_1_791' title='bbox 2381 3834 2476 3889; x_wconf 89' lang='lat' dir='ltr'><strong>sed</strong></span> <span class='ocrx_word' id='word_1_792' title='bbox 2503 3836 2662 3889; x_wconf 87' lang='lat' dir='ltr'><strong>etiam</strong></span> <span class='ocrx_word' id='word_1_793' title='bbox 2685 3836 3055 3905; x_wconf 73' lang='lat' dir='ltr'><strong>olrprrcseutia</strong></span> <span class='ocrx_word' id='word_1_794' title='bbox 3092 3846 3308 3905; x_wconf 87' lang='lat' dir='ltr'><strong>propter</strong></span> <span class='ocrx_word' id='word_1_795' title='bbox 3332 3836 3449 3891; x_wconf 88' lang='lat' dir='ltr'><strong>illos</strong></span> <span class='ocrx_word' id='word_1_796' title='bbox 3468 3837 3619 3891; x_wconf 82' lang='lat' dir='ltr'><strong>audi-</strong></span> 
     </span>
    </p>
   </div>
   <div class='ocr_carea' id='block_1_99' title="bbox 2022 3927 3614 3997">
    <p class='ocr_par' dir='ltr' id='par_1_99' title="bbox 2022 3927 3614 3997">
     <span class='ocr_line' id='line_1_99' title="bbox 2022 3927 3614 3997; baseline 0.001 -17"><span class='ocrx_word' id='word_1_797' title='bbox 2022 3936 2189 3993; x_wconf 90' lang='lat' dir='ltr'><strong>tores,</strong></span> <span class='ocrx_word' id='word_1_798' title='bbox 2219 3927 2309 3996; x_wconf 93' lang='lat' dir='ltr'><strong>qui</strong></span> <span class='ocrx_word' id='word_1_799' title='bbox 2338 3928 2632 3981; x_wconf 87' lang='lat' dir='ltr'><strong>crassiores</strong></span> <span class='ocrx_word' id='word_1_800' title='bbox 2656 3927 2768 3981; x_wconf 73' lang='lat' dir='ltr'><strong>htcc</strong></span> <span class='ocrx_word' id='word_1_801' title='bbox 2794 3927 2943 3997; x_wconf 87' lang='lat' dir='ltr'><strong>prius</strong></span> <span class='ocrx_word' id='word_1_802' title='bbox 2971 3942 3128 3997; x_wconf 89' lang='lat' dir='ltr'><strong>quam</strong></span> <span class='ocrx_word' id='word_1_803' title='bbox 3159 3928 3328 3980; x_wconf 89' lang='lat' dir='ltr'><strong>futura</strong></span> <span class='ocrx_word' id='word_1_804' title='bbox 3351 3937 3614 3997; x_wconf 72' lang='lat' dir='ltr'><strong>quaerunt.</strong></span> 
     </span>
    </p>
   </div>
   <div class='ocr_carea' id='block_1_100' title="bbox 2020 4016 3617 4087">
    <p class='ocr_par' dir='ltr' id='par_1_100' title="bbox 2020 4016 3617 4087">
     <span class='ocr_line' id='line_1_100' title="bbox 2020 4016 3617 4087; baseline 0 -16"><span class='ocrx_word' id='word_1_805' title='bbox 2020 4016 2145 4071; x_wconf 88' lang='lat' dir='ltr'><strong>ldeo</strong></span> <span class='ocrx_word' id='word_1_806' title='bbox 2175 4030 2229 4071; x_wconf 89' lang='lat' dir='ltr'><strong>et</strong></span> <span class='ocrx_word' id='word_1_807' title='bbox 2258 4018 2311 4071; x_wconf 88' lang='lat' dir='ltr'><strong>in</strong></span> <span class='ocrx_word' id='word_1_808' title='bbox 2339 4018 2684 4087; x_wconf 89' lang='lat' dir='ltr'><strong>sequentibus</strong></span> <span class='ocrx_word' id='word_1_809' title='bbox 2705 4018 2825 4072; x_wconf 85' lang='lat' dir='ltr'><strong>dicit</strong></span> <span class='ocrx_word' id='word_1_810' title='bbox 2852 4034 2863 4070; x_wconf 96' lang='lat'>:</span> <span class='ocrx_word' id='word_1_811' title='bbox 2889 4016 3010 4070; x_wconf 82' lang='lat' dir='ltr'><strong>Esto</strong></span> <span class='ocrx_word' id='word_1_812' title='bbox 3035 4018 3350 4070; x_wconf 79' lang='lat' dir='ltr'><strong>consentiens</strong></span> <span class='ocrx_word' id='word_1_813' title='bbox 3375 4019 3617 4071; x_wconf 74' lang='lat' dir='ltr'><strong>adversa-</strong></span> 
     </span>
    </p>
   </div>
   <div class='ocr_carea' id='block_1_101' title="bbox 2018 4106 3616 4178">
    <p class='ocr_par' dir='ltr' id='par_1_101' title="bbox 2018 4106 3616 4178">
     <span class='ocr_line' id='line_1_101' title="bbox 2018 4106 3616 4178; baseline 0.004 -19"><span class='ocrx_word' id='word_1_814' title='bbox 2018 4107 2095 4160; x_wconf 86' lang='lat' dir='ltr'><strong>rio</strong></span> <span class='ocrx_word' id='word_1_815' title='bbox 2116 4115 2200 4159; x_wconf 86' lang='lat' dir='ltr'><strong>tuo</strong></span> <span class='ocrx_word' id='word_1_816' title='bbox 2234 4106 2445 4176; x_wconf 78' lang='lat' dir='ltr'><strong>(Matth.</strong></span> <span class='ocrx_word' id='word_1_817' title='bbox 2474 4107 2527 4162; x_wconf 83' lang='lat'><strong>5.</strong></span> <span class='ocrx_word' id='word_1_818' title='bbox 2559 4107 2628 4161; x_wconf 68' lang='lat'><strong>25</strong></span> <span class='ocrx_word' id='word_1_819' title='bbox 2712 4107 2915 4162; x_wconf 87' lang='lat' dir='ltr'><strong>Deinde</strong></span> <span class='ocrx_word' id='word_1_820' title='bbox 2938 4107 3241 4176; x_wconf 85' lang='lat' dir='ltr'><strong>hujusmodi</strong></span> <span class='ocrx_word' id='word_1_821' title='bbox 3266 4108 3616 4178; x_wconf 65' lang='lat' dir='ltr'><strong>pltilusophitn</strong></span> 
     </span>
    </p>
   </div>
   <div class='ocr_carea' id='block_1_102' title="bbox 2019 4197 3613 4271">
    <p class='ocr_par' dir='ltr' id='par_1_102' title="bbox 2019 4197 3613 4271">
     <span class='ocr_line' id='line_1_102' title="bbox 2019 4197 3613 4271; baseline 0.003 -22"><span class='ocrx_word' id='word_1_822' title='bbox 2019 4197 2296 4265; x_wconf 70' lang='lat' dir='ltr'><strong>prarmium</strong></span> <span class='ocrx_word' id='word_1_823' title='bbox 2314 4199 2515 4264; x_wconf 84' lang='lat' dir='ltr'><strong>statuit,</strong></span> <span class='ocrx_word' id='word_1_824' title='bbox 2533 4206 2587 4252; x_wconf 90' lang='lat' dir='ltr'><strong>et</strong></span> <span class='ocrx_word' id='word_1_825' title='bbox 2603 4200 2675 4252; x_wconf 90' lang='lat' dir='ltr'><strong>ait</strong></span> <span class='ocrx_word' id='word_1_826' title='bbox 2696 4215 2710 4254; x_wconf 76' lang='lat' dir='ltr'>z</span> <span class='ocrx_word' id='word_1_827' title='bbox 2734 4197 2814 4251; x_wconf 85' lang='lat' dir='ltr'><strong>Ne</strong></span> <span class='ocrx_word' id='word_1_828' title='bbox 2840 4198 3005 4251; x_wconf 86' lang='lat' dir='ltr'><strong>tradat</strong></span> <span class='ocrx_word' id='word_1_829' title='bbox 3028 4206 3073 4250; x_wconf 88' lang='lat' dir='ltr'><strong>te</strong></span> <span class='ocrx_word' id='word_1_830' title='bbox 3093 4199 3413 4254; x_wconf 83' lang='lat' dir='ltr'><strong>adversarius</strong></span> <span class='ocrx_word' id='word_1_831' title='bbox 3426 4201 3613 4271; x_wconf 84' lang='lat' dir='ltr'><strong>judict,</strong></span> 
     </span>
    </p>
   </div>
   <div class='ocr_carea' id='block_1_103' title="bbox 2021 4288 3615 4360">
    <p class='ocr_par' dir='ltr' id='par_1_103' title="bbox 2021 4288 3615 4360">
     <span class='ocr_line' id='line_1_103' title="bbox 2021 4288 3615 4360; baseline 0.003 -18"><span class='ocrx_word' id='word_1_832' title='bbox 2021 4299 2066 4342; x_wconf 89' lang='lat' dir='ltr'><strong>et</strong></span> <span class='ocrx_word' id='word_1_833' title='bbox 2096 4288 2262 4360; x_wconf 83' lang='lat' dir='ltr'><strong>ju&#39;dea:</strong></span> <span class='ocrx_word' id='word_1_834' title='bbox 2302 4291 2552 4345; x_wconf 86' lang='lat' dir='ltr'><strong>ministro.</strong></span> <span class='ocrx_word' id='word_1_835' title='bbox 2587 4290 2774 4345; x_wconf 80' lang='lat' dir='ltr'><strong>Viden’</strong></span> <span class='ocrx_word' id='word_1_836' title='bbox 2800 4289 2944 4345; x_wconf 87' lang='lat' dir='ltr'><strong>unde</strong></span> <span class='ocrx_word' id='word_1_837' title='bbox 2973 4289 3202 4344; x_wconf 81' lang='lat' dir='ltr'><strong>terruit?</strong></span> <span class='ocrx_word' id='word_1_838' title='bbox 3252 4293 3296 4345; x_wconf 81' lang='grc' dir='ltr'><strong>Α</strong></span> <span class='ocrx_word' id='word_1_839' title='bbox 3332 4293 3615 4346; x_wconf 87' lang='lat' dir='ltr'><strong>sensilibus</strong></span> 
     </span>
    </p>
   </div>
   <div class='ocr_carea' id='block_1_104' title="bbox 2022 4381 3618 4453">
    <p class='ocr_par' dir='ltr' id='par_1_104' title="bbox 2022 4381 3618 4453">
     <span class='ocr_line' id='line_1_104' title="bbox 2022 4381 3618 4453; baseline 0.002 -19"><span class='ocrx_word' id='word_1_840' title='bbox 2022 4381 2245 4448; x_wconf 89' lang='lat' dir='ltr'><strong>scilicet,</strong></span> <span class='ocrx_word' id='word_1_841' title='bbox 2275 4391 2326 4436; x_wconf 92' lang='lat' dir='ltr'><strong>et</strong></span> <span class='ocrx_word' id='word_1_842' title='bbox 2352 4396 2472 4450; x_wconf 62' lang='lat' dir='ltr'><strong>quae</strong></span> <span class='ocrx_word' id='word_1_843' title='bbox 2502 4396 2645 4451; x_wconf 76' lang='lat' dir='ltr'><strong>Stepe</strong></span> <span class='ocrx_word' id='word_1_844' title='bbox 2674 4383 3010 4453; x_wconf 87' lang='lat' dir='ltr'><strong>contingunt.</strong></span> <span class='ocrx_word' id='word_1_845' title='bbox 3041 4382 3107 4436; x_wconf 89' lang='lat' dir='ltr'><strong>Et</strong></span> <span class='ocrx_word' id='word_1_846' title='bbox 3132 4396 3313 4437; x_wconf 78' lang='lat' dir='ltr'><strong>rursus</strong></span> <span class='ocrx_word' id='word_1_847' title='bbox 3338 4401 3351 4437; x_wconf 89' lang='lat'><strong>:</strong></span> <span class='ocrx_word' id='word_1_848' title='bbox 3379 4384 3618 4449; x_wconf 72' lang='lat' dir='ltr'><strong>Quicum-</strong></span> 
     </span>
    </p>
   </div>
   <div class='ocr_carea' id='block_1_105' title="bbox 2020 4471 3617 4545">
    <p class='ocr_par' dir='ltr' id='par_1_105' title="bbox 2020 4471 3617 4545">
     <span class='ocr_line' id='line_1_105' title="bbox 2020 4471 3617 4545; baseline 0.004 -21"><span class='ocrx_word' id='word_1_849' title='bbox 2020 4487 2116 4540; x_wconf 83' lang='lat' dir='ltr'><strong>que</strong></span> <span class='ocrx_word' id='word_1_850' title='bbox 2135 4471 2317 4526; x_wconf 72' lang='lat' dir='ltr'><strong>dixerit</strong></span> <span class='ocrx_word' id='word_1_851' title='bbox 2347 4474 2494 4543; x_wconf 75' lang='lat' dir='ltr'><strong>fratri</strong></span> <span class='ocrx_word' id='word_1_852' title='bbox 2517 4490 2628 4538; x_wconf 85' lang='lat' dir='ltr'><strong>suo,</strong></span> <span class='ocrx_word' id='word_1_853' title='bbox 2649 4472 2812 4541; x_wconf 84' lang='lat' dir='ltr'><strong>Raca,</strong></span> <span class='ocrx_word' id='word_1_854' title='bbox 2834 4489 2948 4528; x_wconf 83' lang='lat' dir='ltr'><strong>reus</strong></span> <span class='ocrx_word' id='word_1_855' title='bbox 2969 4474 3060 4527; x_wconf 82' lang='lat' dir='ltr'><strong>erit</strong></span> <span class='ocrx_word' id='word_1_856' title='bbox 3078 4475 3292 4529; x_wconf 86' lang='lat' dir='ltr'><strong>concilio</strong></span> <span class='ocrx_word' id='word_1_857' title='bbox 3313 4472 3419 4544; x_wconf 90' lang='lat' dir='ltr'><strong>(Ib.</strong></span> <span class='ocrx_word' id='word_1_858' title='bbox 3435 4492 3483 4527; x_wconf 83' lang='grc' dir='ltr'><strong>υ.</strong></span> <span class='ocrx_word' id='word_1_859' title='bbox 3499 4475 3617 4545; x_wconf 69' lang='lat'><strong>2&#39;2.)</strong></span> 
     </span>
    </p>
   </div>
   <div class='ocr_carea' id='block_1_106' title="bbox 2022 4561 3618 4634">
    <p class='ocr_par' dir='ltr' id='par_1_106' title="bbox 2022 4561 3618 4634">
     <span class='ocr_line' id='line_1_106' title="bbox 2022 4561 3618 4634; baseline 0.003 -18"><span class='ocrx_word' id='word_1_860' title='bbox 2022 4561 2219 4619; x_wconf 86' lang='lat' dir='ltr'><strong>Paulus</strong></span> <span class='ocrx_word' id='word_1_861' title='bbox 2248 4580 2460 4634; x_wconf 87' lang='lat' dir='ltr'><strong>quoque</strong></span> <span class='ocrx_word' id='word_1_862' title='bbox 2505 4563 2938 4634; x_wconf 82' lang='lat' dir='ltr'><strong>frequentissime</strong></span> <span class='ocrx_word' id='word_1_863' title='bbox 2981 4565 3081 4619; x_wconf 88' lang='lat' dir='ltr'><strong>sub</strong></span> <span class='ocrx_word' id='word_1_864' title='bbox 3126 4579 3341 4620; x_wconf 90' lang='lat' dir='ltr'><strong>sensum</strong></span> <span class='ocrx_word' id='word_1_865' title='bbox 3372 4566 3618 4621; x_wconf 82' lang='lat' dir='ltr'><strong>cadentia</strong></span> 
     </span>
    </p>
   </div>
   <div class='ocr_carea' id='block_1_107' title="bbox 2022 4657 3617 4733">
    <p class='ocr_par' dir='ltr' id='par_1_107' title="bbox 2022 4657 3617 4733">
     <span class='ocr_line' id='line_1_107' title="bbox 2022 4657 3617 4733; baseline -0.001 -19"><span class='ocrx_word' id='word_1_866' title='bbox 2022 4662 2241 4733; x_wconf 85' lang='lat' dir='ltr'><strong>praemia</strong></span> <span class='ocrx_word' id='word_1_867' title='bbox 2275 4659 2544 4728; x_wconf 86' lang='lat' dir='ltr'><strong>pr0ponit,</strong></span> <span class='ocrx_word' id='word_1_868' title='bbox 2571 4667 2624 4713; x_wconf 90' lang='lat' dir='ltr'><strong>et</strong></span> <span class='ocrx_word' id='word_1_869' title='bbox 2652 4673 2683 4711; x_wconf 90' lang='lat' dir='ltr'><strong>a</strong></span> <span class='ocrx_word' id='word_1_870' title='bbox 2717 4658 3073 4726; x_wconf 71' lang='lat' dir='ltr'><strong>prmsentibus</strong></span> <span class='ocrx_word' id='word_1_871' title='bbox 3100 4657 3378 4723; x_wconf 87' lang='lat' dir='ltr'><strong>hortatur;</strong></span> <span class='ocrx_word' id='word_1_872' title='bbox 3409 4671 3465 4712; x_wconf 92' lang='lat' dir='ltr'><strong>ut</strong></span> <span class='ocrx_word' id='word_1_873' title='bbox 3496 4673 3617 4713; x_wconf 90' lang='lat' dir='ltr'><strong>cum</strong></span> 
     </span>
    </p>
   </div>
   <div class='ocr_carea' id='block_1_108' title="bbox 2022 4748 3619 4822">
    <p class='ocr_par' dir='ltr' id='par_1_108' title="bbox 2022 4748 3619 4822">
     <span class='ocr_line' id='line_1_108' title="bbox 2022 4748 3619 4822; baseline -0.003 -14"><span class='ocrx_word' id='word_1_874' title='bbox 2022 4753 2092 4808; x_wconf 92' lang='lat' dir='ltr'><strong>de</strong></span> <span class='ocrx_word' id='word_1_875' title='bbox 2119 4751 2420 4822; x_wconf 85' lang='lat' dir='ltr'><strong>virginitate</strong></span> <span class='ocrx_word' id='word_1_876' title='bbox 2449 4748 2664 4805; x_wconf 90' lang='lat' dir='ltr'><strong>disserit</strong></span> <span class='ocrx_word' id='word_1_877' title='bbox 2690 4768 2702 4803; x_wconf 91' lang='lat'><strong>:</strong></span> <span class='ocrx_word' id='word_1_878' title='bbox 2733 4750 2866 4804; x_wconf 90' lang='lat' dir='ltr'><strong>nihil</strong></span> <span class='ocrx_word' id='word_1_879' title='bbox 2887 4748 3087 4819; x_wconf 87' lang='lat' dir='ltr'><strong>quippe</strong></span> <span class='ocrx_word' id='word_1_880' title='bbox 3115 4748 3183 4803; x_wconf 91' lang='lat' dir='ltr'><strong>de</strong></span> <span class='ocrx_word' id='word_1_881' title='bbox 3202 4748 3349 4803; x_wconf 72' lang='lat' dir='ltr'><strong>caulis</strong></span> <span class='ocrx_word' id='word_1_882' title='bbox 3374 4764 3619 4804; x_wconf 81' lang='lat' dir='ltr'><strong>comme-</strong></span> 
     </span>
    </p>
   </div>
   <div class='ocr_carea' id='block_1_109' title="bbox 2024 4841 3620 4913">
    <p class='ocr_par' dir='ltr' id='par_1_109' title="bbox 2024 4841 3620 4913">
     <span class='ocr_line' id='line_1_109' title="bbox 2024 4841 3620 4913; baseline -0.003 -13"><span class='ocrx_word' id='word_1_883' title='bbox 2024 4855 2218 4909; x_wconf 90' lang='lat' dir='ltr'><strong>morat,</strong></span> <span class='ocrx_word' id='word_1_884' title='bbox 2246 4844 2340 4899; x_wconf 88' lang='lat' dir='ltr'><strong>sed</strong></span> <span class='ocrx_word' id='word_1_885' title='bbox 2368 4858 2433 4897; x_wconf 85' lang='lat' dir='ltr'><strong>ex</strong></span> <span class='ocrx_word' id='word_1_886' title='bbox 2461 4842 2822 4913; x_wconf 63' lang='lat' dir='ltr'><strong>praisentibus</strong></span> <span class='ocrx_word' id='word_1_887' title='bbox 2852 4843 3097 4897; x_wconf 89' lang='lat' dir='ltr'><strong>hortatur</strong></span> <span class='ocrx_word' id='word_1_888' title='bbox 3126 4843 3208 4896; x_wconf 92' lang='lat' dir='ltr'><strong>his</strong></span> <span class='ocrx_word' id='word_1_889' title='bbox 3235 4842 3412 4896; x_wconf 88' lang='lat' dir='ltr'><strong>verbis</strong></span> <span class='ocrx_word' id='word_1_890' title='bbox 3437 4882 3453 4909; x_wconf 89' lang='lat'><strong>,</strong></span> <span class='ocrx_word' id='word_1_891' title='bbox 3488 4841 3620 4896; x_wconf 78' lang='lat' dir='ltr'><strong>Pro-</strong></span> 
     </span>
    </p>
   </div>
   <div class='ocr_carea' id='block_1_110' title="bbox 2024 4930 3619 5006">
    <p class='ocr_par' dir='ltr' id='par_1_110' title="bbox 2024 4930 3619 5006">
     <span class='ocr_line' id='line_1_110' title="bbox 2024 4930 3619 5006; baseline -0.001 -16"><span class='ocrx_word' id='word_1_892' title='bbox 2024 4945 2134 5006; x_wconf 86' lang='lat' dir='ltr'><strong>pter</strong></span> <span class='ocrx_word' id='word_1_893' title='bbox 2154 4937 2425 4989; x_wconf 86' lang='lat' dir='ltr'><strong>instantcnt</strong></span> <span class='ocrx_word' id='word_1_894' title='bbox 2463 4934 2807 4988; x_wconf 85' lang='lat' dir='ltr'><strong>necessitatem</strong></span> <span class='ocrx_word' id='word_1_895' title='bbox 2850 4933 2868 5003; x_wconf 97' lang='lat'><strong>(</strong></span> <span class='ocrx_word' id='word_1_896' title='bbox 2892 4933 2942 4986; x_wconf 82' lang='lat' dir='ltr'><strong>l.</strong></span> <span class='ocrx_word' id='word_1_897' title='bbox 2970 4930 3089 4987; x_wconf 87' lang='lat' dir='ltr'><strong>Cor.</strong></span> <span class='ocrx_word' id='word_1_898' title='bbox 3120 4934 3172 4986; x_wconf 83' lang='lat'><strong>7.</strong></span> <span class='ocrx_word' id='word_1_899' title='bbox 3202 4932 3273 4987; x_wconf 73' lang='lat'><strong>26</strong></span> <span class='ocrx_word' id='word_1_900' title='bbox 3297 4930 3317 5003; x_wconf 88' lang='lat'><strong>)</strong></span> <span class='ocrx_word' id='word_1_901' title='bbox 3342 4950 3356 4997; x_wconf 91' lang='lat'><strong>;</strong></span> <span class='ocrx_word' id='word_1_902' title='bbox 3383 4942 3474 5000; x_wconf 88' lang='lat' dir='ltr'><strong>et,</strong></span> <span class='ocrx_word' id='word_1_903' title='bbox 3509 4933 3619 5003; x_wconf 68' lang='lat' dir='ltr'><strong>Ego</strong></span> 
     </span>
    </p>
   </div>
   <div class='ocr_carea' id='block_1_111' title="bbox 2022 5023 3621 5098">
    <p class='ocr_par' dir='ltr' id='par_1_111' title="bbox 2022 5023 3621 5098">
     <span class='ocr_line' id='line_1_111' title="bbox 2022 5023 3621 5098; baseline 0.001 -16"><span class='ocrx_word' id='word_1_904' title='bbox 2022 5039 2191 5083; x_wconf 86' lang='lat' dir='ltr'><strong>autem</strong></span> <span class='ocrx_word' id='word_1_905' title='bbox 2210 5029 2345 5082; x_wconf 85' lang='lat' dir='ltr'><strong>vobis</strong></span> <span class='ocrx_word' id='word_1_906' title='bbox 2368 5044 2521 5097; x_wconf 86' lang='lat' dir='ltr'><strong>parco</strong></span> <span class='ocrx_word' id='word_1_907' title='bbox 2542 5026 2589 5098; x_wconf 85' lang='lat'><strong>(1</strong></span> <span class='ocrx_word' id='word_1_908' title='bbox 2599 5025 2700 5080; x_wconf 84' lang='lat' dir='ltr'><strong>bid.</strong></span> <span class='ocrx_word' id='word_1_909' title='bbox 2726 5042 2773 5080; x_wconf 87' lang='grc' dir='ltr'><strong>υ.</strong></span> <span class='ocrx_word' id='word_1_910' title='bbox 2792 5024 2886 5096; x_wconf 69' lang='lat'><strong>28)</strong></span> <span class='ocrx_word' id='word_1_911' title='bbox 2911 5042 2925 5091; x_wconf 89' lang='lat'><strong>;</strong></span> <span class='ocrx_word' id='word_1_912' title='bbox 2960 5034 3032 5091; x_wconf 89' lang='lat' dir='ltr'><strong>et,</strong></span> <span class='ocrx_word' id='word_1_913' title='bbox 3060 5023 3189 5080; x_wconf 81' lang='lat' dir='ltr'><strong>Volo</strong></span> <span class='ocrx_word' id='word_1_914' title='bbox 3212 5035 3381 5080; x_wconf 85' lang='lat' dir='ltr'><strong>autem</strong></span> <span class='ocrx_word' id='word_1_915' title='bbox 3403 5044 3488 5082; x_wconf 75' lang='lat' dir='ltr'><strong>vos</strong></span> <span class='ocrx_word' id='word_1_916' title='bbox 3514 5029 3621 5084; x_wconf 78' lang='lat' dir='ltr'><strong>sine</strong></span> 
     </span>
    </p>
   </div>
   <div class='ocr_carea' id='block_1_112' title="bbox 2024 5116 3610 5189">
    <p class='ocr_par' dir='ltr' id='par_1_112' title="bbox 2024 5116 3610 5189">
     <span class='ocr_line' id='line_1_112' title="bbox 2024 5116 3610 5189; baseline -0.001 -14"><span class='ocrx_word' id='word_1_917' title='bbox 2024 5119 2362 5175; x_wconf 83' lang='lat' dir='ltr'><strong>sollicitudine</strong></span> <span class='ocrx_word' id='word_1_918' title='bbox 2389 5134 2495 5172; x_wconf 86' lang='lat' dir='ltr'><strong>esse</strong></span> <span class='ocrx_word' id='word_1_919' title='bbox 2534 5118 2552 5189; x_wconf 91' lang='lat'><strong>(</strong></span> <span class='ocrx_word' id='word_1_920' title='bbox 2577 5116 2709 5171; x_wconf 85' lang='lat' dir='ltr'><strong>Ibid.</strong></span> <span class='ocrx_word' id='word_1_921' title='bbox 2743 5132 2790 5169; x_wconf 81' lang='grc' dir='ltr'><strong>υ.</strong></span> <span class='ocrx_word' id='word_1_922' title='bbox 2817 5118 2887 5172; x_wconf 73' lang='lat'><strong>52</strong></span> <span class='ocrx_word' id='word_1_923' title='bbox 2913 5121 2951 5187; x_wconf 86' lang='lat'><strong>).</strong></span> <span class='ocrx_word' id='word_1_924' title='bbox 2983 5117 3073 5171; x_wconf 90' lang='lat' dir='ltr'><strong>Sic</strong></span> <span class='ocrx_word' id='word_1_925' title='bbox 3099 5118 3257 5187; x_wconf 89' lang='lat' dir='ltr'><strong>igitur</strong></span> <span class='ocrx_word' id='word_1_926' title='bbox 3281 5128 3336 5172; x_wconf 84' lang='lat' dir='ltr'><strong>et</strong></span> <span class='ocrx_word' id='word_1_927' title='bbox 3359 5118 3610 5174; x_wconf 85' lang='lat' dir='ltr'><strong>Christus</strong></span> 
     </span>
    </p>
   </div>
   <div class='ocr_carea' id='block_1_113' title="bbox 2026 5209 3620 5282">
    <p class='ocr_par' dir='ltr' id='par_1_113' title="bbox 2026 5209 3620 5282">
     <span class='ocr_line' id='line_1_113' title="bbox 2026 5209 3620 5282; baseline 0 -17"><span class='ocrx_word' id='word_1_928' title='bbox 2026 5209 2390 5282; x_wconf 88' lang='lat' dir='ltr'><strong>spiritualibus</strong></span> <span class='ocrx_word' id='word_1_929' title='bbox 2413 5209 2687 5265; x_wconf 89' lang='lat' dir='ltr'><strong>sensibilia</strong></span> <span class='ocrx_word' id='word_1_930' title='bbox 2716 5209 2945 5263; x_wconf 92' lang='lat' dir='ltr'><strong>miscuit.</strong></span> <span class='ocrx_word' id='word_1_931' title='bbox 2977 5210 3110 5276; x_wconf 82' lang='lat' dir='ltr'><strong>Quia</strong></span> <span class='ocrx_word' id='word_1_932' title='bbox 3142 5211 3284 5266; x_wconf 89' lang='lat' dir='ltr'><strong>enim</strong></span> <span class='ocrx_word' id='word_1_933' title='bbox 3308 5212 3451 5267; x_wconf 90' lang='lat' dir='ltr'><strong>mitis</strong></span> <span class='ocrx_word' id='word_1_934' title='bbox 3473 5212 3620 5281; x_wconf 86' lang='lat' dir='ltr'><strong>quis-</strong></span> 
     </span>
    </p>
   </div>
   <div class='ocr_carea' id='block_1_114' title="bbox 2026 5301 3617 5373">
    <p class='ocr_par' dir='ltr' id='par_1_114' title="bbox 2026 5301 3617 5373">
     <span class='ocr_line' id='line_1_114' title="bbox 2026 5301 3617 5373; baseline 0 -16"><span class='ocrx_word' id='word_1_935' title='bbox 2026 5318 2132 5373; x_wconf 89' lang='lat' dir='ltr'><strong>que</strong></span> <span class='ocrx_word' id='word_1_936' title='bbox 2157 5312 2346 5372; x_wconf 89' lang='lat' dir='ltr'><strong>putare</strong></span> <span class='ocrx_word' id='word_1_937' title='bbox 2373 5302 2541 5371; x_wconf 89' lang='lat' dir='ltr'><strong>possit</strong></span> <span class='ocrx_word' id='word_1_938' title='bbox 2569 5314 2629 5356; x_wconf 88' lang='lat' dir='ltr'><strong>se</strong></span> <span class='ocrx_word' id='word_1_939' title='bbox 2669 5315 2763 5355; x_wconf 91' lang='lat' dir='ltr'><strong>sua</strong></span> <span class='ocrx_word' id='word_1_940' title='bbox 2792 5301 2970 5355; x_wconf 88' lang='lat' dir='ltr'><strong>omnia</strong></span> <span class='ocrx_word' id='word_1_941' title='bbox 2998 5302 3223 5371; x_wconf 90' lang='lat' dir='ltr'><strong>perdere</strong></span> <span class='ocrx_word' id='word_1_942' title='bbox 3243 5344 3259 5369; x_wconf 88' lang='lat'><strong>,</strong></span> <span class='ocrx_word' id='word_1_943' title='bbox 3289 5303 3617 5358; x_wconf 87' lang='lat' dir='ltr'><strong>contrarium</strong></span> 
     </span>
    </p>
   </div>
   <div class='ocr_carea' id='block_1_115' title="bbox 2028 5392 3617 5465">
    <p class='ocr_par' dir='ltr' id='par_1_115' title="bbox 2028 5392 3617 5465">
     <span class='ocr_line' id='line_1_115' title="bbox 2028 5392 3617 5465; baseline -0.002 -14"><span class='ocrx_word' id='word_1_944' title='bbox 2028 5397 2118 5451; x_wconf 90' lang='lat' dir='ltr'><strong>ille</strong></span> <span class='ocrx_word' id='word_1_945' title='bbox 2147 5394 2430 5465; x_wconf 90' lang='lat' dir='ltr'><strong>pollicetur</strong></span> <span class='ocrx_word' id='word_1_946' title='bbox 2452 5392 2637 5448; x_wconf 90' lang='lat' dir='ltr'><strong>dicens</strong></span> <span class='ocrx_word' id='word_1_947' title='bbox 2658 5434 2674 5459; x_wconf 94' lang='lat'><strong>,</strong></span> <span class='ocrx_word' id='word_1_948' title='bbox 2704 5393 2845 5448; x_wconf 91' lang='lat' dir='ltr'><strong>hunc</strong></span> <span class='ocrx_word' id='word_1_949' title='bbox 2870 5394 3044 5463; x_wconf 87' lang='lat' dir='ltr'><strong>ipsum</strong></span> <span class='ocrx_word' id='word_1_950' title='bbox 3084 5408 3204 5449; x_wconf 87' lang='lat' dir='ltr'><strong>esse</strong></span> <span class='ocrx_word' id='word_1_951' title='bbox 3226 5395 3314 5463; x_wconf 86' lang='lat' dir='ltr'><strong>qui</strong></span> <span class='ocrx_word' id='word_1_952' title='bbox 3343 5408 3434 5447; x_wconf 88' lang='lat' dir='ltr'><strong>sua</strong></span> <span class='ocrx_word' id='word_1_953' title='bbox 3461 5394 3617 5448; x_wconf 77' lang='lat' dir='ltr'><strong>tutis—</strong></span> 
     </span>
    </p>
   </div>
   <div class='ocr_carea' id='block_1_116' title="bbox 2029 5483 3613 5556">
    <p class='ocr_par' dir='ltr' id='par_1_116' title="bbox 2029 5483 3613 5556">
     <span class='ocr_line' id='line_1_116' title="bbox 2029 5483 3613 5556; baseline -0.002 -14"><span class='ocrx_word' id='word_1_954' title='bbox 2029 5487 2164 5543; x_wconf 85' lang='lat' dir='ltr'><strong>sime</strong></span> <span class='ocrx_word' id='word_1_955' title='bbox 2190 5483 2499 5556; x_wconf 86' lang='lat' dir='ltr'><strong>possideat,</strong></span> <span class='ocrx_word' id='word_1_956' title='bbox 2526 5485 2616 5554; x_wconf 92' lang='lat' dir='ltr'><strong>qui</strong></span> <span class='ocrx_word' id='word_1_957' title='bbox 2652 5498 2751 5539; x_wconf 89' lang='lat' dir='ltr'><strong>nec</strong></span> <span class='ocrx_word' id='word_1_958' title='bbox 2774 5483 2947 5539; x_wconf 87' lang='lat' dir='ltr'><strong>audax</strong></span> <span class='ocrx_word' id='word_1_959' title='bbox 2972 5524 2988 5551; x_wconf 90' lang='lat'><strong>,</strong></span> <span class='ocrx_word' id='word_1_960' title='bbox 3033 5500 3133 5541; x_wconf 87' lang='lat' dir='ltr'><strong>nec</strong></span> <span class='ocrx_word' id='word_1_961' title='bbox 3174 5493 3473 5539; x_wconf 88' lang='lat' dir='ltr'><strong>ostentator</strong></span> <span class='ocrx_word' id='word_1_962' title='bbox 3499 5487 3569 5538; x_wconf 89' lang='lat' dir='ltr'><strong>sit</strong></span> <span class='ocrx_word' id='word_1_963' title='bbox 3599 5503 3613 5540; x_wconf 89' lang='lat'><strong>:</strong></span> 
     </span>
    </p>
   </div>
   <div class='ocr_carea' id='block_1_117' title="bbox 2094 5616 3641 5683">
    <p class='ocr_par' dir='ltr' id='par_1_117' title="bbox 2094 5616 3641 5683">
     <span class='ocr_line' id='line_1_117' title="bbox 2094 5616 3641 5683; baseline -0.001 -15"><span class='ocrx_word' id='word_1_964' title='bbox 2094 5620 2166 5682; x_wconf 84' lang='grc' dir='ltr'><strong>(α)</strong></span> <span class='ocrx_word' id='word_1_965' title='bbox 2200 5619 2368 5668; x_wconf 75' lang='lat' dir='ltr'><strong>Nescio</strong></span> <span class='ocrx_word' id='word_1_966' title='bbox 2385 5631 2470 5669; x_wconf 90' lang='lat' dir='ltr'><strong>cur</strong></span> <span class='ocrx_word' id='word_1_967' title='bbox 2490 5617 2620 5683; x_wconf 68' lang='lat' dir='ltr'><strong>dicat</strong></span> <span class='ocrx_word' id='word_1_968' title='bbox 2643 5616 3026 5683; x_wconf 76' lang='lat' dir='ltr'><strong>Chrysostomus,</strong></span> <span class='ocrx_word' id='word_1_969' title='bbox 3051 5630 3286 5680; x_wconf 83' lang='lat' dir='ltr'><strong>nusquam</strong></span> <span class='ocrx_word' id='word_1_970' title='bbox 3308 5620 3358 5667; x_wconf 91' lang='lat' dir='ltr'><strong>in</strong></span> <span class='ocrx_word' id='word_1_971' title='bbox 3377 5619 3641 5683; x_wconf 79' lang='lat' dir='ltr'><strong>scriptura‘</strong></span> 
     </span>
    </p>
   </div>
   <div class='ocr_carea' id='block_1_118' title="bbox 2028 5679 3616 5744">
    <p class='ocr_par' dir='ltr' id='par_1_118' title="bbox 2028 5679 3616 5744">
     <span class='ocr_line' id='line_1_118' title="bbox 2028 5679 3616 5744; baseline 0.001 -13"><span class='ocrx_word' id='word_1_972' title='bbox 2028 5679 2259 5744; x_wconf 80' lang='lat' dir='ltr'><strong>reperiri,</strong></span> <span class='ocrx_word' id='word_1_973' title='bbox 2287 5687 2469 5730; x_wconf 87' lang='lat' dir='ltr'><strong>terram</strong></span> <span class='ocrx_word' id='word_1_974' title='bbox 2497 5679 2832 5744; x_wconf 49' lang='lat' dir='ltr'><strong>spiritualctn,</strong></span> <span class='ocrx_word' id='word_1_975' title='bbox 2860 5681 3113 5744; x_wconf 70' lang='lat' dir='ltr'><strong>siquidem</strong></span> <span class='ocrx_word' id='word_1_976' title='bbox 3132 5679 3264 5729; x_wconf 77' lang='lat' dir='ltr'><strong>terra</strong></span> <span class='ocrx_word' id='word_1_977' title='bbox 3287 5679 3616 5744; x_wconf 74' lang='lat' dir='ltr'><strong>promissionis</strong></span> 
     </span>
    </p>
   </div>
   <div class='ocr_carea' id='block_1_119' title="bbox 2031 5740 3616 5806">
    <p class='ocr_par' dir='ltr' id='par_1_119' title="bbox 2031 5740 3616 5806">
     <span class='ocr_line' id='line_1_119' title="bbox 2031 5740 3616 5806; baseline 0 -15"><span class='ocrx_word' id='word_1_978' title='bbox 2031 5740 2323 5806; x_wconf 72' lang='lat' dir='ltr'><strong>intelligitur</strong></span> <span class='ocrx_word' id='word_1_979' title='bbox 2339 5740 2671 5806; x_wconf 81' lang='lat' dir='ltr'><strong>spiritualiter,</strong></span> <span class='ocrx_word' id='word_1_980' title='bbox 2694 5743 2784 5792; x_wconf 87' lang='lat' dir='ltr'><strong>nisi</strong></span> <span class='ocrx_word' id='word_1_981' title='bbox 2809 5740 2936 5806; x_wconf 77' lang='lat' dir='ltr'><strong>forte</strong></span> <span class='ocrx_word' id='word_1_982' title='bbox 2957 5743 3230 5804; x_wconf 81' lang='lat' dir='ltr'><strong>signiﬁcare</strong></span> <span class='ocrx_word' id='word_1_983' title='bbox 3258 5740 3372 5791; x_wconf 76' lang='lat' dir='ltr'><strong>velit</strong></span> <span class='ocrx_word' id='word_1_984' title='bbox 3392 5740 3514 5790; x_wconf 83' lang='lat' dir='ltr'><strong>hanc</strong></span> <span class='ocrx_word' id='word_1_985' title='bbox 3540 5757 3616 5791; x_wconf 84' lang='lat' dir='ltr'><strong>vo-</strong></span> 
     </span>
    </p>
   </div>
   <div class='ocr_carea' id='block_1_120' title="bbox 2032 5803 3616 5868">
    <p class='ocr_par' dir='ltr' id='par_1_120' title="bbox 2032 5803 3616 5868">
     <span class='ocr_line' id='line_1_120' title="bbox 2032 5803 3616 5868; baseline -0.003 -14"><span class='ocrx_word' id='word_1_986' title='bbox 2032 5817 2161 5864; x_wconf 88' lang='lat' dir='ltr'><strong>cem,</strong></span> <span class='ocrx_word' id='word_1_987' title='bbox 2183 5803 2381 5868; x_wconf 69' lang='lat' dir='ltr'><strong>terrant,</strong></span> <span class='ocrx_word' id='word_1_988' title='bbox 2407 5803 2560 5868; x_wconf 73' lang='lat' dir='ltr'><strong>solani</strong></span> <span class='ocrx_word' id='word_1_989' title='bbox 2586 5817 2848 5868; x_wconf 81' lang='lat' dir='ltr'><strong>numquam</strong></span> <span class='ocrx_word' id='word_1_990' title='bbox 2872 5804 2920 5852; x_wconf 92' lang='lat' dir='ltr'><strong>in</strong></span> <span class='ocrx_word' id='word_1_991' title='bbox 2952 5803 3190 5868; x_wconf 79' lang='lat' dir='ltr'><strong>Scriptura</strong></span> <span class='ocrx_word' id='word_1_992' title='bbox 3229 5817 3487 5852; x_wconf 84' lang='lat' dir='ltr'><strong>occurrere</strong></span> <span class='ocrx_word' id='word_1_993' title='bbox 3513 5817 3616 5868; x_wconf 84' lang='lat' dir='ltr'><strong>pro,</strong></span> 
     </span>
    </p>
   </div>
   <div class='ocr_carea' id='block_1_121' title="bbox 2034 5864 3276 5927">
    <p class='ocr_par' dir='ltr' id='par_1_121' title="bbox 2034 5864 3276 5927">
     <span class='ocr_line' id='line_1_121' title="bbox 2034 5864 3276 5927; baseline -0.002 -10"><span class='ocrx_word' id='word_1_994' title='bbox 2034 5872 2218 5917; x_wconf 80' lang='lat' dir='ltr'><strong>terram</strong></span> <span class='ocrx_word' id='word_1_995' title='bbox 2235 5864 2552 5919; x_wconf 78' lang='lat' dir='ltr'><strong>suiritualem.</strong></span> <span class='ocrx_word' id='word_1_996' title='bbox 2576 5866 2708 5927; x_wconf 86' lang='lat' dir='ltr'><strong>Quod</strong></span> <span class='ocrx_word' id='word_1_997' title='bbox 2721 5864 2902 5917; x_wconf 74' lang='lat' dir='ltr'><strong>verum</strong></span> <span class='ocrx_word' id='word_1_998' title='bbox 2927 5877 3038 5915; x_wconf 88' lang='lat' dir='ltr'><strong>esse</strong></span> <span class='ocrx_word' id='word_1_999' title='bbox 3067 5865 3276 5914; x_wconf 79' lang='lat' dir='ltr'><strong>videtur.</strong></span> 
     </span>
    </p>
   </div>
  </div>
