4052 6450
433 390 538 447 ‘22?

432 520 555 559 nam
584 501 675 573 qui
701 498 820 554 talis
851 496 1009 553 fuerit
1030 535 1044 559 ,
1076 495 1310 563 paternis
1339 493 1499 547 etiam
1526 489 1682 545 bonis
1706 502 1850 557 saepe
1876 485 2020 540 exvi-

429 596 563 661 det,
591 603 646 650 et
670 594 836 663 ipsius
863 590 1054 645 animae
1078 587 1339 655 jacturam
1365 584 1542 637 faciet.
1572 580 1819 650 Alioquin
1844 587 2023 633 autem

429 689 552 757 quia
598 686 651 740 in
684 681 863 738 Veteri
906 679 1251 734 Testamento
1289 674 1546 745 propheta
1590 671 1844 726 dixerat:
1875 667 2024 722 Miles

428 789 595 833 autem
631 774 977 829 hereditabant
1012 782 1196 826 terram
1240 776 1257 838 (
1290 767 1432 822 Psal.
1471 767 1560 822 56.
1602 765 1661 819 Η
1689 766 1744 835 ),
1782 779 1812 816 a
1845 762 2023 816 verbis

428 870 535 940 jam
563 865 911 921 familiaribus
937 878 1240 919 sermonem
1274 860 1425 925 texit,
1456 867 1507 911 ut
1539 872 1642 910 non
1672 855 1867 923 ubique
1906 853 2025 906 inu-

429 963 600 1016 sitatis
628 970 806 1015 utatur
833 974 913 1011 vei
930 959 1034 1013 bis.
1066 956 1191 1010 Hac
1223 969 1382 1023 porro
1407 953 1552 1014 dicit,
1590 965 1694 1003 ltttll
1717 949 1766 1002 in
1792 960 2025 1017 praesen-

431 1058 568 1111 tibus
593 1053 809 1123 przemia
840 1050 1309 1109 circumscribeus,
1340 1045 1433 1099 sed
1455 1059 1575 1098 cum
1599 1041 1681 1096 bis
1702 1040 1789 1094 illa
1810 1052 2023 1110 quoque

431 1147 794 1217 suppeditans.
825 1144 954 1199 Nam
983 1144 1028 1198 si
1064 1140 1334 1212 quidpiam
1385 1135 1659 1207 spirituale
1701 1133 1842 1187 dicat
1866 1171 1882 1196 ,
1916 1144 2020 1184 nou

431 1242 603 1295 aufert
643 1251 816 1295 tamen
849 1236 1125 1306 praesentia
1161 1251 1175 1299 ;
1221 1232 1265 1286 si
1300 1246 1425 1285 vero
1449 1227 1646 1299 aliquid
1677 1243 1727 1280 In
1776 1224 2022 1294 prmsenti

434 1333 539 1385 vita
569 1331 868 1399 promittat,
905 1340 1009 1379 non
1043 1325 1125 1377 his
1163 1333 1369 1376 tantum
1403 1318 1808 1390 promissionem
1837 1317 2018 1368 sistit:

432 1437 553 1474 nam
588 1419 809 1485 Quaerite
836 1459 851 1484 ,
893 1416 1097 1486 inquit,
1126 1430 1335 1484 regnum
1365 1411 1459 1465 Dei
1480 1451 1497 1474 ,
1532 1420 1579 1465 et
1610 1410 1716 1463 han:
1741 1407 1911 1461 omnia
1928 1406 2025 1460 ad-

431 1512 662 1586 ficientur
682 1509 819 1565 nobis
842 1512 859 1578 (
888 1508 1077 1562 Matth.
1103 1506 1158 1562 6.
1184 1507 1253 1561 55
1275 1504 1317 1575 ).
1345 1505 1412 1559 Et
1437 1518 1648 1558 rursum
1672 1517 1685 1554 :
1713 1501 2024 1568 Quicumque

427 1602 679 1657 dimiserit
711 1601 940 1663 danaum,
969 1608 1057 1652 aut
1083 1602 1288 1667 fratres,
1320 1604 1408 1648 aut
1429 1604 1646 1665 patrem,
1680 1600 1767 1644 aut
1789 1601 2018 1654 matrem,

428 1709 514 1749 aut
535 1710 764 1757 uxorem,
797 1705 884 1746 aut
907 1692 1063 1760 filios,
1090 1699 1180 1743 aut
1209 1705 1360 1759 agros
1405 1696 1610 1757 propter
1634 1700 1810 1739 nomen
1835 1699 2019 1745 meum,

427 1788 719 1857 centuplum
745 1786 957 1855 accipiet
1002 1786 1055 1836 in
1085 1784 1271 1837 sa'culo
1303 1783 1400 1834 ista
1420 1823 1434 1845 ,
1481 1794 1531 1834 et
1561 1780 1612 1831 in
1654 1783 1827 1847 futuro
1870 1777 2023 1830 vitam

431 1892 671 1932 «uernam
720 1876 991 1947 possidebit
1037 1872 1166 1945 (Id.
1217 1873 1303 1929 19.
1359 1871 1450 1926 29.
1503 1880 1548 1924 et
1597 1869 1763 1924 Marc.
1806 1868 1891 1923 i0.
1927 1867 2017 1922 29.

430 1970 503 2024 50
526 1970 562 2036 ).
595 1970 650 2025 6.
684 1968 828 2023 Beati
851 1968 936 2038 qui
972 1970 1198 2021 esuriant
1241 1977 1289 2019 et
1319 1965 1493 2019 sitiunt
1529 1964 1805 2034 justitiam.
1850 1961 2021 2030 Quam

428 2061 733 2132 ξας)ιίιίεωῖ
763 2064 869 2115 Aut
896 2060 1147 2113 virtutem
1178 2058 1318 2111 illam
1353 2058 1403 2111 in
1425 2071 1640 2126 genere,
1669 2063 1762 2108 aut
1785 2054 2020 2121 Speciem

434 2154 575 2207 illam
601 2152 822 2223 justitiae
844 2150 1036 2213 innuit,
1066 2166 1187 2220 qtae
1216 2148 1457 2201 avaritia:
1485 2146 1729 2216 opposita
1757 2154 1857 2200 est.
1882 2145 2017 2210 Quia

430 2246 574 2299 enim
593 2244 660 2298 de
679 2244 1017 2314 eleemosyna
1040 2254 1360 2311 pr-rceptum
1376 2240 1597 2294 daturus
1609 2238 1872 2302 est,docet
1888 2251 2023 2305 quo-

433 2335 595 2390 modo
621 2335 764 2390 illam
800 2349 1057 2390 exercere
1080 2340 1357 2402 oporteat;
1386 2330 1666 2397 videlicet,
1697 2345 1802 2384 non
1832 2346 1895 2384 ex
1939 2344 2025 2384 ra-

433 2429 579 2497 pina,
610 2442 715 2482 non
742 2442 807 2482 ex
833 2425 1051 2481 avaritia
1076 2425 1261 2479 beatos
1281 2423 1529 2493 pra-dicat
1556 2437 1671 2489 eos,
1694 2423 1782 2492 qui
1805 2423 2026 2492 justitia'.

429 2521 560 2575 dant
587 2534 828 2590 operam.

505 2612 560 2666 τι.
603 2610 729 2665 Ηιεε
758 2609 902 2666 verba
928 2651 944 2675 ,
991 2610 1189 2663 esurire
1221 2620 1266 2663 et
1297 2608 1438 2663 sitire
1465 2608 1720 2679 justitiam
1741 2650 1755 2667 .
1785 2621 2027 2670 quantum

434 2705 533 2756 vim
558 2701 791 2756 habeant.
829 2701 928 2765 Qui
946 2702 1044 2755 sint
1071 2701 1436 2767 misericordes,
1470 2701 1657 2753 mundo
1681 2701 1852 2764 corde,
1882 2700 2027 2770 paci-

436 2794 551 2863 ﬁci;
565 2804 758 2862 quanta
773 2810 944 2847 eorum
965 2809 1169 2847 merces.
1190 2792 1358 2865 l’irtps
1369 2802 1471 2846 tota
1483 2792 1667 2845 anima:
1683 2792 2023 2861 philosophia.

435 2915 508 2927 —
533 2887 593 2941 Et
626 2884 1025 2941 animadvertas
1063 2886 1222 2941 velim
1282 2900 1407 2939 cum
1447 2894 1644 2953 quanta
1690 2883 2029 2939 vehementia

438 2980 488 3035 id
517 2981 861 3050 expresserit.
910 2979 1026 3035 Non
1056 2981 1195 3034 enim
1235 2979 1404 3041 dixit,
1452 2978 1593 3031 Beati
1638 2978 1727 3047 qui
1760 2977 2027 3046 justitiam

435 3080 744 3134 sectantur;
767 3071 883 3131 sed,
919 3070 1064 3125 Beati
1106 3072 1191 3138 qui
1220 3071 1443 3125 esuriant
1473 3079 1519 3123 et
1551 3070 1724 3123 sitiunt
1740 3070 1990 3137 justitiam
2009 3108 2024 3133 ,

438 3174 495 3218 ut
522 3180 627 3218 non
658 3163 1020 3235 perfunctorie
1039 3206 1055 3229 ,
1084 3163 1176 3218 sed
1204 3178 1324 3217 cum
1352 3162 1494 3217 omni
1533 3162 1821 3230 cupiditate
1858 3162 2027 3232 ipsam

436 3256 712 3310 adt-anuis.
740 3257 871 3323 Quia
901 3257 1044 3310 enim
1079 3255 1206 3309 illud
1232 3254 1468 3309 avaritim
1493 3255 1728 3308 maxime
1756 3256 2028 3324 proprium

436 3359 547 3408 est.
580 3364 754 3418 neque
785 3350 852 3403 ita
893 3349 1068 3402 cibum
1101 3360 1260 3418 atque
1308 3358 1490 3417 potum
1519 3346 1886 3401 desideramus
1908 3390 1923 3414 ,
1972 3356 2033 3402 ut

441 3441 664 3507 plurima
700 3440 974 3510 possidere
1001 3449 1058 3495 et
1087 3441 1367 3509 acquirere
1391 3479 1405 3502 ,
1455 3438 1612 3492 talem
1652 3439 2028 3509 cupiditatem,

441 3532 491 3584 in
562 3532 882 3586 contrariam
939 3531 1176 3585 avaritia:
1224 3531 1471 3586 virtutem
1525 3532 1811 3587 transferre
1850 3531 2027 3601 jussit.

440 3620 643 3676 Deinde
693 3637 878 3675 rursus
927 3622 1181 3676 sensibile
1239 3621 1518 3691 praemium
1567 3621 1754 3676 deﬁnit
1800 3623 2029 3679 dicens:

439 3712 697 3778 Quoniam
745 3712 842 3781 ipsi
874 3712 1253 3768 saturabuntur.
1283 3712 1418 3779 Quia
1444 3716 1587 3768 enim
1619 3723 1835 3782 putatur
1860 3715 2035 3769 avari-

442 3807 511 3858 tia
546 3805 740 3859 multos
787 3806 979 3860 divites
1023 3809 1195 3860 lacere
1219 3848 1235 3871 ,
1268 3806 1397 3861 dicit
1436 3807 1763 3860 contrarium
1813 3807 2035 3861 omnino

438 3914 561 3954 esse
590 3916 603 3947 :
636 3898 685 3951 id
712 3899 857 3953 enim
908 3909 1123 3968 prmsmt
1149 3899 1375 3967 justitia.
1410 3898 1486 3953 Ne
1529 3900 1704 3968 itaque
1732 3914 1852 3953 cum
1888 3898 2033 3969 justa

436 3989 703 4057 operaris,
736 3997 1105 4060 paupertatem
1137 3990 1326 4044 timeas
1350 4032 1365 4055 ,
1400 4006 1536 4044 neve
1566 3988 1761 4045 famem
1801 4001 2027 4045 metuas.

441 4080 574 4135 Nam
603 4080 692 4150 qui
724 4080 899 4135 aliena
931 4082 1166 4149 rapiunt,
1199 4081 1249 4134 bi
1274 4081 1504 4135 maxime
1522 4082 1588 4136 ab
1610 4080 1859 4136 ouiuibns
1884 4080 2035 4136 exci-

436 4176 606 4239 dunt;
638 4182 693 4228 ut
719 4175 807 4245 qui
835 4175 1092 4242 justitiam
1128 4183 1306 4239 amat,
1336 4174 1515 4229 omnia
1546 4184 1661 4229 tuto
1692 4174 1946 4244 possidet.
1976 4174 2035 4230 Si

441 4277 622 4321 autem
656 4268 689 4320 ii
715 4268 807 4336 qui
835 4267 1004 4320 aliena
1036 4268 1405 4336 nctmupiunt,
1438 4277 1516 4321 tot
1540 4268 1786 4322 fruuntur
1814 4268 2034 4334 divitiis,

442 4359 610 4411 multo
628 4358 795 4426 magis
817 4358 850 4411 ii
868 4357 956 4427 qui
977 4372 1069 4412 sua
1093 4357 1406 4429 largiuntur.
1428 4360 1480 4413 7.
1506 4358 1652 4413 Beati
1668 4360 2035 4415 misericordes.

445 4452 544 4507 llic
570 4466 675 4504 non
706 4459 908 4505 tantum
939 4451 1177 4520 pecuniae
1205 4451 1490 4521 largitores
1517 4452 1697 4507 dicere
1727 4453 1856 4508 mihi
1886 4453 2037 4509 vide-

447 4553 532 4598 tur
552 4586 566 4604 .
598 4542 692 4597 Sed
720 4543 881 4597 etiam
905 4556 1001 4597 eos
1027 4543 1115 4611 qui
1147 4543 1401 4612 operibus
1429 4543 1848 4600 misericordiam
1876 4561 2036 4600 exer-

445 4647 587 4691 cent.
626 4635 764 4689 Varii
804 4636 948 4690 enim
976 4645 1098 4688 sunt
1140 4635 1425 4690 miserendi
1459 4635 1634 4699 modi,
1666 4645 1722 4692 et
1752 4637 1914 4692 latum
1955 4646 2040 4694 est

450 4738 794 4798 praeceptum.
824 4726 976 4794 Quod
1006 4728 1164 4796 igitur
1194 4726 1406 4781 illorum
1431 4737 1513 4781 est
1544 4728 1865 4797 pratntium?
1897 4728 2039 4796 Quo-

442 4826 587 4878 niam
612 4820 714 4889 ipsi
741 4821 1138 4879 misericordiam
1172 4832 1558 4892 consequentur.
1588 4821 1654 4877 Et
1684 4821 1894 4877 videtur
1914 4822 2037 4892 qui-

443 4914 567 4968 dem
604 4915 824 4983 aequalis
846 4928 966 4969 esse
996 4915 1309 4971 retributio:
1341 4914 1436 4968 sed
1457 4924 1540 4969 est
1562 4914 1681 4982 ipso
1707 4915 1848 4970 bono
1876 4930 2040 4984 opere

445 5006 607 5075 longe
650 5005 841 5072 major.
882 5004 986 5073 Ipsi
1023 5021 1253 5075 namque
1294 5006 1616 5059 miserentur
1662 5014 1719 5059 ut
1758 5005 2038 5070 homines,

445 5098 538 5152 sed
578 5096 997 5151 misericordiam
1019 5107 1417 5166 consequuntur
1436 5097 1502 5149 ab
1517 5096 1882 5152 universorum
1907 5097 2039 5153 Deo.

448 5190 562 5245 Non
600 5197 725 5243 sinit
748 5197 926 5241 autem
953 5191 1186 5257 aequales
1216 5191 1443 5243 latinam
1471 5189 1743 5243 miseratio
1764 5198 1815 5241 ut
1839 5189 2038 5252 divina,
2078 5204 2083 5205 ί

448 5281 541 5338 sed
579 5288 838 5352 quantum
884 5279 1023 5333 inter
1062 5281 1314 5334 malitiam
1339 5291 1394 5336 et
1433 5279 1725 5335 bonitatem
1750 5280 2039 5336 discrimen

448 5383 558 5440 cst,
589 5382 793 5427 tantum
822 5371 961 5425 inter
988 5370 1090 5424 hoc
1113 5380 1165 5424 et
1192 5371 1340 5425 illud.
1366 5370 1420 5425 8.
1448 5369 1593 5425 Beati
1632 5370 1821 5425 mundo
1849 5373 2002 5426 corde
2022 5414 2039 5439 ,

450 5466 693 5534 quoniam
728 5463 828 5534 ipsi
865 5460 1029 5515 Deum
1073 5461 1326 5516 videbunt.
1371 5462 1509 5517 Ecce
1556 5477 1738 5516 rursus
1768 5463 2044 5532 spirituale

456 5559 760 5627 praunium.
794 5556 1018 5611 Mundos
1048 5565 1225 5610 autem
1255 5554 1342 5610 hic
1368 5567 1523 5612 vocat
1565 5573 1660 5613 eos
1686 5559 1774 5628 qui
1823 5559 2041 5613 univer-

453 5651 623 5705 salem
654 5651 902 5704 virtutem
924 5649 1220 5720 possident,
1247 5648 1547 5718 nulliusque
1575 5652 1674 5706 sibi
1699 5653 1822 5706 mali
1841 5654 2042 5708 conscii

457 5755 604 5807 sont,
627 5744 739 5797 sive
773 5757 865 5796 eos
903 5744 992 5814 qui
1032 5744 1088 5797 in
1131 5742 1454 5796 continentia
1477 5745 1654 5798 vivunt
1690 5762 1702 5798 :
1741 5745 1879 5798 nulla
1900 5745 2042 5800 enim

460 5834 615 5887 nobis
653 5834 721 5887 ita
751 5847 884 5902 opus
912 5846 995 5890 est
1017 5834 1082 5890 ad
1109 5832 1273 5887 Deum
1303 5831 1605 5907 videndum,
1629 5849 1687 5892 ut
1712 5838 1798 5892 illa
1827 5839 2037 5895 virtute.

1141 382 1197 439 S.
1237 377 1516 436 JOANNIS
1539 369 2016 432 CHRYSOSTOMI
2047 367 2368 425 ARCHlEP.
2399 369 2934 430 CONSTANTINOP.

3603 370 3707 429 2.98

2136 481 2263 535 Ideo
2288 492 2344 536 et
2368 482 2561 539 Paulus
2584 485 2826 541 dicebat:
2854 488 3038 542 Pacem
3065 492 3326 545 sectamini
3347 510 3460 548 cum
3488 501 3717 556 omnibus

2129 576 2593 639 etsanctimoniam,
2617 578 2724 631 sine
2742 595 2840 647 qua
2864 597 3009 633 nemo
3030 582 3210 636 uidebit
3239 583 3514 640 Dominum
3530 588 3717 659 (Hebr.

2133 663 2217 718 12.
2255 665 2382 734 lt).
2424 666 2689 722 Visionem
2722 685 2882 738 porro
2914 671 3000 725 hic
3044 672 3209 737 dicit,
3254 691 3373 746 qua:
3418 678 3622 736 homini
3651 684 3721 738 sit

2130 757 2416 824 possibilis.
2449 759 2580 825 Quia
2608 762 2752 814 enim
2785 762 3093 818 multisuut
3119 767 3208 835 qui
3240 769 3593 837 miserentur,
3623 789 3723 831 nec

2129 849 2344 917 rapiunt
2372 892 2386 916 ,
2421 867 2519 905 nec
2546 854 2782 907 avaritizc
2808 856 3025 910 student
3043 898 3057 918 ,
3086 859 3179 911 sul
3213 860 3541 918 fornicamur
3567 876 3623 920 et
3662 868 3725 922 li~

2130 941 2293 997 bidini
2333 959 2393 998 se
2422 944 2626 999 dedunt
2649 985 2664 1009 ,
2693 947 2983 1002 ostendens
3027 950 3152 1006 illud
3181 954 3410 1021 primum
3449 973 3557 1012 non
3595 960 3727 1014 satis

2127 1048 2248 1088 csse
2268 1076 2283 1096 ,
2314 1035 2412 1089 hoc
2442 1037 2602 1090 etiam
2633 1037 2858 1093 addidit.
2886 1042 3037 1105 Quod
3069 1042 3228 1097 etiam
3259 1044 3450 1099 Paulus
3474 1047 3719 1106 Discedo-

2128 1125 2282 1179 nibus
2308 1128 2619 1182 testiﬁcatus
2645 1138 2729 1185 est
2754 1132 2804 1183 in
2839 1131 3073 1199 Epistola
3104 1136 3169 1187 ad
3196 1136 3504 1195 Corinthios
3528 1181 3545 1204 ,
3579 1146 3722 1212 quod

2128 1231 2231 1269 non
2260 1219 2417 1271 tundo
2441 1221 2780 1291 elecmosyna
2810 1224 3001 1278 divites
3023 1239 3222 1290 essent,
3256 1231 3351 1284 sed
3395 1233 3553 1287 etiam
3596 1237 3720 1291 aliis

2127 1306 2450 1363 virtutibus:
2484 1311 2729 1380 loquutus
2770 1315 2912 1369 enim
2957 1316 3027 1370 de
3078 1316 3395 1375 liberalitate
3434 1338 3619 1380 eorum
3662 1329 3722 1381 in

2126 1401 2407 1469 crogandis
2431 1404 2687 1471 pecuniis,
2720 1406 2904 1470 addit,
2935 1408 3052 1461 illos
3077 1424 3195 1464 sese
3224 1411 3439 1468 dedisse
3467 1415 3718 1478 Domino,

2126 1490 2195 1544 Et
2238 1493 2378 1547 nobis
2428 1494 2657 1566 (Ἄσαν,
2694 1497 2874 1569 8.5).
2904 1499 2957 1553 9.
3006 1500 3151 1554 Beati
3197 1505 3416 1571 paciﬁci.
3465 1505 3561 1562 llic
3605 1524 3713 1563 non

2127 1588 2286 1638 modo
2319 1584 2678 1643 dissensiones
2720 1601 2928 1643 mutuas
2949 1633 2964 1657 ,
2995 1603 3048 1646 et
3090 1594 3394 1649 inimicitias
3426 1599 3672 1666 prohibet
3704 1641 3720 1664 ,

2125 1673 2220 1727 sed
2245 1675 2386 1730 aliud
2416 1677 2683 1747 quidpiam
2716 1680 2931 1749 insuper
2956 1684 3158 1753 exigit,
3208 1695 3264 1739 ut
3302 1698 3356 1740 et
3397 1690 3527 1740 alim
3552 1689 3716 1744 dissi-

2125 1765 2311 1820 drntes
2340 1768 2404 1822 ad
2428 1770 2765 1825 concordiam
2792 1788 3121 1841 reticet-mus,
3148 1791 3212 1830 ac
3237 1793 3423 1833 rursus
3442 1781 3716 1849 spirituale

2128 1860 2402 1926 przctuiunt
2449 1862 2627 1915 olli-rt.
2660 1865 2826 1929 Qttalc
2872 1866 3001 1921 illud
3044 1869 3166 1923 est?
3196 1869 3448 1935 Quoniam
3493 1874 3591 1944 ipsi
3618 1875 3716 1945 ﬁlii

2126 1952 2222 2007 Dei
2246 1954 2572 2009 vocabuntur.
2602 1957 2874 2024 Siquidem
2917 1959 3181 2031 Unigeaiti
3225 1980 3359 2033 Opus
3406 1966 3535 2020 illud
3569 1967 3710 2034 fuit,

2126 2044 2388 2111 disjuncta
2433 2049 2684 2117 capulare
2708 2090 2722 2111 ,
2758 2053 3042 2121 pugnantia
3087 2055 3392 2112 conciliare.
3422 2058 3620 2115 Deinde
3650 2078 3720 2117 ne

2127 2150 2280 2204 pu'es
2326 2152 2509 2206 pacem
2562 2141 2757 2211 ubique
2807 2158 2929 2200 esse
2978 2145 3214 2213 bonum,
3263 2150 3578 2218 subjunxit:
3625 2154 3715 2209 tu.

2125 2224 2269 2280 Beati
2295 2229 2380 2297 qui
2429 2234 2860 2299 persequutionent
2892 2237 3155 2303 patiuntur
3183 2251 3390 2308 propter
3416 2244 3717 2311 justitiam;

2130 2317 2230 2372 hoc
2254 2327 2355 2387 est,
2390 2320 2601 2376 virtutis
2629 2339 2788 2377 causa
2813 2365 2829 2392 ,
2862 2342 2956 2394 pro
2982 2327 3209 2382 aliorum
3239 2331 3546 2388 defensione
3573 2377 3587 2395 .
3618 2351 3717 2405 pro

2128 2409 2344 2477 pietate.
2394 2410 2658 2467 Virtutem
2702 2417 2844 2470 enim
2886 2433 3100 2489 semper
3126 2422 3263 2477 solet
3310 2439 3501 2480 vocare
3554 2437 3718 2483 totam

2126 2502 2320 2557 anima:
2353 2505 2760 2577 philosophiam.
2793 2511 2879 2564 Η.
2911 2509 3053 2564 Beati
3080 2515 3214 2577 estis,
3247 2532 3359 2569 cum
3387 2521 3719 2586 exprobraue-

2128 2599 2227 2650 rint
2252 2597 2389 2652 vobis
2411 2599 2660 2663 homines,
2692 2613 2740 2656 et
2761 2606 3045 2674 persequuti
3068 2622 3153 2660 vos
3178 2607 3405 2676 fuerint,
3428 2620 3475 2662 et
3500 2611 3719 2667 dixerint

2129 2704 2276 2742 omne
2307 2691 2497 2744 malum
2521 2693 2722 2747 verbum
2750 2697 3016 2749 adversum
3058 2715 3143 2754 vos
3167 2701 3480 2765 munientes,
3514 2713 3722 2771 propter

2130 2797 2227 2835 me.
2264 2781 2348 2836 12.
2393 2782 2622 2840 Gaudete
2662 2797 2710 2840 et
2752 2788 3018 2843 exsatiate.
3063 2791 3141 2845 Ac
3178 2792 3222 2846 si
3253 2793 3456 2848 diceret
3484 2811 3501 2851 :
3529 2793 3586 2850 Si
3624 2811 3724 2852 vos

2130 2874 2544 2943 pnestigiatores
2563 2919 2579 2944 ,
2607 2878 2651 2931 si
2687 2878 2996 2936 seductores
3015 2924 3030 2948 ,
3062 2883 3107 2938 si
3138 2884 3437 2953 maleﬁcos,
3465 2889 3509 2943 si
3532 2891 3724 2959 quovis

2131 2968 2236 3022 alio
2265 2971 2481 3025 nomine
2521 2983 2715 3028 Voccnt
2736 3015 2752 3038 ,
2787 2974 2928 3030 beati
2964 2978 3115 3031 estis.
3149 2977 3285 3046 Quid
3317 2979 3400 3035 bis
3440 2987 3724 3054 prreceptis

2133 3062 2448 3118 insolentius
2477 3063 2634 3119 fuerit
2658 3107 2672 3130 ,
2700 3081 2821 3122 cum
2865 3069 2980 3124 haec
3003 3069 3359 3127 desideranda
3401 3074 3529 3129 dicit
3554 3117 3571 3140 ,
3602 3093 3724 3146 qua:

2131 3155 2250 3208 aliis
2292 3154 2535 3225 fugienda
2566 3159 2853 3226 putantur?
2881 3159 3083 3230 Nempe
3126 3162 3429 3220 mendicare
3452 3207 3468 3231 ,
3497 3165 3682 3237 Ingere
3704 3210 3721 3232 ,

2133 3248 2596 3315 persequutionem
2631 3251 2735 3319 pati
2760 3292 2773 3311 ,
2807 3252 2944 3306 mala
2987 3253 3189 3309 audire.
3215 3255 3461 3311 Attamen
3486 3266 3541 3311 et
3564 3258 3721 3321 dixit.

2131 3348 2183 3392 et
2214 3339 2418 3405 suasit,
2454 3356 2558 3393 non
2584 3340 2790 3396 duobus
2815 3384 2830 3407 ,
2866 3344 2952 3398 vel
2979 3345 3163 3399 decem
3192 3386 3207 3410 ,
3239 3348 3321 3400 vel
3368 3347 3550 3418 viginti
3576 3390 3593 3415 ,
3637 3352 3721 3405 vel

2132 3437 2375 3493 centum,
2406 3431 2486 3484 vel
2518 3432 2662 3487 mille
2695 3433 2999 3489 hominibus
3021 3477 3034 3498 .
3086 3436 3180 3491 sed
3210 3438 3463 3493 universo
3491 3440 3631 3495 orbi.
3661 3442 3729 3496 Et

2132 3522 2409 3577 audientes
2441 3523 2528 3577 illa
2556 3540 2805 3593 onerosa,
2833 3528 3054 3581 molesta
3081 3569 3095 3591 ,
3128 3529 3327 3600 vulgari
3354 3533 3727 3588 consuetudini

2133 3616 2420 3676 contraria,
2443 3616 2725 3683 stupebant
2748 3619 2932 3673 turbae.
2956 3618 3123 3673 Tanta
3144 3632 3265 3675 erat
3285 3622 3514 3679 dicentis
3532 3626 3727 3680 virtus.

2206 3708 2258 3761 5.
2289 3706 2425 3760 Male
2438 3709 2615 3762 audire
2629 3726 2728 3763 non
2749 3712 2930 3781 suﬁicit
2953 3712 3021 3764 ad
3044 3714 3213 3769 beatos
3232 3715 3544 3785 efﬁcienda;
3572 3734 3730 3773 artam

2135 3797 2457 3866 eamdemque
2474 3803 2745 3855 mercedem
2766 3804 2917 3856 rariis
2933 3802 3162 3859 Christus
3184 3807 3466 3861 nominibus
3492 3812 3724 3876 protulit.

2142 3889 2307 3945 Filius
2343 3890 2489 3946 Patri
2519 3897 2728 3963 (aqualis
2767 3898 2973 3950 honore.
3014 3928 3088 3939 --
3122 3897 3389 3956 Caeterum
3425 3917 3492 3958 ne
3533 3914 3721 3973 putes,

2136 3984 2275 4038 male
2302 3986 2486 4040 audire
2516 3988 2686 4043 solum
2721 3989 2902 4045 beatos
2922 3991 3157 4058 cfticcre,
3182 3992 3316 4049 duas
3345 3997 3591 4065 apposuit
3617 4000 3726 4054 dis-

2140 4075 2441 4141 tinctiones,
2466 4081 2678 4146 quando
2696 4082 2904 4137 scilicet
2923 4083 3006 4137 vel
3029 4096 3245 4154 propter
3281 4087 3454 4156 ipsum
3474 4067 3725 4157 'prolata,

2139 4169 2221 4222 vel
2250 4170 2524 4225 mendacia
2557 4171 2751 4227 fuerint
2776 4174 2917 4229 dicta
2948 4174 3054 4230 illa.
3086 4176 3215 4231 Nam
3246 4180 3288 4231 si
3331 4178 3445 4235 haec
3486 4197 3592 4235 non
3620 4182 3722 4237 ad-

2139 4260 2245 4315 sint
2265 4304 2278 4323 ,
2309 4278 2412 4315 non
2447 4264 2604 4317 modo
2648 4281 2752 4318 non
2783 4266 2968 4322 beatus
2989 4308 3005 4331 ,
3051 4269 3146 4323 sed
3175 4271 3339 4324 etiam
3382 4272 3547 4328 miser
3569 4282 3652 4328 est
3682 4273 3728 4328 is

2139 4355 2228 4425 qui
2260 4357 2396 4409 male
2421 4357 2586 4410 audit.
2623 4358 2823 4413 Deinde
2854 4360 2974 4415 vide
3013 4377 3197 4415 rursus
3231 4364 3505 4431 pra-mium
3532 4383 3546 4420 :
3579 4366 3723 4434 Quo-

2140 4447 2279 4501 niam
2302 4464 2487 4502 merces
2507 4459 2669 4503 vestra
2691 4451 2849 4504 multa
2874 4462 2948 4505 est
2975 4453 3025 4505 in
3052 4455 3209 4507 cadis.
3236 4455 3314 4509 Tu
3338 4471 3467 4509 vero
3489 4457 3589 4510 etsi
3619 4475 3725 4511 non

2140 4538 2205 4591 ad
2236 4538 2474 4607 singulas
2501 4540 2854 4598 beatitudines
2881 4560 3103 4614 regnum
3129 4546 3242 4600 dari
3272 4547 3459 4601 audias
3480 4590 3493 4612 ,
3528 4566 3595 4602 ne
3614 4551 3731 4602 ani-

2142 4646 2231 4684 mo
2256 4630 2493 4687 delicias.
2544 4634 2764 4689 Etiamsi
2800 4636 2943 4690 enim
2991 4639 3206 4707 prmmia
3246 4639 3459 4694 diverso
3495 4642 3732 4712 appellet

2143 4725 2386 4789 noniiue,
2432 4736 2609 4783 tamen
2646 4744 2833 4786 omnes
2871 4730 2938 4785 ad
2977 4747 3196 4799 regnum
3246 4734 3550 4789 introducit.
3596 4734 3727 4791 Nam

2143 4831 2263 4870 cum
2295 4817 2416 4872 dicit
2438 4859 2453 4881 ,
2488 4818 2756 4887 Lugentes
2784 4824 3209 4878 consolationem
3231 4865 3245 4890 ,
3275 4839 3332 4879 et
3357 4827 3731 4883 misericordes

2144 4908 2564 4965 misericordiam
2595 4921 3021 4981 consequentur,
3051 4925 3109 4969 et
3137 4914 3319 4968 mundi
3359 4917 3523 4970 Corde
3562 4917 3731 4974 Deum

2146 5001 2433 5065 videbunt,
2467 5011 2522 5057 et
2553 5003 2754 5071 pacilici
2783 5004 2874 5058 lilii
2906 5004 2996 5060 Dei
3027 5007 3392 5069 “renituntur,
3427 5009 3558 5063 nihil
3584 5009 3731 5064 aliud

2148 5110 2241 5163 per
2268 5097 2382 5149 lucc
2420 5097 2598 5149 omnia
2625 5096 2855 5161 indicat,
2880 5113 3040 5167 quam
3073 5114 3293 5167 regnum
3322 5102 3576 5154 caelorum
3599 5117 3616 5162 ;
3643 5102 3733 5169 qui

2146 5188 2289 5242 enim
2317 5187 2398 5242 his
2440 5186 2686 5243 fruuntur
2705 5231 2721 5254 ,
2755 5188 2808 5244 id
2836 5201 3236 5259 consequentur
3259 5193 3498 5247 omnino.
3528 5193 3605 5249 Ne
3637 5194 3738 5263 igi-

2150 5288 2235 5334 tur
2274 5281 2574 5334 mercedem
2613 5280 2757 5335 illam
2799 5292 2955 5350 putes
2979 5280 3046 5335 ad
3072 5282 3219 5337 solos
3258 5297 3519 5353 pauperes
3544 5284 3738 5354 spiritu

2149 5374 2418 5443 pertinere
2440 5414 2455 5436 ,
2485 5372 2580 5428 sed
2610 5374 2771 5427 etiam
2802 5373 2868 5428 ad
2896 5374 3192 5429 esurientes
3213 5375 3505 5445 justitiam.
3535 5377 3600 5429 ad
3635 5377 3740 5431 mi-

2153 5476 2232 5520 trs
2257 5476 2310 5520 et
2340 5465 2404 5519 ad
2454 5466 2589 5520 alios
2616 5480 2824 5520 omnes.
2870 5464 2994 5521 Ideo
3045 5467 3190 5521 enim
3218 5467 3268 5519 in
3297 5467 3521 5537 singulis
3570 5467 3740 5521 beati-

2152 5559 2389 5614 tudinem
2415 5559 2696 5628 apposuit.
2720 5570 2775 5612 ut
2799 5573 2866 5612 ne
2887 5558 3013 5627 quid
3036 5557 3289 5612 sensibile
3309 5568 3608 5627 exspectes.
3636 5558 3740 5614 Nos

2150 5669 2254 5723 que
2277 5652 2420 5707 enim
2455 5653 2640 5707 beatus
2665 5652 2769 5706 erit
2793 5651 2885 5704 ille
2912 5652 2999 5718 qui
3034 5651 3096 5705 iis
3124 5651 3468 5711 coronabitur
3492 5692 3506 5715 ,
3537 5666 3659 5720 quas
3688 5653 3740 5705 in

2152 5744 2402 5814 pnesenti
2429 5744 2532 5798 vita
2561 5742 2950 5805 dissolvuntur,
2974 5751 3027 5794 et
3057 5741 3241 5795 umbra
3263 5740 3492 5796 celerius
3518 5754 3742 5811 [innuero

2152 5848 2393 5890 currunt.
2427 5834 2560 5892 Cum
2602 5835 2826 5889 dixisset
2852 5844 3065 5898 autem,
3091 5835 3276 5889 Merces
3331 5844 3495 5885 vestra
3550 5830 3742 5892 multa,
