4052 6432
322 386 425 446 9119

322 508 479 563 aliam
506 503 787 575 subiunxit
829 501 1247 556 consolationem
1293 496 1376 554 his
1406 499 1582 553 verbis
1610 518 1622 554 :
1656 497 1747 553 Sic
1775 498 1908 553 enim

326 597 613 672 persequuti
636 605 754 649 sunt
774 605 819 649 et
840 593 1111 665 prophetas
1131 635 1144 656 ,
1168 592 1252 662 qui
1278 595 1483 663 {uerunt
1507 603 1625 646 arcte
1649 608 1752 644 vos.
1776 592 1906 658 Quia

322 691 467 744 enim
487 697 769 742 venturum
793 694 909 740 erat
928 699 1168 755 regnum,
1192 692 1246 738 et
1267 684 1318 737 in
1336 697 1430 752 Spe
1451 683 1739 751 repositum
1759 688 1906 735 erat:

322 770 447 836 hinc
471 779 576 833 illis
597 777 1018 832 consolationem
1046 775 1267 845 praebet,
1285 789 1350 828 ex
1379 774 1634 827 societate
1659 772 1907 826 nimirum

322 887 508 926 eorum
532 912 545 938 ,
572 872 660 941 qui
683 879 808 924 ante
829 869 973 937 ipsos
995 868 1134 922 male
1159 866 1297 939 passi
1325 866 1553 920 inerant.
1576 864 1653 919 Nc
1682 864 1875 945 putetis
1893 905 1908 928 ,

323 964 532 1033 inquit,
562 977 657 1015 vos
702 960 819 1015 haec
863 960 982 1013 ideo
1008 960 1115 1029 pati
1142 1000 1155 1019 ,
1205 957 1327 1027 quia
1357 957 1621 1011 contraria
1653 954 1829 1009 dicitis
1856 963 1911 1008 et

322 1058 439 1126 lege
485 1055 765 1117 statuitis;
811 1052 894 1106 vel
938 1067 1031 1104 vos
1073 1051 1222 1120 quasi
1272 1064 1555 1119 pravorum
1601 1046 1907 1117 dogntatum

323 1148 610 1218 magistros
638 1145 706 1199 ab
730 1146 833 1198 illis
865 1142 1138 1212 pellendos
1162 1155 1304 1197 esse.
1335 1140 1450 1196 Non
1479 1140 1623 1194 enim
1650 1154 1715 1194 ex
1743 1138 1909 1192 dicto-

321 1250 444 1295 rum
465 1238 730 1308 nequitia,
758 1236 849 1291 sed
877 1252 941 1288 ex
966 1234 1297 1304 malignitate
1316 1232 1642 1287 audientium
1660 1272 1676 1297 ,
1706 1230 1910 1285 insidiae

326 1341 381 1386 et
409 1331 645 1399 pericula
675 1328 984 1398 prodibant.
1015 1328 1191 1393 Quare
1226 1340 1332 1381 non
1359 1325 1513 1380 vobis
1541 1324 1681 1378 male
1709 1325 1915 1393 patien-

326 1425 468 1479 tibus
496 1422 844 1486 malcdicent,
875 1420 967 1474 sed
1014 1419 1118 1474 illis
1147 1419 1284 1473 male
1310 1418 1609 1488 agentibus.
1640 1415 1735 1469 llis
1763 1413 1913 1469 testi-

321 1512 566 1574 monium
612 1513 814 1584 praebet
862 1521 1029 1567 10111111
1077 1511 1403 1581 ιιι-1010111010
1449 1517 1678 1577 tempus.
1725 1506 1910 1575 Neque

319 1611 467 1665 enim
501 1606 787 1677 prophetas
819 1603 887 1659 de
926 1604 1205 1673 iniquitate
1243 1602 1325 1657 vel
1355 1601 1423 1655 de
1468 1601 1627 1670 impia
1669 1599 1910 1654 doctrina

326 1698 686 1759 accusabant,
713 1711 833 1749 cum
880 1695 1016 1749 alios
1059 1691 1353 1763 lapidarent
1381 1734 1396 1757 ,
1432 1691 1566 1746 alios
1608 1690 1909 1760 pellerent,

328 1790 464 1845 alios
489 1786 758 1844 sexcentis
785 1785 902 1841 aliis
953 1785 1228 1839 ofﬁcerent
1282 1783 1436 1838 malis
1481 1782 1676 1853 (Hebr.
1704 1783 1793 1837 11.
1818 1782 1915 1836 55-

328 1872 452 1954 ⁵57).
499 1879 577 1934 Ne
624 1879 800 1947 itaque
825 1877 929 1931 hoc
954 1891 1047 1931 vos
1072 1875 1366 1946 perturbet.
1390 1873 1522 1928 Nam
1570 1873 1760 1928 cadent
1799 1873 1913 1927 ani-

331 1990 423 2028 mo
451 1973 610 2027 etiam
637 1985 776 2025 nunc
804 1968 982 2024 omnia
1016 1977 1340 2038 perpetrant.
1370 1967 1615 2023 Vidistin’
1643 1964 1914 2038 quomodo

329 2079 519 2121 eorum
541 2076 733 2118 sensus
755 2060 1004 2116 excitarit
1020 2101 1037 2125 ,
1067 2059 1185 2115 illos
1200 2074 1373 2129 prope
1393 2058 1607 2129 Moysen
1627 2067 1682 2113 et
1708 2057 1912 2112 lleliam

333 2155 701 2213 constituens?
731 2152 820 2209 Sic
842 2163 898 2206 et
920 2151 1116 2206 Paulus
1144 2150 1213 2205 ad
1240 2149 1750 2205 Thessalonicenses
1775 2147 1914 2202 scri-

326 2242 465 2303 bens
500 2245 611 2299 ait:
653 2243 753 2298 Vos
780 2242 913 2296 enim
951 2243 1226 2295 imitatores
1258 2241 1384 2311 facti
1422 2241 1539 2294 estis
1569 2239 1915 2294 Ecclesiarum

329 2332 428 2392 Dei
454 2377 468 2402 ,
514 2351 626 2406 qua
653 2342 769 2387 sunt
796 2333 851 2386 in
879 2331 1084 2385 Judwa.
1128 2322 1330 2385 Etenim
1350 2341 1404 2386 et
1430 2346 1516 2385 vos
1552 2330 1735 2385 eadem
1779 2329 1915 2399 passi

332 2427 454 2482 estis
477 2443 509 2480 a
534 2424 756 2497 propriis
778 2420 1141 2477 contribulibus
1157 2463 1173 2488 ,
1204 2423 1331 2476 sicut
1350 2430 1397 2475 et
1421 2421 1499 2475 illi
1522 2437 1557 2474 a
1582 2419 1799 2486 luditis,
1828 2420 1916 2489 qui

334 2518 624 2574 occiderunt
661 2506 934 2569 Dominum
975 2504 1152 2567 Iesum
1180 2521 1226 2565 et
1248 2512 1488 2583 praprios
1526 2510 1795 2581 prophetas
1819 2550 1836 2579 ,
1868 2518 1917 2563 et

334 2626 426 2665 nos
481 2610 765 2680 persequuti
792 2614 908 2661 sunt
928 2647 944 2673 ,
976 2614 1023 2658 et
1055 2603 1160 2658 Deo
1188 2620 1291 2658 non
1331 2603 1556 2674 placent,
1592 2612 1639 2656 et
1683 2602 1915 2657 omnibus

336 2699 618 2755 hominibus
662 2697 990 2751 adversantur
1034 2694 1124 2768 (1.
1175 2692 1349 2748 Thess.
1394 2692 1449 2746 Ξ.
1483 2693 1570 2748 14.
1605 2693 1731 2762 15).
1764 2693 1913 2760 Quod

334 2793 423 2846 hic
447 2804 657 2860 quoque
677 2786 919 2842 Christus
949 2785 1195 2840 instituit.
1240 2784 1305 2838 Et
1327 2782 1380 2837 in
1406 2783 1526 2838 aliis
1550 2782 1766 2852 quidem
1791 2782 1916 2838 bea-

335 2883 648 2939 titudiuibus
668 2880 901 2946 dicebat,
923 2877 1067 2933 Beati
1091 2892 1355 2948 pauperes,
1381 2876 1509 2929 beati
1530 2875 1882 2933 misericordes
1904 2896 1921 2934 .'

334 2974 427 3030 hic
448 2989 575 3030 vero
596 2988 704 3027 non
727 2969 997 3025 indeﬁnite
1020 2967 1227 3037 posuit;
1251 2965 1345 3020 sed
1373 2964 1439 3020 ad
1470 2965 1589 3019 illos
1611 2978 1917 3019 sermonem

336 3065 599 3121 convertit
626 3065 810 3119 dicens
834 3080 848 3116 :
878 3054 1019 3116 Beati
1042 3059 1159 3114 estis
1184 3073 1297 3111 cum
1326 3057 1464 3111 vobis
1486 3053 1922 3127 exprobraverint,

337 3162 384 3212 et
408 3154 691 3229 persequuti
706 3164 794 3207 vos
806 3150 1022 3222 fuerint,
1046 3158 1094 3203 et
1115 3148 1333 3202 dixerint
1351 3162 1496 3201 omne
1512 3147 1702 3200 malum
1715 3146 1916 3199 verbum

333 3256 514 3302 contra
536 3261 622 3299 vos
643 3260 662 3296 :
690 3240 977 3297 ostendens
992 3231 1101 3293 hoc
1129 3238 1180 3292 in
1204 3230 1309 3291 illis
1329 3250 1449 3291 esse
1474 3235 1796 3306 prtecipuum
1817 3276 1833 3302 ,
1863 3242 1918 3288 et

338 3332 647 3394 doctoribus
669 3344 777 3404 prie
801 3333 921 3387 aliis
939 3329 1187 3385 omnibus
1210 3327 1258 3382 id
1282 3341 1400 3383 esse
1429 3327 1722 3395 proprium.
1745 3324 1917 3380 Simul

338 3431 503 3486 etiam
531 3425 620 3481 hic
646 3416 961 3494 dignitatem
988 3432 1140 3475 suam
1154 3413 1804 3485 subindicat,eta3qualem
1818 3412 1917 3468 sibi

341 3535 467 3576 eum
486 3516 645 3574 Patre
656 3515 937 3570 honorem.
958 3507 1416 3579 Quemadmodum
1439 3505 1585 3561 enim
1608 3505 1681 3559 illi
1704 3514 1921 3574 propter

339 3605 556 3668 Patrem
577 3651 591 3674 ,
619 3605 820 3677 inquit,
844 3605 914 3659 ita
937 3612 991 3658 et
1009 3615 1105 3656 vos
1126 3607 1344 3671 propter
1368 3612 1455 3653 me
1476 3595 1595 3651 haec
1622 3594 1917 3666 patiemini.

341 3705 477 3760 Cum
498 3711 674 3756 autem
701 3699 862 3764 dicit,
891 3694 1173 3766 PrOphetas
1196 3692 1281 3764 qui
1309 3696 1514 3763 {uerunt
1539 3698 1655 3743 ante
1679 3704 1765 3743 vos
1786 3730 1800 3752 ,
1829 3686 1923 3742 de-

346 3798 516 3852 clarat
546 3793 688 3861 ipsos
710 3790 819 3860 jam
849 3785 1139 3858 prophetas
1167 3782 1333 3838 fuisse
1362 3781 1549 3836 factos.
1581 3779 1716 3835 llinc
1742 3787 1922 3833 osten-

344 3890 480 3944 dens
503 3885 631 3941 illud
657 3883 887 3939 maxime
914 3881 1043 3951 ipsis
1068 3876 1199 3933 utile
1226 3892 1365 3942 esse,
1396 3887 1450 3932 et
1476 3876 1814 3947 splendorem
1839 3872 1921 3927 af-

340 3984 485 4036 ferre
505 4021 521 4044 ,
550 3992 654 4032 non
679 3974 846 4037 dixit,
879 3960 1194 4026 M'aledicent
1216 3967 1369 4022 vobis
1392 3974 1445 4021 et
1471 3980 1565 4021 vos
1594 3980 1920 4036 persequem-

344 4083 433 4127 tur
457 4111 473 4136 ,
500 4065 594 4125 sed
636 4081 736 4137 ego
780 4061 909 4120 illud
941 4060 1260 4132 impediam;
1294 4074 1398 4113 non
1429 4057 1573 4113 enim
1611 4056 1753 4128 quod
1782 4050 1923 4110 male

341 4175 452 4217 non
474 4157 721 4218 audiant,
747 4154 842 4209 sed
866 4152 1008 4224 quod
1036 4151 1176 4206 male
1199 4148 1465 4204 audiendo
1488 4145 1699 4202 fortiter
1718 4146 1888 4200 ierant
1904 4184 1919 4209 ,

339 4258 399 4309 e‘t
427 4266 521 4322 per
549 4260 710 4317 opera
740 4247 884 4316 ipsos
909 4251 1162 4314 arguant,
1193 4241 1309 4294 vult
1331 4254 1426 4294 eos
1459 4240 1511 4292 in
1542 4247 1655 4291 tuto
1677 4231 1880 4291 versari
1906 4247 1920 4288 ξ

340 4344 450 4400 hoc
473 4342 669 4414 quippe
697 4338 788 4393 illo
814 4338 971 4406 longe
993 4332 1163 4404 majus
1185 4341 1305 4387 est:
1333 4327 1781 4401 quemadmodum
1806 4338 1928 4398 per-

344 4436 479 4499 cuti,
501 4442 556 4486 et
576 4430 705 4484 nihil
728 4440 1038 4497 percussum
1067 4421 1210 4492 pati,
1236 4420 1402 4476 multo
1423 4419 1595 4492 majus
1614 4428 1698 4474 est
1720 4457 1736 4485 ,
1767 4432 1925 4488 quam

343 4544 453 4585 non
486 4500 708 4596 percuti.
742 4519 840 4575 Hic
870 4518 1029 4590 igimr
1055 4515 1184 4570 dicit
1209 4532 1223 4582 ;
1257 4514 1452 4568 Μαι-σεε
1475 4516 1641 4567 vestra
1666 4511 1826 4566 multa
1852 4518 1926 4564 est

342 4616 399 4675 in
427 4614 599 4681 cozlis;
629 4614 799 4669 Lucas
820 4625 946 4665 vero
972 4611 1147 4678 ipsum
1176 4619 1231 4663 et
1258 4602 1519 4661 intensius
1538 4644 1554 4673 ,
1583 4610 1784 4660 etcum
1807 4617 1924 4657 ma-

338 4709 449 4783 jori
471 4702 853 4762 consolationis
887 4697 1100 4755 cumulo
1140 4697 1244 4752 hoc
1282 4690 1482 4753 dixisse
1525 4701 1723 4750 narrat.
1745 4691 1928 4762 Neque

348 4799 493 4854 cnim
518 4801 720 4851 tantum
743 4806 836 4847 eos
857 4790 955 4859 qu'r
969 4798 1184 4859 prepter
1211 4787 1378 4842 Deum
1403 4787 1541 4841 male
1562 4784 1782 4839 audiunt
1806 4783 1932 4837 bea-

350 4907 436 4945 tos
465 4886 716 4958 praedicat
735 4926 749 4949 ,
778 4881 871 4938 sed
894 4881 1053 4936 etiam
1077 4889 1171 4934 eos
1190 4878 1278 4948 qui
1306 4877 1375 4932 ab
1401 4876 1650 4931 omnibus
1678 4875 1813 4929 bene
1837 4888 1932 4926 au-

353 4981 509 5037 diunt
531 5020 545 5042 ,
578 4976 804 5031 miseros
853 4969 1022 5030 dicit;
1055 4984 1177 5024 nam
1226 4968 1334 5033 ait,
1376 4966 1465 5022 Vte
1505 4966 1641 5020 vobis
1670 4981 1784 5018 cum
1810 4962 1934 5018 bene

353 5072 492 5128 vobis
512 5068 730 5123 dixerint
749 5078 918 5120 omnes
935 5062 1160 5117 homines
1187 5059 1353 5133 (Luc.
1376 5057 1429 5114 6.
1452 5057 1524 5114 26
1544 5061 1582 5127 ).
1611 5055 1771 5126 Atqui
1797 5069 1930 5126 apo-

354 5163 509 5219 stolis
532 5155 954 5222 hcnedicebant;
983 5153 1081 5208 sed
1106 5167 1214 5207 non
1242 5163 1449 5205 omnes.
1478 5149 1601 5203 ideo
1628 5161 1734 5202 non
1762 5144 1930 5211 dixit,

358 5255 496 5310 Cum
523 5252 658 5306 bene
680 5247 830 5302 vobis
855 5245 1093 5301 dixerint
1118 5242 1405 5307 homines;
1435 5240 1551 5306 sed,
1583 5239 1710 5294 Cum
1738 5251 1929 5292 omnes.

354 5342 540 5414 Neque
575 5339 720 5397 enim
766 5336 881 5392 ﬁeri
926 5345 1101 5406 potest
1141 5343 1198 5389 ut
1226 5335 1260 5389 ii
1291 5333 1380 5404 qui
1423 5334 1673 5387 virtutem
1716 5328 1932 5392 colunt,

356 5436 496 5508 apud
522 5446 711 5489 omnes
747 5431 883 5486 bene
907 5428 1140 5485 audiant.
1176 5426 1511 5496 Rursumque
1539 5424 1614 5478 ait
1639 5442 1653 5477 :
1684 5421 1811 5478 Cum
1835 5421 1936 5491 eje-

356 5528 514 5582 eerint
540 5538 721 5578 nomen
750 5531 965 5575 vestrum
995 5528 1249 5588 tamquam
1285 5514 1476 5570 malum
1496 5558 1510 5582 ,
1533 5514 1745 5586 gaudete
1770 5521 1817 5566 et
1843 5527 1934 5566 ea:-

353 5619 536 5676 sullate
551 5615 572 5690 (
588 5614 725 5669 Ibid.
743 5628 790 5666 υ.
806 5611 899 5666 τῃ.
919 5610 991 5665 25
1010 5612 1051 5680 ).
1075 5609 1256 5680 Neque
1273 5609 1414 5663 enim
1438 5616 1642 5661 tantum
1662 5602 1933 5676 periculis,

354 5723 475 5780 qua:
500 5706 782 5770 subibant,
811 5703 902 5758 sed
930 5702 1091 5756 etiam
1123 5699 1419 5755 maledictis
1437 5740 1453 5766 ,
1482 5710 1726 5768 magnam
1754 5693 1938 5749 statuit

351 5798 680 5855 mercedem.
706 5793 833 5850 Ideo
856 5810 960 5849 non
984 5794 1149 5858 dixit,
1177 5789 1309 5847 Cum
1338 5805 1431 5846 vos
1452 5788 1752 5862 expulerint
1770 5795 1824 5841 et
1847 5799 1939 5840 oc-

1451 377 1520 439 lN
1561 379 1969 438 MATTHJEUM
2011 381 2241 440 llOMlL.
2284 384 2400 441 XV.

3493 386 3598 446 9.30

2014 499 2281 564 ciderint;
2311 501 2405 556 sed
2428 544 2442 566 ,
2490 502 2615 559 Cum
2657 505 3069 575 exprobrare-rint
3089 547 3105 575 ,
3132 514 3180 557 et
3207 505 3425 561 dixerint
3452 522 3596 561 omne

2015 589 2223 644 malum.
2254 590 2386 646 Nam
2415 592 2695 649 maledicta
2724 595 2968 649 acerbius
3000 595 3245 650 mordent
3271 638 3287 661 ,
3319 612 3477 665 quam
3510 613 3596 653 res

2015 680 2163 750 ipsae.
2195 680 2250 736 In
2284 684 2530 750 periculis
2559 685 2701 738 enim
2735 687 2897 739 multa
2929 695 3053 740 sunt
3090 703 3208 755 quae
3241 687 3478 742 laborem
3523 689 3600 740 la-

2014 775 2156 829 eiant
2184 775 2437 830 leviorem
2462 794 2476 841 ;
2506 778 2650 832 verbi
2679 792 2837 832 causa
2862 820 2876 842 ,
2927 794 3045 833 cum
3077 779 3145 833 ab
3173 779 3422 833 omnibus
3451 780 3597 833 exei-

2017 873 2192 921 tamur
2214 909 2229 933 ,
2261 876 2316 922 et
2341 869 2538 923 multos
2570 869 3168 940 habemusplaudentcs
3192 914 3206 935 ,
3235 882 3554 926 coronantes
3579 914 3593 935 ,

2017 956 2391 1026 prmdicantes.
2426 959 2523 1014 llic
2566 976 2693 1015 vero
2723 961 2774 1014 in
2821 961 3120 1016 maledictis
3148 961 3263 1015 hate
3305 963 3599 1016 consolatio

2015 1059 2313 1105 amovctur.
2333 1050 2449 1105 Non
2467 1051 2609 1106 enim
2628 1068 2817 1123 magna
2836 1068 2957 1108 esse
2974 1054 3141 1108 virtus
3166 1063 3393 1123 putatur,
3412 1055 3602 1110 etiam-

2015 1139 2060 1192 si
2086 1139 2253 1210 magis
2282 1140 2396 1196 haec
2425 1158 2583 1211 quam
2617 1145 2850 1212 pericula
2879 1155 3178 1201 certantem
3205 1157 3599 1203 commoveant.

2014 1229 2160 1285 Multi
2190 1247 2417 1302 namque
2445 1234 2512 1287 ad
2554 1235 2801 1305 laqueum
2846 1246 3198 1292 occurrerunt
3219 1281 3235 1305 ,
3267 1239 3463 1292 malam
3496 1255 3600 1292 non

2017 1322 2249 1378 ferentes
2281 1323 2495 1380 fatuam.
2532 1326 2599 1381 Et
2627 1326 2753 1396 quid
2782 1327 2883 1382 hoc
2911 1328 2964 1382 in
2996 1328 3116 1383 aliis
3145 1329 3389 1384 mireris?
3415 1330 3603 1385 Prodi~

2018 1422 2186 1469 torem
2215 1415 2361 1469 illum
2390 1416 2750 1485 impudentem
2768 1426 2822 1473 et
2838 1419 3249 1486 exsecrandum,
3281 1420 3368 1489 qui
3393 1420 3599 1473 (11111111-

2018 1505 2064 1558 la
2090 1520 2148 1559 re
2177 1506 2560 1570 erubescebat,
2595 1508 2695 1563 hoc
2720 1510 2952 1564 maxime
2979 1509 3047 1564 ad
3080 1511 3325 1581 laqueum
3356 1511 3431 1564 ire
3457 1527 3604 1565 com-

2015 1599 2167 1665 pulit.
2193 1598 2293 1653 Job
2315 1614 2525 1669 quoque
2549 1601 2662 1669 ipse
2682 1601 2902 1656 adamas
2922 1645 2935 1667 ,
2959 1611 3014 1657 et
3044 1615 3190 1673 petra
3216 1604 3419 1659 firmior
3437 1644 3452 1671 ,
3478 1618 3601 1660 eum

2014 1704 2148 1759 epes
2169 1691 2349 1745 amisit
2375 1701 2430 1745 et
2457 1692 2788 1746 intoleranda
2820 1707 3009 1761 passus
3034 1704 3146 1760 est,
3172 1696 3294 1749 liliis
3317 1696 3481 1751 orbus
3512 1711 3592 1752 re-

2019 1792 2176 1852 pente
2200 1782 2368 1838 factus
2382 1826 2395 1849 ,
2421 1798 2542 1839 eum
2566 1785 2773 1840 videret
2791 1801 2985 1856 corpus
3007 1802 3160 1843 suum
3191 1789 3465 1843 vermibus
3484 1804 3604 1847 scas

2021 1884 2160 1938 tere,
2184 1874 2585 1946 instantemque
2606 1892 2859 1943 uxorem,
2881 1879 3063 1932 omnia
3089 1878 3246 1933 facile
3276 1893 3466 1948 passus
3486 1888 3599 1945 est;

2018 1980 2139 2019 cum
2178 1975 2358 2020 autem
2389 1966 2519 2021 vidit
2563 1969 2763 2023 amicos
2792 1967 2893 2023 sibi
2937 1967 3324 2038 exprobrantes
3355 1968 3608 2023 insultan-

2021 2065 2207 2126 tesque
2226 2098 2241 2122 ,
2271 2071 2601 2129 pravamque
2626 2058 2693 2113 de
2718 2073 2779 2114 se
2823 2058 3276 2115 existimationem
3306 2059 3564 2116 habentes
3586 2100 3603 2127 ,

2018 2145 2364 2218 dicentesque
2394 2149 2567 2218 ipsum
2592 2160 2811 2220 propter
2841 2159 3056 2219 peccata
3087 2165 3181 2206 sua
3210 2150 3328 2206 luce
3356 2152 3561 2222 perpeti
3588 2193 3604 2218 ,

2019 2246 2073 2292 et
2101 2240 2351 2308 nequitiae
2395 2255 2509 2295 suae
2555 2256 2743 2311 poenas
2767 2241 2897 2299 dare
2920 2282 2936 2309 ,
2970 2250 3096 2298 tunc
3138 2242 3382 2299 turbatus
3410 2254 3493 2301 cst
3526 2244 3608 2298 vir

2018 2327 2110 2381 ille
2138 2328 2288 2384 tortis
2316 2339 2370 2384 et
2397 2345 2619 2400 magnus
2644 2332 2684 2386 ¹.

2088 2422 2145 2477 6.
2176 2421 2337 2477 David
2365 2438 2577 2494 quoque
2600 2423 2816 2478 mittens
2843 2425 3022 2480 omnia
3049 2440 3168 2495 qum
3196 2439 3383 2495 passus
3404 2424 3600 2491 fuerat,

2019 2525 2118 2580 pro
2157 2511 2438 2566 maledicto
2476 2512 2877 2568 retributionem
2921 2529 2951 2568 a
3000 2515 3112 2570 Deo
3149 2515 3362 2584 petebat
3394 2533 3407 2569 :
3441 2513 3606 2580 Sine,

2021 2603 2228 2674 inquit,
2256 2605 2401 2659 illum
2427 2606 2725 2661 maledicere
2752 2604 2941 2660 Doridi
2957 2648 2972 2671 ,
3000 2622 3121 2678 quia
3151 2606 3395 2661 Dominus
3414 2620 3608 2676 prlece-

2021 2698 2093 2766 pit
2122 2696 2233 2762 illi,
2263 2706 2315 2751 ut
2342 2698 2507 2752 videat
2535 2696 2784 2752 Dominus
2806 2699 3206 2753 humiliationem
3232 2715 3394 2753 meam
3420 2742 3434 2763 ,
3466 2708 3513 2752 et
3532 2715 3610 2752 re-

2021 2789 2202 2841 tribuat
2224 2788 2346 2841 milti
2374 2789 2502 2842 bona
2530 2805 2621 2858 pro
2646 2789 2913 2842 maledicto
2942 2790 2995 2843 in
3020 2790 3103 2843 die
3127 2789 3222 2843 hac
3249 2790 3325 2861 (ἓ.
3358 2790 3492 2860 Reg.
3520 2790 3609 2845 16.

2023 2879 2270 2949 11.19.).
2313 2880 2380 2933 Et
2414 2880 2611 2934 Paulus
2654 2896 2759 2933 non
2806 2880 3168 2950 periclitantes
3211 2880 3401 2947 modo,
3437 2896 3611 2951 neque

2020 2972 2177 3026 bonis
2205 2970 2491 3041 spoliatos,
2522 2970 2615 3025 sed
2645 2972 2803 3025 etiam
2835 2970 3113 3026 maledicta
3144 2971 3374 3027 ferentes
3398 2970 3612 3041 praedi-

2022 3070 2108 3115 cat
2149 3061 2234 3116 his
2259 3062 2436 3116 verbis
2465 3078 2478 3114 :
2509 3060 2868 3116 Recordamini
2895 3063 3088 3117 dierum
3120 3064 3347 3126 priorum
3370 3104 3384 3127 ,
3414 3064 3468 3117 in
3494 3064 3611 3132 qni-

2023 3149 2113 3204 bus
2135 3151 2408 3205 illuminati
2430 3168 2667 3221 ntagnum
2689 3163 2938 3207 certamen
2954 3153 3263 3207 sustinuistis
3284 3154 3574 3223 passionum
3599 3170 3610 3208 :

2022 3252 2068 3297 et
2100 3244 2154 3297 in
2185 3244 2345 3299 altero
2368 3245 2569 3315 quidem
2595 3245 2877 3315 opprobriis
2902 3255 2951 3300 et
2979 3246 3384 3301 tribulationibus
3410 3255 3597 3316 specta-

2023 3337 2191 3390 culum
2224 3337 2379 3407 facti,
2408 3338 2463 3391 in
2499 3336 2659 3391 altero
2686 3347 2855 3391 autem
2883 3338 3008 3391 socii
3029 3338 3199 3413 taliter
3215 3340 3615 3393 conversantium

2024 3424 2185 3492 e/fecti
2225 3425 2412 3497 (Hebr.
2446 3428 2534 3482 10.
2565 3427 2653 3481 32.
2681 3427 2752 3483 55
2773 3428 2815 3496 ).
2844 3427 3131 3497 Propterea
3161 3429 3460 3484 mercedem
3491 3444 3608 3484 ma-

2023 3532 2179 3583 gnam
2211 3516 2385 3586 posuit
2409 3517 2671 3573 Christus.
2702 3517 2904 3573 Deinde
2932 3532 3000 3572 ne
3024 3519 3143 3589 quis
3169 3517 3308 3574 dicat
3329 3538 3343 3575 :
3362 3519 3460 3574 Hie
3482 3534 3612 3590 ergo

2026 3624 2130 3663 non
2163 3609 2399 3664 vindicas
2419 3651 2434 3676 ,
2462 3625 2638 3680 neque
2662 3625 2847 3665 eorum
2873 3625 2965 3665 ora
2987 3611 3224 3677 consuis,
3255 3610 3351 3666 sed
3372 3610 3443 3665 ibi
3467 3626 3608 3664 mero

2026 3700 2210 3755 cedem
2252 3701 2392 3757 das?
2431 3701 2721 3772 prephetas
2749 3703 3093 3769 memoravit,
3125 3703 3416 3759 ostendens
3441 3718 3613 3774 neque

2029 3800 2153 3845 tunc
2186 3790 2330 3862 ipsos
2361 3791 2525 3846 Deum
2558 3793 2726 3847 ultum
2753 3807 2891 3848 esse.
2919 3794 2974 3849 Si
3005 3808 3133 3848 vero
3159 3803 3287 3848 tunc
3307 3809 3426 3848 cum
3448 3808 3617 3864 prope

2027 3891 2181 3937 erant
2226 3882 2633 3949 retributiones,
2682 3897 2779 3952 spe
2830 3882 3130 3938 futurorum
3179 3882 3393 3937 fovebat
3442 3883 3610 3937 illos:

2027 3975 2196 4027 multo
2235 3974 2404 4042 magis
2446 3988 2622 4037 nunc,
2672 3973 2885 4042 quando
2926 3988 3049 4043 spes
3092 3973 3180 4026 illa
3207 3973 3402 4027 clarior
3424 3973 3612 4027 effecta

2029 4074 2129 4129 est,
2163 4075 2216 4119 et
2236 4064 2569 4134 philosophia
2596 4065 2787 4134 major.
2817 4064 2948 4119 Vide
2973 4073 3151 4119 autem
3177 4073 3297 4134 post
3316 4072 3446 4133 quot
3465 4078 3615 4118 man-

2028 4148 2151 4210 data
2184 4156 2285 4210 hoc
2320 4163 2534 4210 statuat.
2562 4155 2679 4210 Non
2714 4156 2858 4209 enim
2886 4170 3012 4209 casu
3041 4156 3290 4226 quapiam
3319 4156 3424 4211 hoc
3451 4154 3612 4217 fecit;

2029 4249 2123 4304 sed
2169 4259 2228 4304 ut
2269 4247 2547 4314 ostendat,
2588 4262 2696 4302 non
2742 4259 2907 4319 posse
2938 4263 3096 4313 eum,
3135 4248 3224 4319 qui
3258 4263 3364 4302 non
3406 4246 3474 4302 ad
3500 4247 3616 4302 lucc

2031 4342 2210 4397 omnia
2256 4350 2471 4411 paratus
2512 4350 2569 4395 et
2614 4341 2903 4396 instructus
2941 4341 3045 4407 sit,
3088 4342 3140 4396 in
3184 4341 3300 4396 1111ιο
3324 4340 3615 4397 certamina

2033 4433 2264 4504 prodire.
2303 4431 2427 4488 ideo
2468 4448 2501 4488 a
2539 4432 2700 4503 priori
2727 4447 2939 4501 semper
2961 4432 3028 4487 ad
3054 4446 3285 4502 sequens
3310 4433 3615 4489 mandatum

2034 4526 2173 4578 viam
2216 4538 2442 4594 parans,
2493 4533 2734 4580 catenam
2781 4522 2937 4580 nobis
2982 4539 3199 4579 auream
3248 4524 3437 4579 texuit.
3482 4523 3618 4579 Cum

2034 4615 2176 4669 enim
2224 4614 2345 4684 quis
2390 4614 2606 4669 humilis
2645 4615 2838 4681 tuerit,
2868 4616 3027 4670 etiam
3054 4630 3150 4671 sua
3177 4616 3396 4670 omnino
3420 4614 3620 4684 lugebit

2036 4718 2249 4780 peccata
2279 4726 2294 4774 ;
2340 4709 2428 4778 qui
2473 4706 2708 4777 lugebit,
2740 4709 2883 4763 mitis
2908 4709 3011 4762 erit
3030 4749 3045 4773 ,
3075 4707 3349 4763 modestus
3375 4715 3431 4761 et
3458 4705 3617 4760 mise—

2035 4802 2239 4865 ricors;
2282 4799 2587 4854 misericors
2625 4813 2783 4864 vero,
2815 4799 2990 4867 justus
3021 4800 3155 4865 erit,
3187 4805 3537 4866 compunctus
3566 4808 3622 4854 et

2037 4894 2266 4949 mundus
2285 4892 2447 4948 corde
2481 4910 2494 4945 :
2525 4892 2614 4962 qui
2640 4891 2761 4947 talis
2785 4893 2922 4956 erit,
2952 4892 3111 4947 etiam
3141 4891 3392 4960 paciﬁcus
3413 4891 3622 4946 futurus

2037 4993 2140 5041 est.
2185 4982 2285 5053 Qui
2326 4996 2487 5054 porro
2517 4982 2633 5037 haec
2656 4982 2833 5037 omnia
2862 4990 3178 5051 assequutus
3205 4980 3401 5049 fuerit,
3426 4982 3495 5036 ad
3523 4997 3619 5052 pe-

2038 5076 2203 5132 ricula
2246 5076 2407 5130 etiam
2439 5081 2652 5143 paratus
2698 5074 2835 5141 erit,
2865 5087 3037 5143 neque
3076 5073 3216 5129 male
3244 5074 3466 5130 audiens
3501 5084 3607 5128 tur~

2041 5167 2289 5235 habitur,
2338 5182 2511 5236 neque
2560 5167 2607 5222 si
2651 5166 2934 5220 innumera
2983 5166 3212 5235 patiatur
3263 5167 3422 5221 mala.
3467 5166 3619 5221 Posv

2040 5278 2199 5333 quam
2225 5275 2353 5331 ergo
2377 5275 2472 5316 eos
2496 5260 2562 5315 ad
2588 5274 2650 5314 ea
2675 5274 2793 5329 qua:
2817 5267 3175 5315 consentanea
3206 5267 3360 5314 erant
3385 5259 3629 5313 hortatus

2041 5365 2157 5423 est,
2207 5367 2392 5409 rursus
2416 5368 2509 5408 eos
2538 5352 2780 5407 laudibus
2807 5353 3025 5407 solatur.
3054 5352 3186 5421 Quia
3213 5353 3353 5406 enim
3378 5350 3626 5406 sublimia

2044 5455 2311 5518 prazcepta
2353 5455 2542 5511 erant,
2589 5445 2861 5514 multoque
2910 5444 3112 5513 majora
3165 5458 3322 5512 quam
3382 5442 3436 5495 in
3459 5443 3627 5496 veteri

2043 5541 2198 5612 lege,
2239 5555 2306 5594 ne
2348 5538 2690 5594 turbarentur
2733 5553 2796 5594 ac
2839 5537 3200 5607 trepidarent,
3231 5536 3580 5605 dicerentque
3610 5552 3633 5590 ι·

2044 5631 2322 5702 Quomodo
2364 5629 2478 5685 haec
2523 5629 2747 5699 implere
2785 5627 3114 5698 poterimus?
3147 5612 3421 5696 audi'quid
3447 5624 3633 5681 dicat:

2113 5790 2129 5820 ί
2164 5784 2382 5838 Nonnulli
2404 5786 2604 5846 habent,
2626 5783 2809 5835 Athleta
2830 5782 2912 5834 ille
2942 5780 3080 5845 fortis
3097 5787 3139 5831 rt
3158 5790 3378 5843 magnvs.
