4052 6424
481 369 576 423 ΞὸΙ

481 486 565 537 t5.
612 484 710 536 Vos
767 485 884 538 estis
911 486 989 538 sal
1019 495 1166 538 terra:
1188 527 1201 548 ,
1237 485 1524 541 ostendens
1546 501 1604 541 se
1629 487 1931 542 necessario
1960 487 2073 542 hinc

480 585 740 644 praecepta
759 577 904 630 dare.
929 577 1041 631 Non
1065 577 1205 632 enim
1230 593 1326 648 pro
1355 588 1526 633 vestra
1559 581 1684 646 vita,
1717 581 1810 634 scd
1843 596 1936 650 pre
1965 589 2074 634 toto

479 671 627 733 urbe,
655 671 840 738 inquit,
861 671 1081 726 verbum
1097 671 1248 727 vobis
1275 674 1643 728 committitur.
1665 673 1847 744 Neque
1865 674 1916 728 in
1941 673 2073 728 duas

478 763 641 817 nrbes
665 777 758 818 V05
785 762 955 829 mitto,
977 763 1060 818 vel
1087 763 1272 819 decem
1303 765 1384 819 vel
1403 765 1582 836 viginti
1609 781 1624 831 ;
1651 781 1820 836 neque
1847 767 1897 820 in
1914 781 2070 819 unam

482 869 578 902 vos
607 855 759 908 mitto
779 864 1016 924 gentem,
1041 858 1177 913 sicut
1201 857 1645 927 prephetasolim,
1671 859 1762 914 sed
1780 859 1832 914 in
1851 869 2068 928 terram,

474 945 524 997 in
571 961 716 1000 mare
745 957 798 1000 et
830 948 881 1002 in
905 949 1212 1004 universum
1240 951 1422 1006 orbem
1448 991 1464 1018 ,
1492 959 1546 1006 et
1570 951 1709 1007 hunc
1741 952 1968 1022 pessime
1993 952 2073 1007 al-

475 1037 692 1094 lectum.
711 1039 843 1094 Cum
858 1041 992 1096 dixit
1007 1043 1170 1109 enim,
1185 1042 1285 1098 Vos
1295 1047 1410 1098 estis
1429 1045 1510 1099 sal
1525 1046 1925 1113 terrw,ostendit
1949 1048 2069 1102 uni-

473 1143 680 1184 versam
701 1132 974 1187 hominum
999 1143 1238 1188 naturam
1259 1136 1642 1204 infatuatam,et
1659 1151 1688 1189 a
1707 1138 1938 1207 peccatis
1961 1152 2072 1192 cor-

474 1231 682 1292 ruptam
713 1238 853 1277 esse.
882 1224 1005 1278 Ideo
1023 1225 1120 1277 has
1137 1225 1187 1279 in
1208 1225 1309 1280 illis
1327 1226 1557 1282 maxime
1581 1228 1802 1283 virtutes
1827 1228 2066 1299 requirit,

473 1328 590 1382 qua!
614 1324 737 1369 sunt
764 1315 829 1370 ad
863 1317 1147 1371 ntultorum
1171 1318 1576 1375 sollicitudinem
1593 1321 1877 1391 gerendam
1906 1322 2072 1392 magis

474 1406 788 1458 necessaria}
827 1417 878 1460 et
927 1408 1098 1462 utiles.
1126 1407 1333 1463 Etenim
1355 1411 1444 1480 qui
1478 1410 1622 1464 mitis
1647 1421 1748 1473 est,
1772 1411 2072 1478 modestus,

473 1495 776 1550 misericors
824 1505 879 1551 et
919 1498 1115 1576 justus,
1147 1515 1250 1554 non
1299 1500 1350 1554 in
1391 1515 1449 1556 se
1495 1510 1699 1556 tantum
1731 1503 1867 1557 bona
1909 1519 2070 1573 opera

471 1587 768 1651 concludit,
804 1588 900 1644 sed
926 1590 1085 1644 etiam
1111 1590 1161 1646 id
1185 1601 1338 1646 curat
1362 1601 1419 1646 ut
1460 1594 1660 1663 egregii
1703 1593 1777 1648 illi
1807 1593 1980 1648 fontes
2005 1593 2070 1649 ad

471 1677 699 1733 aliorum
745 1691 965 1735 manent
1005 1682 1310 1738 utilitatem.
1355 1684 1586 1739 llursum
1616 1686 1704 1756 qui
1734 1687 1962 1741 mundus
1989 1697 2073 1743 est

463 1770 634 1824 corde
654 1813 668 1836 ,
717 1774 969 1841 paciﬁcus
1007 1784 1061 1828 et
1107 1790 1200 1844 pro
1231 1777 1455 1832 veritate
1482 1778 1666 1848 pulsus
1685 1820 1698 1843 ,
1727 1779 1888 1832 vitam
1919 1795 2070 1834 suam

473 1861 537 1914 ad
580 1877 922 1920 Communem
953 1865 1232 1921 utilitatem
1260 1868 1457 1939 dirigit.
1491 1869 1568 1924 Ne
1598 1872 1789 1940 putetis
1809 1913 1824 1937 ,
1859 1872 2022 1942 inquit
2053 1914 2067 1938 ,

474 1968 568 2005 vos
609 1954 674 2008 ad
723 1955 853 2009 levia
883 1958 1126 2025 qua-dam
1157 1961 1449 2016 certamina
1479 1961 1657 2029 trahi,
1686 1979 1859 2034 neque
1883 1965 1950 2018 de
1980 1981 2066 2019 re-

473 2050 572 2099 lms
619 2047 824 2117 exiguis
857 2050 994 2118 apud
1033 2068 1126 2106 vos
1165 2053 1248 2123 agi
1291 2071 1304 2108 :
1339 2052 1440 2108 Vos
1482 2055 1599 2109 estis
1627 2056 1704 2116 sal
1743 2066 1904 2111 terra).
1935 2057 2069 2125 Quid

475 2138 678 2205 igitur?
727 2156 852 2194 num
894 2142 968 2196 illi
1016 2143 1226 2211 putrida
1254 2149 1669 2201 restaurarunt?
1699 2145 2065 2217 Nequaquam.

477 2229 592 2282 Non
646 2242 869 2300 possunt
911 2234 1052 2288 enim
1095 2235 1206 2305 jam
1239 2237 1531 2306 putrefacta
1560 2239 1686 2294 salis
1713 2242 2070 2309 permixtione

466 2319 676 2386 juvare.
706 2322 820 2378 Non
854 2323 954 2380 hoc
983 2337 1130 2382 certe
1161 2327 1399 2383 fecerunt
1433 2348 1444 2383 :
1474 2331 1567 2384 sed
1601 2343 1850 2386 renovata
1877 2335 2024 2402 prius
2047 2373 2064 2399 ,

471 2424 524 2465 et
574 2413 672 2469 sibi
727 2416 951 2482 tradita,
1003 2427 1059 2472 et
1096 2435 1126 2472 a
1171 2419 1362 2475 lmtore
1400 2421 1492 2476 illo
1517 2422 1770 2490 liberata,
1800 2434 1922 2479 tunc
1946 2441 2066 2481 cum

470 2505 581 2560 sale
626 2507 959 2574 miscebant,
1011 2523 1170 2582 atque
1219 2513 1270 2568 in
1318 2515 1406 2569 illa
1455 2517 1691 2572 novitate
1737 2519 2019 2573 servabant
2048 2559 2066 2584 ,

467 2616 626 2668 quam
670 2616 700 2655 a
746 2602 970 2657 Domino
1009 2615 1348 2676 acceperant.
1391 2608 1521 2663 Nam
1566 2610 1781 2666 liberari
1819 2627 1847 2666 a
1877 2612 2069 2669 ﬁctore

472 2703 807 2755 peccatorum
830 2736 844 2759 ,
879 2694 1080 2752 Christi
1124 2697 1337 2754 virtutis
1366 2715 1503 2770 epus
1529 2701 1626 2756 fuit
1653 2719 1667 2767 ;
1697 2712 1751 2757 at
1780 2719 1884 2758 non
1913 2707 1975 2760 ad
2006 2707 2070 2760 il-

471 2781 579 2834 lum
610 2781 854 2839 faetorem
887 2787 1084 2842 reverti
1105 2829 1121 2854 ,
1153 2789 1203 2843 id
1237 2791 1447 2845 illorum
1475 2792 1764 2864 diligentia:
1791 2807 1846 2850 et
1871 2797 2069 2852 laboris

465 2889 604 2941 opus
643 2884 782 2930 erat.
827 2877 1013 2932 Viden‘
1050 2881 1320 2950 quomodo
1372 2885 1620 2953 paulatim
1666 2886 1900 2942 ostendit
1926 2891 2068 2959 ipsos

467 2967 743 3035 prophetis
767 2984 886 3024 esse
915 2971 1208 3028 meliores?
1233 2973 1348 3029 Non
1379 2977 1521 3030 enim
1551 2979 1844 3035 Palaestinae
1871 2981 2058 3050 docto-

467 3074 557 3112 res
578 3074 698 3114 esse
719 3062 828 3127 ait,
862 3063 956 3117 sed
989 3064 1148 3119 totius
1173 3066 1318 3122 orbis
1345 3077 1540 3134 terrae;
1571 3086 1669 3125 nec
1699 3073 1858 3128 modo
1879 3074 2063 3130 docto-

467 3166 556 3203 res
573 3191 588 3214 ,
615 3151 708 3206 sed
735 3152 891 3206 etiam
913 3153 1161 3210 doctores
1183 3159 1505 3213 tremendos.
1529 3160 1679 3229 Quod
1701 3164 1842 3219 enim
1868 3167 2062 3222 mirum

474 3251 590 3308 est,
622 3258 724 3296 non
753 3243 1032 3301 adulantes
1052 3288 1067 3313 ,
1093 3263 1266 3316 neque
1288 3249 1583 3319 palpantes,
1607 3253 1700 3309 sed
1721 3269 1910 3326 aspere
1930 3259 2056 3313 acri-

475 3342 661 3404 terque
698 3346 918 3405 agentes
958 3339 1095 3394 sicut
1133 3341 1244 3407 sal,
1291 3342 1369 3396 sic
1407 3342 1788 3402 desiderabiles
1817 3349 2065 3407 omnibus

471 3426 704 3481 fuerunt.
751 3427 927 3485 Nolite
962 3445 1093 3502 ergo
1119 3432 1300 3487 mirari
1328 3476 1342 3501 ,
1377 3434 1573 3504 inquit,
1601 3436 1646 3491 si
1676 3436 1802 3493 aliis
1825 3441 2024 3496 relictis
2043 3483 2060 3510 ,

471 3533 564 3572 vos
582 3521 903 3590 alloquar,et
919 3523 981 3577 ad
1001 3531 1144 3579 tanta
1167 3541 1260 3579 vos
1285 3527 1516 3595 pericula
1541 3531 2062 3598 pertraham.Consi-

467 3608 651 3664 derate
671 3612 812 3665 enim
825 3624 950 3682 quot
976 3616 1294 3686 quantisque
1314 3619 1641 3687 civitatibus,
1671 3624 1898 3694 populis,
1928 3640 2064 3695 gen-

469 3700 610 3754 tibus
624 3716 718 3756 vos
737 3702 1013 3772 praefectos
1032 3707 1292 3762 missurus
1314 3710 1435 3763 sim.
1451 3709 1681 3783 Ideoque
1701 3730 1810 3769 non
1830 3730 1924 3770 vos
1941 3725 2061 3773 tan-

467 3799 578 3845 tum
612 3793 898 3863 prudentes
921 3811 1042 3853 esse
1069 3799 1220 3866 volo,
1251 3800 1347 3856 sed
1370 3810 1424 3856 ut
1445 3801 1581 3859 alios
1606 3803 1808 3862 similes
1831 3806 2057 3864 faciatis.

465 3881 591 3938 illos
633 3892 811 3940 autem
848 3887 939 3957 qui
980 3887 1283 3959 huiusmodi
1330 3899 1484 3957 sunt,
1526 3893 1812 3951 admodum
1841 3912 2060 3969 sagaces

462 3989 584 4030 esse
611 3985 858 4046 oportet,
887 3980 937 4034 in
966 3983 1160 4051 quibus
1185 3998 1376 4054 nempe
1405 3994 1459 4041 et
1484 3985 1711 4043 aliorum
1741 3991 1885 4045 salus
1913 3995 2059 4062 peri-

466 4067 711 4135 clitatur,
761 4079 815 4125 et
855 4079 1055 4128 tantam
1100 4075 1154 4128 in
1198 4075 1302 4130 illis
1329 4078 1503 4133 inesse
1535 4079 1820 4147 virtutem,
1855 4093 1913 4138 ut
1936 4099 2054 4140 eam

464 4159 528 4213 ad
558 4159 789 4215 aliorum
839 4163 1121 4219 utilitatem
1177 4167 1448 4236 impertire
1493 4172 1720 4240 possint.
1761 4172 1872 4229 Nisi
1912 4176 2053 4231 enim

413 4287 424 4298 .
466 4253 594 4308 tales
616 4254 840 4324 fueritis,
865 4273 933 4312 ne
955 4257 1102 4314 vobis
1126 4260 1340 4330 quidem
1373 4263 1500 4331 ipsis
1523 4264 1770 4321 sufﬁcere
1789 4270 2050 4337 poteritis.

534 4345 586 4397 7.
635 4344 714 4400 Ne
760 4350 938 4417 itaque
979 4365 1122 4420 aegre
1169 4351 1383 4418 feratis,
1421 4357 1573 4424 quasi
1603 4357 1827 4413 molesta
1857 4362 1964 4416 sint
1989 4379 2050 4420 ea

460 4455 580 4508 quae
623 4439 896 4496 dicuntur.
923 4442 1055 4498 Nam
1083 4445 1174 4499 alii
1207 4447 1420 4516 quidem
1452 4449 1724 4518 infamati,
1754 4453 2050 4512 ministerio

460 4543 641 4589 vestro
686 4533 1000 4604 resipiscere
1044 4547 1268 4607 possunt
1320 4556 1333 4592 :
1381 4555 1474 4594 vos
1513 4552 1724 4610 autem,
1763 4545 1887 4600 siin
1919 4547 2047 4603 illud

459 4627 654 4680 malum
681 4626 953 4694 incidatis,
976 4629 1108 4686 alios
1131 4631 1402 4686 vobiscum
1428 4633 1479 4687 in
1503 4637 1790 4704 perniciem
1816 4639 2043 4697 trahitis.

456 4714 640 4786 Itaque
687 4727 887 4788 quanto
935 4719 1136 4791 majora
1183 4722 1331 4778 vobis
1355 4727 1760 4783 counnittuutur
1787 4733 1994 4802 negotia
2025 4773 2042 4800 ,

455 4819 605 4864 tanto
645 4811 846 4880 majore
901 4811 1079 4866 studio
1135 4827 1268 4882 opus
1301 4813 1529 4871 habetis.
1557 4814 1894 4889 Quapropter
1919 4823 1992 4876 ait
2026 4842 2041 4880 :

455 4902 517 4956 Si
545 4913 712 4956 autem
741 4904 821 4958 sal
843 4905 1149 4976 infatuatum
1173 4909 1323 4978 fuerit
1349 4951 1364 4976 ,
1395 4909 1448 4964 in
1468 4927 1566 4980 quo
1591 4913 1840 4967 salietur?
1863 4915 1945 4968 Ad
1964 4917 2042 4970 ni~

453 4995 612 5048 hilum
639 4996 771 5050 valet
799 4997 934 5050 ultra
952 5040 967 5064 ,
989 4999 1088 5053 nisi
1107 5009 1161 5053 ut
1189 5001 1418 5056 mittatur
1445 5003 1585 5072 [oras
1605 5045 1619 5068 ,
1648 5015 1695 5059 et
1719 5007 2041 5064 conculcetur

449 5088 514 5141 ab
551 5087 854 5142 hominibus.
887 5089 1018 5144 Nam
1044 5093 1134 5147 alii
1162 5091 1374 5160 quidem
1403 5093 1447 5148 si
1472 5099 1776 5152 sexcenties
1802 5099 2036 5170 cedant,

451 5179 660 5234 veniam
703 5181 959 5250 consequi
999 5193 1223 5250 possunt
1253 5202 1267 5238 :
1295 5185 1484 5240 doctor
1511 5195 1687 5243 autem
1719 5189 1762 5243 si
1791 5189 1841 5244 id
1871 5192 2038 5260 patia-

449 5281 537 5326 tur
561 5313 576 5338 ,
617 5273 764 5328 omni
794 5272 1107 5330 defensione
1134 5277 1403 5346 privatur,
1436 5288 1490 5334 et
1513 5290 1754 5338 extremo
1777 5283 2038 5342 afﬁcietur

445 5364 726 5433 supplicio.
757 5363 836 5420 Ne
862 5365 1004 5420 enim
1031 5366 1329 5432 audientes.
1357 5369 1482 5424 Cum
1511 5375 1923 5442 exprobraverint
1947 5394 2035 5434 vos

443 5467 491 5509 et
532 5457 817 5527 persequuti
847 5472 935 5511 vos
962 5457 1187 5527 fuerint,
1221 5469 1267 5512 et
1289 5461 1509 5516 dixerint
1533 5477 1679 5520 omne
1708 5467 1898 5520 ntalum
1923 5485 2035 5523 uer-

443 5546 561 5599 bum
583 5547 850 5602 adnersum
869 5563 956 5601 vos
981 5591 994 5612 ,
1021 5549 1073 5602 in
1104 5549 1338 5605 medium
1362 5553 1573 5621 prodire
1601 5555 1842 5625 timeant,
1867 5558 2029 5614 dicit:

443 5637 553 5691 Nisi
591 5637 657 5691 ad
699 5638 813 5692 hac
852 5640 1020 5710 parati
1048 5637 1285 5706 fueritis,
1329 5642 1522 5698 frustra
1548 5645 1704 5701 electi
1733 5648 1882 5702 estis.
1914 5649 2030 5705 Non

365 5769 376 5778 .
441 5726 584 5780 enim
633 5730 914 5784 maledicta
954 5743 1078 5786 sunt
1109 5731 1342 5787 timenda
1363 5775 1379 5798 ,
1407 5744 1463 5788 at
1488 5736 1830 5792 metuendum
1863 5755 1930 5794 ne
1959 5740 2030 5794 si-

445 5814 737 5871 mulatores
775 5818 1058 5874 videamini
1111 5839 1124 5874 :
1181 5830 1305 5878 tunc
1351 5823 1492 5878 enim
1531 5816 1766 5881 inlaluati
1795 5829 1944 5884 eritis
1974 5839 2027 5885 et

1228 369 1292 424 S.
1324 369 1600 425 JOANN’TIS
1639 368 2108 426 CIIRYSOSTOMI
2152 369 2464 428 ARCHIEP.
2507 377 3038 439 CONSTANTINOP.

3659 394 3760 451 932

2179 491 2489 548 eoneulcati.
2511 494 2564 548 Si
2588 507 2764 552 autem
2786 503 3133 568 perseveretis
3158 519 3345 574 aspere
3365 523 3487 563 cum
3511 510 3618 566 illis
3644 528 3762 584 age-

2178 596 2236 635 re
2256 623 2270 646 ,
2310 585 2352 635 si
2386 596 2566 652 postea
2596 589 2735 643 male
2761 591 2986 647 audiatis
3011 635 3025 660 ,
3056 595 3300 664 gaudete.
3338 597 3470 654 lllud
3501 604 3645 658 enim
3675 621 3754 659 sa-

2179 671 2242 725 lis
2290 684 2373 727 est
2418 691 2584 745 opus,
2635 689 2691 734 ut
2739 683 2928 737 molles
2971 685 3215 741 mordeat
3259 697 3310 742 et
3338 702 3555 761 pungat.
3584 694 3766 766 Itaque

2185 764 2465 820 maledicta
2519 772 2822 826 necessario
2875 787 3200 844 sequuntur,
3258 794 3430 848 neque
3483 784 3533 836 in
3584 764 3765 857 aliquo

2197 872 2288 911 vos
2321 859 2549 925 lu-dnnt,
2581 863 2674 918 sed
2702 876 2932 921 vestram
2961 868 3309 926 testiﬁcantur
3355 872 3681 932 ﬁrmitatem.
3708 880 3762 935 Si

2176 961 2303 1001 vero
2334 949 2418 1002 illa
2451 960 2748 1010 metuentes
2772 997 2787 1024 ,
2833 957 2903 1010 ab
2942 957 3030 1012 illa
3059 961 3210 1016 vobis
3238 975 3568 1034 congruente
3595 969 3754 1024 Vt:th

2175 1043 2376 1095 mentia
2407 1043 2720 1102 destiteritis
2750 1089 2764 1114 ,
2818 1051 2988 1106 multo
3027 1055 3274 1123 graviora
3329 1061 3535 1126 passuri
3584 1066 3716 1117 estis
3741 1105 3757 1124 .

2173 1133 2312 1203 apud
2341 1149 2531 1192 omnes
2579 1139 2719 1194 male
2747 1140 3014 1208 audituri,
3049 1156 3102 1199 et
3147 1149 3394 1205 omnibus
3431 1159 3760 1223 contemptui

2173 1225 2323 1279 eritis
2355 1245 2367 1280 :
2397 1228 2525 1283 illud
2553 1231 2694 1284 enim
2722 1242 2804 1286 est
2823 1237 3143 1292 conculcari.
3176 1239 3374 1296 Deinde
3399 1242 3465 1296 ad
3493 1245 3637 1298 aliud
3668 1264 3758 1300 su-

2174 1315 2389 1373 blimius
2430 1323 2599 1391 pergit
2645 1327 2968 1395 exemplum.
3020 1329 3106 1383 H.
3153 1331 3248 1385 Vos
3287 1334 3403 1388 estis
3446 1337 3538 1390 tua:
3564 1341 3760 1397 mundi.

2175 1407 2367 1463 lterum
2418 1413 2635 1480 mundi,
2681 1431 2784 1469 non
2822 1419 2992 1486 gentis
3034 1436 3185 1475 mnus
3207 1464 3220 1486 ,
3252 1424 3336 1479 vel
3365 1427 3545 1495 viginti
3573 1429 3760 1483 civita-

2174 1509 2284 1554 tum
2311 1543 2326 1568 ,
2371 1504 2464 1557 sed
2515 1507 2674 1560 totius
2699 1508 2844 1564 orbis
2872 1527 2884 1563 :
2919 1512 3010 1565 lux
3044 1513 3389 1584 intelligibilis
3409 1558 3424 1584 ,
3459 1518 3541 1572 his
3569 1522 3760 1575 solari-

2174 1592 2271 1649 bus
2313 1595 2478 1652 radiis
2519 1604 2888 1668 prmstantior,
2930 1605 3378 1673 quemadmodum
3411 1619 3464 1663 et
3492 1611 3572 1665 sal
3603 1614 3763 1682 spiri-

2175 1686 2335 1742 tuale.
2379 1687 2560 1743 Primo
2583 1690 2659 1746 sal
2679 1731 2694 1756 ,
2737 1693 2930 1749 deinde
2977 1695 3062 1750 lux
3084 1738 3098 1762 ,
3129 1706 3184 1752 ut
3209 1700 3384 1756 discas
3411 1715 3666 1774 quintum
3694 1723 3761 1762 ex

2171 1777 2282 1832 acri
2326 1793 2575 1836 sermone
2603 1783 2802 1838 lucrum
2831 1788 3135 1856 proveniat,
3164 1790 3360 1860 'quanta
3389 1811 3452 1850 ex
3483 1799 3630 1865 gravi
3661 1800 3754 1853 do-

2171 1868 2338 1922 ctrina
2386 1870 2604 1926 utilitas.
2648 1874 2867 1946 Stringit
2907 1879 3084 1945 enim,
3128 1897 3225 1936 nec
3255 1885 3381 1939 sinit
3406 1887 3678 1955 difﬂuere,
3708 1901 3762 1946 ct

2171 1957 2236 2012 ad
2267 1960 2514 2016 virtutem
2542 1963 2742 2020 ducens
2779 1969 3095 2038 respiciendi
3125 1974 3229 2027 vim
3269 1975 3419 2030 indit.
3451 1977 3570 2034 Non
3598 1994 3758 2051 potest

2169 2052 2342 2105 civitas
2361 2055 2602 2110 abscondi
2628 2076 2784 2128 supra
2813 2073 3029 2116 montem
3053 2067 3217 2134 posita
3247 2083 3266 2119 :
3294 2069 3361 2125 l‘a’
3408 2088 3563 2139 neque
3582 2091 3763 2128 accen-

2170 2145 2296 2200 dunt
2342 2147 2628 2215 lucernam,
2666 2164 2713 2206 et
2738 2167 2933 2224 ponunt
2957 2173 3067 2210 eam
3093 2159 3184 2212 sub
3214 2162 3403 2215 modio.
3431 2163 3634 2220 Rursus
3668 2183 3763 2235 per

2171 2235 2286 2291 lucc
2308 2237 2427 2294 illos
2453 2241 2517 2294 ad
2542 2253 2846 2298 accuratam
2875 2247 2997 2300 vita:
3018 2251 3278 2304 rationem
3307 2253 3534 2319 excitat,
3561 2255 3762 2314 doceas

2169 2345 2262 2383 eos
2281 2372 2295 2392 ,
2327 2342 2384 2385 ut
2413 2333 2638 2389 sollicite
2664 2336 2762 2390 sibi
2788 2349 3038 2404 caveant,
3073 2351 3253 2410 utpote
3284 2345 3371 2413 qui
3400 2346 3499 2398 sub
3519 2350 3760 2404 omnium

2169 2421 2335 2475 oculis
2367 2433 2674 2493 versentur,
2707 2437 2758 2481 et
2788 2428 2836 2480 in
2871 2430 3046 2484 medio
3070 2434 3231 2487 totius
3261 2435 3407 2489 orbis
3436 2436 3646 2491 theatro
3669 2439 3762 2493 dc-

2169 2525 2396 2570 certcnt.
2441 2516 2644 2582 Nolite,
2687 2520 2890 2590 inquit,
2924 2522 2975 2576 id
3003 2533 3250 2592 reputare
3277 2526 3492 2594 animo,
3526 2545 3622 2583 vos
3648 2531 3759 2599 jam

2170 2604 2257 2660 hic
2299 2607 2526 2674 sedere,
2574 2618 2628 2664 et
2672 2609 2723 2663 in
2764 2612 2951 2682 exigua
3001 2615 3178 2684 anguli
3224 2627 3374 2686 parte
3412 2622 3612 2674 versari
3647 2645 3657 2671 ;
3691 2621 3759 2677 ita

2168 2697 2309 2750 enim
2356 2699 2630 2768 conspicui
2675 2703 2921 2758 omnibus
2959 2705 3138 2772 eritis,
3183 2719 3240 2762 ut
3265 2711 3454 2766 civitas
3483 2711 3534 2766 in
3565 2715 3759 2770 montis

2168 2790 2441 2846 cacumine
2485 2793 2674 2860 posita,
2711 2804 2768 2850 ut
2807 2797 3021 2851 lucerna
3055 2799 3105 2852 in
3135 2799 3297 2855 dumo
3321 2817 3479 2873 supra
3508 2805 3762 2860 candela-

2170 2878 2322 2934 brum
2348 2883 2551 2938 lucens.

2239 2971 2426 3028 Christi
2453 2977 2673 3045 potentia
2701 2981 2962 3034 asseritur.
2984 3013 3054 3022 —
3083 2983 3184 3039 Ubi
3215 2993 3340 3040 Sunt
3381 3002 3522 3042 nunc
3562 2987 3641 3041 illi
3669 2989 3760 3055 qui

2167 3061 2362 3119 Christi
2397 3069 2648 3134 potentiae
2689 3085 2793 3126 non
2824 3073 3088 3128 credunt?
3133 3075 3258 3132 Hmc
3286 3077 3536 3145 audiant,
3591 3091 3648 3135 et
3690 3083 3760 3136 de

2170 3157 2462 3226 prophetiae
2493 3160 2542 3213 vi
2585 3171 2903 3232 stupentes,
2947 3166 3170 3222 adorent
3215 3170 3338 3239 ejus
3365 3171 3755 3228 fortitudinem.

2171 3247 2448 3317 Perpende
2488 3251 2631 3306 enim
2659 3263 2856 3324 quanta
2891 3257 3203 3326 polliceatur
3238 3261 3302 3314 iis
3331 3262 3420 3332 qui
3459 3279 3528 3317 ne
3570 3265 3622 3318 in
3660 3281 3756 3323 sua

2165 3339 2383 3409 quidem
2415 3343 2633 3412 regione
2659 3348 2766 3399 noti
2795 3357 2981 3414 erant;
3015 3349 3262 3406 videlicet
3289 3353 3434 3422 ipsos
3463 3354 3516 3408 in
3539 3365 3684 3411 terra
3703 3366 3754 3413 ct

2168 3431 2219 3485 in
2253 3433 2388 3488 mari
2430 3435 2802 3505 celebrandos,
2833 3448 2886 3494 et
2915 3440 3050 3495 fama
3081 3442 3146 3496 ad
3178 3445 3433 3501 terminos
3460 3447 3607 3502 orbis
3629 3464 3756 3518 per-

2165 3533 2418 3580 venturos
2447 3542 2600 3593 esse;
2631 3529 2738 3583 imo
2766 3546 2868 3586 non
2893 3531 3028 3587 fama
3055 3543 3282 3602 tantum,
3305 3537 3398 3592 sed
3420 3547 3476 3593 et
3507 3539 3753 3598 beneﬁcii

2164 3617 2420 3675 efﬁcacia.
2449 3620 2563 3676 Non
2590 3623 2732 3678 enim
2763 3624 2884 3679 illos
2927 3624 3062 3680 fama
3095 3627 3284 3682 volans
3324 3637 3478 3685 notos
3523 3632 3754 3689 reddidit

2165 3712 2382 3782 ubique,
2407 3712 2499 3769 sed
2527 3714 2637 3785 ipsa
2659 3731 2878 3786 operum
2901 3718 3206 3773 celebritas.
3230 3718 3361 3774 Nam
3385 3736 3482 3776 ceu
3506 3722 3753 3779 volucres

2163 3803 2397 3858 velocius
2423 3821 2580 3874 quam
2609 3807 2736 3861 solis
2758 3806 2892 3862 radii
2920 3817 3118 3862 terram
3137 3825 3351 3865 omnem
3375 3825 3750 3883 peragrarunt,

2163 3895 2264 3964 pia:
2293 3896 2569 3967 religionis
2611 3899 2784 3955 lucem
2815 3902 3151 3956 eminentes.
3185 3902 3281 3957 llic
3306 3915 3482 3958 autem
3513 3906 3642 3960 mihi
3675 3908 3750 3962 vi-

2159 3987 2316 4043 detur
2362 3990 2480 4044 illos
2509 3989 2574 4046 ad
2622 3992 2869 4047 ﬁduciam
2922 3993 3234 4049 sumendam
3283 3995 3552 4051 cohortari
3581 4013 3596 4050 :
3625 4015 3747 4053 eum

2156 4080 2298 4135 enim
2333 4081 2481 4147 dicit,
2527 4081 2646 4137 Non
2676 4093 2835 4154 potest
2862 4085 3034 4138 civitas
3064 4087 3306 4140 abscondi
3329 4104 3487 4159 supra
3525 4101 3746 4144 montem

2158 4174 2340 4242 posita,
2371 4176 2663 4244 potentiam
2707 4175 2942 4232 declarat
2970 4193 3158 4243 suam;
3211 4179 3348 4233 sicut
3377 4180 3518 4234 enim
3550 4181 3636 4234 illa
3667 4182 3746 4236 ci-

2156 4265 2291 4318 vitas
2332 4260 2817 4338 abscondi'nequit,
2846 4269 2923 4322 sic
2968 4269 3271 4338 praedicatio
3302 4271 3464 4326 taceri
3495 4281 3548 4326 et
3577 4273 3745 4328 latere

2154 4370 2262 4410 non
2289 4365 2480 4426 potest.
2510 4357 2642 4426 Quia
2670 4359 2812 4413 enim
2847 4359 3099 4430 loquutus
3128 4369 3246 4414 erat
3273 4360 3340 4414 de
3371 4365 3741 4432 persequutio-

2154 4444 2432 4515 nibus,4de
2460 4451 2778 4518 maledictis,
2820 4452 2888 4507 de
2914 4453 3140 4519 insidiis,
3179 4454 3244 4507 de
3273 4453 3459 4520 bellis;
3489 4471 3557 4510 ne
3583 4465 3736 4525 puta-

2152 4549 2271 4595 rent
2294 4541 2409 4596 haec
2429 4541 2536 4596 illis
2565 4557 2723 4613 posse
2743 4558 2804 4598 os
2825 4543 3126 4609 obstruere,
3152 4543 3397 4599 ﬁduciam
3419 4546 3523 4602 illis
3547 4547 3742 4603 indeus

2147 4633 2241 4700 ait,
2271 4633 2702 4704 prmdicationem
2751 4651 2857 4690 non
2892 4637 3050 4690 modo
3086 4651 3190 4691 non
3223 4637 3388 4692 latere
3417 4653 3606 4707 posse,
3641 4641 3736 4696 sed

2147 4734 2202 4779 et
2226 4733 2392 4778 totum
2423 4724 2607 4780 orbem
2635 4724 3016 4781 illustraturam
3045 4742 3182 4782 esse.
3217 4727 3443 4798 Ideoque
3469 4729 3541 4784 illi
3571 4731 3735 4784 etiam

2133 4824 2302 4878 .crunt
2347 4817 2615 4886 conspicui
2656 4826 2709 4871 et
2756 4818 3012 4888 insignes.
3061 4817 3193 4886 Hinc
3240 4819 3398 4887 igitur
3441 4821 3729 4889 potentiam

2143 4921 2294 4962 suam
2322 4907 2588 4973 ostendit;
2629 4925 2694 4964 ex
2724 4909 3072 4979 sequentibus
3097 4925 3224 4964 vero
3256 4909 3500 4965 ﬁduciam
3533 4911 3600 4967 ab
3627 4912 3734 4968 illis

2143 4999 2306 5070 exigit
2339 4999 2421 5054 his
2449 5000 2625 5056 verbis
2654 5019 2668 5055 :
2713 4999 2893 5069 Neque
2917 5001 3195 5055 accendunt
3225 5001 3501 5065 lucernam,
3543 5011 3590 5055 et
3631 5021 3732 5071 ρος

2141 5101 2269 5146 nunt
2298 5109 2408 5146 eam
2431 5093 2521 5148 sub
2548 5093 2736 5158 modio,
2761 5093 2848 5147 sed
2872 5109 3027 5162 super
3062 5092 3439 5160 candelabrum,
3470 5103 3523 5147 ut
3563 5093 3731 5148 luceat

2140 5184 2372 5238 omnibus
2399 5185 2486 5256 qui
2524 5187 2580 5239 in
2621 5185 2771 5239 domo
2805 5194 2941 5239 sunt.
2995 5185 3079 5240 16.
3129 5184 3220 5240 Sic
3262 5185 3423 5238 luceat
3451 5186 3540 5239 lux
3563 5197 3730 5241 uestra

2138 5292 2308 5330 coram
2339 5277 2641 5344 hominibus,
2667 5286 2722 5331 ut
2749 5277 2945 5330 rideant
2970 5293 3122 5346 Opera
3160 5285 3322 5331 uestra
3352 5277 3500 5341 bona,
3539 5285 3582 5330 et
3608 5278 3727 5348 glo-

2135 5371 2332 5440 riﬁcent
2378 5369 2587 5424 Patrem
2636 5381 2848 5424 vestrum
2877 5370 2965 5442 qui
3005 5371 3058 5424 in
3086 5370 3222 5425 curtis
3269 5379 3361 5424 est.
3416 5369 3528 5439 Ego
3556 5371 3725 5430 enim,

2137 5464 2326 5534 inquit,
2358 5463 2529 5519 lucem
2560 5463 2776 5518 accendi
2805 5479 2818 5515 :
2852 5472 2910 5516 ut
2934 5478 3063 5518 vero
3095 5470 3402 5531 perseveret
3428 5462 3642 5527 ardens,
3670 5463 3725 5515 id

2133 5555 2198 5609 ad
2230 5566 2460 5610 vestram
2497 5555 2823 5626 diligentiam
2851 5554 3122 5624 pertinet;
3153 5568 3258 5608 non
3304 5554 3465 5608 vestri
3519 5561 3723 5608 tantum

2133 5661 2314 5714 causa,
2348 5646 2443 5702 sed
2480 5657 2534 5702 et
2574 5647 2786 5701 illorum
2824 5645 2996 5717 gratia
3026 5645 3115 5715 qui
3146 5645 3244 5700 hac
3276 5645 3547 5714 potientur
3575 5642 3722 5712 luce,

2133 5747 2188 5792 et
2227 5738 2292 5792 ad
2339 5739 2617 5793 veritatem
2649 5737 3000 5792 deducentur.
3047 5736 3231 5806 Neque
3279 5737 3422 5790 enim
3474 5746 3730 5806 poterunt

2134 5828 2413 5884 maledicta
2469 5839 2705 5885 vestrum
2754 5829 3044 5884 obscurare
3091 5829 3429 5899 Splendoreu:
3477 5845 3490 5881 :
3538 5829 3586 5883 si
3619 5842 3720 5883 vos
