4052 6426
287 589 778 660 κατανενυγμένος,
815 589 1030 651 πάντως
1062 588 1154 641 καὶ
1182 585 1418 657 καθαρὸς
1446 589 1511 658 τῇ
1545 589 1742 660 καρδία
1781 590 1857 620 “-

285 676 317 728 ὁ
339 673 396 726 δέ
425 667 687 734 τοιοῦτος,
729 668 823 721 καὶ
863 666 1219 737 εἰρηνοποιός.
1257 666 1317 718 Ὀ
1362 666 1419 718 δὲ
1466 667 1641 721 ταῦτα
1685 669 1865 721 πάντα

286 742 692 817 κατωρθωκὼς,
750 743 843 798 καὶ⁵
880 743 1017 812 πρὸς
1054 740 1330 803 κινδύνους
1356 740 1509 795 ἔσται
1551 758 1864 814 παρατετα-

288 826 511 896 γμένος,
541 823 638 876 καί
683 822 745 875 οὐ
791 820 1196 890 ταραχθήσεται
1248 820 1460 873 ἀκούων
1505 821 1715 887 κακῶς,
1773 823 1868 875 καὶ

294 902 459 974 μυρία
482 903 528 934 ³⁵
548 901 773 970 πάσχων
790 900 954 952 δεινά.
982 897 1319 969 Παραινέσας
1335 897 1513 951 τοίνυν
1541 898 1578 951 ἃ
1600 899 1862 969 προσῆκε,

292 980 455 1033 πάλιν
480 977 754 1032 ἀναπαύει
793 978 906 1037 τοῖς
935 975 1232 1046 ἐγκωμίοις
1262 974 1479 1037 αὐτούς.
1513 976 1727 1047 Ἐπειδὴ
1760 976 1868 1045 7&9

291 1055 473 1128 ὑψηλά
502 1056 571 1109 τά
601 1054 947 1124 ἐπιτάγματα
977 1050 1066 1123 ἦν,
1090 1053 1185 1106 καὶ
1213 1051 1393 1122 πολλῷ
1424 1052 1646 1123 μείζονα
1677 1053 1785 1105 τῶν
1811 1054 1868 1104 ἐν

289 1138 356 1206 τῇ
391 1135 622 1203 Παλαιᾷ,
655 1133 741 1185 ἵνα
770 1131 847 1202 μὴ
876 1132 1205 1203 θορυδῶνται
1231 1132 1326 1183 καὶ
1349 1130 1742 1201 ταράττωνται,
1774 1131 1869 1185 καλ⁸

290 1213 513 1281 λέγωσιο
548 1211 672 1274 Πῶς
709 1209 1047 1281 δυνησόμεθα
1077 1209 1248 1263 ταῦτα
1281 1208 1609 1282 κατορθοῦνς
1641 1210 1868 1265 ἄκουσον

290 1293 343 1345 τί
383 1306 566 1361 φησιν·
603 1287 780 1357 Ὑμεῖς
822 1287 964 1340 ἐστε
1008 1288 1077 1341 τὸ
1127 1287 1281 1353 ἅλας
1310 1287 1422 1356 τῆς
1462 1285 1605 1356 γῆς’
1653 1288 1867 1351 δεικνὺς

289 1374 373 1426 δτι
408 1369 721 1439 ἀναγκαίως
760 1367 932 1422 ταῦτα
965 1369 1260 1422 ἐπιτάττει.
1307 1370 1382 1422 Οὐ
1424 1369 1533 1440 7&9
1575 1368 1717 1441 ύπέρ
1768 1370 1895 1440 τῆςι

295 1450 416 1505 καθ’
441 1450 666 1512 ἑαυτοὺς
699 1447 865 1517 ζωῆς,
898 1447 1011 1501 ἀλλ’
1036 1447 1177 1518 ὑπὲρ
1194 1447 1295 1516 τῆς
1317 1448 1658 1519 οἰκουμένης,
1682 1449 1867 1518 φησὶν,

292 1529 510 1598 ἀπάσης
540 1530 570 1582 ὁ
588 1526 747 1594 λόγος
774 1524 927 1579 ἐσται
954 1525 1101 1596 ὑμῖν,
1141 1525 1274 1579 Οὐδὲ
1304 1524 1414 1596 γὰρ
1444 1528 1525 1590 είς
1548 1526 1640 1578 δύο
1663 1526 1867 1593 πόλεις,

295 1607 389 1660 καὶ
423 1607 469 1638 ’⁸
498 1605 652 1667 δέκα,
678 1604 775 1657 καὶ
797 1603 1021 1670 εἴκοσιν,
1048 1603 1167 1657 οὐδὲ
1194 1606 1274 1667 είς
1302 1604 1361 1655 ἒν
1385 1602 1534 1668 ἔθνος
1566 1605 1712 1675 ὑμᾶς
1740 1606 1871 1659 ἀπο-

294 1683 519 1746 στέλλω,
557 1682 809 1752 καθάπερ
840 1681 966 1744 τοὺς
1021 1683 1322 1752 προφήτας,
1371 1680 1486 1734 ἀλλ’
1525 1684 1605 1746 είς
1638 1685 1742 1752 γῆν
1774 1685 1869 1739 καὶ

294 1762 563 1817 θάλατταν
604 1763 698 1815 καὶ
743 1759 843 1830 τήν
876 1761 1200 1830 οἰκουμένην
1244 1760 1479 1825 ἀπασαν,
1526 1763 1620 1815 καὶ
1665 1762 1867 1833 ταύτην

293 1840 479 1903 κακῶς
506 1837 871 1909 διακειμένην.
903 1838 992 1909 Τῷ
1033 1837 1143 1906 7&9
1190 1840 1383 1903 εἰπεῖν,
1415 1839 1599 1908 Ὑμεῖς
1625 1840 1765 1894 ἐστε
1797 1842 1866 1894 τὸ

293 1920 448 1986 ἅλας
471 1918 585 1987 τῆς
615 1918 747 1988 γῆς,
785 1916 950 1981 ἔδειξε
987 1917 1361 1987 μωρανθεῖσαν
1393 1917 1609 1972 ἃπασαν
1633 1920 1732 1989 τὴν
1769 1922 1865 1973 άν-

293 1999 571 2070 θρωπίνην
593 1998 774 2068 φύσιν,
806 1998 899 2050 καὶ
929 1999 1335 2050 κατασαπεῖσαν
1360 1995 1465 2050 ὑπὸ
1489 1997 1595 2049 τῶν
1625 1997 1869 2068 ἀμαρτηο

296 2081 501 2151 μάτων.
533 2079 633 2132 Διά
672 2094 755 2130 τοι
796 2074 953 2129 τοῦτο
977 2074 1180 2139 ταύτας
1226 2075 1355 2145 παρ’
1394 2076 1572 2129 αὐτῶν
1620 2076 1869 2147 ἐπιζητεῖ

291 2159 393 2222 τάς
428 2159 650 2231 ἀρετάς,
689 2158 745 2211 αἳ
781 2155 1015 2226 μάλιστα
1046 2154 1183 2225 πρὸς
1213 2155 1313 2225 τὴν
1344 2154 1451 2208 τῶν
1494 2155 1703 2209 πολλῶν
1741 2159 1866 2210 ἐπι-

296 2237 518 2307 μέλειάν
567 2239 707 2290 είσιν
752 2235 1042 2303 ἀναγκαῖαι
1074 2235 1169 2287 καὶ
1218 2234 1496 2304 χρήσιμοι.
1531 2234 1599 2288 ’0
1642 2250 1702 2287 τε
1758 2236 1869 2306 7&9

294 2319 466 2389 πρᾶος
522 2317 618 2371 καὶ
654 2312 901 2384 ἐπιεικὴς
948 2312 1044 2364 καὶ
1087 2312 1331 2381 ἐλεήμων
1373 2314 1467 2365 καὶ
1506 2312 1734 2377 δίκαιος,
1768 2315 1870 2369 οὐκ

292 2400 374 2459 είς
404 2397 564 2450 αὐτον
595 2391 867 2463 συγκλείει
888 2390 956 2444 τά
979 2389 1374 2462 κατορθώματα
1408 2390 1587 2461 μόνον,
1612 2391 1747 2447 ἀλλά
1772 2394 1870 2446 καὶ

293 2479 373 2540 είς
399 2477 498 2547 τὴν
530 2473 731 2545 ἑτέρων
765 2471 812 2504 ⁸⁸
844 2471 1114 2540 ὠφέλειαν
1142 2470 1239 2533 τὰς
1268 2468 1456 2547 καλὰς
1467 2470 1673 2533 ταύτας
1697 2471 1869 2542 ὑπερ-

295 2544 505 2625 χεῖσθαι
534 2544 940 2624 παρασκευάζει
973 2547 1176 2621 πηγάς.
1221 2548 1279 2625 Ὀ
1321 2547 1366 2600 δ’
1391 2544 1458 2600 αὖ
1489 2549 1727 2618 καθαρὸς
1769 2551 1871 2620 τὴν

294 2624 521 2702 καρδίαν
552 2631 647 2684 καὶ
681 2628 1037 2699 είρηνοποιὸς,
1066 2627 1158 2679 καὶ
1207 2624 1562 2695 ἐλαυνόμενος
1592 2627 1733 2698 ὑπὲρ
1770 2629 1869 2697 τῆς

294 2710 577 2781 ἀληθείας,
624 2708 785 2762 πάλιν
827 2706 964 2778 πρὸς
998 2704 1061 2757 τὸ
1101 2705 1252 2775 κοινῇ
1303 2705 1580 2773 συμφέρον
1619 2706 1712 2757 τὸν
1756 2706 1872 2775 βίον

295 2788 638 2842 καθίσταται.
686 2786 775 2855 Μὴ
820 2784 1000 2838 τοίνυν
1038 2782 1317 2853 νομίσητε,
1371 2783 1557 2851 φησιν,
1605 2784 1697 2837 ἐπὶ
1744 2786 1873 2860 τοὺς

293 2867 557 2937 τυχόντας
591 2865 809 2934 ἀγῶνας
841 2862 1117 2925 ἕλκεσθαι,
1147 2861 1281 2932 μηδέ
1312 2862 1449 2931 ὑπὲρ
1477 2861 1690 2932 μικρῶν
1711 2880 1874 2916 τινων

293 2941 437 3000 εἶναι
463 2946 553 2999 τδν
574 2945 730 3013 λόγον
753 2944 783 2996 6
791 2944 901 3013 μίν*
936 2941 1122 3011 Ὑμεῖς
1148 2942 1289 2994 ἐστε
1318 2940 1383 2994 τὸ
1411 2940 1565 3008 ἅλας
1592 2940 1700 3009 τῆς
1732 2942 1869 3012 γῆς.

294 3025 362 3076 Τί
397 3019 526 3088 06v;
572 3020 642 3073 τά
694 3020 968 3090 σεσηπότα
1009 3018 1163 3073 αὐτοὶ
1203 3015 1553 3086 διώρθωσανς
1585 3018 1869 3088 Οὐδαμῶς.

292 3101 433 3156 Οὔτε
459 3105 504 3137 ’⁷
537 3098 645 3169 γὰρ
685 3098 907 3151 δυνατὸν
950 3096 1021 3150 τά
1059 3096 1380 3166 διεφθορότα
1411 3097 1512 3168 ῆδη
1545 3099 1879 3153 ἐπιπάσσοσ-

293 3197 394 3242 τας
418 3178 552 3240 ἃλας
578 3176 826 3245 ὠφελεῖν.
852 3175 927 3228 Οὐ
950 3175 1015 3245 δὴ
1036 3174 1193 3228 τοῦτο
1222 3174 1459 3227 ἐποίουν⁹
1484 3174 1620 3228 ἀλλὰ
1648 3177 1879 3234 ἀνανεω-

294 3257 460 3311 θέντα
504 3254 765 3326 πρότερον
816 3252 910 3306 καὶ
957 3250 1332 3322 παραδοθέντα
1383 3251 1581 3315 αὐτοῖς,
1634 3254 1728 3307 καὶ
1775 3255 1880 3323 τῆς

293 3335 560 3398 δυσωδίας
609 3332 988 3401 ἀπαλλαγέντα
1021 3331 1237 3402 ἐκείνης
1260 3370 1276 3394 ,
1326 3327 1450 3383 τότε
1482 3329 1688 3399 ήλιζον,
1747 3349 1880 3385 κατ-

294 3416 513 3485 έχοντες
552 3414 647 3466 καὶ
678 3410 825 3485 [194]
851 3409 1234 3481 διατηροῦντες
1261 3410 1319 3485 ἐν
1340 3410 1406 3485 τῇ
1432 3408 1712 3478 νεαρότητι
1739 3411 1877 3465 ταύ-

293 3484 387 3566 τῃ,
424 3492 492 3563 ἢν
518 3484 691 3560 παράί
716 3489 809 3544 τοῦ
837 3489 1106 3543 Δεσπότου
1151 3484 1477 3566 παρέλαὸον.
1517 3486 1560 3537 Τ
1563 3485 1597 3566 ὸν
1640 3486 1738 3557 μὲν
1767 3489 1879 3566 γὰρ

294 3563 677 3642 ἀπαλλαγῆναι
708 3572 806 3640 τῆς
836 3567 1125 3639 σηπεδόνος
1161 3565 1272 3618 τῶν
1304 3565 1740 3642 ἁμαρτημάτων,
1774 3563 1873 3618 τοῦ

295 3649 535 3721 Χριστοῦ
573 3641 904 3721 κατόρθωμα
945 3647 1158 3717 γέγονε·
1188 3644 1251 3699 τὸ
1293 3644 1337 3698 δ’
1370 3641 1438 3697 αὖ
1479 3646 1642 3699 πάλιν
1678 3647 1876 3716 μηκέτι

295 3730 387 3783 ἐπ’
423 3729 635 3799 ἐκείνην
665 3726 1001 3792 ἐπανελθεῖν,
1022 3729 1121 3797 τῆς
1148 3724 1352 3779 τούτων
1387 3725 1623 3796 σπουδῆς
1656 3726 1749 3779 καὶ
1779 3743 1876 3779 τα-

296 3809 600 3882 λαιπωρίας
631 3808 792 3879 ἔργον
816 3803 905 3880 ἧν.
922 3807 1083 3878 Ὁρᾷς
1111 3805 1226 3869 πῶς
1252 3803 1393 3859 κατὰ
1415 3806 1609 3877 μικρὸν
1635 3806 1876 3861 δείκνυσι

302 3889 402 3943 καὶ
430 3888 538 3942 τῶν
568 3886 863 3960 προφητῶν
890 3885 1051 3949 ὄντας
1090 3883 1364 3955 βελτίους;
1396 3886 1473 3938 Οὐ
1497 3884 1606 3956 γὰρ
1632 3887 1731 3955 τῆς
1765 3886 1877 3940 Πα-

294 3967 576 4039 λαιστίνης
622 3965 973 4028 διδασκάλους
1020 3961 1158 4018 εἷναί
1206 3981 1392 4034 φησιν,
1439 3964 1574 4018 ἀλλὰ
1624 3965 1724 4035 τῆς
1772 3966 1876 4037 γῆς

294 4048 538 4117 ἀπάσηςο
570 4044 665 4099 καὶ
693 4045 794 4115 οὐχ
820 4043 1008 4109 ἅπλῶς
1032 4042 1409 4107 διδασκάλους,
1437 4043 1574 4097 ἀλλά
1598 4043 1696 4097 καὶ
1721 4044 1876 4113 φοϐε-

296 4126 451 4197 ρούς.
475 4123 548 4177 Τὸ
570 4122 680 4194 γὰρ
724 4123 790 4193 δὴ
836 4120 1144 4193 θαυμαστὸν
1171 4119 1330 4174 τοῦτό
1371 4122 1539 4187 ἐστιν,
1575 4121 1658 4175 ὅτι
1695 4121 1755 4174 οὐ
1784 4139 1877 4175 κο-

294 4202 639 4266 λακεύοντες,
698 4201 819 4255 οὐδέ
859 4199 1276 4272 θεραπεύοντες,
1326 4199 1441 4253 ἀλλ’
1488 4198 1876 4268 ἐπιστύφοντες

294 4283 487 4354 ῶσπερ
519 4280 582 4334 τὸ
632 4280 787 4345 ἃλας,
823 4279 968 4333 οὓτω
1007 4278 1247 4332 ποθεινοί
1279 4280 1413 4333 πᾶσι
1458 4281 1733 4349 γεγόνασι.
1782 4280 1875 4352 Μὴ

296 4363 480 4417 τοίνυν
508 4359 846 4431 θαυμάσητε,
878 4361 1042 4436 φησιν
1060 4398 1076 4424 ,
1116 4359 1166 4411 εί
1191 4357 1317 4422 τοὺς
1346 4357 1538 4421 ἄλλους
1558 4357 1717 4428 ἀφεὶς
1749 4358 1877 4428 ὑμῖν

295 4441 638 4511 διαλέγομαι,
686 4440 783 4493 καὶ
842 4440 981 4510 πρὸς
1044 4437 1332 4500 τοσούτους
1396 4436 1539 4491 ἐλκω
1579 4436 1875 4502 κινδύνους.

309 4522 630 4592 Ἐννοήσατε
664 4519 775 4590 7&9
810 4520 964 4584 ὅσαις
994 4518 1180 4572 πόλεσι
1225 4517 1319 4571 καὶ
1346 4516 1537 4588 δήμοις
1571 4519 1663 4571 καὶ
1702 4517 1879 4573 ἔθνεσι

300 4599 485 4672 μέλλω
514 4596 752 4669 πέμπειν
786 4598 930 4669 ὑμᾶς
955 4597 1274 4660 ἐπιστάτας.
1302 4596 1400 4650 Διά
1426 4596 1584 4651 τοῦτο
1612 4598 1710 4668 οὐχ
1738 4598 1882 4669 ὑμᾶς

295 4676 442 4733 εἶναι
468 4676 729 4747 βούλομαι
759 4678 1055 4749 φρονίμους
1106 4676 1289 4746 μόνον,
1342 4676 1478 4731 ἀλλά
1526 4675 1623 4731 καὶ
1662 4677 1882 4750 ἐτέρους

294 4757 575 4820 τοιούτους
599 4758 792 4811 ποιεῖν.
819 4757 958 4819 Τοὺς
976 4757 1033 4810 δέ
1051 4757 1329 4819 τοιούτους
1363 4755 1497 4810 πολὺ
1526 4755 1608 4809 δεῖ
1626 4758 1883 4821 συνετοὺς

297 4831 463 4897 εἶναι,
492 4837 550 4888 ἐν
580 4829 661 4898 οἷς
686 4836 720 4905 ή
743 4834 851 4889 τῶν
893 4834 1066 4888 ἄλλων
1093 4833 1459 4888 κινδυνεύεται
1494 4834 1755 4907 σωτηρία,
1788 4837 1884 4890 καὶ

298 4913 569 4984 τοσαύτην
600 4912 783 4976 αὐτοῖς
829 4912 927 4984 τήν
974 4913 1290 4984 περιουσίαν
1336 4909 1478 4966 εἶναι
1512 4914 1612 4981 τῆς
1656 4914 1880 4986 ἀρετῆς,

297 4992 379 5056 ὡς
426 4992 520 5046 καὶ
572 4991 753 5055 ἀλλοις
802 4990 1139 5062 μεταδιδόναι
1188 4990 1287 5059 τῆς
1331 4989 1624 5059 ὠφελείας.
1686 4993 1748 5045 Εἰ
1775 4992 1885 5062 7&9

300 5072 538 5126 τοιοῦτοι
571 5071 646 5141 μὴ
674 5070 917 5139 γένοισθε
940 5071 1007 5134 ⁸⁸,
1041 5070 1161 5123 οὐδέ
1185 5070 1315 5141 ὑμῖν
1348 5068 1529 5134 αὐτοῖς
1563 5069 1845 5142 ἀρκέσετε.

360 5149 423 5214 ζ’.
459 5151 550 5223 Μὴ
572 5150 748 5203 τοίνυν
769 5150 1159 5221 δυσχεράνητε,
1190 5149 1267 5213 ὼς
1300 5148 1552 5219 ἐπαχθῶν
1589 5149 1758 5202 ὄντων
1777 5149 1884 5202 τῶν

299 5230 633 5301 λεγομένων.
670 5228 797 5292 Τοῖς
829 5229 928 5296 μὲν
954 5230 1063 5299 7&9
1086 5228 1267 5291 ἄλλοις
1300 5228 1634 5299 μωρανθεῖσι
1658 5228 1884 5282 δυνατὸν

302 5309 623 5366 ἐπανελθεῖν
654 5308 721 5362 δι’
761 5308 913 5379 ὑμῶν
942 5311 988 5342 ²⁹
1013 5323 1025 5336 ·
1059 5308 1219 5377 ὑμεῖς
1248 5306 1326 5370 δὲ,
1358 5308 1407 5359 εί
1440 5305 1602 5359 τοῦτο
1634 5306 1881 5373 πάθοιτε,

306 5390 428 5462 μεθ’
459 5387 669 5443 ἐαυτῶν
717 5388 811 5441 καὶ
848 5387 1068 5458 ἐτέρους
1098 5386 1518 5457 προσαπολεῖτε.
1552 5387 1715 5440 Ὥστε
1775 5388 1885 5458 ὅσῳ

306 5469 519 5540 μεγάλα
541 5466 911 5541 ἐγχειρίζεσθε
946 5465 1250 5539 πράγματα
1275 5465 1342 5527 ³⁸,
1377 5464 1616 5535 τοσούτῳ
1648 5465 1742 5519 καὶ
1775 5467 1885 5536 μεί-

304 5550 461 5613 ζονος
494 5546 673 5602 δεῖσθε
708 5546 965 5616 σπουδῆς.
992 5544 1084 5598 Διό
1110 5560 1274 5612 φησιν
1303 5560 1318 5575 ε
1366 5543 1478 5598 Ἂν
1501 5543 1570 5597 δὲ
1624 5544 1691 5598 τὸ
1730 5544 1884 5613 ἅλας

299 5625 606 5698 μωρανθῇ,
638 5627 709 5680 ἐν
733 5626 850 5680 τίνι
887 5621 1318 5685 ἁλισθήσεται;
1344 5624 1450 5689 Εἰς
1482 5621 1664 5677 οὐδὲν
1685 5625 1883 5693 ἰσχύει

302 5708 416 5767 ἔτι,
463 5707 517 5759 εί
557 5703 645 5774 μὴ
690 5702 1004 5773 βληθῆναι
1050 5703 1188 5770 ἔξω,
1259 5702 1360 5757 καί
1412 5704 1882 5761 καταπατεῖσθαι

411 5817 458 5890 ξ’
490 5822 587 5890 τὴν
627 5816 854 5890 manu
878 5815 1017 5890 ΕΜ·
1059 5814 1353 5890 ,ἯιυρίαΙ
1376 5815 1443 5890 ’Ξδὲ
1475 5814 1643 5890 μυρίᾳ
1666 5812 1805 5890 Edd-

1404 472 1471 526 IN
1512 471 1930 528 MATTIUEUM
1965 471 2199 530 ΗΟΜΙΙι.
2247 475 2361 531 XV.

3427 475 3531 529 252

1962 593 2081 645 ὑπὸ
2117 590 2233 646 τῶν
2261 588 2605 660 ἀνθρώπων.
2653 590 2725 645 Ol
2755 590 2854 660 μὲν
2906 589 3015 662 7&9
3067 590 3221 645 ἄλλοι·
3272 588 3537 659 μυριάκις

1963 666 2275 730 πίπτοντες,
2306 666 2560 719 δύνανται
2598 667 2782 736 τυχεῖν
2813 664 3144 737 συγγνώμης
3163 680 3177 695 ·
3233 668 3267 721 ό
3304 666 3361 719 δὲ
3391 665 3534 719 διδά-

1964 741 2186 804 σκαλος,
2227 744 2320 795 ἐὰν
2348 744 2506 796 τοῦτο
2528 742 2696 816 πάθῃ,
2725 744 2905 814 πάσης
2934 744 3307 816 ἀπεστέρηται
3349 744 3538 797 ἀπολο·

1962 819 2105 886 γίας,
2134 822 2229 872 καὶ
2244 820 2343 891 τὴν
2381 822 2615 891 ἐσχάτην
2644 820 2807 874 δώσει
2836 822 3131 893 τιμωρίαν.
3163 824 3279 875 Ἵνα
3318 821 3429 891 γὰρ
3460 823 3535 892 μὴ

1945 896 2250 963 ιλκούοντες
2262 900 2331 964 ³¹,
2352 899 2543 953 Ὅταν
2561 898 2942 953 ὀνειδίσωσιν
2960 897 3115 969 ὑμᾶς
3136 898 3234 953 καὶ
3259 898 3534 964 διώξωσι,

1962 975 2063 1028 sui
2076 981 2288 1031 εῖπωσι
2308 976 2430 1032 πᾶν
2461 978 2730 1047 πονηρὸν
2753 976 2921 1047 ῥῆμα
2949 978 3078 1031 καθ’
3119 976 3306 1047 ὑμῶν,
3336 976 3537 1030 δειλιά-

1966 1069 2131 1128 σωσιν
2144 1058 2223 1119 εἰς
2238 1057 2400 1126 μέσον
2413 1057 2717 1127 προελθεῖν,
2731 1056 2899 1125 λέγει,
2914 1058 2998 1110 ὃτι
3014 1058 3112 1110 Ἂν
3128 1057 3204 1128 μὴ
3217 1056 3353 1128 πρὸς
3365 1054 3538 1109 ταῦτα

1965 1126 2063 1201 ἦτε
2080 1126 2578 1203 παρατεταγμένοι,
2597 1134 2721 1204 είκῆ
2733 1134 3043 1204 ἐξελέγητε.
3059 1135 3135 1187 U6
3147 1126 3329 1205 γάρτὸ
3352 1133 3538 1193 κακῶς

1965 1212 2181 1264 ἀκούειν
2195 1232 2226 1283 χ
2232 1213 2299 1285 ρή
2310 1214 2624 1278 δεδοικέναι,
2641 1213 2775 1267 ἀλλά
2785 1215 2846 1266 τὸ
2857 1213 3413 1285 συνυποκρινομένους
3424 1213 3539 1280 φαί-

1965 1293 2171 1345 νεσθαι·
2186 1295 2304 1346 τότε
2323 1295 2393 1363 γά
2400 1310 2431 1364 ρ
2447 1292 2867 1365 μωρανθήσεσθε
2884 1293 2979 1346 καὶ
2993 1290 3537 1364 καταπατηθήσεσθε.

1978 1372 2103 1426 Ἐὰν
2128 1373 2183 1426 δέ
2212 1373 2409 1444 μένητε
2431 1374 2628 1435 αὐτοὺς
2666 1373 2712 1404 ³³
2757 1371 3164 1440 ἐπιστύφοντες,
3192 1365 3312 1422 εἶτα
3353 1369 3540 1431 κακῶς

1966 1454 2222 1524 ἀκούητε,
2291 1453 2529 1526 χαίρετε.
2580 1451 2750 1506 Τοῦτο
2779 1450 2888 1524 γὰρ
2920 1452 3046 1515 ἁλὸς
3099 1450 3257 1522 ἔργον
3303 1449 3440 1515 ἐστὶ,
3479 1446 3541 1499 τὸ

1965 1535 2181 1589 δάκνειν
2198 1534 2294 1586 καὶ
2314 1534 2503 1587 λυπεῖν
2531 1533 2659 1595 τοὺς
2676 1531 2928 1601 χαύνους.
2953 1531 3118 1583 ’Ὥστε
3160 1527 3475 1596 ἀναγκαίως
3505 1526 3539 1593 ἡ

1966 1614 2277 1685 κακηγορία
2305 1614 2517 1677 ἕπεται,
2548 1612 2699 1665 οὐδὲν
2724 1612 2867 1682 ὑμᾶς
2891 1609 3224 1680 βλάπτουσα,
3264 1605 3410 1685 ἀλλά,
3443 1605 3541 1658 καὶ

1970 1683 2326 1766 μαρτυροῦσα
2354 1691 2508 1762 ὐμῶν
2539 1695 2604 1763 τῇ
2642 1690 2981 1762 στερρότητι.
3009 1689 3107 1742 Ἂν
3126 1689 3185 1740 δέ
3210 1683 3539 1766 φοόηθέντες

1968 1762 2161 1843 αὐτὴν,
2192 1771 2437 1843 προδῶτε
2491 1762 2599 1841 τήν
2653 1770 3030 1841 προσήκουσαν
3052 1769 3179 1837 ύμῖν
3214 1767 3259 1797 ³³
3319 1762 3540 1835 σφοδρό-

1969 1869 2128 1924 τητα,
2192 1850 2371 1922 πολλῷ
2430 1848 2786 1921 χαλεπώτερα
2854 1846 3129 1913 πείσεσθε,
3196 1844 3292 1900 καὶ
3356 1843 3541 1907 κακῶς

1967 1922 2258 1994 ἀκούοντες
2290 1933 2385 1983 καὶ
2408 1929 2906 2001 καταφρονούμενοι
2938 1927 3089 2000 παρά
3105 1926 3344 1979 πάντων.
3371 1922 3543 1976 Τοῦτο

1968 2013 2077 2085 γάρ
2100 2013 2238 2075 ἐστι,
2260 2010 2690 2064 καταπατεῖσθαι
2716 2008 2781 2062 ³⁸.
2822 2004 2958 2061 Εἶτα
2988 2008 3073 2076 ἐφ’
3104 2008 3291 2077 ἕτερον
3317 2003 3542 2085 Δύψηλός

1968 2079 2128 2162 τερον
2155 2090 2278 2157 άγει
2300 2089 2649 2160 παράδειγμα
2671 2103 2685 2117 ·
2754 2086 2950 2156 Ὑμεῖς
2996 2087 3136 2139 ἐστε
3167 2085 3233 2137 τὸ
3259 2079 3384 2153 φῶς
3436 2081 3542 2162 τοῦ

1970 2161 2224 2239 κόσμου.
2254 2167 2421 2221 Πάλιν
2449 2168 2547 2221 τοῦ
2575 2166 2805 2236 κόσμου,
2860 2165 2961 2218 οὐκ
3004 2164 3191 2225 ἔθνους
3237 2162 3377 2225 ἐνὸς,
3420 2161 3543 2213 οὐδέ

1970 2250 2142 2303 εῐκοσι
2189 2248 2420 2314 πόλεων,
2470 2245 2608 2300 άλλά
2650 2248 2749 2318 τῆς
2789 2244 3114 2316 οἰκουμένης
3162 2242 3410 2309 ἀπάσης·
3449 2241 3543 2318 καὶ

1973 2328 2120 2401 [195]
2172 2326 2536 2398 φῶςμοητὸν,
2591 2327 2687 2379 καὶ
2744 2326 2844 2397 τῆς
2904 2325 3119 2384 ἀκτῖνος
3159 2318 3378 2401 ταύτης,
3409 2317 3543 2401 πολύ

1973 2399 2199 2481 βέλτιον,
2228 2408 2416 2479 ὥσπερ
2449 2403 2542 2460 οὖν
2570 2406 2666 2459 καὶ
2702 2404 2835 2468 ἅλας
2866 2401 3252 2481 πνευματικόν.
3276 2399 3391 2481 ,Καὶ
3420 2399 3543 2481 πρό-

1969 2477 2127 2561 τερον
2175 2489 2330 2550 ἀλας,
2366 2477 2459 2541 καὶ
2495 2489 2617 2541 τότε
2667 2485 2815 2553 φῶς⁸
2852 2483 2937 2535 ἵνα
2989 2482 3164 2552 μάθῃς
3199 2478 3382 2561 ἡλίκον
3434 2477 3543 2528 τῶν

1971 2558 2433 2639 κατεστυμμένων
2466 2567 2726 2638 ῥημάτων
2750 2563 2810 2615 τὸ
2849 2561 3057 2633 κέρδος,
3099 2558 3310 2625 καὶτῆς
3340 2559 3543 2639 σεμνῆς

1971 2647 2317 2709 διδασκαλίας
2364 2646 2427 2699 τὸ
2471 2646 2680 2714 ὄφελος.
2733 2645 2842 2695 Καὶ
2887 2645 2997 2711 γάρ
3044 2638 3286 2707 σφίγγει,
3314 2653 3408 2689 κα.
3444 2638 3544 2689 οὐκ

1973 2729 2169 2798 ἀφίησι
2233 2725 2572 2797 διαρρεὖσαι,
2624 2723 2718 2777 καὶ
2764 2721 3048 2790 διαόλέψαι
3079 2722 3226 2771 ποιεῖ
3245 2724 3382 2791 πρὸς
3421 2719 3545 2790 ἁρε-

1976 2812 2075 2879 τὴν
2106 2804 2541 2878 χειραγωγοῦσα.
2598 2805 2681 2856 06
2726 2801 2974 2855 δύναται
3026 2801 3205 2865 πόλις
3256 2797 3545 2867 κρυϐῆναι

1973 2891 2172 2947 ἐπάνω
2194 2891 2369 2958 ὄρους
2394 2885 2637 2955 κειμένη
2663 2904 2675 2915 ο
2707 2882 2850 2938 οὐδὲ
2881 2883 3123 2937 καίουσι
3167 2883 3403 2951 λύχνον
3448 2882 3545 2933 καὶ

1974 2973 2240 3030 τιθέασιν
2294 2969 2414 3024 ὑπὸ
2460 2968 2568 3021 τὸν
2599 2967 2832 3036 μόδιον.
2876 2965 3043 3018 Πάλιν
3078 2963 3273 3028 αὐτοὺς
3309 2964 3395 3017 διὰ
3425 2964 3547 3017 τού-

1974 3072 2083 3109 των
2122 3056 2202 3117 είς
2241 3050 2525 3124 ἀκρίϐειαν
2555 3050 2677 3116 ἄγει
2708 3048 2846 3117 βίου,
2904 3044 3173 3098 παιδεύων
3224 3044 3547 3113 ἐναγωνίους

1977 3131 2135 3199 εἶναι,
2176 3133 2252 3196 ὡς
2295 3132 2401 3186 ὑπὸ
2437 3132 2550 3192 τοῖς
2587 3128 2838 3182 ἁπάντων
2890 3124 3187 3196 ὀφθαλμοῖς
3239 3125 3546 3194 κειμένους,

1978 3216 2072 3269 καὶ
2103 3216 2160 3268 ὲν
2193 3213 2340 3283 μέσῳ
2365 3210 2445 3280 τῷ
2472 3212 2570 3281 τῆς
2607 3206 2930 3276 οἰκουμένης
2950 3204 3381 3274 ἀγωνιζομένους
3420 3203 3546 3257 θεά-

1975 3308 2109 3363 τρῳ.
2143 3292 2236 3362 Μὴ
2267 3292 2375 3362 γάρ
2397 3289 2463 3359 δὴ
2492 3287 2651 3340 τοῦτο
2681 3286 2822 3355 ἴδητε
2860 3285 2925 3348 ³⁵,
2959 3283 3146 3353 φησιν,
3187 3284 3269 3335 ὅτι
3314 3284 3547 3336 ἐνταῦθα

1978 3369 2265 3441 καθήμεθα
2325 3367 2442 3432 νῦν,
2469 3367 2564 3420 καὶ
2597 3366 2656 3417 ἐν
2690 3363 2870 3435 μικρῷ
2898 3365 3101 3432 γωνίας
3134 3363 3301 3433 ἐσμὲν
3353 3364 3544 3437 μέρει·

1976 3447 2118 3502 οὕτω
2174 3448 2283 3520 γὰρ
2336 3445 2627 3516 κατάδηλοι
2668 3444 2857 3498 ἔσεσθε
2905 3442 3090 3507 πᾶσιν,
3138 3441 3335 3496 ὡσανεὶ
3394 3444 3548 3508 πόλις

1979 3534 2118 3606 ὑπὲρ
2141 3528 2386 3602 κορυφῆς
2416 3527 2574 3599 ὅρους
2602 3527 2849 3599 κειμένη,
2871 3522 3071 3577 ὡσανεὶ
3095 3524 3285 3596 λύχνος
3314 3527 3371 3579 ἐν
3404 3529 3550 3599 οίκίᾳ

1979 3614 2120 3683 ὑπὲρ
2142 3613 2187 3644 ³⁸
2230 3611 2327 3681 τῆς
2366 3609 2584 3680 λυχνίας
2616 3610 2842 3678 φαίνων.

2052 3691 2162 3746 1ιοῦ
2214 3691 2309 3744 νῦν
2341 3691 2383 3722 ³⁷
2440 3690 2488 3742 οί
2535 3691 2602 3759 τῇ
2651 3688 2878 3760 δυνάμει
2932 3688 3026 3742 τοῦ
3083 3688 3320 3760 Χριστοῦ
3366 3691 3549 3744 διαπι-

1979 3773 2235 3835 στοῦντες
2263 3787 2279 3837 ;
2322 3770 2693 3823 Ἀκουέτωσαν
2728 3769 2923 3832 ταῦτα,
2952 3771 3048 3822 καὶ
3083 3770 3183 3839 τῆς
3216 3772 3552 3841 προφητείας

1974 3852 2076 3923 τὴν
2130 3850 2358 3920 δύναμιν
2419 3849 2803 3918 ἐκπλαγέντες,
2863 3851 3341 3919 προσκυνείτωσαν
3384 3852 3550 3906 αὐτού

1976 3934 2076 4004 τὴν
2111 3929 2286 4001 ἰσχύν.
2324 3929 2609 4000 Ἐννόησον
2631 3929 2740 3997 7&9
2766 3928 2929 3999 ἡλίκα
2969 3929 3237 4000 ὑπέσχετο
3267 3933 3382 3995 τοῖς
3429 3934 3551 3987 οὐδέ

1976 4015 2036 4066 ιν
2061 4014 2128 4082 τῇ
2161 4010 2316 4082 χώρα
2338 4010 2637 4079 γνωρίμοις
2667 4004 2786 4062 οὖσι
2843 4010 2910 4078 τῇ
2951 4008 3133 4062 αὐτῶν
3155 4027 3168 4041 ’
3224 4012 3306 4064 ὅτι
3340 4014 3410 4083 γῆ
3456 4016 3550 4067 καὶ

1976 4095 2219 4149 θάλαττα
2265 4091 2461 4153 αὐτοὺς
2499 4089 2721 4153 εἴσεται,
2769 4088 2863 4141 καὶ
2908 4088 3046 4159 πρὸς
3095 4088 3166 4142 τά
3196 4091 3406 4162 πέρατα
3452 4092 3552 4162 τῆς

1975 4172 2302 4243 οἰκουμένης
2349 4168 2540 4240 ἥξουσι
2596 4170 2664 4238 τῇ
2706 4168 2894 4239 φήμῃ·
2953 4165 3152 4237 μᾶλλον
3197 4167 3254 4222 δι
3306 4170 3428 4224 οὐδέ
3484 4175 3549 4242 τῇ

1978 4255 2140 4327 φήμῃ
2181 4251 2248 4318 ³⁸,
2305 4249 2441 4302 ἀλλά
2486 4247 2581 4300 καὶ
2624 4250 2690 4318 τῇ
2750 4248 2847 4318 τῆς
2896 4247 3214 4327 εὐεργεσίας
3277 4249 3548 4321 ἐνεργείᾳ,

1980 4326 2117 4390 Οὐδέ
2149 4331 2258 4405 γὰρ
2279 4333 2313 4403 ή
2345 4330 2505 4401 φήμη
2535 4328 2778 4399 φέρουσα
2809 4326 3087 4398 πανταχοῦ
3134 4328 3323 4399 δήλους
3355 4333 3553 4396 αὐτοὺς

1980 4414 2261 4485 ἐποίησεν,
2316 4409 2452 4464 ἀλλὰ
2477 4409 2571 4461 καὶ
2597 4407 2735 4476 αὐτὴ
2761 4407 2896 4478 ήδιά
2927 4407 3037 4461 τῶν
3064 4407 3241 4479 ἔργων
3273 4409 3551 4474 ἐπίδειξις.

1981 4494 2254 4564 Καθάπερ
2304 4491 2413 4563 7&9
2468 4490 2768 4559 ὑπόπτεροι
2816 4489 3117 4559 γενόμενοι,
3178 4490 3279 4559 τῆς
3337 4491 3556 4556 ἀκτῖνος

1984 4573 2339 4644 σφοδρότερον
2360 4572 2458 4642 τήν
2484 4571 2586 4641 γῆν
2612 4567 2917 4638 ἐπέδραμον
2954 4567 3194 4633 ἃπασαν,
3241 4571 3554 4640 σπείροντες

1982 4655 2083 4725 τῆς
2116 4653 2398 4717 εὐσεϐείας
2427 4653 2487 4706 τὸ
2516 4651 2653 4721 φῶς.
2699 4646 2966 4701 Ἐνταῦθα
3009 4648 3066 4703 δέ
3105 4666 3195 4720 μοι
3230 4652 3426 4714 αὐτοὺς
3462 4651 3555 4703 καὶ

1982 4735 2120 4807 πρὸς
2148 4734 2461 4808 παρρησίαν
2494 4734 2733 4802 ἀλείφειν
2755 4733 2939 4786 δοκεῖ·
2989 4733 3050 4786 τὸ
3082 4733 3180 4803 μὲν
3208 4733 3323 4803 γὰρ
3350 4732 3551 4791 εἰπεῖν,

1986 4820 2070 4874 Οὐ
2120 4816 2371 4871 δύναται
2426 4814 2605 4878 πόλις
2638 4811 2929 4880 κρυϐῆναι
2975 4812 3177 4865 ἐπάνω
3205 4811 3383 4881 ὄρους
3422 4828 3555 4865 κει-α

1977 4900 2155 4971 μένη,
2188 4896 2287 4968 τὴν
2321 4894 2484 4950 αὐτοῦ
2514 4891 2740 4964 δύναμίν
2769 4892 2915 4946 ἐστιν
2938 4892 3289 4963 ἐμφαίνοντος
3311 4909 3324 4923 ·
3359 4892 3553 4965 ὥσπερ

1982 4981 2091 5049 7&9
2124 4978 2337 5048 ἐκείνην
2370 4974 2639 5046 κρυόῆναι
2678 4973 2975 5044 ἀμήχανον,
3016 4972 3158 5034 οὓτω
3202 4972 3263 5026 τὸ
3296 4977 3555 5046 κήρυγμα

1984 5060 2245 5113 ἀδύνατον
2278 5059 2322 5091 ³⁸
2370 5056 2662 5127 σιγηθῆναι
2692 5054 2785 5107 καὶ
2802 5053 3006 5109 λαθεῖν.
3047 5053 3264 5126 Ἐπειδὴ
3290 5058 3399 5127 γὰρ
3430 5053 3552 5109 εἷπε

1984 5140 2256 5209 διωγμοὺς
2286 5139 2380 5192 καὶ
2409 5136 2744 5207 κακηγορῖας
2786 5136 2882 5192 καὶ
2915 5133 3202 5200 ἐπιϐουλὰς
3249 5137 3345 5189 καὶ
3393 5136 3556 5190 πολέ-

1989 5237 2145 5293 μους,
2177 5219 2263 5271 ἴνα
2294 5218 2369 5289 μὴ
2395 5217 2692 5287 νομίσωσιν
2721 5215 2804 5268 ὅτι
2843 5213 3018 5270 ταῦτα
3040 5216 3237 5279 αὐτοὺς
3269 5216 3554 5285 ἐπιστομί-

1988 5319 2081 5356 σαι
2103 5298 2416 5370 δυνήσεται,
2446 5295 2731 5370 θαρρύνων
2756 5295 2952 5359 αὐτούς
2983 5313 3169 5369 φησιν,
3200 5299 3281 5353 ὅτι
3300 5299 3362 5352 06
3396 5299 3559 5369 μόνον

1986 5383 2045 5436 06
2068 5381 2315 5452 λήσεται,
2358 5378 2493 5432 ἀλλά
2541 5378 2636 5430 καὶ
2694 5376 3037 5448 καταλάμψει
3083 5377 3182 5449 τὴν
3231 5379 3555 5451 οἰκουμένην

1986 5464 2240 5518 ἃπασαν·
2276 5460 2371 5514 καὶ
2419 5458 2488 5511 δι’
2513 5456 2645 5510 αὐτὸ
2690 5458 2788 5526 μὲν
2830 5453 2923 5510 οὖν
2951 5456 3110 5510 τοῦτο
3146 5457 3363 5512 ἔσονται
3413 5459 3553 5528 λαμ-

1986 5542 2118 5614 προὶ
2161 5542 2256 5595 καὶ
2286 5539 2566 5612 ἐπίσημοι.
2604 5537 2789 5608 Τούτῳ
2840 5537 2940 5605 μὲν
2972 5533 3065 5592 οὖν
3090 5537 3187 5608 τήν
3221 5537 3416 5592 ἐαυτοῦ
3460 5537 3554 5591 δύ⁹

1987 5640 2151 5694 ναμιν
2179 5621 2507 5675 ἐνδείκνυται
2524 5635 2539 5649 ο
2565 5617 2644 5688 τῷ
2664 5617 2722 5672 δέ
2756 5616 2881 5689 ἑξῆς
2908 5618 3005 5689 τὴν
3034 5617 3345 5689 παρρησίαν
3389 5620 3553 5671 ἁπαιο

1986 5707 2072 5757 τεί
2122 5700 2223 5773 τὴν
2266 5701 2391 5771 παρ’
2441 5697 2643 5764 αὐτῶν,
2682 5696 2824 5750 οὕτω
2856 5697 3059 5767 λέγων·
3111 5696 3265 5752 Οὐδὲ
3314 5697 3556 5752 καίουσι.

1910 5815 1956 5887 ξ’
1985 5813 2102 5887 καί]
2130 5813 2252 5887 οὐδέ
2271 5811 2772 5887 _Ed_d._f"é'c_é9¢ov]
2801 5810 2920 5887 Δτῶν
2944 5810 3146 5887 ἑτέρων
3179 5809 3315 5887 βριί.
3337 5813 3402 5887 ’ξ’
3423 5812 3555 5887 Οὐδὲ

1121 5816 1142 5849 ι

411 5817 458 5850 ’³
490 5822 587 5890 τὴν
627 5817 853 5887 καρδίαν
878 5817 1017 5871 Edd.
1093 5817 1353 5938 "ézupfoq
1376 5817 1443 5868 τά
1475 5817 1643 5885 μυρία
1666 5817 1805 5869 Edd.

301 5888 372 5943 Β.
396 5885 456 5940 F.
487 5903 539 5956 ρ.
569 5902 624 5957 p.
659 5886 924 5959 ἐφθορότα
950 5887 1015 5941 Α.
1049 5885 1111 5941 C.
1185 5903 1235 5953 ρ.
1314 5890 1358 5919 ’⁸
1382 5885 1473 5938 Sic
1496 5889 1558 5938 Α.
1595 5885 1655 5936 Β.
1685 5886 1873 6006 ιιιιιῧο⁴

304 5975 454 6006 corr.
484 5960 543 6006 I).
562 5973 688 6006 cum
716 5958 948 6006 lnlernn.
974 5957 1374 6006 προστάγματα
1405 5958 1471 6006 Α.
1502 5954 1562 6006 Β.
1588 5963 1641 6006 el
1662 5969 1743 6006 nr.
1823 5998 1837 6006 .
1868 5975 1873 5987 ·

1985 5817 2102 5887 καί]
2130 5817 2252 5867 οὐδέ
2286 5817 2422 5867 Edd.
2446 5817 2772 5884 οπὲτέρων]
2811 5817 2920 5866 τῶν
2944 5817 3146 5883 ἑτέρων
3180 5817 3315 5866 Edd.
3356 5817 3402 5844 "
3423 5817 3555 5867 Οὐδὲ

1973 5886 2117 5955 ησθε.
2194 5884 2239 5915 ⁸⁸
2261 5884 2405 5951 ὑμᾶς
2425 5881 2561 5936 Mor.
2595 5883 2727 5936 Ben.
2799 5882 2844 5914 ³⁸
2874 5880 3198 5953 πράγματα]
3219 5881 3309 5937 Sic
3336 5881 3395 5936 Ε.
3430 5881 3556 5937 Ecl

1973 5970 2198 6006 ισταγιια
2226 5952 2288 6006 C.
2401 5953 2443 5984 ³¹
2470 5953 2801 6006 ἀκούσαντες
2829 5952 2963 6006 Edd.
3040 5954 3084 5984 ³³
3115 5952 3338 6006 ἐαυτούε
3378 5952 3437 6005 ιε’.
3515 5953 3556 5983 ³³

304 5975 454 6013 corr.
484 5954 543 6011 Ι).
562 5954 1374 6027 ἑυηιίιιιέιτρρ.προστάγματα
1405 5958 1480 6027 A._
1502 5954 1562 6027 Β.
1588 5963 1743 6027 ειῃνΣ

308 6030 403 6082 διε
433 6027 491 6081 D.
642 6028 822 6083 caeleri
853 6026 1026 6096 ὑμῶν.

302 6098 446 6155 είσιν
474 6097 535 6152 Β.
609 6139 622 6154 .
701 6098 748 6130 ³⁵
770 6095 950 6155 φήμη]
977 6113 1026 6152 αι

220 6294 335 6327 ’\

1103 5957 1374 6027 ιτάγματα
1405 5958 1471 6008 Α.
1502 5956 1562 6008 Β.
1588 5963 1641 6007 el
1662 5969 1743 6022 pr.
1776 5956 1837 6010 ί).
1868 5956 2198 6024 πρόσταγμα
2226 5956 2288 6008 C.
2401 5956 2443 5984 "
2470 5956 2801 6015 ἀκούσαντες
2829 5956 2963 6006 Edd.
3040 5956 3084 5984 "
3115 5956 3148 6005 ἐξ

1103 6028 1148 6061 ³³
1170 6023 1688 6093 καταπατηθήσεσθε
1722 6023 1780 6077 D.
1858 6023 1903 6094 θ’
1938 6025 2127 6094 εἰδῆτε
2146 6024 2276 6076 Edd.
2306 6022 2513 6094 εἱδῆται
2543 6025 2602 6078 D.
2680 6025 2726 6055 3“
2751 6021 2914 6093 ύπὲρῙ
2942 6021 3033 6094 ἐπί
3052 6022 3148 6093 Ep.

701 6098 748 6130 ³⁵
770 6092 950 6170 φήμη]
977 6095 1100 6154 add.
1128 6100 1290 6169 μόνον
1319 6096 1381 6152 F.
1416 6112 1465 6165 ν-
1591 6094 1679 6147 καί
1705 6108 1812 6148 om.
1841 6092 1873 6145 Λ

1973 6092 2051 6149 ιε.
2112 6092 2159 6127 ³⁹
2186 6093 2473 6163 σιγηθῆναι
2501 6094 2752 6147 ἀδύνατον
2773 6094 2838 6147 (2.
2865 6093 3124 6149 ἀδύνατον
3144 6109 3254 6150 om.
3280 6096 3343 6149 Α.
3381 6092 3441 6145 ξ’.

2122 5970 2198 6024 μα
2226 5952 2288 6008 C.

2401 5953 2443 5984 ³¹
2470 5953 2801 6015 ἀκούσαντες
2829 5952 2963 6006 Edd.
3040 5954 3084 5984 ³³
3115 5952 3338 6016 ἑαυτούς
3378 5952 3437 6005 ιε’.
3515 5953 3560 5983 ³³

3224 6024 3267 6055 ³⁷
3291 6021 3406 6090 νῦν]
3433 6022 3557 6080 add.
