4052 6428
282 431 386 487 9’53

296 550 537 602 accurate
570 539 734 593 vitam
760 535 1064 598 instituatis,
1087 545 1246 604 atque
1270 534 1554 596 illomodo,
1594 542 1651 586 ut
1675 533 1762 602 qui
1799 540 1878 584 ln-

293 648 401 690 tum
433 632 620 687 orbem
647 638 962 685 convertere
989 625 1252 682 debeatis.
1284 625 1502 694 Dignam
1535 623 1693 692 igitur
1731 630 1877 674 tanta

289 725 464 796 gratia
489 723 744 778 exhibete
789 721 972 784 vitam,
1003 725 1060 772 ut
1099 718 1237 771 sicut
1267 715 1355 770 illa
1383 714 1578 784 ubique
1627 711 1882 782 praulica-

294 829 401 882 tur,
428 817 507 871 sic
527 824 581 868 et
612 817 726 868 ΙηὩο
752 829 874 869 cum
905 812 989 864 illa
1020 816 1322 864 concurrat.
1363 806 1565 861 Deinde
1590 804 1731 859 aliud
1763 811 1880 872 post

295 909 572 963 hominum
600 908 824 962 salutem
855 904 1058 958 lucrum
1089 901 1257 972 ponit,
1286 899 1426 970 quod
1461 907 1642 968 posset
1672 897 1789 950 illos
1816 895 1880 949 ad

292 1001 552 1069 majorem
590 995 1004 1050 sollicitudinem
1032 992 1504 1060 omnimodumque
1529 989 1762 1044 studium
1789 1004 1878 1042 ex-

290 1093 482 1146 citare.
510 1090 644 1144 Nam
672 1089 716 1142 si
758 1097 904 1142 recte
925 1086 1134 1148 vivatis,
1167 1083 1359 1154 inquit,
1384 1097 1489 1138 non
1523 1081 1684 1137 modo
1712 1091 1879 1135 totum

290 1183 480 1238 orbem
528 1181 904 1244 emendabitis,
936 1177 1031 1234 sed
1073 1177 1233 1233 etiam
1278 1175 1332 1231 id
1358 1173 1602 1229 efﬁcietis
1641 1182 1700 1226 ut
1743 1173 1882 1228 Deus

290 1275 620 1344 gloriﬁcetur
644 1291 656 1326 :
689 1273 732 1327 si
762 1287 893 1326 vero
923 1279 1108 1326 contra
1137 1268 1392 1329 feceritis,
1413 1275 1468 1321 et
1497 1265 1741 1320 homines
1763 1280 1883 1334 per-

289 1365 451 1428 detis,
481 1364 642 1434 idque
665 1363 910 1419 efficietis
941 1371 996 1415 ut
1025 1363 1160 1415 Deus
1189 1358 1608 1427 blasphemetur.

363 1457 420 1510 8.
461 1454 628 1508 Virtus
671 1455 823 1508 latere
860 1453 1063 1524 nequit;
1105 1452 1247 1505 illam
1283 1449 1498 1517 improbi
1540 1449 1639 1518 ipsi
1667 1449 1718 1502 in
1757 1464 1881 1502 con-

293 1549 500 1601 scientia
531 1564 624 1600 sua
650 1547 878 1600 (ululant.
910 1545 1076 1598 Filius
1118 1543 1328 1612 wqualis
1360 1541 1525 1595 Patri.
1555 1571 1624 1582 —-
1653 1541 1715 1595 Et
1743 1555 1878 1611 quo-

293 1641 474 1706 modo,
529 1639 752 1708 inquies,
812 1653 905 1706 per
938 1654 1032 1690 nos
1080 1634 1462 1706 glorilicabitnr
1517 1632 1778 1697 Christus,
1835 1633 1878 1687 si

294 1733 449 1786 nobis
476 1731 721 1784 homines
745 1728 1075 1783 maledicturi
1107 1727 1255 1780 sint?
1285 1726 1356 1780 At
1387 1740 1491 1779 t.on
1520 1740 1706 1779 onmes
1731 1740 1746 1786 ;
1775 1725 1880 1779 imo

298 1824 388 1890 qui
411 1823 462 1877 id
489 1822 702 1886 facient,
735 1821 785 1874 id
817 1837 882 1874 ex
912 1818 1106 1873 invidia
1137 1817 1368 1873 facient:
1395 1815 1556 1869 invidi
1589 1824 1770 1869 autem
1797 1815 1874 1870 illi

294 1917 346 1970 in
373 1915 707 1970 conscientia
749 1929 846 1968 sua
875 1927 966 1966 vos
997 1911 1330 1966 mirabuntur
1357 1919 1515 1978 atque
1542 1908 1832 1978 suspicient
1861 1927 1874 1962 :

292 2007 739 2081 quemadmodum
779 2016 832 2060 et
863 2007 895 2059 ii
933 2005 1025 2075 qui
1053 2004 1231 2074 palam
1279 2002 1536 2072 improbis
1571 2000 1875 2067 adulantur,

295 2110 472 2156 mente
506 2100 726 2155 eosdem
755 2099 1124 2153 criminantur.
1171 2094 1308 2162 Quid
1346 2110 1474 2164 ergo
1503 2094 1781 2164 praecipis?
1811 2109 1878 2148 an

292 2205 350 2251 ut
375 2195 444 2249 ad
469 2169 879 2249 ostentatiohem
908 2200 964 2245 et
1000 2190 1220 2244 honoris
1259 2187 1543 2258 aucupium
1587 2187 1872 2245 vivamus?

293 2288 478 2350 Absit,
523 2300 631 2340 non
673 2283 726 2339 id
753 2282 891 2338 dico.
920 2281 1102 2351 Neque
1132 2280 1276 2335 enim
1303 2279 1436 2344 dixi,
1467 2277 1524 2332 ld
1556 2277 1787 2340 studete,
1823 2287 1879 2331 ut

293 2381 432 2434 bona
463 2393 624 2448 opera
653 2386 824 2431 vestra
849 2377 899 2428 in
933 2374 1163 2429 medium
1194 2371 1478 2443 proferatis
1511 2391 1522 2425 :
1548 2387 1720 2442 neque
1745 2370 1876 2436 dixi,

296 2470 657 2527 Exhibeteilla
686 2485 700 2533 ;
724 2467 838 2532 sed,
858 2465 1042 2520 Luceat
1069 2467 1158 2520 lux
1174 2474 1371 2529 vestra;
1401 2464 1564 2518 multa
1593 2463 1662 2517 sit
1685 2464 1874 2530 virtus,

294 2563 543 2633 c0piosus
565 2562 719 2631 ignis,
754 2560 846 2614 lux
871 2557 1169 2613 ineﬁ'abilis.
1200 2554 1332 2611 Cum
1363 2555 1506 2610 enim
1534 2563 1681 2609 tanta
1702 2555 1874 2609 virtus

299 2655 386 2717 sit.
420 2653 536 2708 ﬁeri
561 2669 665 2706 non
685 2658 862 2721 potest
887 2658 943 2703 ut
963 2649 1145 2713 lateat,
1174 2645 1385 2702 etiamsi
1407 2645 1451 2700 is
1473 2645 1562 2715 qui
1584 2644 1730 2699 illam
1758 2661 1880 2715 pos-

293 2745 432 2801 sidet
455 2786 470 2809 ,
500 2741 808 2798 omnimodo
835 2755 952 2796 eam
983 2739 1266 2794 obscuram
1295 2751 1416 2792 esse
1443 2735 1591 2792 velit.
1642 2736 1880 2806 lrrepre-

293 2835 610 2891 hensibilem
639 2834 796 2903 igitur
817 2833 919 2886 illis
945 2829 1194 2886 exhibete
1221 2829 1404 2894 vitam,
1445 2827 1747 2898 nullamque
1790 2844 1880 2883 ve-

292 2943 407 2983 ram
439 2926 667 2982 habeant
699 2923 980 2980 accusandi
1008 2922 1342 2978 occasionem
1365 2938 1380 2987 ;
1403 2921 1610 2977 etiamsi
1640 2922 1880 2978 sexcenti

293 3029 633 3074 accusatores
653 3017 850 3080 adsint,
879 3031 1038 3070 nemo
1067 3029 1161 3068 vos
1201 3013 1490 3068 obscurare
1516 3014 1727 3082 poterit.
1757 3013 1882 3068 Pul-

289 3112 420 3165 chre
443 3109 596 3172 dixit,
644 3107 778 3162 Lux.
811 3106 952 3162 Nihil
996 3106 1137 3161 enim
1195 3103 1466 3160 hominem
1492 3105 1570 3159 sic
1615 3105 1880 3161 illustrem

303 3202 490 3268 efﬁcit,
518 3200 724 3256 etiamsi
756 3213 973 3269 prorsus
1001 3198 1165 3253 latere
1188 3196 1334 3261 velit,
1375 3206 1434 3251 ut
1457 3197 1668 3253 virtutis
1694 3197 1878 3268 splen-

290 3295 412 3349 dor.
458 3293 607 3350 Sicut
631 3293 771 3347 enim
815 3292 931 3361 ipso
969 3291 1130 3346 solari
1179 3290 1329 3345 radio
1383 3290 1761 3358 circumdatus,
1809 3292 1879 3347 ita

293 3387 454 3440 etiam
479 3384 674 3439 clarius
704 3383 949 3453 refulget,
1003 3397 1109 3436 non
1141 3381 1196 3436 in
1229 3391 1425 3437 terram
1467 3390 1671 3437 tantum
1702 3381 1880 3438 radios

292 3479 568 3542 emittens,
595 3476 687 3532 sed
713 3475 887 3546 ipsum
918 3475 1106 3530 czelum
1153 3471 1561 3529 transcendens.
1591 3473 1725 3528 Hinc
1754 3474 1874 3530 illos

290 3569 577 3628 admodum
604 3569 930 3623 consolatur.
963 3565 1096 3621 Nam
1142 3565 1187 3619 si
1216 3565 1282 3620 de
1308 3564 1605 3620 maledictis
1623 3606 1640 3632 ,
1669 3565 1876 3636 inquit,

291 3662 512 3722 doletis,
548 3661 698 3714 multi
732 3660 892 3714 etiam
921 3666 1079 3713 erunt
1101 3658 1188 3728 qui
1214 3666 1431 3727 propter
1459 3672 1554 3712 vos
1583 3657 1748 3712 Deum
1776 3658 1872 3713 ad-

290 3755 576 3814 mirentur.
626 3750 888 3820 Utrinque
931 3765 1058 3804 vero
1086 3748 1351 3819 colligitur
1399 3763 1641 3815 merces,
1671 3760 1875 3806 etcum

289 3854 511 3916 propter
533 3855 627 3896 vos
658 3841 797 3895 Deus
826 3839 1156 3910 gloriﬁcatur
1179 3881 1195 3906 ,
1227 3846 1283 3893 et
1307 3855 1427 3894 cum
1459 3849 1679 3910 propter
1709 3841 1877 3896 Deum

292 3951 396 3994 vos
447 3932 745 3989 maledictis
783 3932 1132 3987 incessimini.
1194 3932 1401 3986 Etenim
1431 3947 1499 3988 ne
1528 3933 1667 3989 male
1691 3935 1879 3990 audire

287 4029 598 4091 studeamus
627 4067 643 4093 ,
685 4027 824 4096 quod
853 4025 1202 4080 didicerimus
1229 4024 1354 4080 hinc
1393 4026 1669 4095 praemium
1696 4041 1881 4096 repor-

289 4121 392 4179 tari
423 4161 439 4187 ,
468 4135 573 4174 non
605 4117 735 4174 illud
763 4117 1076 4186 simpliciter
1125 4115 1319 4186 posuit,
1372 4114 1466 4170 sed
1511 4130 1631 4170 cum
1673 4116 1879 4172 duabus

287 4209 721 4268 distinctionibus
746 4225 760 4275 ;
815 4223 1011 4278 nempe
1049 4223 1168 4262 cum
1199 4207 1330 4262 falsa
1359 4206 1608 4262 dicuntur
1631 4248 1647 4273 ,
1675 4215 1730 4263 et
1755 4223 1877 4263 cum

289 4312 510 4375 propter
564 4303 729 4357 Deum
774 4299 1143 4356 maledicimur
1186 4297 1569 4368 :ostenditque
1620 4313 1723 4353 non
1749 4299 1876 4355 illud

289 4409 519 4462 tantum,
559 4397 654 4453 sed
699 4397 857 4452 etiam
903 4396 1040 4450 bene
1081 4394 1267 4449 audire
1311 4393 1538 4448 multum
1568 4393 1760 4449 afferre
1799 4393 1881 4448 lu-

284 4507 462 4557 crum,
495 4489 664 4560 gloria
687 4489 738 4542 in
770 4488 938 4543 Deum
965 4493 1322 4540 transeunte:
1355 4485 1600 4554 bonaque
1637 4485 1756 4540 illos
1785 4501 1880 4554 spe

288 4587 460 4646 fulcit.
485 4583 604 4638 Non
631 4583 773 4638 enim
801 4590 1000 4635 tantam
1031 4579 1136 4632 vim
1165 4578 1404 4642 habent,
1436 4577 1628 4647 inquit,
1656 4578 1874 4648 iniquo-

288 4695 406 4732 rum
435 4673 741 4738 maledicta,
775 4681 832 4727 ut
858 4671 994 4726 alios
1024 4671 1094 4724 ita
1138 4668 1492 4724 obtencbrare
1523 4669 1768 4738 possint,
1821 4677 1878 4722 ut

286 4770 465 4824 lucem
499 4775 730 4821 vestram
759 4780 862 4817 non
895 4761 1126 4816 videant.
1151 4758 1284 4814 Cum
1313 4760 1454 4814 enim
1486 4759 1728 4814 infatuati
1761 4760 1876 4814 fue-

288 4860 410 4916 ritis
441 4901 457 4926 ,
486 4868 612 4913 tunc
655 4866 860 4910 tantum
897 4869 993 4907 vos
1020 4851 1405 4906 conculcahunt
1429 4868 1443 4916 ;
1473 4866 1577 4905 non
1605 4865 1731 4906 vero
1758 4867 1877 4906 cum

289 4961 437 5007 recta
471 4949 728 5003 facientes
757 4943 1100 5000 accusamini.
1143 4942 1293 4996 Tunc
1341 4942 1484 4997 enim
1516 4943 1666 4996 multi
1694 4953 1871 5006 erunt,

287 5043 381 5114 qui
415 5041 748 5096 mirabuntur
777 5053 882 5091 non
933 5052 1026 5090 vos
1071 5044 1311 5098 tantum,
1345 5033 1438 5089 scd
1463 5046 1678 5105 propter
1705 5050 1800 5090 vos
1825 5044 1880 5090 et

290 5138 504 5192 Patrem
532 5141 790 5188 vestrum.
821 5129 930 5185 Nec
957 5129 1110 5194 dixit,
1145 5129 1334 5194 Deum,
1357 5128 1469 5194 sed,
1505 5127 1736 5194 Patrem,
1765 5128 1876 5198 jam

286 5228 495 5283 semina
537 5225 743 5294 jaciens
790 5221 1080 5276 nobilitatis
1125 5219 1268 5274 illius
1323 5219 1455 5288 ipsis
1515 5219 1875 5274 conferenda).

291 5320 493 5376 Deinde
523 5317 740 5372 honoris
765 5314 1120 5385 aequalitatem
1147 5312 1447 5379 declarans,
1477 5328 1598 5367 cum
1630 5313 1879 5382 superius

289 5415 514 5468 dixisset
547 5430 561 5466 :
590 5411 669 5466 Ne
691 5407 1078 5465 contristemini
1108 5421 1230 5462 cum
1255 5405 1394 5460 male
1423 5405 1698 5460 audieritis
1722 5422 1735 5470 ;
1766 5406 1876 5460 suf-

293 5507 405 5559 ﬁcit
424 5505 566 5558 enim
590 5502 741 5557 vobis
779 5498 921 5570 quod
951 5507 1168 5568 propter
1197 5512 1283 5551 me
1337 5497 1434 5551 ista
1473 5497 1701 5552 audiatis
1733 5514 1747 5552 :
1776 5495 1880 5552 hoc

292 5601 413 5655 loCo
459 5599 672 5653 Patrem
719 5595 904 5666 ponit,
937 5591 1294 5662 mqtialitatem
1340 5590 1536 5660 ubique
1577 5590 1874 5646 declarans.

290 5693 427 5748 Cum
472 5691 634 5760 igitur
664 5689 896 5743 sciamus
925 5693 1180 5755 quantum
1212 5682 1343 5737 lucri
1387 5698 1452 5737 ex
1481 5683 1579 5736 hac
1608 5681 1878 5753 diligentia

290 5794 648 5856 reponemus,
676 5789 729 5835 et
758 5788 1011 5850 quantum
1039 5791 1106 5832 ex
1131 5774 1373 5830 socordia
1401 5774 1693 5842 periculmn
1726 5789 1877 5828 cree-

293 5888 377 5936 tur
407 5878 612 5949 (nostra
636 5875 830 5948 quippe
860 5869 1094 5942 pernicie
1115 5868 1282 5924 multo
1309 5866 1457 5939 pejus
1481 5875 1580 5934 cst,
1612 5866 1752 5935 quod
1776 5867 1878 5922 Do-

1474 419 1535 476 ΙΝ
1575 414 1975 475 ΜΑΤΉΙΛΞΙΙΜ
2019 415 2246 470 llOMlL.
2291 415 2402 469 XV.

3476 423 3580 477 ‘254

1991 530 2172 584 minus
2217 539 2400 586 noster
2427 531 2826 600 hlaSphemetur
2880 543 3098 604 propter
3133 536 3314 607 nos),
3342 539 3459 594 sine
3499 542 3579 594 of-

1991 620 2236 676 fensione
2289 623 2455 676 simus
2494 632 2547 677 et
2575 622 2771 677 Judzeis
2797 632 2853 678 et
2881 625 3128 695 gentibus
3154 669 3168 690 ,
3227 638 3282 683 et
3323 628 3580 686 Ecclesia:

1993 711 2110 777 Dei,
2145 714 2412 783 vitamque
2458 715 2571 786 sole
2611 715 3024 786 splendidiorem
3053 719 3423 790 cxhibeamus,
3451 734 3506 779 ct
3535 727 3578 780 si

1994 805 2318 861 maledicere
2366 809 2486 876 quis
2513 808 2677 874 velit,
2708 824 2775 863 ne
2817 808 3125 874 doleamus,
3156 812 3200 866 si
3233 814 3376 868 male
3397 817 3579 871 audia-

1989 913 2128 964 mus,
2158 899 2250 954 sed
2274 900 2318 954 si
2347 903 2538 954 merito
2569 901 2708 957 male
2734 901 3031 958 audiamus.
3057 903 3113 959 Si
3140 905 3282 960 enim
3310 906 3361 961 in
3387 911 3578 980 nequi-

1991 992 2062 1046 tia
2094 992 2333 1048 vivamus
2359 1035 2373 1058 ,
2405 995 2503 1048 etsi
2537 1009 2695 1049 nemo
2747 995 2817 1050 sit
2858 998 2946 1065 qui
2993 996 3274 1052 maledicat
3298 1041 3312 1063 ,
3341 1003 3577 1056 omnium

1988 1083 2272 1139 miserrimi
2301 1100 2520 1152 sumus;
2551 1086 2790 1141 siautem
2813 1086 3064 1142 virtutem
3085 1088 3343 1157 colamus,
3371 1093 3580 1147 etiamsi

1991 1182 2132 1228 totus
2160 1175 2306 1230 orbis
2345 1177 2499 1231 nobis
2524 1177 2807 1232 maledicat
2831 1220 2846 1244 ,
2878 1179 3080 1234 erimus
3108 1181 3347 1236 omnium
3380 1183 3580 1239 beatis-

1991 1269 2111 1322 simi
2143 1309 2158 1335 ,
2191 1279 2246 1324 et
2274 1286 2368 1326 eos
2399 1286 2586 1325 omnes
2616 1273 2703 1341 qui
2756 1272 2985 1328 Salutem
3015 1277 3270 1345 consequi
3301 1277 3485 1343 velint,
3513 1281 3579 1334 ad

1987 1375 2083 1414 nos
2115 1361 2485 1429 pertrahemus
2517 1381 2529 1416 ε
2561 1378 2669 1416 non
2706 1365 2849 1419 enim
2882 1365 3179 1421 maledictis
3208 1369 3573 1438 improborum

1985 1452 2218 1507 animum
2262 1455 2623 1520 adhibebunt,
2680 1458 2774 1512 sed
2827 1457 2946 1512 vita:
3007 1475 3126 1514 cum
3170 1463 3364 1518 virtute
3412 1474 3571 1521 actm.

1989 1545 2198 1600 Etenim
2223 1548 2342 1602 tuba
2373 1549 2600 1604 clariora
2653 1560 2778 1604 sunt
2807 1566 2968 1620 opera
3002 1553 3163 1620 bona,
3199 1554 3310 1624 ipsa
3351 1556 3470 1611 luce
3494 1558 3574 1612 lu-

1987 1636 2157 1690 eidior
2204 1638 2308 1692 vita
2340 1655 2504 1710 pura,
2537 1641 2744 1697 etiamsi
2794 1642 3057 1698 innumeri
3101 1646 3208 1698 sint
3251 1645 3284 1699 ii
3313 1650 3400 1717 qui
3431 1651 3564 1705 oblo-

1985 1738 2234 1795 qnantur.
2268 1731 2322 1786 Si
2348 1733 2490 1786 enim
2523 1735 2701 1787 omnia
2722 1736 3022 1802 supradicta
3057 1735 3368 1806 habeamus,
3399 1743 3441 1796 si
3473 1745 3577 1797 mi-

1988 1828 2086 1885 tes,
2112 1820 2342 1877 humiles
2370 1837 2434 1876 ac
2475 1822 2852 1879 misericordes
2897 1825 3102 1892 simus,
3154 1828 3197 1880 si
3231 1828 3357 1884 item
3385 1831 3500 1899 puri
3526 1843 3578 1887 et

1986 1913 2211 1982 paciﬁci,
2260 1929 2324 1968 ac
2353 1916 2493 1970 male
2539 1915 2821 1971 audientes
2848 1932 2954 1971 non
2984 1917 3280 1974 referamus
3306 1921 3574 1990 injuriam,

1987 2004 2095 2059 imo
2121 2006 2282 2060 etiam
2303 2007 2652 2077 gaudeamus,
2674 2024 2778 2065 non
2809 2010 2985 2066 mintts
3013 2027 3168 2081 quam
3201 2030 3298 2083 per
3325 2015 3577 2072 miracula

1985 2107 2316 2166 spectatores
2358 2101 2423 2155 ad
2451 2117 2549 2156 nos
2581 2102 2974 2172 pertrahemus,
3028 2105 3360 2176 libenterque
3390 2124 3578 2166 omnes

1985 2188 2053 2243 ad
2083 2205 2179 2244 nos
2227 2193 2522 2258 accedent,
2553 2194 2666 2249 sive
2697 2194 2806 2249 fera
2836 2195 2956 2265 quis
2984 2195 3163 2263 fuerit,
3198 2199 3310 2253 sive
3337 2198 3570 2265 daemon,

1985 2289 2075 2335 aut
2125 2283 2334 2352 quidvis
2362 2284 2526 2339 aliud.
2573 2285 2628 2340 Si
2671 2287 2888 2355 quidam
2931 2287 3286 2352 maledicant,
3341 2306 3408 2345 ne
3458 2291 3576 2346 ideo

1985 2372 2234 2437 turhcris,
2260 2390 2430 2444 neque
2451 2390 2608 2430 cures
2628 2377 2673 2429 si
2701 2386 2751 2431 te
2773 2377 2940 2445 palatii
2961 2379 3283 2432 contumelia
3306 2379 3572 2444 afﬁciant;

1984 2461 2078 2516 sed
2137 2477 2322 2518 eorum
2375 2466 2752 2520 conscientiam
2809 2467 3048 2536 explora,
3105 2479 3160 2523 et
3205 2469 3409 2525 videbis
3454 2472 3576 2528 illos

1983 2552 2318 2622 plaudentes,
2353 2557 2608 2612 mirantes
2629 2599 2646 2622 ,
2677 2566 2732 2612 et
2755 2559 2902 2613 mille
2939 2558 3080 2613 intus
3108 2559 3354 2616 laudibus
3376 2577 3574 2619 ornan-

1987 2653 2086 2699 tes.
2139 2645 2271 2701 Vide
2316 2647 2473 2717 igitur
2515 2663 2622 2718 quo
2659 2658 2816 2718 pacto
2844 2649 3338 2707 Nabuchodonosor
3380 2669 3576 2722 pueros

1987 2735 2041 2790 in
2094 2737 2310 2794 fornace
2354 2740 2550 2805 laudet,
2601 2742 2810 2796 etiamsi
2843 2741 3011 2796 hostis
3041 2743 3392 2814 inimicusque
3435 2758 3574 2802 esset

1985 2827 2147 2898 (Dan.
2177 2829 2246 2902 5)
2277 2848 2291 2884 :
2324 2831 2416 2886 sed
2461 2832 2584 2901 quia
2614 2833 2745 2888 vidit
2792 2832 3002 2888 fortiter
3030 2843 3251 2902 stantes,
3287 2835 3406 2891 illos
3435 2853 3575 2907 prac-

1983 2919 2125 2974 dicat
2149 2929 2203 2974 et
2231 2931 2472 2989 coronat,
2506 2939 2611 2979 non
2640 2924 2741 2978 alia
2768 2923 2837 2980 de
2861 2939 3042 2987 causa.
3063 2925 3163 2980 nisi
3191 2927 3312 2996 quia
3345 2928 3440 2997 ipsi
3471 2946 3575 2984 non

1984 3009 2444 3081 obtemperantes,
2473 3014 2644 3084 legem
2673 3014 2765 3070 Dei
2792 3015 3093 3070 audierant.
3129 3016 3378 3072 Diabolus
3407 3019 3570 3086 enim,

1984 3116 2106 3157 cum
2139 3103 2285 3159 videt
2310 3121 2368 3160 se
2391 3105 2520 3160 nihil
2541 3104 2824 3176 proﬁcere,
2849 3105 3065 3162 demum
3090 3107 3352 3176 abscedit,
3384 3109 3577 3166 timens

1985 3211 2054 3250 ne
2085 3197 2263 3266 plures
2308 3199 2464 3255 nobis
2505 3213 2736 3254 coronas
2779 3201 3049 3255 conciliet.
3095 3201 3226 3256 Cum
3274 3213 3455 3258 autem
3490 3205 3576 3261 ille

1984 3286 2318 3356 discesserit,
2346 3292 2686 3360 quantumvis
2728 3289 3062 3346 facinorosus
3091 3301 3146 3347 et
3173 3295 3432 3349 scelestus
3458 3297 3576 3364 quis

1985 3378 2164 3445 fuerit,
2212 3381 2422 3437 sublata
2446 3381 2535 3437 illa
2565 3383 2791 3451 caligine
2832 3384 3083 3438 virtutem
3113 3395 3387 3454 agnoscet.
3419 3385 3574 3454 Quod

1984 3473 2029 3526 si
2057 3473 2351 3530 hominesa
2377 3484 2527 3532 recto
2558 3475 2838 3529 ratiocinio
2868 3475 3174 3542 deﬁectant,
3205 3492 3234 3530 a
3268 3477 3377 3532 Deo
3399 3480 3571 3548 majo-

1985 3581 2098 3620 rem
2126 3565 2533 3622 admirationem
2566 3567 2885 3635 laudemque
2912 3565 3134 3622 referes.

2061 3658 2124 3714 9.
2154 3657 2231 3715 Ne
2260 3658 2443 3714 doleas
2470 3659 2666 3729 itaque,
2704 3675 2878 3729 neque
2920 3659 3100 3715 animo
3127 3661 3379 3716 c0ncidas
3409 3680 3421 3716 :
3454 3677 3576 3719 nam

1986 3761 2040 3805 et
2061 3750 2288 3821 apostoli
2309 3750 2426 3804 aliis
2447 3750 2662 3822 quidem
2683 3759 2836 3806 erant
2863 3749 2996 3806 odor
3021 3751 3232 3816 mortis,
3256 3752 3376 3808 aliis
3396 3763 3574 3809 autem

1985 3843 2119 3898 odor
2145 3843 2266 3898 vitae
2297 3843 2372 3914 (2.
2402 3841 2521 3897 Cor.
2563 3843 2617 3896 2.
2654 3843 2719 3898 16
2747 3845 2784 3910 ).
2818 3841 2949 3896 Nam
2978 3843 3021 3896 si
3056 3850 3109 3896 tu
3140 3843 3341 3898 nullam
3384 3859 3574 3899 ansam

1985 3933 2219 3999 dederis,
2243 3934 2311 3988 ab
2331 3933 2477 3988 omni
2505 3933 2731 3988 crimine
2770 3932 3052 3996 liberaris;
3087 3933 3194 3986 imo
3222 3932 3428 3988 beatior
3450 3935 3579 3990 effe-

1985 4033 2104 4078 ctus
2133 4038 2211 4078 es.
2241 4021 2547 4094 Resplende
2573 4023 2732 4092 igitur
2755 4022 2806 4076 in
2839 4023 2964 4086 vita,
2988 4029 3042 4076 et
3076 4021 3368 4078 maledicos
3391 4039 3458 4078 ne
3484 4039 3577 4079 cu-

1986 4131 2092 4170 res.
2127 4115 2242 4170 Non
2273 4124 2452 4185 potest
2479 4116 2621 4169 enim
2643 4157 2657 4182 ,
2685 4131 2791 4170 non
2821 4123 2993 4186 potest
3029 4130 3160 4171 sane
3182 4117 3270 4187 qui
3318 4117 3570 4173 virtutem

1986 4211 2114 4264 colit
2143 4225 2251 4265 non
2297 4209 2494 4264 multos
2525 4208 2724 4265 habere
2771 4208 3035 4264 inimicos.
3067 4208 3172 4265 Sed
3225 4209 3354 4264 nihil
3386 4211 3575 4265 hormn

1987 4303 2155 4372 probo
2187 4317 2383 4358 nocere
2427 4311 2604 4372 potest
2632 4319 2646 4357 :
2698 4318 2791 4372 per
2823 4302 2938 4358 lucc
2977 4303 3119 4358 enim
3150 4303 3307 4374 longe
3335 4303 3575 4374 splendi-

1984 4394 2104 4449 dior
2133 4394 2253 4449 erit.
2287 4393 2413 4448 limo
2441 4393 2618 4463 itaque
2646 4393 2962 4463 cogitantes.
2996 4409 3160 4446 unum
3213 4401 3416 4447 tantum
3449 4408 3574 4449 sco-

1985 4501 2110 4555 pum
2141 4485 2431 4541 habeamus
2453 4527 2468 4552 ,
2513 4500 2635 4540 cum
2663 4483 2935 4555 diligentia
2985 4493 3221 4539 nostram
3263 4484 3579 4553 diSpensare

1985 4578 2148 4632 vitam
2178 4595 2190 4631 :
2223 4577 2298 4632 sic
2315 4577 2458 4632 enim
2483 4593 2579 4632 eos
2604 4577 2692 4646 qui
2721 4577 2772 4630 in
2803 4575 3036 4631 tenebris
3064 4575 3272 4640 sedent,
3296 4575 3360 4630 ad
3385 4591 3547 4645 super
3566 4605 3579 4615 -

1985 4686 2110 4725 nam
2134 4671 2294 4724 vitam
2327 4669 2481 4740 quasi
2505 4683 2666 4723 manu
2685 4667 2960 4722 ducemus.
2991 4667 3156 4720 Tanta
3185 4667 3388 4721 scilicet
3421 4666 3577 4734 hujus

1985 4761 2122 4815 lucis
2155 4762 2232 4815 vis
2284 4769 2395 4822 est,
2441 4769 2497 4813 ut
2541 4774 2646 4812 non
2699 4757 2788 4813 hic
2835 4767 3037 4812 tantum
3091 4755 3325 4825 fulgeat,
3383 4756 3473 4809 sed
3526 4767 3579 4810 et

1985 4864 2270 4922 sequentes
2323 4867 2382 4906 se
2426 4851 2518 4904 illo
2554 4849 2799 4904 deducat.
2845 4847 2977 4902 Cum
3027 4849 3168 4902 enim
3213 4861 3312 4901 nos
3347 4847 3579 4903 viderint

1987 4944 2266 5013 prmsentia
2313 4942 2491 4996 omnia
2548 4941 2902 5010 despicientes
2955 4949 3009 4994 et
3053 4939 3118 4994 ad
3155 4937 3328 4993 futura
3370 4957 3577 5010 priepa-

1986 5045 2130 5090 ratos
2154 5077 2169 5101 ,
2217 5034 2468 5106 operibus
2506 5033 2674 5102 magis
2709 5047 2866 5102 quam
2895 5030 3075 5086 verbis
3108 5031 3577 5102 obtemperabunt.

1985 5127 2117 5193 Quis
2141 5127 2282 5180 enim
2314 5136 2396 5180 est
2423 5126 2493 5179 ita
2520 5124 2715 5178 stultus
2738 5165 2754 5189 ,
2797 5123 2886 5193 qui
2929 5121 3114 5177 videns
3160 5123 3429 5179 hominem
3465 5124 3579 5181 lteri

1986 5229 2039 5275 et
2065 5219 2258 5274 nudius
2286 5218 2472 5273 tertius
2510 5217 2850 5271 deliciantem
2877 5226 2930 5270 et
2951 5215 3195 5280 divitem,
3221 5215 3333 5285 jam
3363 5228 3579 5272 exutum

1987 5311 2236 5366 omnibus
2289 5319 2342 5365 et
2387 5324 2488 5365 ceu
2531 5307 2802 5363 volucrem
2834 5305 3082 5362 effectum
3106 5349 3120 5373 ,
3150 5306 3216 5360 ad
3263 5307 3490 5372 famem,
3528 5319 3580 5362 et

1988 5412 2375 5475 paupertatem,
2411 5401 2478 5456 ad
2507 5399 2922 5456 macerationem
2952 5414 3190 5465 omnem,
3224 5398 3289 5450 ad
3319 5399 3577 5467 pericula,

1987 5495 2052 5550 ad
2075 5495 2386 5564 sanguinem
2419 5491 2767 5555 l‘undemlum,
2801 5491 2869 5543 ad
2904 5505 3090 5545 necem
3122 5498 3282 5558 atque
3305 5489 3370 5541 ad
3398 5491 3577 5542 omnia

1988 5603 2108 5657 quze
2161 5586 2290 5639 dura
2345 5592 2662 5653 reputantur
2715 5591 2980 5652 paratum,
3035 5596 3142 5635 non
3194 5580 3320 5634 hinc
3373 5581 3574 5634 clarmn

1987 5678 2214 5748 accipiat
2262 5679 2555 5730 futurorum
2583 5678 2990 5745 argumentum?
3032 5672 3087 5726 Si
3125 5687 3254 5726 vero
3299 5673 3579 5740 praesenti-

1989 5774 2090 5828 bus
2117 5786 2214 5824 nos
2255 5769 2612 5839 implicemus,
2644 5776 2803 5836 atque
2830 5765 2883 5820 in
2925 5764 3030 5818 illis
3059 5779 3157 5818 nos
3182 5765 3576 5832 immergamus.

1992 5863 2262 5935 quotttodo
2292 5861 2514 5918 credere
2569 5868 2826 5930 poterunt
2846 5904 2859 5928 ,
2915 5871 3012 5913 nos
3039 5857 3104 5913 ad
3135 5857 3295 5914 aliam
3327 5856 3580 5917 festinare
