4052 6428
507 385 613 451 235

519 539 789 608 patriam?
834 539 965 608 Quae
1019 553 1146 594 vero
1191 539 1348 594 nobis
1396 539 1610 594 demum
1656 539 1759 594 erit
1805 537 2095 600 excusatio,

512 646 632 686 cum
662 647 767 686 non
799 639 999 684 tantum
1037 631 1214 684 valeat
1242 631 1380 700 apud
1424 646 1522 686 nos
1563 631 1656 686 Dei
1703 636 1858 685 timor
1878 673 1892 696 ,
1921 646 2093 701 quan—

516 731 625 774 tum
685 721 849 773 valuit
904 720 1044 790 apud
1106 721 1416 776 Graecorum
1467 723 1811 793 philosophos
1867 724 2095 776 humana

510 811 675 882 gloria
698 812 722 865 ?
744 812 876 866 Nam
905 812 1116 867 illorum
1147 813 1360 884 quidam
1403 815 1654 883 pecunias
1675 805 1982 884 abjeeerutit
2004 857 2018 876 ,
2042 821 2095 868 et

512 916 741 960 mortem
782 914 1243 976 contempserunt,
1288 916 1345 961 ut
1382 923 1500 963 sese
1539 907 1843 962 hominibus
1869 917 2096 964 «stenta-

509 1007 628 1052 rent
667 1016 681 1052 :
713 998 940 1068 ideoque
963 1015 1098 1054 vana
1141 1002 1236 1054 fuit
1264 1001 1476 1055 illorum
1511 1017 1652 1070 spes.
1685 1004 1938 1070 Quamam
1966 1017 2093 1072 ergo

509 1106 606 1146 nos
633 1091 874 1147 defensio
912 1093 1176 1160 liberabit,
1207 1109 1326 1148 cum
1358 1104 1479 1164 post
1519 1104 1662 1150 tanta
1703 1097 1855 1151 nobis
1899 1112 2093 1166 propo-

506 1183 607 1237 sita
638 1187 776 1237 bona
798 1225 813 1249 ,
847 1193 900 1239 et
927 1196 1044 1254 post
1073 1196 1270 1239 tantatn
1310 1188 1465 1242 nobis
1492 1198 1730 1258 apertam
1760 1188 1825 1243 ad
1859 1189 2093 1259 philoso-

507 1275 777 1344 phandum
809 1279 967 1342 viam,
1003 1293 1070 1332 ne
1106 1279 1248 1347 paria
1276 1279 1490 1348 quidem
1533 1279 1640 1333 illis
1665 1281 1885 1350 exsequi
1919 1281 2092 1350 possi-

508 1382 645 1434 mus,
671 1367 765 1421 sed
793 1377 847 1422 et
873 1382 968 1422 nos
999 1378 1052 1423 et
1081 1370 1216 1424 alios
1252 1370 1699 1440 pessumdemus?
1727 1371 1912 1443 Neque
1941 1373 2084 1428 enim

505 1457 574 1510 ita
602 1457 988 1513 nocctGrtccus
1009 1459 1185 1530 inique
1208 1475 1389 1530 agens,
1419 1471 1475 1515 ut
1495 1461 1828 1517 Christianus
1856 1463 2087 1532 idipsum

504 1547 741 1601 faciens:
777 1557 831 1602 et
867 1549 988 1617 jure
1034 1537 1275 1619 quidem.
1329 1551 1542 1606 Illorum
1575 1553 1717 1608 enim
1767 1554 1975 1622 putrida
2007 1563 2091 1608 est

501 1637 742 1692 doctrina
765 1647 820 1692 et
847 1639 1026 1708 opinio
1052 1655 1067 1704 ;
1096 1650 1276 1695 nostra
1299 1657 1426 1697 vero
1445 1658 1539 1711 per
1555 1643 1649 1698 Dei
1669 1645 1894 1714 gratiam
1920 1645 2081 1700 etiam

501 1730 642 1800 apud
700 1731 892 1800 impios
944 1734 1267 1788 venerabilis
1341 1744 1424 1790 est
1479 1746 1533 1791 et
1590 1738 1829 1793 illustris.
1883 1737 2086 1794 Idcirco

501 1822 714 1892 quando
734 1825 966 1878 maxime
994 1825 1146 1880 nobis
1161 1828 1486 1896 exprobrare
1515 1829 1700 1892 volunt
1723 1838 1778 1885 et
1805 1831 2086 1887 maledicta

501 1930 723 1983 augere,
757 1915 809 1970 id
838 1917 1171 1987 subjungunt
1201 1961 1215 1984 ,
1245 1920 1580 1976 Christianus
1629 1922 1741 1994 (a);
1772 1939 1879 1978 non
1919 1925 1970 1979 id
2000 1924 2086 1979 di-

502 2007 638 2060 cturi
671 2015 836 2072 certe,
871 2009 971 2061 nisi
1002 2026 1246 2080 magnam
1272 2014 1338 2065 de
1356 2011 1594 2067 doctrinm
1617 2023 1800 2068 nostra
1827 2015 2087 2070 haberent

503 2100 828 2168 opinionem.
879 2101 993 2155 Non
1047 2103 1240 2158 audisti
1283 2105 1456 2174 qualia
1501 2115 1555 2160 et
1597 2117 1790 2176 quanta
1844 2106 2086 2162 Christus

497 2190 760 2258 jusserit?
788 2191 1012 2258 Quando
1039 2208 1166 2263 ergo
1192 2196 1391 2265 poteris
1423 2196 1506 2251 vel
1534 2214 1696 2253 unum
1724 2199 1838 2268 ejus
1863 2199 2086 2268 implere

504 2291 824 2352 praeceptum
847 2325 863 2351 ,
904 2301 1025 2339 eum
1055 2286 1230 2342 missis
1260 2289 1527 2354 omnibus,
1572 2291 1867 2345 Circumeas
1895 2308 2084 2347 usuras

496 2375 772 2443 colligens,
804 2373 978 2430 [terius
1007 2378 1197 2432 tumori
1224 2379 1428 2433 addens
1454 2420 1469 2445 ,
1502 2381 1889 2451 negotiationes
1931 2383 2084 2436 insti-

497 2474 671 2531 tuens,
720 2480 995 2522 servorum
1020 2483 1211 2540 greges
1239 2485 1423 2527 emcns
1446 2514 1460 2536 ,
1485 2485 1736 2544 argentea
1779 2491 1903 2529 νεεδ
1931 2491 2082 2530 com-

497 2573 709 2628 parans,
741 2573 918 2628 agros,
951 2560 1140 2617 domos
1166 2605 1182 2627 _.
1209 2565 1597 2632 supellectilem
1627 2568 1988 2623 immensam?
2017 2570 2082 2625 Et

495 2649 697 2703 utinam
726 2649 777 2703 id
809 2650 982 2705 solutn
1015 2668 1223 2722 ageres.
1249 2655 1382 2710 Cum
1415 2674 1542 2714 vero
1583 2659 1665 2714 his
1697 2659 2082 2730 intempestivis

495 2742 811 2810 iniustitiam
843 2761 1055 2815 quoque
1075 2747 1263 2815 addas,
1292 2759 1490 2806 terram
1516 2751 1753 2807 ﬁnitimis
1779 2755 2079 2822 abstrabas,

493 2835 683 2890 domos
729 2837 960 2905 spolies,
1011 2853 1272 2909 pauperes
1319 2852 1551 2909 alteras,
1597 2844 1791 2900 famem
1845 2861 2078 2916 augeas,

495 2926 710 2996 quando
755 2928 954 2996 poteris
996 2929 1062 2983 ad
1117 2932 1234 2985 hate
1280 2931 1462 2988 limina
1517 2936 1814 2992 accedere?
1882 2937 2079 2993 Verum

494 3017 810 3087 quandoque
837 3033 1125 3089 pauperum
1167 3022 1458 3078 misereris.
1484 3024 1539 3080 ld
1579 3035 1632 3081 et
1659 3043 1758 3097 ego
1787 3029 1908 3082 novi
1945 3050 1957 3084 :
1986 3029 2080 3084 sed

496 3109 582 3164 hic
611 3125 823 3179 quoque
845 3111 1006 3165 multa
1041 3114 1302 3181 pernicies
1334 3126 1437 3170 est.
1463 3118 1568 3171 Aut
1593 3121 1735 3174 enim
1764 3135 1886 3176 cum
1919 3122 2076 3188 fastu,

493 3212 585 3255 aut
614 3201 678 3256 ad
727 3219 911 3256 vanam
958 3205 1186 3274 gloriam
1222 3209 1271 3263 id
1304 3211 1418 3280 agis
1440 3251 1458 3279 ,
1490 3221 1548 3266 ut
1574 3229 1674 3269 nec
1701 3215 1751 3268 in
1782 3215 1934 3269 bonis
1965 3217 2082 3286 qui-

492 3292 616 3345 dem
650 3293 899 3361 operibus
953 3297 1150 3366 aliquid
1195 3297 1420 3355 lucreris
1474 3320 1487 3356 :
1527 3319 1632 3374 quo
1681 3306 1808 3374 quid
1851 3307 2078 3362 misera-

493 3386 655 3442 bilius
684 3404 931 3458 umquam
963 3390 1144 3458 fuerit,
1170 3409 1290 3448 cum
1315 3396 1367 3451 in
1401 3408 1556 3468 portu
1596 3401 1710 3471 ipso
1740 3403 2073 3475 naufragium

492 3477 749 3547 patiaris?
774 3479 852 3534 Ne
882 3480 1041 3550 igitur
1070 3483 1120 3537 id
1152 3487 1383 3554 eveniat,
1417 3504 1538 3544 cum
1567 3491 1691 3545 boni
1718 3494 1916 3564 aliquid
1947 3511 2078 3565 ope-

489 3579 638 3624 ratus
663 3583 742 3635 es,
787 3585 855 3624 ne
885 3588 1092 3640 qua'ras
1137 3590 1166 3628 a
1193 3592 1279 3632 me
1311 3581 1570 3649 gratiam,
1602 3592 1659 3638 ut
1687 3584 1850 3639 Deum
1884 3587 2080 3644 habeas

493 3665 825 3731 debitorem,
854 3668 941 3737 qui
981 3666 1054 3718 ait
1089 3683 1100 3718 :
1132 3665 1366 3722 Motuum
1395 3671 1513 3725 date
1561 3674 1622 3726 iis
1670 3692 1700 3728 α
1748 3678 1925 3744 quibus
1976 3695 2078 3733 non

493 3763 708 3830 speratis
733 3781 818 3819 vos
838 3775 1132 3837 accepturos
1158 3769 1307 3840 (Luc.
1329 3770 1380 3826 6.
1410 3769 1523 3844 55).
1545 3772 1717 3827 llabes
1743 3774 2036 3830 debitorem
2062 3794 2077 3843 ;

493 3868 590 3906 cur
619 3853 709 3907 illo
739 3855 924 3911 relicto
949 3899 963 3922 ,
992 3874 1022 3912 a
1054 3874 1140 3914 me
1189 3863 1464 3930 exposcis,
1510 3862 1731 3919 homine
1759 3881 1989 3936 paupere
2028 3879 2083 3924 et

496 3947 692 4002 misero
713 3948 736 4001 ?
761 3948 898 4005 Num
955 3951 1260 4022 indignatur
1287 3955 1375 4010 hic
1398 3956 1638 4023 debitor,
1669 3974 1791 4014 cum
1843 3960 2078 4017 debitum

495 4040 766 4112 exigitur?
792 4059 915 4098 num
944 4060 1142 4115 pauper
1171 4048 1290 4102 est?
1321 4065 1444 4103 num
1467 4051 1673 4106 solvere
1694 4055 1944 4109 recusat?
1965 4054 2079 4110 Non

496 4132 649 4188 vides
669 4132 784 4202 ejus
816 4135 1109 4192 ineffabiles
1128 4138 1450 4195 thesauros?
1479 4159 1583 4198 non
1609 4145 1760 4200 vides
1803 4147 1943 4202 illam
1971 4149 2084 4204 ine-

497 4224 815 4279 narrabilcm
870 4227 1284 4285 liberalitatem?
1333 4233 1414 4286 Ab
1465 4235 1554 4288 illo
1610 4236 1770 4305 igitur
1825 4239 1978 4309 exige
2028 4253 2082 4296 et

497 4331 751 4378 cxposce.
799 4317 888 4373 Sic
939 4331 1155 4390 rogatus
1187 4323 1401 4394 gaudet.
1430 4325 1563 4382 Nam
1592 4328 1636 4382 si
1662 4329 1854 4384 viderit
1879 4334 1946 4388 ab
1971 4334 2081 4389 alio

498 4407 636 4476 exigi
669 4407 719 4462 id
743 4409 880 4477 quod
910 4411 1022 4479 ipse
1043 4411 1221 4478 debet,
1264 4419 1586 4472 contumelia
1616 4419 1862 4476 affectum
1894 4439 1954 4479 se
1980 4442 2080 4494 pu—

499 4500 650 4564 tabit,
681 4515 778 4555 nec
811 4501 902 4556 tibi
936 4512 1117 4572 postea
1145 4505 1365 4572 reddet,
1392 4508 1498 4563 imo
1527 4518 1578 4565 te
1614 4511 1756 4579 juste
1781 4515 2074 4571 accusabit.

500 4595 554 4648 ltt
581 4610 687 4666 quo
709 4609 799 4650 me
827 4596 1112 4666 ingratum,
1161 4599 1399 4670 inquiet,
1432 4602 1876 4673 deprehendisti?
1925 4624 2081 4665 mene

497 4701 787 4755 pauperem
815 4697 986 4754 putas,
1010 4689 1097 4757 qui
1123 4705 1210 4745 me
1230 4695 1590 4760 praetermisso
1612 4697 1745 4752 alios
1761 4698 1968 4754 adeas?
1992 4700 2080 4756 alii

496 4785 739 4832 mutuum
783 4779 998 4846 dedisti,
1050 4790 1104 4835 et
1155 4782 1223 4838 ab
1277 4783 1380 4837 alio
1430 4787 1641 4855 exigis?
1683 4789 1797 4844 Etsi
1853 4807 2084 4862 namque

497 4867 660 4924 homo
689 4877 974 4939 acceperit,
1005 4872 1147 4928 Deus
1175 4874 1304 4930 dare
1327 4876 1488 4945 jussit
1522 4896 1536 4932 :
1566 4879 1677 4948 ipse
1703 4882 1907 4950 primus
1933 4883 2084 4939 debi-

497 4971 580 5015 tor
606 4972 660 5017 et
689 4978 913 5032 Sponsor
954 4981 1074 5022 esse
1099 4969 1242 5032 vult,
1275 4969 1583 5026 innumeras
1613 4973 1704 5028 tibi
1753 4976 1993 5044 praebens
2015 4979 2083 5034 ab

495 5067 562 5107 eo
588 5054 801 5123 petendi
829 5059 1156 5115 occasiones.
1189 5060 1270 5116 Ne
1311 5063 1470 5132 igitur
1507 5075 1648 5118 tanta
1683 5065 1935 5124 facilitate
1966 5081 2081 5125 tan-

499 5157 657 5216 taque
679 5146 999 5204 abundantia
1031 5156 1409 5221 praetermissa,
1440 5172 1469 5210 a
1497 5174 1582 5212 me
1608 5161 1851 5230 accipere
1872 5179 2081 5234 quazras

497 5237 586 5305 qui
615 5237 742 5290 nihil
777 5237 967 5295 habeo.
998 5241 1110 5308 Qua
1135 5244 1199 5298 de
1226 5260 1386 5301 causa
1419 5256 1470 5302 te
1506 5249 1634 5303 mihi
1657 5260 1930 5322 ostentas,
1958 5271 2078 5312 cum

499 5331 716 5400 pauperi
739 5335 970 5402 erogas?
994 5335 1127 5389 Num
1141 5352 1241 5407 ego
1267 5338 1374 5393 dixi
1405 5341 1518 5406 tibi,
1546 5342 1656 5396 Da?
1679 5360 1803 5399 num
1826 5361 1856 5399 a
1878 5363 1961 5410 me
1981 5365 2080 5403 au-

497 5423 643 5490 disti,
680 5433 734 5479 ut
761 5441 789 5482 a
823 5443 907 5481 me
937 5430 1161 5499 exigas?
1187 5431 1305 5500 Ipse
1333 5433 1468 5489 dixit
1497 5452 1510 5488 :
1545 5435 1645 5502 Qui
1665 5438 1926 5493 miseretur
1953 5458 2084 5510 pau-

499 5534 610 5585 peri
637 5559 652 5579 ,
681 5518 956 5588 {teneretur
982 5521 1090 5576 Deo
1119 5520 1316 5593 (Prov.
1349 5524 1433 5580 19.
1470 5527 1594 5598 17).
1651 5528 1761 5583 Deo
1786 5529 2081 5588 fwneratus

497 5609 590 5665 es?
615 5610 699 5663 Ab
726 5611 817 5665 illo
840 5613 1014 5683 exige.
1041 5614 1112 5669 At
1135 5630 1240 5669 non
1275 5625 1442 5672 totum
1470 5636 1610 5675 nunc
1638 5621 1853 5678 reddit?
1886 5623 2081 5681 Verum

559 5743 635 5814 (ᾳ)
667 5751 789 5805 Ergo
812 5753 1036 5814 tempore
1069 5749 1390 5814 Chrysostomi
1417 5755 1564 5804 etiam
1609 5755 1868 5808 Christiani
1901 5774 2083 5812 nomen

498 5807 677 5886 proer
696 5816 812 5886 erat.
821 5807 948 5886 apud
971 5807 1205 5886 gentiles,
1221 5807 1632 5886 quemadmodum
1654 5807 1931 5872 Tertulliani
1944 5807 2081 5886 Ev'o‘,

501 5874 554 5917 ut
576 5870 640 5918 ait
665 5869 771 5927 ipse
799 5869 925 5920 libro
941 5869 1093 5936 primo
1115 5869 1200 5922 Ad
1221 5869 1459 5928 Nationes.

1256 404 1313 462 S.
1353 403 1630 459 JOANNIS
1668 399 2146 458 CIIBYSOSTOMI
2184 403 2501 464 ARCHIEP.
2541 409 3078 474 CONSTANTINOP.

3695 430 3796 485 236

2209 535 2261 591 id
2288 539 2352 593 ad
2382 541 2663 599 utilitatem
2691 555 2835 602 tuam
2865 547 3010 604 facit.
3057 552 3152 606 Est
3177 553 3373 625 quippe
3406 556 3525 613 talis
3549 558 3793 632 debitor,

2203 628 2293 697 qui
2320 645 2424 685 non
2449 634 2623 689 solum
2653 637 2704 690 id
2723 640 2863 707 quod
2889 651 3074 697 mutuo
3100 644 3280 699 datum
3315 657 3415 715 est,
3449 660 3505 705 ut
3533 653 3686 707 multi
3713 628 3792 708 fa;

2202 722 2387 789 ciunt,
2419 727 2644 782 reddere
2679 729 2923 799 festinet;
2958 735 3051 790 sed
3082 737 3242 792 etiam
3263 739 3313 793 id
3340 751 3478 812 agat,
3511 744 3638 799 utid
3654 750 3792 817 quod

2201 812 2381 869 datum
2401 827 2502 883 est,
2537 819 2588 873 in
2618 829 2730 875 tuto
2756 823 3054 893 depositum
3082 829 3170 882 sit.
3204 831 3328 886 ldeo
3349 851 3468 903 qua:
3499 837 3586 892 hic
3615 812 3788 895 debita

2199 917 2323 961 sunt
2353 909 2556 975 reddit;
2579 927 2696 982 qum
2718 915 2847 982 illic,
2880 931 3137 976 reservat.

2272 999 2359 1054 10.
2408 999 2534 1056 Haae
2573 1019 2690 1058 cum
2719 1007 2975 1074 sciamus,
3010 1014 3390 1073 misericordia:
3420 1036 3667 1092 magnam
3696 1027 3789 1082 de-

2199 1102 2318 1143 mus
2345 1104 2562 1159 operam
2611 1095 2940 1168 multamque
2991 1101 3372 1161 humanitatem
3402 1125 3749 1170 exerceamus
3770 1159 3785 1183 ,

2199 1191 2253 1236 et
2284 1185 2522 1252 pecuniis
2547 1197 2601 1241 et
2627 1190 2895 1257 operibus.
2925 1193 2992 1248 Et
3017 1197 3060 1250 si
3089 1199 3363 1256 videamus
3391 1203 3620 1274 aliquem
3649 1210 3788 1264 male

2200 1275 2509 1331 mulctatum
2540 1289 2592 1333 et
2632 1296 2829 1337 caesum
2859 1286 2909 1339 in
2939 1287 3076 1355 foro,
3115 1291 3158 1344 si
3190 1304 3466 1362 argentum
3497 1314 3783 1368 possumus

2196 1363 2468 1434 deponere
2489 1408 2503 1434 ,
2533 1368 2864 1439 deponamns
2888 1393 2902 1442 ;
2931 1379 2973 1432 si
3001 1381 3177 1436 verbis
3220 1400 3334 1439 rem
3364 1403 3648 1456 possumus
3677 1403 3782 1448 ter-

2196 1456 2423 1524 minare,
2449 1475 2513 1513 ne
2542 1461 2736 1532 pigeat.
2765 1465 2864 1520 Est
2888 1469 3029 1523 enim
3059 1472 3219 1528 etiam
3251 1493 3346 1544 pro
3369 1493 3617 1538 sermone
3643 1501 3782 1539 mer-

2196 1563 2324 1614 ces;
2377 1549 2484 1605 imo
2536 1555 2695 1608 etiam
2742 1573 2838 1626 pro
2875 1563 3198 1631 gemitibus;
3252 1567 3409 1638 idque
3452 1573 3639 1628 beatus
3683 1575 3782 1632 Job

2194 1643 2405 1700 dicebat
2437 1665 2450 1700 :
2482 1645 2596 1719 Ego
2635 1662 2801 1704 autem
2835 1656 3017 1724 ﬂebant
3064 1676 3218 1730 super
3241 1679 3438 1718 onmem
3478 1667 3778 1734 inﬁrmant:

2191 1738 2415 1807 ingentui
2439 1751 2606 1796 autem
2646 1745 2818 1800 videns
2857 1749 3018 1803 virum
3040 1757 3091 1805 in
3118 1756 3491 1811 necessitatibus
3533 1760 3657 1829 (Job
3687 1765 3774 1819 50.

2192 1827 2323 1898 25).
2354 1829 2406 1884 Si
2433 1839 2611 1886 autem
2643 1850 2739 1903 pro
2765 1836 3015 1909 lacrymis
3045 1852 3097 1896 et
3122 1846 3406 1912 gemitibus
3433 1827 3645 1906 merces
3667 1866 3766 1918 est,

2192 1921 2406 1989 quando
2434 1924 2595 1978 etiam
2642 1941 2922 1985 sermones
2969 1945 3019 1986 et
3045 1934 3348 1991 sollicitudo
3379 1941 3650 2012 tnultaque
3677 1946 3773 1998 alia

2191 2010 2529 2079 adhibentur,
2575 2018 2746 2086 cogita
2790 2029 2986 2090 quanta
3027 2024 3097 2077 sit
3142 2029 3437 2082 retributio.
3470 2010 3681 2087 Etenim
3727 2046 3778 2090 et

2191 2120 2289 2160 nos
2315 2107 2510 2162 inimici
2528 2109 2620 2164 Dei
2639 2125 2852 2167 eramus
2873 2130 2892 2178 ;
2917 2125 2970 2169 et
3000 2115 3313 2187 Unigenitus
3339 2137 3436 2176 nos
3467 2127 3779 2181 reconcilia-

2190 2197 2285 2262 vit,
2312 2212 2432 2252 sese
2463 2199 2696 2254 medium
2724 2203 3038 2270 conjiciens,
3059 2218 3110 2262 et
3140 2209 3318 2278 plagas
3342 2228 3436 2282 pro
3462 2215 3617 2270 nobis
3637 2220 3778 2272 exei-

2189 2289 2360 2359 piens,
2389 2301 2724 2364 mortemque
2751 2298 2976 2365 patiens.
3010 2299 3332 2358 Studeamus
3361 2306 3540 2376 itaque
3571 2319 3624 2364 et
3656 2326 3774 2377 nos,

2189 2396 2283 2436 eos
2309 2382 2401 2451 qui
2430 2383 2482 2437 in
2513 2383 2630 2440 haec
2669 2386 2908 2442 incidunt
2933 2404 2961 2442 a
2991 2393 3146 2446 malis
3177 2393 3470 2451 innumeris
3511 2399 3774 2466 liberare;

2187 2485 2293 2526 non
2316 2475 2630 2544 vero,‘quod
2652 2491 2792 2532 nunc
2817 2477 3060 2546 facimus,
3091 2483 3141 2537 in
3166 2485 3304 2540 mala
3331 2502 3424 2542 eos
3445 2489 3736 2548 immittere
3761 2511 3776 2549 :

2186 2577 2306 2618 cum
2335 2567 2608 2635 quospiam
2635 2569 2875 2627 videmus
2899 2572 2952 2626 in
2973 2588 3032 2629 se
3061 2587 3248 2632 mutuo
3269 2579 3492 2647 irruere,
3514 2583 3776 2639 alterum-

2185 2669 2291 2724 que
2319 2655 2387 2722 ab
2411 2656 2581 2712 altero
2623 2660 2762 2715 male
2789 2662 2924 2717 afﬁci
2949 2681 2964 2730 ;
2994 2666 3268 2724 adstantes
3307 2669 3450 2724 enim
3481 2674 3776 2742 gaudemus

2189 2743 2258 2800 de
2297 2745 2525 2800 aliorum
2567 2749 2834 2807 dedecore
2858 2793 2873 2818 ,
2907 2754 3279 2828 theatrumque
3307 2759 3626 2818 diabolicum
3675 2769 3778 2820 cir-

2186 2850 2308 2889 cum
2329 2839 2612 2894 statuimus
2643 2858 2654 2893 :
2688 2859 2791 2912 quo
2828 2844 2952 2913 quid
2982 2834 3265 2905 immanius
3294 2868 3543 2923 umquam
3575 2855 3777 2913 fuerit?

2185 2926 2347 2983 Vides
2370 2931 2509 2985 male
2539 2933 2834 3001 audientes,
2863 2952 2920 2991 se
2949 2949 3133 2995 mutuo
3153 2941 3538 3013 discerpentes,
3571 2959 3772 3004 vestem

2185 3019 2561 3090 discindentes,
2591 3025 2780 3081 faciem
2812 3030 3082 3087 caedentes
3102 3076 3115 3099 ,
3140 3044 3194 3090 et
3235 3037 3416 3106 quiete
3444 3051 3587 3095 Stare
3613 3045 3776 3098 susti-

2185 3116 2314 3169 nes?
2336 3116 2470 3171 Num
2499 3134 2653 3174 ursus
2683 3131 2764 3175 est
2811 3122 2857 3178 is
2882 3128 2970 3193 qui
3002 3129 3243 3197 pugnat?
3266 3146 3393 3185 num
3437 3132 3546 3187 fera
3571 3133 3596 3186 ?
3642 3152 3770 3191 num

2185 3214 2446 3281 serpens?
2504 3213 2676 3270 llomo
2729 3228 2812 3272 est
2853 3230 3026 3276 tecum
3081 3239 3296 3295 semper
3342 3233 3771 3300 eommunicans,

2184 3298 2349 3355 frater
2376 3310 2477 3368 est,
2507 3307 2808 3362 membrum
2837 3319 2982 3365 tuum
3011 3324 3112 3367 est.
3144 3314 3222 3371 Ne
3245 3329 3515 3387 spectator
3540 3322 3636 3386 sis,
3669 3298 3766 3378 sed

2184 3393 2337 3447 solve
2357 3395 2558 3463 rixam;
2591 3413 2658 3452 ne
2688 3399 2886 3456 laeteris
2910 3443 2926 3470 ,
2959 3405 3053 3459 sed
3081 3408 3326 3478 corripe;
3354 3426 3422 3466 ne
3460 3412 3594 3467 alios
3621 3415 3774 3470 exci-

2186 3491 2264 3538 tes
2285 3483 2352 3538 ad
2382 3493 2583 3541 tantum
2614 3488 2848 3546 dedecus
2877 3534 2891 3557 ,
2936 3495 3031 3549 sed
3058 3498 3412 3569 eonfligentes
3453 3518 3580 3559 arce
3614 3515 3669 3560 et
3688 3507 3775 3562 di-

2184 3574 2337 3630 rime.
2391 3575 2782 3647 lmpudentium
2825 3585 2966 3638 enim
3011 3596 3066 3641 et
3108 3590 3410 3646 otiosorum
3451 3604 3534 3649 est
3581 3597 3775 3654 talibus

2184 3667 2420 3737 gaudere
2450 3670 2846 3730 calamitatibus
2869 3717 2883 3740 ,
2933 3678 3261 3736 nefariorum
3286 3695 3340 3738 et
3387 3685 3774 3746 irrationalium

2185 3757 2482 3815 hominum.
2511 3762 2670 3819 Vides
2711 3766 2980 3824 hominem
3015 3774 3237 3842 turpiter
3257 3785 3522 3845 agentem,
3547 3797 3647 3836 nec
3675 3783 3776 3837 ad-

2185 3851 2348 3906 vertis
2378 3861 2429 3907 te
2479 3855 2637 3911 etiam
2690 3859 2918 3928 turpiter
2961 3865 3166 3933 agere?
3205 3882 3378 3938 neque
3436 3872 3492 3925 in
3536 3875 3771 3931 medium

2185 3944 2363 4011 irruis,
2385 3955 2440 4000 ut
2463 3946 2656 4002 diaboli
2682 3949 2994 4023 phalangem
3012 3955 3261 4027 dissipes,
3294 3970 3348 4014 et
3369 3959 3597 4018 humana
3627 3969 3769 4022 mala

2186 4034 2402 4089 solvas?
2447 4038 2534 4102 At,
2580 4039 2826 4109 inquies,
2869 4053 2926 4097 ιιι
2970 4054 3024 4099 et
3047 4060 3147 4117 ego
3171 4049 3352 4119 plagas
3389 4055 3670 4124 accipiam,
3701 4059 3772 4114 ita

2181 4124 2384 4194 jubes?
2411 4129 2569 4198 Atqui
2601 4130 2653 4184 id
2695 4140 2748 4186 tu
2795 4149 2899 4188 non
2929 4137 3144 4204 patieris
3169 4154 3183 4204 ;
3223 4140 3268 4195 si
3298 4157 3426 4198 vero
3453 4148 3692 4215 patiaris,
3723 4151 3773 4205 id

2188 4217 2281 4272 tibi
2319 4221 2557 4289 martyrii
2589 4220 2706 4275 loco
2731 4223 2834 4278 erit
2865 4242 2877 4279 :
2919 4237 3137 4298 propter
3179 4231 3349 4288 Deum
3395 4237 3538 4292 enim
3582 4255 3798 4310 passus-

2187 4323 2265 4365 es.
2300 4309 2356 4364 Si
2399 4327 2527 4366 vero
2578 4315 2758 4383 plagas
2789 4317 3033 4388 accipere
3060 4326 3348 4392 cunctaris,
3379 4331 3554 4400 cogita
3584 4309 3770 4390 Domi-

2189 4418 2314 4456 num
2348 4413 2491 4458 tuum
2519 4420 2732 4462 crucem
2765 4421 2982 4480 propter
3019 4422 3070 4470 te
3103 4431 3316 4484 passum
3344 4435 3485 4476 esse.
3521 4425 3599 4479 llli
3628 4429 3770 4483 enim

2187 4493 2336 4548 velut
2363 4495 2496 4550 ebrii
2524 4506 2577 4551 et
2598 4498 2935 4557 obtenebrati
2965 4516 3108 4568 sunt.
3137 4506 3317 4563 furore
3346 4513 3478 4569 duce
3503 4525 3558 4571 et
3585 4526 3770 4588 tyran-

2190 4584 2369 4639 nidem
2395 4599 2679 4644 exercente
2703 4631 2719 4656 ,
2759 4607 2893 4662 opus
2936 4607 3112 4651 autem
3145 4598 3340 4654 habent
3390 4618 3535 4660 sana:
3579 4584 3775 4666 mentis

2189 4674 2421 4740 homine,
2475 4681 2563 4749 qui
2610 4680 2739 4751 ipsis
2786 4686 3092 4756 auxilietur,
3146 4700 3250 4745 tam
3309 4711 3500 4766 nempe
3542 4699 3767 4770 laedens,

2187 4783 2345 4838 quam
2381 4772 2584 4839 patiens
2613 4791 2626 4827 :
2653 4773 2740 4828 hic
2768 4775 3023 4846 quidem,
3064 4789 3122 4834 ut
3160 4785 3297 4839 male
3328 4787 3532 4854 patiens
3579 4791 3779 4850 libere-

2189 4869 2312 4928 tur;
2349 4863 2434 4917 ille
2455 4879 2602 4933 vero,
2633 4875 2689 4920 ut
2715 4868 2850 4923 mala
2881 4870 3080 4928 inferre
3105 4874 3329 4930 desinat.
3355 4881 3565 4939 Accede
3591 4885 3771 4955 igitur,

2189 4963 2243 5009 et
2301 4971 2515 5011 manum
2572 4961 2787 5031 porrige
2837 4963 3049 5021 sobrius
3091 4971 3406 5026 temulento.
3445 4973 3528 5030 Ira
3577 4981 3777 5049 quippe

2188 5047 2498 5104 ebrietatem
2529 5052 2707 5122 parit,
2742 5055 2846 5108 vini
2893 5060 3199 5116 temulentis
3249 5047 3610 5125 deteriorem;
3654 5047 3773 5128 Son

2188 5144 2336 5200 vides
2357 5157 2564 5213 nautas,
2589 5163 2710 5202 cum
2737 5149 2944 5221 aliquos
2965 5166 3193 5211 cernunt
3224 5159 3460 5218 incidere
3479 5165 3530 5218 in
3560 5165 3775 5220 naufra-

2188 5237 2353 5306 gium,
2386 5240 2654 5308 quomodo
2680 5242 2795 5296 vela
2836 5245 3232 5314 expandentcs,
3273 5265 3394 5306 cum
3430 5271 3620 5326 magna
3653 5257 3775 5313 dili~

2185 5331 2360 5400 gentia
2391 5344 2715 5403 properent,
2746 5345 2806 5391 ttt
2833 5340 3008 5394 socios
3053 5356 3122 5396 ex
3167 5342 3416 5402 ﬂuctibus
3456 5351 3684 5406 ernant?
3711 5353 3770 5408 Si

2190 5437 2315 5475 vero
2339 5425 2470 5478 artis
2498 5423 2737 5493 ejusdem
2765 5440 3041 5486 consortes
3072 5441 3274 5489 tantum
3305 5437 3406 5491 sibi
3430 5451 3614 5495 mutuo
3636 5457 3776 5510 pra:-

2189 5522 2330 5567 stant
2351 5515 2626 5582 auxilium,
2653 5518 2819 5573 multo
2849 5523 3016 5591 magis
3043 5524 3282 5592 ejusdem
3313 5543 3519 5584 natura:
3543 5547 3772 5589 consor-

2193 5614 2271 5660 tes
2299 5606 2414 5662 hzrc
2433 5609 2609 5663 omnia
2648 5608 2828 5666 facere
2875 5630 2968 5683 par
2993 5624 3093 5669 est.
3123 5616 3253 5671 Nam
3286 5617 3373 5675 hic
3397 5637 3608 5693 quoque
3639 5642 3775 5681 nau-

2191 5695 2414 5766 fragium
2469 5710 2550 5755 est
2603 5702 2693 5756 illo
2742 5705 3111 5772 perniciosius.
3169 5710 3276 5764 Aut
3305 5713 3446 5766 enim
3497 5715 3585 5769 Ille
3615 5717 3778 5772 ltesns

2191 5788 2614 5860 blasphemavit,
2671 5803 2724 5848 et
2758 5797 2937 5851 omnia
2994 5797 3128 5853 bona
3187 5806 3494 5870 evacuavit;
3541 5816 3633 5860 aut
3685 5825 3785 5878 pe-

2185 5883 2413 5952 jeravit,
2448 5884 2525 5941 ira
2554 5896 2796 5958 cogente,
2841 5898 3004 5959 atque
3041 5890 3093 5946 in
3119 5890 3416 5962 gehennam
3448 5898 3666 5970 incidit;
3697 5901 3779 5957 vel
