4052 6424
294 432 396 490 9.35

292 568 405 618 μις,
428 550 507 615 ὡς
534 551 611 623 μὴ
659 553 892 609 ἐνταῦθα
935 554 1095 624 μόνον
1125 553 1382 625 λάμπειν,
1426 553 1565 608 ἀλλά
1606 554 1702 607 καὶ
1746 552 1862 605 ἐκεῖ

289 628 572 700 ἐφοδηγεῖν
605 633 735 695 τοὺς
766 633 1084 702 ἑπομένους.
1120 634 1289 686 Ὅταν
1326 632 1434 703 7&9
1466 632 1617 685 ῐδωσι
1648 630 1865 685 πάντων

290 708 397 760 τῶν
424 708 711 779 παρόντων
746 711 1241 781 καταφρονοῦντας,
1271 711 1366 764 καὶ
1403 710 1537 781 πρὸς
1574 709 1636 762 τὸ
1670 708 1864 780 μέλλον

288 790 898 858 παρασκευαζομένους,
946 788 1051 855 πρὸ
1094 788 1255 856 λόγου
1286 788 1484 851 παντὸς
1527 790 1640 852 τοῖς
1681 786 1865 858 ἔργοις

286 865 445 934 ἡμῶν
466 865 875 938 πεισθήσονται.
903 867 999 932 Τίς
1028 867 1139 938 γὰρ
1159 865 1330 931 οὕτως
1353 868 1600 935 ἀνόητος,
1626 866 1700 930 ὡς
1726 865 1867 936 ὁρῶν

294 943 389 995 τ’ὸν
410 944 539 1013 χθὲς
564 946 657 998 καὶ
672 945 864 1020 πρώην
884 946 1171 1017 τρυφῶντα
1193 948 1288 1000 καὶ
1310 946 1661 1008 πλουτοῦντα,
1690 945 1868 999 πάντα

286 1021 676 1095 ἀποδυόμενον,
717 1027 812 1078 καὶ
839 1025 1226 1096 πτερούμενον,
1280 1026 1374 1079 καὶ
1419 1026 1555 1096 πρὸς
1588 1024 1742 1095 λιμὸν
1774 1024 1868 1077 καὶ

288 1102 503 1166 πενίαν,
536 1104 630 1156 καὶ
662 1105 799 1174 πρὸς
834 1104 1255 1176 σκληραγωγίαν
1300 1104 1541 1166 ἅπασαν,
1586 1104 1682 1157 καὶ
1731 1102 1869 1174 πρὸς

286 1180 589 1248 κινδύνους,
608 1184 702 1237 καὶ
724 1184 860 1251 πρὸς
883 1180 1045 1254 αἷμα,
1074 1184 1167 1237 καὶ
1190 1183 1327 1255 πρὸς
1349 1184 1584 1254 σφαγὴν,
1613 1181 1708 1236 καὶ
1734 1181 1870 1252 πρὸς

286 1259 466 1313 πάντα
496 1260 565 1312 τά
606 1260 866 1315 δοκοῦντα
896 1258 1035 1314 εἶναι
1073 1261 1221 1314 δεινά
1253 1260 1754 1331 παρατεταγμένον,
1794 1259 1870 1330 μὴ

287 1339 436 1408 σαφῆ
466 1338 655 1393 λαϐεῖν
681 1340 791 1393 τῶν
823 1341 1126 1411 μελλόντων
1154 1340 1404 1395 ἐντεῦθεν
1434 1340 1739 1406 ἀπόδειξιν;
1771 1339 1872 1391 "Av

286 1416 344 1469 δέ
371 1422 487 1483 τοῖς
518 1418 784 1490 παροῦσιν
814 1420 1041 1483 ἐαυτούς
1074 1420 1461 1491 ἐμπλέκωμεν,
1494 1419 1589 1473 καὶ
1611 1417 1873 1489 ἐνδοτέρω

285 1496 542 1566 ὠθῶμεν,
569 1498 688 1561 πῶς
707 1499 1025 1567 δυνήσονται
1046 1499 1357 1569 πεισθῆναι,
1386 1499 1468 1552 ὅτι
1502 1497 1639 1568 πρὸς
1668 1496 1873 1566 ἀποδη-

290 1577 420 1647 μίαν
442 1576 778 1647 ἐπειγόμεθα
798 1576 1025 1647 ἑτέρανς
1057 1576 1154 1640 Τίς
1173 1576 1231 1630 δέ
1258 1579 1395 1647 ήμῖν
1423 1576 1577 1630 ἔσται
1608 1574 1873 1643 ἀπολογία

287 1654 495 1717 λοιπὸν,
525 1655 654 1709 ὅταν
684 1656 808 1709 ὅσον
846 1657 1067 1724 ῐσχυσεν
1091 1657 1126 1725 ἡ
1176 1654 1495 1725 ἀνθρωπίνη
1541 1654 1667 1719 δόξα
1720 1652 1873 1724 παρά

285 1736 399 1796 τοῖς
445 1731 718 1803 Ἑλλήνιον
747 1731 1081 1801 φιλοσόφοις,
1131 1731 1205 1802 μὴ
1246 1731 1404 1802 ίσχύῃ
1439 1731 1484 1763 ⁸⁸
1523 1732 1653 1800 παρ’
1684 1732 1815 1802 ἡμῖν
1844 1732 1874 1783 6

284 1810 380 1863 τοῦ
407 1810 543 1864 Θεοῦ
572 1812 771 1880 φόϐος;
802 1811 912 1865 Καὶ
941 1811 1051 1882 γὰρ
1080 1810 1306 1864 ἐκείνων
1334 1809 1480 1874 τινὲς
1499 1810 1594 1863 καὶ
1618 1814 1875 1881 χρήματα

287 1888 650 1953 άπεδύσαντο,
684 1892 778 1943 καὶ
806 1890 1040 1943 Θανάτου
1071 1889 1508 1961 κατεφρόνησαν,
1548 1888 1635 1941 ἵνα
1666 1887 1876 1957 ἀνθρώ-

288 1988 412 2034 ποις
441 1969 816 2034 ἐπιδείξωνται
842 1987 855 2000 ·
880 1970 962 2024 διὸ
988 1971 1081 2024 καὶ
1102 1970 1259 2024 κεναὶ
1290 1969 1579 2037 γεγόνασιν
1612 1967 1791 2021 αὐτῶν
1821 1968 1875 2021 αί

288 2051 522 2113 ἐλπίδες.
540 2050 637 2112 Τίς
664 2046 758 2103 οὖν
783 2050 933 2120 ἡμᾶς
948 2049 1301 2121 ἐξαιρήσεται
1321 2049 1499 2118 λόγος,
1528 2049 1656 2101 ὅταν
1682 2047 1875 2101 τοσού-

289 2150 397 2184 των
430 2129 835 2201 προκειμένων.
889 2129 981 2182 καὶ
1015 2127 1289 2198 τοσαύτης
1319 2128 1363 2160 ⁸⁸
1403 2127 1720 2197 φιλοσοφίας
1745 2128 1877 2197 ἡμῖν

290 2209 657 2280 ἀνοιχθείσης,
691 2207 828 2279 μηδὲ
847 2208 918 2262 τά
950 2207 1091 2261 αὐτά
1119 2208 1433 2279 δυνηθῶμεν
1460 2207 1710 2272 ἐκείνοις,
1742 2205 1879 2259 ἀλλά

290 2288 383 2340 καὶ
406 2288 635 2350 ἑαυτοὺς
655 2287 750 2339 καὶ
774 2285 998 2356 ἐτέρους
1021 2286 1479 2358 προσαπόλλυμεν
1496 2288 1574 2353 ⁶²;
1606 2285 1742 2339 Οὐδέ
1768 2285 1879 2355 γὰρ

289 2366 434 2421 οὕτω
448 2365 679 2437 βλάπτει
697 2365 899 2435 Ἕλλην
917 2366 1209 2438 παράνομα
1226 2366 1508 2435 πράσσων,
1526 2364 1603 2425 ὡς
1618 2366 1880 2435 Χριστια-

296 2447 376 2510 νὸς
417 2445 593 2499 ταῦτα
636 2446 843 2497 ποιῶν·
883 2445 978 2497 καὶ
1011 2444 1155 2515 μάλα
1192 2444 1438 2509 εἰκότως.
1485 2444 1740 2498 Ἐκείνων
1780 2441 1879 2513 μέν

292 2528 400 2597 7&9
425 2526 803 2596 διεφθαρμένη
838 2527 871 2595 ή
904 2525 1033 2592 δόξα
1053 2543 1068 2557 ·
1097 2527 1131 2597 ή
1170 2526 1226 2579 δὲ
1256 2525 1503 2597 ήμετέρα
1533 2524 1620 2577 διὰ
1649 2524 1751 2594 τὴν
1783 2517 1878 2575 τοῦ

291 2606 425 2659 θεοῦ
453 2606 618 2676 χάριν
647 2604 739 2657 καὶ
763 2605 915 2674 παρά
935 2606 1049 2666 τοῖς
1078 2603 1301 2656 ἀσεϐέσι
1324 2603 1497 2673 σεμνὴ
1521 2602 1618 2655 καὶ
1647 2616 1880 2672 περιφα-

292 2688 410 2759 νής.
443 2686 536 2739 Διὸ
553 2686 682 2739 ὅταν
717 2684 953 2756 μάλιστα
979 2686 1115 2754 ήμῖν
1148 2682 1404 2736 ὀνειδίσαι
1434 2680 1751 2753 βούλωνται,
1775 2677 1881 2759 καὶ

291 2753 390 2833 τήν
421 2753 759 2837 κατηγορίαν
786 2766 830 2796 ⁸³
858 2753 1115 2835 αὐξῆσαι,
1147 2762 1307 2817 τοῦτο
1344 2763 1708 2831 ἐπιλέγουσιν,
1746 2753 1877 2824 οἷον,

303 2847 363 2900 Ὀ
390 2846 745 2917 Χριστιανός·
779 2844 881 2897 οὐκ
908 2843 973 2897 ἂν
1004 2842 1268 2906 εἰπόντες,
1299 2844 1347 2895 εί
1384 2843 1458 2914 μὴ
1493 2840 1733 2913 μεγάλην
1754 2840 1883 2910 περὶ

289 2924 386 2980 τοῦ
414 2925 684 2995 δόγματος
731 2924 888 2995 ἔσχον
933 2924 1189 2975 ὑπόνοιαν
1244 2923 1359 2975 Οὐκ
1408 2923 1648 2993 ῆκουσας
1681 2920 1823 2973 πόσα
1854 2920 1883 2970 6

292 3004 527 3073 Χριστὸς
557 3000 788 3066 ἐπέταξε
831 3000 927 3054 καὶ
962 3001 1158 3071 ἡλίκας
1188 3001 1327 3053 Πότε
1354 2997 1448 3053 οὖν
1494 3000 1701 3071 δυνήσῃ
1753 2998 1882 3069 μίαν

289 3083 516 3136 ἐκείνων
542 3081 738 3134 ἀνύσαι
767 3079 877 3134 τῶν
903 3080 1152 3145 ἐντολῶν,
1183 3081 1311 3134 ὅταν
1360 3081 1538 3134 πάντα
1577 3081 1734 3148 ἀφεὶς
1780 3096 1879 3131 πε-

176 3169 185 3178 ’
295 3162 490 3235 ριέρχῃ
532 3161 725 3225 τόκους
759 3160 1053 3230 συλλέγων,
1092 3160 1431 3231 δανείσματα
1464 3159 1708 3231 ρἁτων,
1739 3175 1881 3227 πρα-

292 3241 564 3312 γματείας
599 3238 889 3303 συντιθεὶς,
921 3240 1127 3307 ἀγέλας
1156 3239 1506 3309 ἀνδραπόδων
1548 3236 1877 3308 ὠνούμενος,

296 3321 518 3391 ἀργυρᾶ
551 3319 721 3389 σκεύη
746 3319 1198 3383 κατασκευάζων,
1230 3318 1435 3389 ἀγροὺς
1460 3318 1555 3371 κοιλ¹
1578 3316 1757 3379 οίκίας
1785 3314 1881 3368 κοιλ¹

294 3399 499 3452 ἔπιπλα
515 3398 802 3469 ἀγοράζων
827 3397 1029 3468 μυρίας
1054 3399 1162 3450 Καὶ
1182 3398 1294 3451 εἴθε
1310 3396 1467 3449 τοῦτο
1497 3396 1677 3465 μόνον.
1708 3395 1880 3447 Ὅταν

292 3479 351 3531 δὲ
378 3481 500 3541 ταῖς
530 3479 783 3550 ἀκαίροις
810 3477 1040 3541 ταύταις
1068 3478 1327 3542 σπουδαῖς
1358 3476 1454 3530 καὶ
1472 3474 1685 3529 ἀδικίαν
1712 3488 1880 3542 προσο

293 3558 470 3629 τιθῇς,
500 3558 604 3627 γῆν
632 3558 1096 3628 ἀποτεμνόμενος,
1126 3559 1304 3621 οίκίας
1340 3555 1634 3617 ἀποσπῶν,
1690 3552 1880 3606 πενίαν

294 3637 613 3710 ἐπιτρίϐων,
640 3637 798 3708 λιμὸν
825 3636 1025 3702 αὔξων,
1064 3638 1195 3690 πότε
1224 3637 1431 3707 δυνήσῃ
1455 3635 1562 3689 τῶν
1593 3632 1880 3705 προθύρων

294 3717 554 3787 ἐπιϐῆναι
575 3717 780 3770 τούτων
800 3733 815 3779 ;
852 3715 991 3769 Ἀλλ’
1024 3716 1173 3769 ἔστιν
1205 3717 1293 3770 ὅτε
1314 3715 1405 3769 καὶ
1428 3714 1664 3783 πένητας
1687 3713 1877 3776 ἐλεεῖς.

295 3794 431 3852 Οἶδα
464 3798 617 3867 κάγώ
636 3814 649 3829 ’
681 3797 820 3851 ἀλλά
849 3798 945 3851 καὶ
974 3799 1093 3850 ἐκεῖ
1123 3795 1296 3868 πολλὴ
1332 3794 1496 3849 πάλιν
1534 3796 1569 3866 ή
1604 3793 1774 3865 λύμη.
1809 3794 1881 3846 Ἦ

295 3878 408 3947 γάρ
440 3876 577 3948 μετά
602 3875 796 3945 τύφου,
825 3876 858 3946 ἢ
894 3874 1034 3946 μετά
1056 3874 1362 3939 κενοδοξίας
1384 3873 1759 3948 τοῦτομποιεῖς,
1793 3872 1879 3925 ἶνα

297 3944 452 4027 [199]
500 3956 634 4027 μηδὲ
672 3944 730 4010 ἐν
761 3944 874 4019 τοῖς
898 3944 1129 4023 ἀγαθοῖς
1172 3953 1441 4025 κερδάνῃς
1462 3969 1475 3983 ’
1504 3944 1565 4005 οῦ
1596 3952 1647 4005 τί
1681 3951 1882 4020 γένοιτ’

296 4037 364 4089 ἂν
398 4034 725 4107 ἀθλιώτερον
759 4032 826 4097 ⁸⁸,
859 4035 988 4087 ὅταν
1016 4034 1111 4086 καὶ
1158 4033 1216 4084 ἐν
1260 4031 1338 4103 τῷ
1379 4030 1560 4103 λιμένι
1604 4034 1879 4101 ναυαγῇς;

295 4115 397 4169 Ἰν*
425 4111 518 4170 οὖν
548 4118 622 4187 μὴ
650 4114 807 4168 τοῦτο
829 4115 1074 4186 γένηται,
1095 4114 1330 4185 ποιήσας
1345 4130 1396 4164 τι
1414 4112 1601 4177 καλὸν,
1624 4112 1697 4183 μὴ
1727 4111 1882 4183 ζήτει

296 4195 432 4267 παρ’
459 4194 594 4265 ἐμοῦ
632 4195 731 4265 τὴν
760 4194 942 4265 χάριν,
980 4194 1068 4246 ἵνα
1111 4193 1204 4267 τὸν
1237 4192 1370 4245 Θεὸν
1403 4190 1534 4262 ἔχῃς
1574 4191 1879 4260 ὀφειλέτην.

296 4280 336 4329 Δ
353 4266 596 4335 ικείζετε
615 4273 743 4343 7&9,
782 4275 938 4344 φησι,
973 4273 1109 4340 παρ’
1134 4266 1223 4325 ὧν
1243 4270 1329 4340 μὴ
1373 4268 1747 4334 προσδοκᾶτε
1769 4271 1881 4341 λή-

296 4358 542 4423 ψεσθαι.
589 4353 776 4424 Ἔχεις
831 4350 1144 4423 χρεώστην
1190 4350 1244 4402 τί
1292 4350 1500 4402 ἐκεῖνον
1545 4351 1723 4419 ἀφεὶς,
1780 4352 1883 4420 ἐμὲ

295 4438 575 4499 ἀπαιτεῖς,
609 4432 896 4505 ἄνθρωπον
932 4432 1141 4501 πένητα
1155 4429 1251 4482 καὶ
1271 4428 1751 4500 ταλαίπωρον;Μὴ
1772 4430 1882 4502 7&9

296 4517 604 4586 ἀγανακτεῖ
628 4514 657 4566 6
687 4510 969 4583 χρεώστης
1000 4507 1430 4579 ἀπαιτούμενος;
1467 4507 1541 4580 μὴ
1570 4508 1680 4581 7&9
1713 4510 1884 4581 πένης

298 4594 447 4659 ἐστί;
483 4592 557 4665 μὴ
595 4592 704 4662 7&9
728 4591 789 4644 οὐ
823 4589 1071 4659 βούλεται
1104 4587 1459 4651 καταθεῖναι;
1494 4588 1605 4657 Οὐχ
1630 4590 1763 4659 ὁρᾷς
1789 4589 1891 4643 αὑ-

295 4672 394 4726 τοῦ
426 4675 552 4735 τούς
581 4672 823 4740 ἀφάτους
844 4668 1189 4739 θησαυρούς;
1220 4668 1319 4738 οὐχ
1363 4668 1498 4739 ὁρᾷς
1534 4666 1635 4739 τήν
1678 4669 1893 4723 ἀνεκδι-

298 4754 509 4822 ήγητον
542 4749 889 4820 φιλοτιμίαν;
931 4749 1103 4802 Αὐτὸν
1128 4747 1310 4801 τοίνυν
1339 4748 1580 4818 κάτασχε
1611 4749 1707 4802 καὶ
1729 4748 1894 4802 ἀπαί-

297 4847 500 4902 τησονο
531 4830 678 4884 οὓτω
713 4830 762 4862 ⁸⁸
795 4829 904 4901 7&9
936 4830 1339 4899 ἀπαιτούμενος
1365 4827 1566 4899 χαίρει.
1592 4830 1714 4883 Ὅτι
1745 4830 1812 4883 ἂν
1848 4830 1894 4862 ⁸⁸

299 4901 489 4983 ἕτερον
538 4909 945 4979 ἀπαιτούμενον
994 4908 1080 4982 ίδῃ
1114 4908 1233 4961 ἀνθ’
1268 4901 1345 4962 ὧν
1372 4908 1537 4972 αὐτὸς
1560 4908 1785 4978 ὀφείλει,
1817 4909 1894 4973 ὡς

299 4991 585 5063 ὑϐρισθεὶς
613 4990 756 5043 οὕτω
782 4988 1156 5043 διακείσεται·
1184 4987 1281 5041 καὶ
1302 4988 1487 5041 οὐκέτι
1510 5005 1591 5041 σοι
1626 4988 1892 5043 ἀποδίδω-

303 5089 389 5124 σιν
406 5071 474 5136 ⁸⁷,
488 5070 625 5125 ἀλλά
648 5071 743 5123 καὶ
762 5069 986 5137 ἐγκαλεῖ
1013 5068 1258 5131 δικαίως.
1276 5067 1440 5121 Ποίαν
1456 5069 1565 5138 γάρ
1586 5085 1687 5138 μου
1715 5069 1893 5137 ἀγνω-

306 5150 545 5221 μοσύνην
569 5152 852 5218 κατέγνως
873 5165 888 5214 ;
910 5148 1078 5219 φησί·
1109 5149 1268 5201 ποίαν
1288 5164 1380 5219 μοι
1413 5148 1603 5201 πενίαν
1623 5147 1890 5216 σύνοιδας,

301 5233 385 5285 ὅτι
412 5228 794 5303 παραδραμὼν
815 5229 915 5299 ἐμὲ
935 5230 1021 5296 ἐφ’
1048 5229 1270 5300 ἐτέρους
1290 5227 1458 5299 ἕρχῃς
1490 5228 1669 5300 ’Ἄλλῳ
1690 5229 1896 5284 ἐδάνειο

303 5327 426 5376 σας,
477 5311 573 5365 καὶ
610 5310 771 5365 ἀλλον
806 5309 1098 5375 ἀπαιτεῖς;
1134 5309 1197 5361 Et
1226 5307 1336 5379 7&9
1383 5308 1478 5362 καὶ
1520 5308 1807 5379 ἄνθρωπος
1843 5308 1888 5341 ea

300 5389 617 5456 ὑπεδέξατο,
649 5388 764 5443 ἀλλ’
781 5391 809 5443 6
841 5388 974 5453 Θεὸς
1000 5388 1259 5442 ἐκέλευσε
1286 5388 1616 5443 καταϐαλεῖν
1635 5406 1649 5419 ·
1680 5390 1774 5442 καὶ
1794 5391 1889 5442 αὐ-

300 5468 392 5532 τὸς
438 5470 531 5523 καὶ
565 5469 922 5541 πρωτότυπος
966 5467 1250 5539 ὀφειλέτης
1284 5468 1380 5522 καὶ
1428 5466 1703 5538 ἐγγυητὴς
1744 5462 1886 5520 εἶναι

303 5546 575 5617 βούλεται,
610 5548 809 5619 μυρίας
834 5565 916 5601 σοι
945 5546 1203 5619 παρέχων
1231 5546 1487 5619 ἀφορμὰς
1504 5547 1596 5601 τοῦ
1622 5546 1886 5601 πάντοθεν

1462 429 1528 485 ΙΝ
1561 426 1976 485 ΜΑΤΤΗᾹΞΠΜ
2014 425 2252 484 HOMIL.
2294 430 2412 486 XV.

3438 428 3545 482 238

1970 549 2134 604 αὐτὸν
2173 552 2447 608 ἀπαιτεῖν.
2481 555 2574 627 Μὴ
2611 555 2674 627 δὴ
2707 551 2801 611 οὖν
2850 554 3123 623 τοσαύτην
3170 548 3423 605 εὐκολίαν
3455 550 3553 603 καὶ

1967 629 2231 700 εὐπορίαν
2264 632 2446 701 ἀφεὶς.
2496 635 2626 704 παρ’
2660 633 2795 706 ἐμοῦ
2830 635 2983 704 ζήτει
3014 631 3200 685 λαϐεῖν
3243 628 3337 682 τοῦ
3384 627 3554 698 μηδὲν

1968 705 2203 776 ἔχοντος.
2236 709 2393 773 Τίνος
2422 710 2531 782 γὰρ
2582 713 2764 766 ἕνεκεν
2805 713 2929 784 ἐμοὶ
2977 710 3349 765 ἐπιδείκνυσαι
3383 706 3555 760 ἐλεῶν

1969 786 2211 857 πένητα;
2243 789 2335 860 Μή
2367 789 2477 860 7&9
2521 791 2632 859 ἐγὼ
2663 808 2745 844 σοι
2777 788 2951 851 εἶπον.
2995 791 3127 854 Δός;
3168 788 3242 858 μὴ
3275 786 3385 856 γὰρ
3418 786 3553 856 παρ’

1968 865 2103 942 ἐμοῦ
2133 866 2395 936 ἤκουσας,
2429 868 2517 921 ἴνα
2551 869 2645 922 καὶ
2676 872 2806 942 παρ’
2835 870 2969 940 ἐμοῦ
3004 868 3350 938 ἀπαιτήσῃς;
3381 864 3557 927 Αὐτὸς

1969 937 2124 997 εἶπεν
2144 960 2159 974 ο
2187 944 2249 997 ’0
2271 945 2462 1000 ἐλεῶν
2489 947 2740 1016 πένητα,
2758 937 3018 1011 ’δαπείζει
3037 947 3175 1013 Θεῷ.
3206 937 3323 1016 Θεῷ
3350 943 3556 997 ἐδάνει-

1972 1037 2072 1084 σας
2080 1038 2093 1051 ⁵
2110 1022 2261 1094 αὐτῷ
2275 1024 2499 1096 περίθες
2523 1027 2587 1080 ⁸⁸.
2624 1027 2765 1080 Ἀλλ’
2787 1028 2887 1081 οὐκ
2910 1026 3204 1081 ἀποδίδωσι
3223 1024 3285 1077 τὸ
3310 1024 3418 1076 πᾶν
3433 1021 3550 1075 νῦν.

1971 1100 2081 1153 Καὶ
2108 1101 2264 1156 τοῦτο
2284 1103 2420 1176 ὑπὲρ
2444 1105 2538 1158 σοῦ
2570 1109 2733 1160 ποιεῖ.
2759 1106 3013 1169 Τοιοῦτος
3043 1105 3151 1177 γάρ
3170 1107 3318 1156 ἐστιν
3337 1102 3384 1133 ⁷ο
3401 1100 3553 1171 ὀφει-

1971 1178 2152 1248 λέτηςο
2184 1182 2281 1253 οὐχ
2311 1183 2386 1246 ὼς
2413 1183 2598 1238 πολλοὶ¹
2619 1184 2684 1238 τὸ
2708 1184 2985 1240 δανεισθὲν
3011 1183 3400 1245 σπουδάζουσιν
3422 1181 3556 1234 ἀπο-

1970 1258 2154 1313 δοῦναι
2175 1260 2353 1332 μόνον,
2373 1262 2488 1317 ἀλλ’
2507 1262 2648 1317 ὥστε
2670 1264 2767 1318 καὶ
2783 1264 2843 1316 τὸ
2864 1263 3015 1316 δοθὲν
3031 1264 3088 1315 ἐν
3105 1259 3374 1332 ἀσφαλείᾳ
3389 1276 3559 1313 κατα-

1973 1343 2164 1409 θεῖναι,
2189 1344 2366 1399 πάντα
2391 1346 2840 1419 πραγματεύεται
2857 1348 2952 1402 καί
2970 1348 3131 1401 ποιεῖ.
3156 1345 3254 1399 Διά
3271 1345 3409 1397 τοι⁷¹
3436 1340 3562 1395 τοῦ·

1970 1440 2033 1476 το
2049 1423 2116 1477 τά
2139 1423 2238 1494 μὲν
2264 1424 2499 1479 ἐνταῦθα
2520 1427 2870 1489 καταϐάλλει,
2898 1426 2966 1479 τά
2990 1426 3046 1479 δὲ
3068 1427 3185 1478 ἐκεῖ
3207 1421 3555 1493 ταμιεύεται.

2045 1500 2098 1554 ι’.
2131 1502 2301 1556 Ταῦτ’
2333 1500 2425 1558 οὖν
2447 1505 2649 1569 εἰδότες
2676 1506 2846 1560 πολὺν
2877 1504 3121 1574 ποιῶμεν
3141 1502 3233 1556 τὸν
3257 1500 3424 1561 ἔλεον,
3461 1499 3562 1552 καὶ

1974 1578 2173 1651 πολλὴν
2189 1581 2288 1653 τὴν
2309 1582 2724 1654 φιλανθρωπίαν
2752 1581 3170 1652 ἐπιδειξώμεθα,
3193 1581 3288 1633 καὶ
3310 1577 3396 1632 διὰ
3418 1593 3558 1649 χρη·

1979 1658 2167 1727 μάτων
2188 1661 2256 1723 ⁷³,
2294 1661 2391 1715 καὶ
2421 1662 2509 1715 διὰ
2540 1662 2907 1734 πραγμάτων.
2936 1661 3054 1716 Κᾶν
3086 1660 3287 1730 ίδωμέν
3318 1674 3438 1711 τινα
3458 1673 3559 1708 κα-

1977 1736 2090 1800 κῶς
2106 1737 2385 1809 πάσχοντα
2406 1741 2500 1803 καὶ
2516 1742 2852 1812 τυπτόμενον
2864 1742 2922 1793 ἐν
2945 1740 3144 1810 ἀγορᾷ,
3169 1737 3271 1791 κᾶν
3296 1735 3559 1807 ἀργύριον

1974 1814 2197 1869 δυνατὸν
2226 1818 2579 1885 καταϐαλεῖν,
2611 1819 2857 1890 ποιῶμεν
2888 1820 2933 1851 ⁷³
2956 1837 2968 1850 ·
3000 1817 3105 1871 κᾶν
3132 1816 3312 1885 λόγοις
3335 1813 3560 1868 δυνατὸν

1975 1891 2245 1955 διαλῦσαι,
2277 1896 2350 1967 μὴ
2383 1898 2652 1970 ὀκνῶμεν.
2690 1899 2850 1951 Ἐστι
2878 1898 2988 1968 γὰρ
3024 1896 3119 1950 καὶ
3146 1896 3305 1963 λόγου
3348 1891 3557 1963 μισθὸς,

1981 1970 2180 2041 μᾶλλον
2206 1972 2263 2027 δὲ
2297 1974 2392 2028 καὶ
2427 1976 2750 2046 στεναγμῶν
2770 1974 2847 2008 “-
2890 1978 2984 2030 καὶ
3025 1974 3184 2028 τοῦτο
3220 1974 3250 2026 6
3291 1973 3561 2044 μακάριος

1989 2048 2109 2103 Ἰὼϐ
2133 2049 2319 2120 ἔλεγεν
2339 2067 2352 2081 ’
2386 2054 2535 2124 Ἐγὼ
2554 2055 2622 2107 δὲ
2645 2056 2923 2109 ἔκλαυσα
2949 2055 3043 2108 ἐπὶ
3060 2053 3239 2107 παντὶ
3258 2050 3560 2115 ἀδυνάτῳ,

1975 2128 2275 2195 ἐστέναξα
2291 2130 2359 2184 δὲ
2377 2132 2521 2188 ίδὼν
2536 2133 2726 2201 ἄνδρα
2744 2135 2813 2188 ὲν
2828 2132 3140 2204 ἀνάγκαις.
3157 2133 3220 2186 Et
3235 2130 3293 2185 δὲ
3313 2129 3564 2200 δακρύων

1978 2210 2075 2263 καὶ
2090 2211 2414 2283 στεναγμῶν
2436 2214 2551 2267 ἐστι
2572 2213 2783 2284 μισθὸς,
2803 2214 2930 2266 ὅταν
2949 2214 3044 2266 καὶ
3061 2212 3212 2280 λόγοι
3223 2210 3316 2265 καὶ
3337 2208 3563 2279 σπουδὴ,

1978 2290 2073 2344 καὶ⁵
2102 2290 2276 2344 πολλά
2304 2290 2469 2362 ζέτερα
2503 2295 2703 2363 προσῇ,
2756 2292 3011 2361 ἐννόησον
3041 2291 3203 2362 ἡλίκη
3231 2292 3264 2361 ἡ
3296 2289 3569 2350 ἀντίδοσις

1977 2370 2209 2437 γίνεται.
2240 2372 2351 2425 Καὶ
2378 2372 2488 2443 γὰρ
2511 2372 2608 2426 καὶ
2636 2373 2799 2443 ἡμεῖς
2826 2367 3170 2443 ἐχθροὶῆμεν
3196 2371 3275 2441 τῷ
3297 2368 3446 2439 Θεῷ⁶
3471 2368 3568 2422 καὶ

1979 2450 2007 2500 6
2031 2448 2342 2520 Μονογενὴς
2357 2452 2503 2522 ἡμᾶς
2531 2450 2706 2519 κατήλ
2716 2448 2864 2513 λαξε,
2891 2449 3054 2519 μέσον
3078 2446 3267 2502 ἑαυτὸν
3290 2444 3567 2519 ἐμϐαλὼν,

1978 2529 2074 2580 καὶ
2114 2527 2329 2598 πληγάς
2377 2530 2517 2602 ὑπὲρ
2548 2529 2707 2599 ἡμῶν
2750 2528 3044 2599 δεξάμενος
3088 2529 3156 2593 ⁷⁸,
3193 2528 3290 2581 καὶ
3338 2526 3569 2581 θάνατον

1981 2604 2122 2676 ὑπὲρ
2150 2606 2307 2677 ήμῶν
2325 2607 2645 2679 ὑπομείνας.
2671 2608 3071 2677 Σπουδάσωμεν
3098 2606 3279 2661 τοίνυν
3296 2606 3391 2660 καὶ
3408 2608 3570 2676 ἡμεῖς

1978 2684 2104 2747 τοὺς
2133 2684 2506 2756 ἐμπίπτοντας
2550 2686 2759 2758 μυρίων
2788 2685 3155 2740 ἀπαλλάττειν
3189 2683 3399 2742 κακῶν.
3432 2683 3570 2738 ἀλλά

1985 2761 2082 2832 μὴ,
2126 2762 2203 2826 ὡς
2228 2764 2322 2817 νῦν
2352 2765 2614 2836 ποιοῦμεν
2637 2766 2705 2827 ⁷⁸,
2739 2764 2958 2818 ἐπειδάν
3010 2764 3210 2835 ἴδωμέν
3252 2780 3405 2827 τινας
3438 2778 3573 2831 συγο

1984 2841 2346 2911 κρουομένους
2371 2845 2467 2896 καὶ
2511 2846 2715 2917 συρρηγ
2725 2862 2785 2895 νυ
2795 2844 2985 2913 μένους
3029 2843 3298 2914 ἀλλήλοις,
3336 2842 3571 2913 ἑστήκα-

1987 2937 2088 2990 μεν
2114 2922 2159 2952 ⁶¹⁷
2193 2923 2612 2993 εὐφραινόμενοι
2633 2926 2753 2986 ταῖς
2776 2924 2978 2995 ἐτέρων
3007 2922 3441 2992 ἀσχημοσύναις,
3479 2930 3575 2973 και

1985 2999 2214 3071 θέατρον
2246 3002 2399 3075 [200]
2424 3004 2815 3074 περιιστῶντες
2842 3001 3151 3056 διαϐολικόν
3179 3019 3191 3030 ·
3211 2996 3271 3055 οὐ
3297 3002 3350 3054 τί
3376 3000 3574 3069 γένοιτ’

1987 3077 2054 3132 ἂν
2082 3079 2395 3151 ώμότερον;
2435 3081 2598 3153 Ὁρᾷς
2621 3082 2808 3148 κακῶς
2824 3083 3142 3144 ἀκούοντας,
3167 3078 3574 3152 διαρῂγνυμέ-

1988 3176 2131 3222 νους,
2161 3161 2605 3233 κατατέμνοντας
2631 3163 2727 3234 τὴν
2756 3164 2979 3233 ἐσθῆτα,
3011 3161 3486 3231 συγκοπτομένους
3515 3157 3577 3210 τὸ

1987 3239 2301 3308 πρόσωπον,
2356 3241 2452 3294 καλ⁵
2505 3243 2800 3312 ὑπομένεις
2835 3243 3012 3314 ἡσυχῆ
3069 3241 3444 3312 παρεστάναιῖ
3481 3238 3574 3307 Μὴ

1986 3315 2096 3386 7&9
2138 3317 2340 3389 ἄρκτος
2383 3318 2532 3371 ἐστὶν
2555 3322 2583 3373 6
2615 3321 2956 3390 μαχόμενοςς
2991 3320 3067 3391 μὴ
3098 3322 3208 3390 γὰρ
3243 3318 3463 3389 θηρίονς
3500 3316 3575 3387 μὴ

1987 3397 2096 3467 γὰρ
2118 3397 2272 3465 ὅφις;
2302 3398 2622 3470 ’Ἄνθρωπός
2644 3401 2793 3455 ἐστιν
2818 3403 2846 3454 6
2866 3399 3144 3469 πανταχοῦ
3178 3416 3260 3452 σοι
3279 3397 3573 3461 κοινωνῶν,

1988 3475 2215 3544 ἁδελφός
2250 3478 2389 3541 ἐστι,
2426 3478 2586 3549 μέλος
2630 3480 2770 3535 ἐστί.
2797 3482 2889 3552 Μὴ
2918 3479 3135 3550 θεώρει,
3171 3478 3309 3532 ἀλλά
3350 3477 3572 3530 διάλυε·

1991 3555 2068 3625 μή
2097 3554 2322 3626 τέρπου,
2358 3556 2498 3611 ἀλλά
2519 3557 2732 3630 διόρθου
2752 3576 2766 3590 ’
2807 3560 2881 3630 μὴ
2914 3559 3135 3630 ἐτέρους
3164 3558 3457 3628 παρακίνει
3484 3558 3577 3611 ἐπὶ

1987 3634 2085 3705 τῆν
2106 3635 2515 3709 ἀσχημοσύνην,
2540 3635 2676 3690 ἀλλά
2707 3638 2945 3702 καὶτοὺς
2975 3637 3420 3708 συνειλεγμένους
3443 3639 3579 3689 ἀπο-

1992 3714 2142 3768 σόϐει
2174 3716 2267 3769 καὶ
2292 3716 2497 3771 διάλυε.
2545 3716 2947 3789 Ἀναισχύντων
2975 3716 3087 3787 7&9
3129 3717 3223 3770 καὶ
3254 3717 3578 3788 οἰκοτρίϐων

1988 3795 2051 3847 τὸ
2072 3795 2286 3866 χαίρειν
2323 3799 2444 3859 ταῖς
2477 3797 2756 3862 τοιαύταις
2792 3800 3121 3867 συμφοραῖς,
3157 3796 3251 3850 καὶ
3286 3796 3576 3867 καθαρμά-

1990 3890 2098 3926 των
2128 3876 2223 3928 καὶ
2253 3875 2390 3929 ὄνων
2419 3874 2466 3906 ⁷⁸
2509 3874 2739 3943 ἀλόγων.
2796 3875 2962 3947 Ὀρᾷς
3007 3874 3295 3944 ἄνθρωπον
3330 3876 3575 3943 ἀσχημο-

1989 3953 2206 4018 νοῦντα,
2243 3956 2338 4008 καὶ
2363 3956 2460 4024 οὐχ
2487 3957 2593 4023 ήγῇ
2619 3954 2782 4018 αὐτὸς
2814 3956 3178 4023 ἀσχημονεῖν;
3204 3954 3323 4006 οὐδέ
3356 3953 3576 4024 είσέρχῃ

1993 4034 2179 4105 μέσος,
2207 4035 2301 4088 καὶ
2339 4033 2713 4095 διασκεδάζεις
2746 4032 2840 4085 τοῦ
2863 4032 3109 4085 διαϐόλου
3155 4032 3254 4102 τὴν
3296 4033 3573 4100 φάλαγγα,

1992 4115 2089 4168 καὶ
2120 4115 2190 4167 τὰ
2231 4114 2550 4186 ἀνθρώπινα
2591 4113 2831 4177 διαλύεις
2877 4112 3061 4175 κακᾶς
3111 4112 3229 4165 Ἵνα
3275 4114 3369 4167 καὶ
3414 4111 3577 4176 αὐτὸς

1992 4193 2208 4263 πληγὰς
2230 4193 2398 4253 λάϐω,
2433 4194 2600 4264 φησί·
2627 4195 2723 4248 καὶ
2750 4194 2813 4246 σὺ
2839 4193 2998 4245 τοῦτο
3019 4190 3263 4256 κελεύεις
3289 4209 3302 4257 ;
3332 4192 3579 4246 Μάλιστα

1996 4274 2094 4345 μὲν
2115 4271 2410 4326 οὐδὲτοῦτο
2441 4274 2603 4345 πείσῃ
2620 4289 2631 4300 ·
2662 4272 2727 4326 ἂν
2749 4272 2806 4325 δὲ
2831 4271 2925 4325 καὶ
2950 4271 3108 4324 τοῦτο
3134 4270 3332 4344 πάθῃς,
3370 4272 3577 4342 μαρτύ-

1993 4351 2110 4422 ριόν
2138 4368 2221 4404 σοι
2259 4351 2320 4404 τὸ
2357 4352 2595 4423 πρᾶγμά
2620 4353 2768 4405 ἐστι·
2800 4351 2889 4406 διὰ
2927 4351 3037 4422 γὰρ
3067 4350 3160 4405 τὸν
3191 4352 3323 4405 Θεὸν
3352 4351 3572 4415 ἔπαθες.

1990 4432 2055 4486 El
2082 4430 2138 4483 δὲ
2176 4431 2391 4501 πληγὰς
2419 4433 2597 4496 ὀκνεῖς
2626 4432 2827 4488 λαϐεῖν.
2851 4431 3104 4503 ἐννόησον
3137 4434 3219 4487 ὅτι
3251 4434 3279 4485 6
3299 4432 3578 4501 Δεσπότης

1992 4529 2087 4565 σου
2117 4511 2350 4581 σταυρὸν
2379 4512 2478 4564 οὐκ
2501 4510 2753 4583 ὤκνησεν
2783 4513 3075 4583 ὑπομεῖναι
3105 4512 3193 4565 διὰ
3220 4512 3300 4565 σέ.
3346 4513 3575 4566 Ἐκεῖνοι

1994 4592 2092 4662 μὲν
2118 4591 2228 4662 γὰρ
2256 4590 2514 4661 μεθύουσι
2537 4593 2633 4645 καὶ
2674 4593 3025 4652 ἐσκότωνται,
3057 4589 3152 4644 τοῦ
3185 4591 3358 4662 θυμοῦ
3379 4608 3577 4662 τυραν-

1989 4671 2206 4734 νοῦντος
2240 4672 2335 4724 κοιλ⁵
2371 4671 2807 4744 στρατηγοῦντος
2853 4672 3054 4734 αὐτοῖς,
3093 4671 3302 4724 δέονται
3342 4670 3400 4723 δέ
3433 4688 3577 4733 τινος

1991 4750 2327 4817 ὑγιαίνοντος
2365 4750 2461 4803 τοῦ
2508 4750 2871 4821 βοηθήσοντος
2903 4751 3108 4812 αὐτοῖς,
3154 4749 3182 4801 6
3209 4766 3267 4801 τε
3295 4747 3519 4811 ἀδικῶν,
3547 4749 3577 4802 6

1990 4847 2050 4883 τε
2080 4828 2435 4899 ἀδικούμενος
2456 4846 2469 4859 ·
2494 4831 2523 4883 6
2553 4829 2672 4900 μὲν,
2696 4829 2784 4882 ἴνα
2807 4828 3095 4897 ἀπαλλαγῇ
3123 4827 3348 4896 πάσχων
3365 4827 3574 4891 κακῶς,

1990 4912 2019 4963 ὁ
2051 4909 2131 4969 δὲ,
2166 4908 2254 4961 ἵνα
2284 4907 2563 4978 παύσηται
2598 4909 2767 4963 ποιῶν
2811 4909 3014 4970 κακῶς.
3053 4905 3295 4977 Πάρελθε
3326 4907 3371 4937 ⁷⁸
3396 4907 3576 4961 τοίνυν

1992 4987 2088 5042 καὶ
2117 4990 2276 5059 χεῖρα
2309 4987 2520 5059 ὄρεξον,
2566 4990 2595 5041 6
2620 4988 2805 5056 νήφων
2844 4986 2923 5056 τῷ
2967 4985 3238 5057 μεθύοντι.
3272 4986 3432 5039 Ἐστι
3468 4987 3577 5060 7&9

1991 5068 2085 5121 καὶ
2111 5066 2283 5137 ὀργῆς
2330 5065 2490 5136 μέθη,
2537 5066 2632 5119 καὶ
2657 5066 2756 5135 τῆς
2790 5066 2854 5117 ἐκ
2882 5065 2978 5117 τοῦ
3005 5065 3149 5118 οἴνου
3196 5064 3575 5136 χαλεπωτέρα.

1991 5149 2104 5219 Οὐχ
2134 5148 2268 5217 ὁρᾷς
2303 5147 2431 5210 τοὺς
2463 5146 2687 5209 ναύτας,
2722 5144 2773 5198 οἳ
2805 5145 2933 5199 ὅταν
2960 5145 3208 5217 ναυαγίῳ
3238 5145 3392 5209 τινάς
3422 5162 3581 5215 περι-

1992 5226 2260 5289 πεσόντας
2284 5225 2458 5287 ίδωσι,
2494 5224 2565 5278 τά
2593 5225 2640 5257 ⁸⁰
2676 5225 2819 5277 ἱστία
2850 5226 3184 5288 πετάσαντες
3215 5223 3352 5295 μετά
3375 5224 3577 5294 πολλῆς
3623 5254 3639 5297 ,ί

1991 5311 2323 5383 ἀπέρχονται
2364 5310 2622 5380 σπουδῆς,
2656 5309 2797 5363 ὥστε
2827 5312 2956 5375 τούς
2981 5312 3306 5381 ὁμοτέχνους
3336 5309 3578 5382 ἐξαρπά-
3621 5300 3630 5319 ⁸

1994 5408 2085 5444 σαι
2120 5389 2215 5443 τοῦ
2256 5390 2564 5459 κλύδωνοςς
2597 5391 2659 5443 Εἰ
2703 5390 2760 5443 δὲ
2794 5390 2991 5461 τέχνης
3034 5392 3280 5444 κοινωνοὶ
3306 5391 3577 5458 τοσαύτην

1991 5470 2399 5524 ἐπιδείκνυνται
2428 5469 2786 5541 προστασίαν,
2817 5470 2971 5539 πόσῳ
2991 5469 3189 5540 μᾶλλον
3214 5471 3339 5533 τοὺς
3359 5470 3460 5538 τῆς
3478 5471 3580 5539 φύ-

1993 5566 2131 5613 σεως
2165 5550 2454 5607 κοινωνοὺς
2481 5549 2655 5603 ταῦτα
2698 5549 2874 5603 πάντα
2917 5551 2961 5582 ⁸³
2992 5552 3164 5603 ποιεῖν
3193 5550 3420 5617 δίκαιον;
3469 5550 3580 5604 Καὶ

372 5642 420 5677 ⁸⁸
448 5644 620 5716 ἰσχύει
642 5643 703 5699 F.
734 5643 941 5716 ίσχύσει
1116 5643 1158 5674 ⁶¹
1182 5643 1474 5716 τοσαύτης]
1508 5643 1764 5716 θεῖά-τῆς
1790 5642 1926 5698 ΕιΙιί.
1992 5643 2009 5647 ”
2040 5646 2084 5677 ⁵³
2114 5644 2614 5716 προσαπολλύωμεν
2648 5644 2709 5698 Β.
2747 5642 3231 5716 προσαπολλύγομεν
3258 5645 3339 5716 Α...
3383 5643 3448 5716 *⁸³
3480 5660 3580 5716 κα-

298 5714 568 5784 κηγορίαν
594 5714 656 5769 D.

303 5802 455 5840 σει...
491 5784 776 5852 ἐγκαλέσει
804 5790 869 5839 Δ.
895 5786 959 5840 Β.
1036 5784 1079 5815 ⁸⁸
1110 5784 1205 5837 ἀνθ

734 5706 1159 5784 σι’ἑλεεινότερον
1179 5716 1245 5768 Α.
1277 5715 1339 5768 Β.
1407 5706 1663 5784 ’(³Ὀῦτω]
1692 5706 1860 5778 Οὗτος
1887 5716 1951 5768 Δ.
1981 5717 2044 5770 Β.

2122 5701 2169 5747 σε
2190 5716 2311 5769 Ὅτι
2340 5714 2430 5785 ἄν]
2449 5701 2547 5768 'A'v
2572 5715 2627 5769 δέ
2654 5719 2716 5768 Α.
2744 5701 2804 5767 BI
2825 5716 2922 5767 Ἂν
2947 5714 3059 5785 γάρ
3081 5701 3216 5785 Eijd,
3293 5714 3339 5785 '7
3371 5713 3579 5785 ἀπρδὼ-

1216 5801 1397 5855 ρωπον
1624 5782 1942 5858 ὑπεδέξατο]
1970 5785 2213 5858 ὐπεδέξω
2256 5786 2314 5838 Β.
2349 5782 2666 5858 ὑπεδείξατο
2696 5786 2780 5858 (3.,
2835 5785 2884 5858 ⁸⁵]
2912 5782 3156 5858 περίθες]
3189 5782 3409 5858 ἀπαίτει
3430 5783 3576 5858 Ειιρ.

305 5874 325 5905 ε
357 5855 462 5909 Alii
484 5854 673 5926 ἐπίθες
693 5875 711 5905 ι
741 5854 963 5926 Homer,
1042 5855 1090 5926 το
1112 5852 1396 5926 ἐστινριη.
1430 5854 1493 5908 E.
1524 5853 1588 5926 F.
1650 5855 1695 5926 τε
1724 5873 1807 5909 τοι
1839 5872 1874 5909 ο

1983 5856 2038 5909 Ι).
2066 5855 2127 5911 F.
2157 5872 2209 5926 ρ.
2242 5871 2296 5925 p.
2334 5857 2730 5910 καταϐάλλεται
2852 5855 2911 5907 Β.
2946 5925 2954 5926 7
2987 5852 3034 5926 έ¹²
3058 5852 3319 5926 ῥημάτων
3333 5855 3400 5908 Α.
3430 5852 3577 5926 Β.

297 5926 349 6009 2
374 5924 690 6009 ποιήσωμεν
722 5925 880 6009 τοῦτο
917 5924 976 5978 F.
1010 5924 1098 6009 μῆ
1115 5924 1406 6009 ναρκῶμεν
1448 5925 1511 5978 Α.
1534 5925 1609 6009 ‘B;
1674 5925 1727 6009 ί*
1756 5927 2064 6009 στεναγμοῦ
2085 5923 2351 6009 fu"
2382 5926 2561 6009 δεξ...,
2593 5925 2787 6009 61:09.]
2816 5927 2911 6006 καὶ
2937 5923 3165 6009 θάνατον
3188 5923 3575 6009 δεξάμενος

298 5994 363 6067 β·
399 5993 1431 6067 καῖεζκαταδεξάμενοξθεβέξάμένος
1464 5997 1558 6050 καὶ
1582 5995 1633 6049 θο
1674 5994 1733 6049 D-
1802 5997 1873 6067 ,"

1983 5996 2149 6066 ιῶμεν
2172 5995 2251 6067 Ο.
2268 5995 2332 6051 F.
2366 6007 2420 6051 et
2448 6014 2593 6054 cnrr.
2617 5996 2680 6049 D.
2704 5993 2990 6067 ποιοῦμεν]
3030 5996 3156 6067 add.
3190 5996 3286 6049 καὶ
3310 5993 3578 6067 περιϐάλτ

300 6061 418 6134 λειν
439 6066 504 6134 Α.
537 6065 597 6119 Β.
621 6066 738 6120 Non
776 6061 1079 6134 agnbscnnt
1113 6061 1293 6121 Veriss'.

1400 6067 1445 6149 7⁷
1467 6066 1811 6149 ἑστήκαμεν]
1842 6060 2255 6149 ίστάμξνοιὶκξεί
2290 6067 2354 6120 Λ.
2390 6068 2447 6121 Β.
2465 6084 2523 6149 Ρ.
2560 6083 2610 6136 p.
2658 6060 3255 6149 1:39uzfé‘vt'agliidlfm.
3330 6060 3575 6149 ’θ’ίξνωχ]

310 6132 608 6207 ἀνθρώπων
628 6135 764 6192 Mor.
793 6131 925 6193 Ben.
959 6136 1057 6193 Ge.
1104 6137 1147 6171 "
1171 6136 1439 6208 Πρόσελθε
1463 6137 1525 6192 C.
1584 6131 1630 6170 ⁸ο
1663 6131 1750 6209 τά]
1787 6131 1879 6192 πῶ

1983 6131 2087 6192 EA.
2112 6136 2171 6192 Β.
2194 6138 2257 6192 C.
2278 6153 2328 6207 p.
2356 6154 2406 6209 p.
2430 6131 2523 6210 τῆς
2551 6131 2783 6204 σπουδῆς
2808 6135 2866 6191 Ε.
2889 6136 2947 6191 F.
3016 6137 3057 6170 ⁸⁸
3084 6136 3258 6191 πάντα
3283 6151 3389 6191 om.
3414 6133 3476 6187 Δ.
3513 6131 3573 6195 Β,
