4052 6420
232 475 336 533 957
792 494 831 511 ι-

233 588 447 657 plagam
473 578 639 636 infert
656 587 825 647 atque
850 586 1054 636 necem,
1074 579 1128 625 et
1151 568 1252 623 hoc
1279 566 1448 636 ipsum
1473 562 1673 633 patitur
1698 575 1827 616 nau-

231 654 484 747 iragium.
514 673 689 743 Perge
737 668 916 739 igitur,
947 664 1143 719 malum
1173 657 1303 715 illud
1345 656 1474 712 seda
1498 696 1514 722 ,
1545 654 1826 709 demersos

228 744 481 831 extrahe,
506 764 559 819 in
585 763 761 832 ipsum
787 754 1116 826 tempestatis
1142 751 1359 822 pelagus
1378 744 1736 809 descendens,
1764 757 1828 796 ac

232 861 417 915 soluto
465 853 669 912 diaboli
710 852 960 913 theatro,
1009 846 1234 903 scorsim
1283 840 1520 912 singulos
1568 837 1831 899 admone,

234 953 514 1007 ﬂammam
554 945 858 1014 exstingue,
909 940 1209 1007 ﬂuctusque
1243 932 1561 1003 comprime.
1609 929 1667 985 Si
1706 942 1836 983 vero

236 1043 421 1113 majus
446 1039 605 1095 luerit
629 1036 954 1096 incendium,
983 1030 1278 1098 fornaxque
1302 1023 1578 1080 ardentior
1598 1062 1615 1087 ,
1644 1035 1716 1076 ne
1732 1020 1841 1074 lor-

244 1136 427 1194 mides
457 1152 473 1190 :
508 1132 659 1188 multi
688 1130 835 1186 enim
878 1125 1073 1181 adsunt
1100 1121 1191 1192 qui
1216 1119 1312 1174 tibi
1345 1117 1693 1188 opitulentur,
1721 1128 1840 1167 ma-

240 1244 487 1300 numque
518 1226 790 1298 porrigant
815 1262 830 1288 ,
853 1221 897 1275 si
929 1219 1102 1274 solum
1127 1213 1371 1283 incipias,
1400 1219 1564 1280 atque
1586 1221 1698 1277 prae
1725 1219 1843 1259 om-

247 1298 415 1378 nibus
435 1321 581 1376 Deus
629 1316 795 1388 pacis.
845 1313 912 1368 Et
946 1311 991 1366 si
1020 1309 1165 1380 prior
1192 1305 1462 1360 ﬂammam
1515 1298 1841 1362 excusseris,

247 1414 403 1471 multi
449 1412 538 1466 alii
582 1416 893 1479 sequentur,
926 1402 1112 1472 sicque
1155 1411 1362 1461 eorum,
1416 1408 1537 1465 qua:
1558 1392 1656 1461 ipsi
1703 1397 1848 1444 recte

248 1506 501 1571 iecerint,
532 1512 587 1557 tu
636 1497 941 1556 mercedem
968 1492 1223 1563 accipies.
1276 1487 1415 1544 Audi
1450 1485 1577 1556 quid
1603 1482 1849 1539 Christus

250 1597 458 1655 Judaais
488 1594 636 1650 humi
657 1589 973 1661 repentibus
995 1582 1329 1657 praeceperit.
1352 1578 1414 1635 Si
1429 1578 1634 1642 videris,
1656 1574 1846 1643 inquit,

248 1696 544 1762 juntentum
584 1683 780 1738 inimici
828 1681 901 1734 tui
945 1679 1165 1749 lapsum,
1219 1690 1283 1727 ne
1338 1681 1717 1741 praetercurras,
1764 1665 1853 1719 sed

262 1784 399 1854 erige
454 1778 588 1835 illud
641 1773 835 1846 (Exod.
882 1771 975 1826 25.
1009 1767 1107 1840 5).
1139 1764 1299 1835 Atqui
1335 1763 1493 1833 longe
1543 1758 1747 1814 facilius
1772 1764 1855 1811 est

257 1888 380 1929 sese
432 1877 620 1926 mutuo
667 1865 1015 1922 verberantes
1064 1857 1314 1915 homines
1366 1865 1637 1923 separare,
1690 1862 1853 1919 quam

252 1972 564 2043 jumentum
621 1961 850 2031 erigere.
906 1954 964 2011 Si
1013 1967 1140 2009 vero
1206 1948 1542 2005 inimicorum
1593 1942 1804 1996 asinum
1835 1980 1851 2005 ,

260 2038 431 2113 inulto
457 2054 629 2125 magis
658 2052 953 2107 amicorum
977 2047 1184 2100 animas
1211 2048 1424 2112 oportet
1452 2038 1664 2107 erigere
1690 2054 1703 2088 :
1728 2048 1850 2088 cum

261 2151 501 2208 maxime
529 2144 765 2202 deterior
787 2150 870 2197 est
900 2140 1051 2194 ruina
1077 2154 1092 2199 ;
1127 2150 1300 2205 neque
1330 2133 1472 2186 enim
1518 2130 1570 2183 in
1620 2140 1857 2191 ctenum,

270 2245 367 2299 sed
394 2243 449 2296 in
494 2239 792 2311 gehennam
820 2233 960 2304 ignis
1006 2228 1246 2284 incidunt
1273 2222 1456 2295 ,quod
1508 2222 1600 2275 irae
1651 2217 1862 2290 pondus

260 2349 424 2408 grave
443 2347 551 2387 non
568 2322 1020 2386 sustinuerint.Tu
1042 2334 1171 2375 vero
1188 2317 1373 2373 videns
1392 2313 1609 2369 fratrem
1633 2311 1734 2366 sub
1757 2323 1812 2364 sa
1821 2324 1866 2361 r-

260 2430 380 2482 cina
398 2426 667 2496 jacentem
686 2463 702 2486 ,
741 2429 796 2474 et
842 2416 1113 2472 diabolum
1134 2414 1418 2467 instantem
1439 2422 1502 2462 ac
1525 2419 1712 2475 rogum
1741 2417 1864 2457 suc-

263 2495 619 2580 cendentem,
647 2509 1005 2569 inhumaniter
1046 2504 1441 2571 crudeliterque
1476 2495 1863 2571 prietercurris,

266 2612 406 2684 quod
450 2624 520 2664 ne
555 2621 680 2677 erga
709 2604 860 2659 bruta
887 2598 1102 2671 quidem
1143 2596 1260 2650 sine
1289 2593 1525 2663 periculo
1549 2588 1864 2643 admittitur.

344 2707 439 2760 ll.
493 2700 599 2756 Eos
640 2699 727 2771 qui
765 2693 1048 2751 rimantibus
1086 2706 1188 2744 non
1224 2685 1571 2749 intercedunt,
1602 2683 1869 2752 increpat;

270 2797 474 2861 deinde,
521 2794 658 2865 ipsos
703 2791 975 2844 rixatores.
1005 2780 1465 2838 ——Samaritanus
1516 2774 1730 2846 quidem
1781 2772 1873 2827 ille

270 2888 513 2947 saucium
554 2884 741 2938 videns
768 2882 1027 2952 ignotum,
1064 2869 1399 2942 nihilquead
1441 2883 1563 2923 eum
1604 2866 1875 2937 pertinen-

273 2990 408 3043 tem,
439 2986 494 3032 et
532 2974 697 3036 stetit,
744 2981 796 3026 et
816 2971 1059 3040 jumento
1087 2979 1186 3019 suo
1208 2961 1479 3032 imposuit,
1514 2959 1672 3027 inque
1699 2956 1877 3010 diver-

273 3070 476 3125 sorium
505 3064 747 3129 deduxit,
778 3077 842 3117 ac
871 3059 1136 3115 medicum
1182 3052 1430 3110 mercede
1454 3048 1745 3114 conduxit,
1790 3061 1878 3100 ar—

275 3170 602 3233 gentumque
624 3154 812 3226 partim
838 3150 1003 3215 dedit,
1028 3147 1326 3219 partimque
1344 3143 1605 3213 pollicitus
1625 3147 1708 3195 est
1722 3137 1874 3208 (Luc.

278 3229 371 3310 ιο.
422 3252 511 3307 5'5.
552 3247 712 3320 sqq.).
755 3245 836 3300 Tu
877 3258 1004 3298 vero
1032 3241 1157 3295 dum
1202 3237 1472 3292 hominem
1501 3233 1650 3287 vides
1677 3230 1767 3301 qui
1794 3229 1879 3283 in-

279 3348 432 3407 cidit,
459 3360 565 3400 non
598 3343 651 3396 in
694 3341 954 3401 latrones,
975 3335 1069 3390 sed
1109 3334 1160 3387 in
1188 3329 1578 3386 dannoniorum
1604 3325 1876 3387 cohortes,

281 3440 481 3510 quique
511 3434 691 3489 lurore
733 3436 1016 3498 correptus
1063 3431 1168 3489 est,
1218 3435 1323 3476 non
1355 3418 1409 3474 in
1433 3417 1671 3481 deserto,
1701 3412 1795 3469 sed
1825 3414 1877 3467 in

282 3508 467 3588 medio
496 3527 634 3592 foro,
654 3539 758 3581 non
778 3521 1056 3594 pecuniam
1078 3518 1440 3584 impensurus,
1461 3524 1560 3564 nec
1578 3508 1880 3578 iumentum

284 3623 673 3685 conductnrus,
701 3616 784 3672 vel
811 3614 1044 3683 aliquem
1074 3607 1265 3680 procul
1290 3605 1570 3665 missurus,
1598 3598 1693 3654 sed
1720 3598 1881 3653 verba

289 3726 497 3773 tantum
543 3712 864 3784 prolaturus,
909 3702 1179 3760 cunctaris
1226 3713 1291 3753 ac
1332 3695 1549 3766 refugis,
1575 3700 1737 3762 atque
1767 3689 1886 3746 sine

289 3806 659 3867 misericordia
713 3797 1118 3873 prtetercurris‘!
1165 3794 1234 3848 Et
1277 3786 1548 3861 quomodo
1598 3798 1786 3850 speras
1836 3789 1888 3837 te

289 3904 463 3959 Deum
511 3912 759 3964 umquam
806 3890 1092 3962 propitium
1122 3884 1427 3940 habiturum
1461 3876 1620 3934 esse?
1644 3875 1763 3931 Jam
1791 3887 1888 3928 vos

291 3998 538 4066 alloquar
564 3993 653 4063 qui
684 3992 735 4044 in
765 3988 880 4043 l'oro
905 3985 1161 4041 indecore
1182 3979 1359 4051 agitis,
1382 3989 1611 4045 eumque
1630 3973 1719 4043 qui
1746 3969 1892 4025 lmdit

293 4098 354 4144 et
382 4062 563 4156 inique
591 4083 719 4154 agit.
766 4079 860 4133 Dic
888 4075 1039 4142 mihi,
1068 4072 1250 4144 plagas
1279 4067 1493 4131 incutis,
1524 4063 1761 4120 calcibus
1787 4062 1893 4115 im-

296 4180 458 4251 petis,
478 4151 542 4231 et
567 4151 820 4229 mortles?
848 4169 1021 4226 Snsne
1049 4164 1293 4218 silvester
1321 4173 1398 4224 es,
1427 4158 1512 4212 vel
1533 4152 1766 4223 onager?
1786 4151 1894 4206 Nec

300 4246 356 4330 te
379 4272 564 4344 pudet,
591 4282 694 4324 nec
718 4263 1011 4322 erubescis.
1042 4259 1113 4312 ita
1139 4256 1413 4315 ell‘eratns,
1443 4249 1533 4319 qui
1560 4246 1893 4303 nobilitatem

303 4337 452 4421 tuam
497 4337 811 4434 prodidisti?
854 4355 912 4411 Si
961 4352 1102 4407 enim
1136 4362 1336 4419 pauper
1360 4360 1441 4409 es,
1483 4350 1537 4395 at
1566 4341 1704 4395 liber
1729 4353 1820 4403 es;
1851 4337 1897 4391 si

300 4432 602 4518 artilexves,
646 4450 738 4506 sed
765 4446 1124 4504 Christianus.
1159 4440 1235 4494 Eo
1261 4439 1378 4508 ipso
1407 4432 1547 4502 quod
1585 4444 1788 4501 pauper
1815 4443 1895 4496 es,

303 4551 587 4621 quiescere
611 4544 796 4600 debes.
824 4541 955 4595 Nam
985 4536 1205 4591 divitum
1237 4540 1319 4586 est
1349 4529 1577 4599 litigare,
1610 4541 1719 4581 non
1766 4538 1900 4594 pau-

306 4615 535 4712 perum;
575 4636 816 4697 divitum,
864 4632 1101 4701 inquam,
1138 4625 1226 4695 qui
1258 4622 1451 4677 multas
1480 4620 1676 4675 habent
1694 4615 1901 4686 jnrgio-

310 4749 433 4791 rum
459 4743 666 4787 causas.
695 4727 775 4781 Tu
812 4739 941 4778 vero
978 4719 1069 4790 qni
1113 4716 1414 4772 divitiarum
1443 4712 1768 4778 voluptatem
1796 4721 1901 4760 non

311 4827 502 4891 habes,
531 4822 665 4877 mala
693 4831 868 4874 tamen
888 4812 1187 4870 divitiarum
1216 4805 1431 4877 quaeris,
1462 4800 1770 4858 inimicitias
1788 4798 1903 4860 tibi,

313 4919 690 4976 contentiones
736 4922 788 4967 et
818 4911 962 4965 rixas
989 4904 1283 4966 attrahens,
1317 4900 1531 4954 fratrem
1561 4895 1818 4965 ρι’ςιιιίιοςιε.
1853 4900 1908 4945 et

313 5011 489 5082 augis,
535 5016 590 5062 et
620 5004 829 5075 publice
858 5000 958 5056 sub
986 4996 1224 5051 omnium
1251 4991 1420 5046 oculis
1452 4986 1747 5059 prosternis
1773 5005 1786 5039 :
1812 4997 1911 5037 nec

316 5114 373 5157 te
392 5077 548 5170 putas
574 5096 742 5166 magis
766 5092 1017 5147 indecore
1043 5101 1224 5157 agere,
1248 5083 1372 5139 dum
1400 5081 1627 5135 ferarum
1654 5077 1911 5146 impetum

318 5166 570 5255 imitaris,
615 5184 907 5258 quinetiam
950 5179 1058 5235 illis
1092 5175 1326 5232 deterior
1361 5172 1583 5226 elTectus
1611 5184 1690 5224 es.
1723 5166 1911 5222 Omnia

318 5285 518 5353 quippe
546 5280 650 5334 illis
678 5272 977 5331 communia
1007 5278 1150 5333 sunt,
1182 5266 1339 5322 simul
1366 5270 1778 5333 congregantur,
1805 5272 1912 5312 una

324 5351 614 5437 incedunt;
659 5370 814 5425 nobis
855 5380 984 5422 vero
1015 5362 1145 5417 nihil
1173 5373 1457 5415 eumnmne
1482 5362 1583 5417 est,
1617 5353 1709 5409 sed
1736 5351 1915 5407 omnia

324 5483 419 5523 sus
458 5466 632 5533 deque
671 5463 840 5531 posita
870 5464 1014 5522 sunt,
1047 5456 1196 5519 rixtc,
1223 5448 1616 5512 contentiones,
1652 5442 1916 5509 convicia,

341 5543 1402 5574 Μ.-

1389 451 1453 506 ιΝ
1494 444 1898 506 MATTIIA'ZUM
1937 442 2167 500 HOMIL.
2209 441 2350 497 XVI.

3419 440 3526 494 938

1935 556 2246 624 inimicitiae,
2267 553 2628 609 contumeliae.
2675 553 2781 610 Sed
2809 568 2983 624 neque
3009 552 3200 607 caelum
3233 552 3402 622 ipsum
3438 565 3526 606 re—

1935 661 2204 712 veremur,
2231 660 2338 717 quo
2363 660 2552 700 omnes
2580 644 2741 700 simul
2769 644 2945 698 vocati
2971 658 3180 707 sumus,
3211 658 3386 713 neque
3412 653 3525 697 ter-

1937 754 2053 794 ram
2095 754 2215 809 quae
2263 738 2418 793 nobis
2464 737 2715 792 omnibus
2766 736 3002 801 obvenit,
3057 749 3230 804 neque
3280 744 3525 791 naturam

1940 831 2108 900 ipsam
2141 847 2154 885 :
2182 829 2277 885 sed
2325 828 2505 883 omnia
2555 827 2716 883 simul
2770 827 2850 881 ira
2901 834 2957 881 et
3001 842 3152 880 amor
3186 827 3529 894 pecuniarum

1941 923 2239 993 dissipavit.
2271 921 2385 977 Non
2433 921 2585 976 vides
2625 921 2775 975 illum
2803 919 2893 989 qui
2922 917 3106 973 decem
3144 917 3305 972 millia
3337 917 3541 972 talenta

1943 1015 2191 1078 debebat,
2224 1022 2503 1085 postquam
2550 1012 2639 1066 illa
2678 1010 2779 1067 sibi
2810 1010 3031 1065 remissa
3064 1010 3289 1076 fuerant,
3314 1023 3535 1063 conser-

1945 1122 2069 1161 vum
2111 1120 2267 1161 suum
2308 1104 2659 1169 suﬂ'ocantem
2716 1116 2812 1172 pro
2852 1111 3068 1157 centum
3113 1100 3364 1165 denariis,
3410 1105 3540 1170 quot

1946 1196 2083 1250 mala
2116 1194 2276 1250 subiit
2313 1206 2364 1248 et
2390 1193 2660 1264 quomodo
2689 1201 2892 1247 aeterno
2922 1190 3145 1246 traditus
3177 1189 3240 1244 sit
3278 1188 3542 1258 supplicio

1950 1287 2181 1358 (Matth.
2214 1287 2302 1343 18.
2333 1286 2424 1342 28.
2466 1284 2659 1357 app)?
2700 1283 2814 1339 Non
2864 1284 3018 1338 times
3060 1281 3404 1351 exemplum?
3432 1296 3542 1334 non

1951 1383 2144 1439 metuis
2173 1398 2241 1438 ne
2267 1390 2320 1435 tu
2351 1381 2540 1436 eadem
2564 1378 2819 1449 patiaris?
2847 1378 3053 1432 Etenim
3084 1391 3180 1430 nos
3200 1390 3411 1444 quoque
3440 1375 3548 1427 Do-

1954 1475 2101 1530 mino
2129 1474 2356 1544 plurima
2386 1485 2683 1540 magnaque
2707 1470 2998 1533 debemus;
3030 1469 3116 1522 ille
3155 1477 3329 1521 tamen
3353 1480 3546 1535 exspe—

1956 1577 2066 1624 ctat
2109 1576 2164 1623 et
2203 1566 2466 1637 patienter
2513 1563 2621 1633 agit
2651 1581 2665 1617 :
2699 1577 2805 1617 non
2834 1563 3014 1624 instat,
3048 1569 3105 1614 ut
3144 1574 3243 1615 nos
3271 1556 3545 1613 conservis

1958 1659 2157 1715 nostris
2183 1675 2197 1712 :
2231 1672 2336 1712 non
2367 1671 2466 1711 nos
2494 1655 2642 1726 angit
2665 1662 2720 1709 et
2744 1652 2968 1707 summat
2999 1670 3011 1705 :
3039 1660 3184 1706 certe
3209 1651 3253 1705 si
3283 1651 3366 1704 vel
3390 1648 3550 1703 mini-

1958 1766 2099 1806 mam
2122 1759 2329 1818 partein
2355 1747 2519 1803 vellet
2537 1760 2568 1799 a
2591 1744 2744 1800 nobis
2763 1743 2999 1813 exigere,
3022 1741 3131 1811 jam
3150 1740 3275 1795 olim
3299 1739 3550 1809 periisse-

1959 1856 2101 1897 mus.
2130 1840 2256 1894 H‘cc
2299 1839 2480 1908 itaque
2504 1835 2825 1906 cogitantes,
2859 1833 3063 1898 dilecti,
3104 1830 3465 1893 humiliemur,
3495 1836 3552 1882 et

1962 1932 2295 1989 debitoribus
2339 1931 2536 1985 nostris
2583 1928 2807 1999 gratiam
2859 1925 3196 1981 habeamus:
3241 1931 3367 1977 sunt
3407 1921 3552 1976 enim

1963 2025 2138 2090 nobis,
2185 2025 2230 2080 si
2254 2022 2717 2094 phiIOSOphemur,
2736 2020 2948 2074 occasio
2978 2018 3225 2072 maximte
3271 2014 3552 2084 indulgen-

1964 2117 2054 2171 tias
2080 2134 2094 2170 :
2127 2124 2183 2171 et
2211 2130 2373 2185 pauca
2397 2113 2604 2175 dantes,
2628 2109 2857 2181 plurima
2879 2108 3220 2178 accipiemus.
3241 2106 3377 2174 Quid
3399 2107 3558 2176 igitur

1968 2206 2231 2263 violenter
2271 2206 2340 2259 ab
2380 2219 2446 2259 eo
2492 2202 2682 2272 exigis,
2721 2215 2842 2255 cum
2888 2206 3179 2269 oporteret,
3206 2197 3416 2252 etiamsi
3443 2196 3559 2267 ipse

1969 2299 2179 2353 solvere
2222 2297 2409 2361 vellet,
2455 2294 2694 2348 debitum
2745 2291 3040 2355 remittere,
3088 2299 3144 2343 ut
3184 2298 3352 2343 totum
3385 2303 3416 2342 a
3448 2287 3559 2342 Deo

1969 2387 2276 2458 acciperes?
2299 2385 2452 2441 Nunc
2478 2398 2608 2439 vero
2631 2382 2760 2437 nihil
2788 2396 2894 2435 non
2916 2381 3051 2451 agis,
3081 2379 3189 2433 vim
3220 2378 3407 2443 infers,
3430 2391 3561 2431 con-

1973 2479 2168 2546 tendis,
2200 2487 2258 2532 nt
2284 2477 2377 2532 tibi
2405 2475 2535 2530 nihil
2561 2490 2629 2529 ex
2653 2473 2849 2529 debitis
2882 2472 2984 2525 tuis
3028 2470 3361 2532 remittatur;
3394 2477 3448 2522 et
3478 2468 3561 2521 vi-

1972 2571 2119 2627 deris
2160 2569 2376 2640 quidem
2417 2566 2662 2637 proximo
2707 2574 2799 2619 tuo
2838 2562 3137 2618 molestiam
3189 2559 3407 2625 inferre,
3434 2558 3562 2613 dmn

1973 2665 2208 2738 gladium
2235 2663 2329 2717 tibi
2357 2662 2631 2725 admoves,
2661 2670 2715 2714 et
2736 2656 2992 2728 gehennae
3019 2654 3333 2724 supplicium
3365 2667 3563 2722 auges;

1977 2761 2020 2815 si
2052 2769 2228 2813 autem
2253 2756 2334 2811 vel
2359 2755 2622 2809 tantillum
2653 2752 2739 2806 hic
2786 2747 3198 2820 philosopheris,
3231 2745 3460 2799 leviores
3485 2741 3568 2797 ef-

1978 2851 2094 2905 licis
2132 2848 2369 2903 rationes
2409 2859 2701 2916 pinnasque
2732 2850 2868 2896 tuas.
2902 2839 3112 2894 Etenim
3139 2838 3275 2892 Deus
3305 2835 3425 2890 ideo
3454 2833 3571 2888 vult

1978 2950 2037 2995 ut
2065 2937 2205 3009 apud
2232 2953 2329 2992 nos
2358 2935 2660 3006 hujusmodi
2686 2931 2977 2987 liberalitas
3006 2928 3226 2985 oriatur.
3253 2934 3310 2980 ut
3337 2926 3574 2981 occasio-

1982 3046 2104 3087 nem
2153 3030 2278 3084 hinc
2319 3036 2498 3097 captet
2544 3024 2768 3094 plurima
2818 3022 2973 3076 nobis
3016 3017 3269 3073 (Inmindi.
3302 3017 3572 3084 Quotquot

1981 3124 2142 3194 igitur
2187 3122 2458 3178 debitores
2500 3120 2591 3173 tibi
2636 3125 2780 3182 sunt,
2828 3116 2939 3170 sive
2983 3113 3048 3166 de
3087 3111 3344 3182 pecuniis,
3372 3110 3483 3163 sive
3507 3107 3577 3161 dc

1983 3215 2204 3270 oll'ensis
2229 3222 2438 3283 agatur,
2482 3210 2580 3264 hos
2605 3222 2795 3263 omnes
2822 3206 3031 3260 dimitte
3076 3204 3292 3269 liberos,
3324 3208 3380 3254 et
3406 3215 3436 3252 a
3468 3199 3580 3253 Deo

1985 3307 2218 3380 pustula,
2264 3315 2325 3361 ut
2374 3313 2535 3359 tanta:
2583 3298 3033 3372 magnanimitatis
3077 3295 3167 3349 tibi
3209 3295 3353 3348 vices
3382 3306 3578 3361 repen-

1985 3399 2199 3455 dantur.
2243 3398 2424 3454 Donec
2467 3395 2609 3449 enim
2656 3394 2799 3462 ipsos
2843 3390 3117 3445 debitores
3143 3385 3381 3448 habebis,
3411 3383 3578 3437 Deum

1987 3491 2284 3548 debitorem
2325 3504 2429 3543 non
2475 3486 2734 3551 habebis;
2785 3484 2865 3538 sin
2898 3482 3020 3536 illos
3049 3480 3248 3536 liberos
3290 3476 3579 3542 dimiseris,

1988 3583 2190 3655 poteris
2222 3596 2254 3637 a
2308 3582 2416 3636 Deo
2459 3579 2674 3649 exigere
2712 3592 2834 3630 cum
2885 3573 3136 3629 instantia
3182 3584 3370 3640 magna
3423 3575 3584 3621 tantzc

1991 3671 2346 3745 philosophiae
2391 3669 2723 3725 mercedem.
2772 3665 2830 3720 Si
2874 3664 3017 3719 enim
3063 3663 3222 3715 homo
3251 3658 3582 3729 praeteriens,

1992 3742 2286 3837 vidensque
2307 3773 2359 3818 te
2385 3762 2681 3816 debitorem
2727 3766 2933 3824 tenere,
2957 3742 3170 3827 iuberet
3208 3763 3259 3809 te
3301 3753 3472 3822 ipsum
3502 3750 3588 3804 di-

1995 3858 2234 3921 mittere,
2277 3864 2332 3910 et
2361 3854 2458 3908 abs
2495 3866 2554 3906 se
2582 3850 2821 3906 debitum
2848 3861 3152 3917 reposcere,
3182 3861 3287 3899 non
3314 3853 3460 3899 certe
3502 3844 3586 3896 ino

1996 3958 2182 4020 gratus
2225 3946 2300 3999 illi
2347 3945 2487 3998 foret
2527 3950 2650 4012 post
2691 3939 3088 4002 remissionem,
3120 3942 3303 4006 utpote
3330 3934 3496 4004 quiin
3528 3946 3590 3987 se

1999 4050 2170 4095 totum
2216 4030 2889 4101 transtulerit:quomodo
2938 4029 3079 4083 Deus
3127 4042 3234 4082 non
3289 4026 3438 4097 plura
3463 4024 3589 4090 alia,

2001 4134 2109 4188 imo
2149 4130 2346 4185 millies
2377 4127 2525 4197 plura
2557 4123 2765 4188 reddet,
2790 4137 2910 4178 cum
2942 4121 3056 4190 ejus
3092 4128 3361 4189 praecepto
3384 4117 3593 4173 obtem-

2002 4231 2272 4296 perantes,
2295 4219 2564 4275 debitores
2589 4226 2822 4281 nostros,
2847 4227 2946 4268 nec
2965 4227 3204 4281 parvum,
3225 4226 3324 4265 nec
3343 4223 3594 4279 magnum

2003 4319 2072 4373 ab
2111 4318 2191 4372 eis
2219 4313 2641 4384 expostulantes,
2690 4306 3058 4364 dimiserimus
3104 4318 3320 4375 prorsus
3361 4301 3598 4357 liberos?

2004 4412 2084 4467 Ne
2111 4402 2511 4478 temporaneam
2532 4402 2677 4457 illam
2701 4400 3027 4469 voluptatem
3047 4396 3405 4460 attendamus,
3436 4409 3595 4465 quam

2007 4503 2187 4559 debita
2219 4507 2527 4570 repetentes
2554 4494 2878 4564 accipimus;
2920 4491 3017 4548 sed
3046 4493 3298 4545 damnum
3329 4488 3456 4543 illud
3480 4499 3599 4541 tan-

2011 4605 2145 4660 tnm,
2168 4591 2310 4664 quod
2338 4592 2393 4644 in
2418 4590 2595 4642 futuro
2634 4595 3026 4656 exspectamus,
3060 4582 3113 4637 in
3144 4582 3297 4637 bonis
3324 4580 3601 4634 immorta-

2013 4687 2151 4742 libus
2198 4697 2297 4737 nos
2344 4682 2489 4751 ipsos
2538 4677 2814 4732 laedentes.
2844 4673 3105 4730 Omnibus
3144 4685 3272 4741 ergo
3299 4669 3605 4739 superiores

2014 4775 2160 4840 facti,
2208 4772 2503 4843 largiamur
2547 4779 2603 4823 et
2646 4766 2898 4837 pecunias
2923 4775 2976 4819 et
3020 4761 3248 4818 offensas
3277 4759 3606 4815 debitoribus

2017 4868 2234 4934 nostris,
2263 4877 2317 4922 ut
2341 4866 2568 4922 leviores
2595 4861 2748 4917 nobis
2770 4860 3002 4914 rationes
3019 4853 3316 4911 reddendas
3335 4867 3606 4922 paremus;

2016 4971 2073 5019 et
2098 4960 2243 5032 quod
2270 4974 2375 5014 non
2413 4956 2682 5029 potuimus
2709 4968 2806 5023 per
2831 4951 2962 5005 alias
2988 4949 3212 5002 virtutes
3238 4945 3478 5015 assequi,
3516 4960 3612 5014 per

2018 5056 2341 5112 oblivionem
2377 5051 2693 5122 injuriarum
2709 5053 3118 5115 consequentes,
3136 5050 3335 5096 :eterna
3354 5039 3611 5109 adipisca-

2020 5165 2141 5205 mur
2170 5149 2330 5209 bona,
2360 5145 2527 5215 gratia
2559 5151 2615 5196 et
2638 5136 3008 5195 misericordia
3052 5134 3260 5190 Domini
3287 5132 3454 5187 nostri
3484 5131 3611 5186 Iesu

2023 5240 2243 5304 Christi,
2285 5238 2373 5293 cui
2415 5234 2584 5306 gloria
2628 5242 2681 5287 et
2710 5229 3014 5300 imperium,
3043 5241 3186 5283 nunc
3211 5234 3266 5280 et
3293 5238 3526 5293 semper,
3565 5230 3620 5277 et

2026 5334 2082 5389 in
2106 5329 2299 5388 saecula
2328 5326 2665 5383 saeculorum.
2695 5322 2908 5390 Amen.”

1997 5508 3613 5543 _________________________.__—————-———-

1689 5608 2043 5675 HOMlLIA
2084 5604 2258 5668 XVI.

330 5743 465 5801 Car.
510 5740 564 5797 ὅ.
607 5754 663 5795 v.
701 5738 791 5793 l7.
832 5732 1009 5789 Nolite
1046 5738 1243 5801 putare,
1288 5723 1425 5795 quod
1478 5720 1695 5776 venerint
1738 5718 1930 5775 solvere

838 5827 996 5898 legem
1025 5830 1114 5877 aut
1138 5817 1428 5892 prophetas.

414 5930 465 5992 ι.
493 5924 662 6001 Quare
695 5924 924 5981 Christus
946 5935 999 5976 se
1018 5934 1119 5973 non
1149 5914 1341 5971 solvere
1368 5910 1527 5981 legem
1552 5905 1818 5963 asseruerit
1834 5919 1854 5972 ,'
1884 5914 1934 5961 et

2035 5731 2126 5769 cur
2149 5728 2251 5767 non
2278 5723 2448 5765 omma
2462 5689 2606 5777 quasi
2631 5702 2931 5758 auctoritate
2947 5714 3040 5752 sua
3061 5696 3311 5768 faciat.-
3326 5689 3456 5759 Quis
3481 5687 3622 5742 enim

2036 5805 2091 5863 id
2115 5805 2292 5860 fuerat
2319 5797 2661 5869 suspicatus?
2689 5805 2781 5850 ant
2810 5793 2929 5865 quis
2954 5790 3247 5860 obiecerat,
3287 5793 3348 5840 ut
3376 5781 3499 5836 huic
3527 5780 3626 5832 oh-

2033 5897 2256 5973 ;ectioni
2283 5891 2624 5952 occurreret?
2654 5889 2836 5960 Neque
2854 5886 3002 5943 enim
3032 5898 3096 5938 cx
3128 5879 3285 5938 dictis
3308 5875 3427 5933 talis
3450 5871 3628 5944 suspi-
