4052 6436
440 456 549 510 239

432 572 518 622 cio
544 565 815 621 oriebatur
847 579 861 616 :
897 575 1018 614 nam
1060 557 1202 628 quod
1244 558 1458 626 juberet
1486 556 1644 610 mites
1664 567 1806 617 esse,
1831 547 2022 604 mode-

434 672 569 728 stos,
625 654 1019 719 misericordes,
1078 650 1306 705 mundos
1362 649 1526 705 corde
1575 656 1632 702 et
1680 661 1776 714 pro
1811 641 2021 714 justitia

433 754 732 812 decertare,
766 746 894 801 nihil
926 745 1102 800 sintile
1133 742 1439 805 indicebat;
1471 742 1578 794 imo
1605 738 1728 793 huic
1757 737 1831 789 rei
1863 748 2028 803 oppo-

433 843 592 896 situm
616 847 750 894 erat.
774 839 886 904 Qua
910 851 1037 906 ergo
1057 835 1122 889 de
1143 849 1301 888 causa
1325 833 1425 886 hoc
1444 828 1747 885 dixit?Non
1766 828 2031 880 incassum

434 947 534 987 nec
562 931 792 991 frustra;
825 929 918 984 sed
967 929 1088 998 quia
1118 926 1389 981 veteribus
1420 923 1697 994 pneceptis
1723 919 1922 989 majora
1951 917 2031 970 la-

435 1035 586 1078 turus
619 1032 757 1085 erat,
787 1021 975 1075 dicens
1004 1039 1018 1074 :
1049 1019 1293 1082 Audistis,
1317 1017 1434 1086 quia
1475 1015 1664 1068 dictum
1691 1021 1763 1066 est
1790 1009 2029 1075 antiquis,

438 1113 558 1167 Non
577 1113 804 1178 occides;
825 1128 912 1182 ego
929 1120 1093 1164 autem
1113 1109 1225 1162 dico
1242 1108 1395 1174 vobis,
1409 1105 1486 1159 Ne
1503 1103 1793 1158 irascamini
1819 1099 2031 1171 (Matth.

437 1205 490 1258 5.
512 1205 574 1259 2i
595 1203 741 1274 .29.);
771 1202 1074 1256 utdivinam
1090 1200 1369 1270 quamdam
1388 1197 1723 1252 aeca'lestem
1745 1194 1882 1247 viam
1911 1205 2036 1260 ape-

450 1297 595 1358 riret,
645 1312 712 1349 ne
757 1295 832 1349 rei
883 1292 1089 1347 novitas
1126 1291 1426 1344 auditorum
1457 1289 1664 1342 animos
1695 1285 1950 1345 turbaret,
1983 1291 2038 1336 et

446 1386 512 1443 ad
537 1386 888 1442 dubitandum
915 1383 982 1438 de
1009 1383 1166 1438 dictis
1192 1381 1500 1444 adduceret,
1531 1379 1632 1434 hac
1653 1379 1817 1432 utitur
1838 1373 2037 1444 przevia

443 1478 706 1532 cautione.
737 1475 954 1530 Etiamsi
997 1474 1138 1528 enim
1170 1473 1339 1543 legem
1371 1486 1476 1525 non
1507 1470 1806 1540 implerent,
1835 1478 2028 1535 magno

446 1580 621 1624 tamen
650 1583 774 1638 erga
820 1567 962 1620 illam
1001 1567 1316 1622 tenebantur
1359 1564 1572 1624 alfectu,
1604 1576 1667 1616 ae
1710 1561 1833 1614 licet
1870 1559 2037 1626 ipsam

445 1658 683 1730 quotidie
733 1658 1016 1722 violarent,
1067 1657 1246 1710 literas
1285 1665 1460 1709 tamen
1510 1653 1756 1707 volebant
1795 1652 2042 1704 immotas

453 1767 692 1812 manere.
746 1750 984 1819 nihilque.
1029 1749 1158 1818 ipsis
1205 1749 1394 1817 adjici;
1444 1749 1551 1802 imo
1579 1763 1707 1802 vero
1744 1743 1984 1814 quardam
2011 1757 2041 1795 a

451 1841 782 1913 principibus
823 1841 934 1896 suis
964 1839 1141 1894 addita
1170 1840 1472 1902 tuebantur,
1516 1854 1634 1908 qua:
1671 1846 1816 1892 certe
1846 1851 1950 1888 non
1976 1831 2044 1888 ad

452 1934 665 2000 melius,
692 1933 785 1988 sed
811 1932 876 1987 ad
909 1931 1060 2002 pejus
1091 1935 1401 2002 vergebant.
1427 1931 1640 1986 Etenim
1669 1933 1925 1982 honorem
1953 1939 2047 1994 pa-

455 2026 699 2083 rentibus
728 2026 968 2081 debitum
1012 2025 1095 2080 his
1119 2025 1499 2080 additamentis
1524 2023 1822 2085 solverunt,
1863 2025 1920 2072 et
1943 2017 2047 2071 alia

457 2119 682 2189 plurima
748 2119 1065 2188 importunis
1125 2117 1484 2172 additionibus
1546 2111 2044 2185 pessumdederunt.

459 2210 722 2278 Quoniam
745 2225 872 2280 ergo
897 2209 1144 2265 Christus
1173 2226 1238 2264 ex
1266 2207 1582 2263 sacerdotali
1610 2205 1748 2260 tribu
1776 2219 1883 2258 non
1909 2209 2045 2264 erat,

460 2313 516 2357 et
562 2318 680 2372 qua:
733 2303 850 2373 ipse
895 2303 1206 2358 inducturus
1249 2311 1402 2366 erat,
1465 2299 1884 2354 additamentum
1935 2301 2048 2349 erat

461 2395 769 2463 quodpiam,
799 2394 938 2464 quod
967 2394 1213 2448 virtutem
1236 2409 1340 2448 non
1370 2393 1655 2454 minueret,
1679 2387 1772 2444 sed
1803 2394 2048 2457 augeret:

467 2484 580 2538 haec
604 2484 763 2538 ambo
791 2483 1110 2552 prmvidens,
1139 2498 1258 2554 qu:e
1285 2485 1429 2554 ipsos
1455 2481 1724 2535 turbatura
1752 2487 1924 2540 erant,
1952 2491 2051 2529 an-

466 2584 677 2645 tequam
703 2575 1044 2630 admirandas
1071 2576 1186 2629 illas
1232 2575 1374 2644 leges
1413 2573 1614 2644 scripto
1646 2570 1782 2626 tradi
1817 2575 2050 2633 curaret,

469 2666 599 2720 illud
643 2666 818 2736 rejicit
861 2667 1002 2735 quod
1049 2667 1151 2720 illis
1201 2667 1252 2719 in
1297 2675 1529 2720 mentem
1583 2674 1866 2717 venturum
1915 2667 2052 2714 erat.

468 2756 604 2826 Quid
631 2773 758 2811 vero
785 2757 911 2812 illud
939 2766 1054 2811 erat
1080 2757 1222 2828 quod
1245 2757 1560 2826 subreperet
1582 2763 1636 2810 et
1656 2753 1811 2822 objici
1834 2751 2058 2822 posset?

471 2849 738 2904 Putabant
782 2850 925 2903 illum
973 2850 1087 2904 ι]ωο
1129 2850 1312 2904 dicere
1357 2848 1424 2902 ad
1457 2847 1643 2918 legalia
1690 2855 1870 2899 vetera
1899 2844 2061 2897 abro-

471 2940 664 3011 ganda.
692 2940 844 2996 llauc
890 2941 1069 3010 itaque
1108 2947 1258 2994 sanat
1295 2940 1623 3009 Opinionem.
1649 2936 1830 3004 Neque
1856 2934 1941 2987 hic
1968 2950 2058 2988 so-

474 3032 584 3086 lum
615 3029 717 3085 hoe
765 3029 910 3094 facit,
952 3031 1046 3086 sed
1073 3040 1126 3085 et
1155 3029 1278 3084 alibi
1309 3045 1539 3099 quoque.
1578 3027 1711 3096 Quia
1741 3027 1882 3081 enim
1917 3025 2060 3078 illum

475 3122 840 3176 adversarium
875 3121 983 3176 Deo
1009 3120 1296 3176 credebant
1323 3161 1337 3185 ,
1371 3135 1437 3174 eo
1477 3120 1616 3188 quod
1648 3117 1924 3170 sabbatum
1957 3131 2060 3166 non

477 3219 746 3275 servaret,
782 3221 839 3266 ut
865 3213 1001 3266 banc
1027 3212 1238 3267 illorum
1267 3211 1622 3280 suSpicionem
1649 3216 1891 3262 anteveat
1911 3249 1924 3267 ,
1959 3206 2066 3259 illic

478 3317 692 3373 quoque
713 3301 1054 3357 defensiones
1079 3303 1366 3371 eXpromit,
1393 3301 1617 3371 illasque
1643 3300 1741 3353 sibi
1770 3312 2068 3367 congruen-

481 3406 561 3448 tcs
589 3413 602 3449 :
631 3403 686 3447 ut
713 3410 831 3448 cum
864 3394 987 3448 dicit
1015 3413 1027 3447 :
1060 3393 1216 3447 Pater
1246 3410 1382 3447 meus
1408 3402 1662 3463 operatur,
1695 3401 1742 3445 et
1771 3408 1861 3460 ego
1890 3405 2071 3462 operor

479 3487 502 3554 (
526 3485 680 3542 Joan.
708 3486 762 3542 5.
790 3487 852 3541 l7
875 3484 926 3557 );
959 3486 1089 3540 alias
1117 3501 1242 3539 vero
1270 3484 1586 3539 demissiore
1619 3482 1777 3538 modo
1809 3483 2062 3552 prolatas,

483 3586 540 3629 ut
567 3591 688 3631 eum
717 3592 870 3631 ovem
900 3577 951 3630 in
989 3577 1219 3631 medium
1252 3575 1408 3632 affert
1445 3576 1496 3628 in
1544 3575 1765 3629 sabbato
1788 3573 2068 3644 perditam,

482 3674 538 3719 et
558 3666 786 3720 ostendit
807 3665 872 3719 ad
893 3666 1008 3734 ejus
1029 3667 1252 3720 salutem
1278 3666 1444 3735 legem
1473 3665 1636 3720 fuisse
1671 3665 1895 3721 solutam
1921 3704 1937 3730 ,
1967 3665 2074 3718 eir-

485 3757 863 3811 cumeisioncm
891 3774 1101 3828 quoque
1129 3758 1354 3828 idipsutn
1394 3758 1670 3812 facientem
1691 3765 2077 3812 commemorat

487 3850 507 3920 (
546 3848 728 3902 Matth.
763 3850 848 3904 l2.
882 3852 968 3905 ll.
1003 3849 1068 3904 12
1092 3851 1132 3920 ).
1165 3849 1288 3904 ldeo
1325 3850 1527 3905 scilicet
1548 3846 1914 3904 humilioribus
1934 3863 2078 3918 saepe

494 3940 672 3994 verbis
699 3941 932 4010 loquitur
954 3983 971 4007 ,
1006 3950 1063 3996 ut
1092 3941 1399 4011 opinionem
1440 3940 1582 3994 illam
1608 3981 1624 4004 ,
1656 3955 1758 4010 qua
1800 3939 2078 4009 putabatur

492 4033 605 4100 ipse
633 4032 742 4088 Deo
761 4031 1052 4098 adversari,
1082 4033 1402 4088 eliminaret.
1435 4031 1636 4086 Idcirco
1661 4031 1749 4103 qui
1777 4030 1941 4086 verbo
1961 4031 2077 4086 solo

492 4123 802 4177 inmtmeros
829 4133 1071 4178 mortuos
1097 4125 1464 4186 suscitavcrat,
1487 4139 1608 4176 eum
1637 4121 1893 4177 Lazarum
1919 4137 2080 4176 voca-

494 4214 589 4279 vit,
611 4223 664 4270 et
685 4216 924 4269 oratione
942 4231 978 4269 ιι
1002 4215 1192 4286 adjecit
1210 4215 1453 4285 (Joan.ll
1469 4255 1482 4269 .
1498 4215 1588 4284 4-1)
1606 4230 1619 4279 ;
1640 4213 1853 4278 deinde,
1875 4230 1944 4269 ne
1959 4214 2082 4268 hinc

499 4306 653 4359 l’atrc
673 4319 771 4360 suo
792 4305 966 4360 mitur
987 4305 1357 4360 oStenderetur
1374 4347 1388 4370 ,
1414 4314 1468 4359 et
1487 4312 1545 4359 ut
1565 4305 1701 4358 hanc
1720 4305 2080 4374 suspicionem

495 4395 846 4462 emendaret,
883 4396 1156 4466 subjunxit
1185 4414 1199 4450 :
1233 4395 1354 4450 "(ec
1379 4395 1487 4449 dixi
1517 4404 1722 4464 propter
1743 4395 1941 4449 turbam
1977 4397 2082 4450 cir-

498 4496 826 4541 cumstantem
844 4529 860 4554 ,
885 4497 937 4540 ut
957 4488 1162 4541 credant
1186 4488 1304 4557 quia
1333 4496 1385 4539 tu
1407 4503 1482 4540 me
1506 4486 1684 4540 misisti
1715 4486 1872 4559 (ibid.
1899 4503 1944 4542 υ.
1965 4488 2080 4558 42).

498 4579 682 4649 Neque
712 4578 887 4632 omnia
911 4579 1060 4648 quasi
1089 4594 1182 4632 sua
1206 4579 1521 4633 auctoritate
1548 4577 1690 4646 facit,
1715 4590 1770 4634 ut
1794 4579 2086 4633 infirmitati

499 4687 682 4726 eorum
715 4685 773 4725 se
813 4679 1163 4740 attemperct;
1199 4685 1369 4740 neque
1397 4671 1554 4724 etiam
1585 4671 1763 4724 omnia
1796 4670 2088 4740 praemissis

503 4763 743 4830 precibus
761 4760 906 4828 facit,
927 4777 994 4816 ne
1017 4763 1244 4830 posteris
1265 4761 1586 4832 relinqueret
1605 4761 1920 4830 suspicionis
1940 4775 2090 4830 argu-

503 4861 734 4907 mentum
755 4893 769 4914 ,
802 4852 951 4922 quasi
983 4850 1185 4906 scilicet
1215 4852 1455 4905 infirmus
1481 4858 1537 4907 et
1565 4851 1828 4922 impotens
1855 4851 1959 4915 sit,
1989 4848 2085 4904 sed

505 4944 618 4999 hazc
638 4946 739 4999 illis
762 4955 814 5000 et
833 4945 916 4998 illa
941 4947 1023 5000 his
1039 4944 1317 4999 admiscet.
1346 4944 1473 4998 Illud
1495 4955 1669 4998 autem
1691 4958 1794 4997 nou
1819 4941 1934 4996 siue
1953 4950 2089 4996 tem-

507 5047 815 5106 peramento
841 5038 990 5104 facit,
1011 5039 1104 5093 sed
1126 5054 1246 5092 cum
1270 5038 1474 5093 decenti
1499 5037 1596 5090 sibi
1620 5036 1922 5106 prudentia.
1956 5035 2090 5090 Nam

504 5141 559 5184 et
583 5129 782 5198 majora
809 5131 930 5185 facit
955 5133 1102 5200 quasi
1129 5141 1439 5201 potestatem
1470 5130 1692 5196 habens,
1715 5140 1769 5184 et
1791 5130 1842 5183 in
1871 5130 2094 5184 minori-

507 5223 606 5277 bus
629 5222 691 5275 ad
709 5223 901 5276 ezelum
922 5223 1154 5291 respicit.
1173 5223 1442 5293 Siquidem
1472 5238 1590 5276 cum
1616 5231 1827 5291 peccata
1855 5221 2093 5288 dimittit,

507 5327 627 5367 cum
659 5323 864 5367 secreta
900 5313 1138 5378 revelat,
1166 5323 1216 5367 et
1249 5313 1547 5382 paradlsum
1586 5313 1790 5384 aperit,
1823 5327 1945 5366 cum
1987 5310 2096 5366 da)-

508 5420 695 5459 monas
743 5404 921 5474 pellit,
962 5419 1082 5458 cum
1126 5404 1368 5472 leprosos
1415 5405 1670 5471 mundat,
1709 5420 1832 5459 cum
1871 5414 2096 5459 mortem

511 5497 718 5560 frenat,
737 5513 859 5552 cum
881 5505 1119 5552 mortuos
1141 5499 1360 5552 suscitat
1385 5499 1691 5553 innumeros
1711 5540 1724 5563 ,
1746 5498 1896 5568 jussu
1917 5499 2095 5551 omnia

513 5588 670 5653 facit;
701 5605 820 5644 cum
849 5600 1023 5645 autem
1047 5631 1062 5654 ,
1093 5590 1232 5661 quod
1268 5591 1432 5644 multo
1458 5592 1630 5645 minus
1657 5600 1771 5644 erat
1794 5631 1809 5656 ,
1841 5605 2004 5660 panes
2033 5605 2096 5642 ex

514 5684 697 5752 paucis
723 5685 917 5740 multos
947 5683 1092 5748 fecit,
1126 5695 1251 5738 tunc
1282 5685 1332 5738 in
1359 5683 1546 5736 caelum
1575 5684 1829 5752 reSpexit,
1865 5699 1956 5752 per
1985 5697 2100 5735 om-

517 5776 600 5827 nia
628 5775 918 5830 ostendens
945 5791 1005 5829 se
1033 5791 1137 5830 non
1171 5792 1234 5830 ex
1275 5775 1580 5829 inﬁrmitate
1608 5773 1710 5829 hoc
1740 5775 1930 5828 facere.
1967 5771 2099 5826 Nam

528 5868 621 5944 qui
641 5872 839 5941 majora
871 5877 1070 5936 poterat
1090 5884 1208 5922 cum
1238 5875 1501 5939 potestate
1528 5865 1723 5932 facere,
1753 5863 2020 5934 quomodo
2049 5864 2103 5919 in

1157 447 1214 502 S.
1253 409 1533 501 JUANNIS
1568 434 2040 498 CHRYSOSTOMI
2080 431 2400 490 ARCHIEP.
2440 430 2975 488 CONSTANTINOP.

3617 436 3722 494 2ίο

2134 543 2427 598 minoribus
2455 557 2614 612 prece
2633 557 2768 613 opus
2795 543 3102 599 habutssct?
3129 543 3257 612 Sed,
3283 545 3425 614 quod
3447 544 3562 615 jam
3588 545 3720 612 dixi,

2133 645 2192 691 ut
2229 637 2440 692 illorum
2483 635 2861 705 impudentiam
2889 646 3135 692 coerceat
3163 636 3263 692 hoc
3293 637 3436 692 facit.
3486 639 3722 706 ldipsum

2133 731 2438 784 existimato
2462 769 2476 793 ,
2508 745 2630 784 cum
2667 729 2816 784 vides
2845 745 2968 783 eum
3010 729 3228 784 humilia
3260 730 3422 785 verba
3453 731 3721 801 proferre.

2133 821 2268 877 Nam
2295 831 2350 876 et
2378 822 2662 876 verborum
2702 831 2758 876 et
2793 835 3015 892 operum
3049 821 3350 892 hujusmodi
3392 823 3574 878 multm
3606 835 3730 878 sunt

2137 929 2312 968 causa:
2332 931 2345 979 ;
2369 915 2597 983 exempli
2619 915 2811 984 gratia,
2841 930 2906 968 ne
2927 930 2955 967 a
2982 914 3092 969 Deo
3120 924 3337 984 putetur
3355 930 3478 971 esse
3497 917 3734 981 alienus,

2138 1007 2280 1078 quod
2308 1021 2495 1061 omnes
2524 1007 2734 1061 erudiat
2761 1015 2815 1060 et
2843 1017 2996 1060 sanet
3021 1047 3034 1070 ,
3072 1006 3216 1076 quod
3248 1007 3602 1062 humilitatem
3630 1006 3732 1059 do-

2139 1110 2254 1154 ceat
2277 1139 2291 1164 ,
2319 1098 2459 1169 quod
2484 1114 2645 1153 carne
2673 1097 3036 1154 circumdetur
3056 1139 3071 1164 ,
3101 1097 3241 1167 quod
3270 1115 3378 1153 non
3404 1099 3609 1168 possint
3632 1095 3725 1154 Ju-

2140 1189 2242 1245 daei
2283 1189 2462 1244 omnia
2501 1188 2784 1244 confertim
2827 1189 3051 1255 audire,
3093 1189 3235 1260 quod
3275 1189 3466 1244 doceat
3505 1205 3573 1244 ne
3610 1191 3734 1260 quis

2141 1298 2390 1352 magnum
2417 1282 2541 1352 quid
2571 1282 2639 1337 de
2663 1281 2841 1352 seipso
2871 1282 3136 1350 loquatur.
3156 1281 3381 1351 Ideoque
3397 1297 3540 1351 saepe
3567 1282 3735 1336 multa

2143 1372 2361 1427 humilia
2374 1372 2442 1427 de
2462 1372 2640 1441 seipso
2659 1373 3057 1442 dicens,magna
3077 1373 3196 1427 aliis
3216 1373 3465 1442 relinquit
3481 1371 3731 1427 ducenda.

2212 1464 2267 1518 2.
2349 1464 2479 1518 Nam
2535 1465 2649 1533 ipse
2691 1481 2813 1519 cum
2865 1464 3064 1520 Judasis
3116 1465 3426 1534 loqueretur
3472 1464 3733 1518 dicebat:

2144 1558 2423 1628 Antequam
2465 1557 2721 1612 Abraham
2765 1559 2926 1626 ﬁeret,
2971 1575 3063 1629 ego
3099 1575 3213 1612 sum
3241 1559 3437 1630 (Joan.
3471 1559 3525 1614 8.
3572 1558 3728 1626 58);

2147 1651 2441 1720 discipulus
2461 1661 2638 1705 autem
2671 1651 2786 1720 ejus
2814 1665 2921 1706 non
2948 1651 3042 1718 ita,
3071 1651 3188 1717 sed,
3221 1649 3286 1704 In
3332 1651 3584 1722 principio
3631 1659 3740 1704 erat

2155 1741 2392 1808 Verbum,
2417 1753 2461 1796 et
2498 1741 2710 1796 Verbum
2736 1753 2842 1795 erat
2867 1743 3008 1811 apud
3036 1741 3223 1808 Deum,
3246 1751 3290 1795 et
3321 1740 3457 1795 Deus
3481 1751 3588 1795 erat
3623 1740 3743 1794 Ver-

2153 1834 2269 1887 bum
2298 1831 2494 1904 (Joan.
2541 1833 2594 1887 l.
2642 1832 2737 1904 l).
2767 1833 3024 1898 Rursum,
3067 1833 3210 1903 quod
3255 1833 3467 1898 “zelum,
3519 1841 3744 1896 terram,

2150 1939 2298 1978 mare
2350 1923 2462 1991 ipse
2508 1922 2728 1990 fecerit,
2767 1940 2866 1980 nec
2917 1938 3024 1978 non
3083 1922 3309 1977 visibilia
3358 1930 3413 1976 et
3457 1922 3743 1976 invisibilia

2151 2014 2352 2079 omnia,
2383 2014 2498 2082 ipse
2545 2029 2838 2084 numquam
2891 2015 3036 2070 clare
3082 2013 3252 2078 dixit;
3281 2013 3572 2084 discipulus
3615 2028 3748 2068 vero

2152 2120 2272 2160 cum
2301 2105 2545 2173 libertate
2567 2121 2753 2176 magna
2785 2107 2918 2162 nihil
2942 2108 3280 2177 supprimens
3299 2149 3314 2173 ,
3346 2106 3550 2169 semel,
3579 2105 3664 2159 bis
3693 2112 3749 2159 et

2154 2199 2352 2268 plurics
2380 2198 2429 2252 id
2455 2201 2530 2252 ait
2553 2198 2761 2253 :Omnia
2780 2217 2871 2268 per
2893 2201 3061 2270 ipsum
3091 2204 3227 2270 facta
3250 2209 3385 2265 sunt,
3421 2209 3466 2253 et
3485 2199 3594 2252 sine
3635 2199 3751 2267 ipso

2156 2295 2345 2362 factum
2392 2301 2465 2345 est
2513 2292 2639 2345 nihil
2668 2293 2686 2364 (
2712 2292 2846 2346 Ibid.
2887 2309 2937 2347 υ.
2986 2295 3082 2362 5);
3115 2303 3188 2356 et,
3220 2291 3496 2346 Inmundo
3525 2300 3674 2357 erat,
3705 2301 3752 2343 et

2157 2381 2375 2434 mundus
2415 2398 2504 2452 per
2550 2383 2716 2450 ipsum
2761 2387 2924 2453 factus
2968 2392 3038 2438 est
3070 2382 3239 2453 (Ibid.
3290 2400 3338 2436 υ.
3391 2380 3508 2450 10).
3545 2380 3752 2451 Ecquid

2158 2471 2369 2525 miraris
2391 2511 2407 2536 ,
2438 2471 2485 2526 si
2525 2472 2610 2526 alii
2643 2472 2843 2543 majora
2883 2473 2951 2528 de
2997 2474 3089 2528 illo
3125 2473 3394 2536 dixerunt,
3423 2487 3580 2541 quam
3615 2473 3749 2540 ipse,

2158 2564 2372 2634 quando
2411 2565 2577 2618 multa
2626 2580 2720 2633 per
2747 2582 2907 2634 opera
2955 2567 3233 2632 exhibens,
3268 2581 3359 2634 per
3406 2565 3567 2618 verba
3610 2564 3756 2617 clare

2163 2673 2266 2710 non
2293 2656 2532 2711 dicebat?
2553 2657 2703 2724 Quod
2731 2660 2874 2712 enim
2905 2658 3174 2714 hominem
3202 2660 3314 2729 ipse
3339 2658 3544 2720 feeetit,
3572 2667 3756 2711 oden-

2162 2747 2241 2802 tbt
2285 2749 2428 2803 clare
2472 2765 2568 2818 per
2620 2765 2860 2813 caseum;
2911 2767 3030 2803 cum
3059 2760 3235 2805 autem
3265 2751 3331 2805 de
3359 2749 3676 2804 formatione
3703 2749 3754 2802 in

2167 2839 2426 2908 principio
2457 2841 2590 2894 facta
2620 2857 2797 2895 sermo
2829 2842 2927 2911 ipsi
2955 2852 3063 2897 erat
3083 2883 3099 2908 ,
3133 2857 3239 2897 non
3266 2841 3432 2908 dixit,
3459 2840 3576 2912 Ego
3616 2840 3649 2894 f-
3670 2841 3753 2900 ci:

2165 2934 2256 2987 sed
2284 2975 2297 2998 ,
2327 2934 2426 2999 Qui
2455 2935 2606 3003 fecit,
2638 2937 2917 2989 masculum
2944 2946 2989 2989 et
3016 2937 3253 3006 feminam
3275 2936 3391 3006 fecit
3415 2939 3537 3002 eos(
3566 2933 3754 2987 Matth.

2168 3026 2255 3079 19.
2291 3026 2343 3078 4.
2393 3024 2520 3080 Gen.
2556 3028 2602 3080 Ι.
2625 3027 2754 3098 27).
2790 3029 2857 3082 Et
2884 3030 3022 3098 quod
3046 3028 3298 3083 mundum
3319 3028 3602 3088 creaverit,
3621 3038 3675 3082 et
3693 3043 3756 3080 ea

2167 3135 2286 3188 qua:
2312 3119 2365 3173 in
2393 3123 2508 3189 ipso
2533 3131 2677 3185 sunt,
2712 3136 2807 3190 per
2846 3123 3039 3186 pisces,
3069 3137 3164 3192 per
3201 3121 3401 3186 vinum,
3434 3135 3527 3190 per
3569 3134 3756 3190 panes,

2181 3225 2276 3278 per
2304 3213 2746 3282 tranquillitatem
2795 3214 2852 3268 in
2904 3215 3070 3278 mari,
3112 3230 3208 3284 per
3241 3216 3422 3271 radios
3444 3217 3580 3270 solis
3617 3233 3760 3286 quos

2183 3307 2377 3360 avertit
2411 3306 2463 3359 in
2503 3323 2664 3362 cruce
2690 3309 2729 3373 ί,
2782 3323 2985 3378 perque
3020 3309 3251 3378 plurima
3267 3309 3371 3364 alia
3392 3312 3749 3375 monstravit;

2181 3398 2359 3452 verbis
2389 3410 2564 3454 tamen
2583 3416 2879 3470 numquam
2902 3401 3048 3455 clare
3069 3401 3238 3457 dixit:
3289 3403 3384 3457 sed
3411 3403 3667 3471 discipuli
3703 3405 3756 3458 id

2181 3505 2321 3559 saepe
2359 3489 2842 3558 dicunt,Joannes,
2863 3491 3084 3558 Paulus,
3111 3490 3474 3548 Petrus.Nam
3492 3495 3538 3550 si
3558 3496 3647 3550 isti
3665 3496 3759 3563 qui

2181 3590 2336 3634 nocte
2353 3581 2733 3651 diequeipsum
2759 3583 3068 3653 loquentem
3086 3585 3398 3648 audiebant,
3429 3593 3483 3639 et
3498 3587 3759 3640 miracula

2181 3681 2481 3740 patrantem
2499 3675 2773 3740 videbant,
2789 3675 2988 3745 quibus
3001 3678 3228 3732 seorsim
3243 3678 3409 3731 multa
3426 3679 3689 3740 solvebat,
3708 3687 3764 3732 et

2183 3766 2378 3809 tantam
2423 3755 2644 3812 dederat
2685 3767 3032 3825 potestatem,
3073 3765 3129 3811 ut
3169 3767 3223 3811 et
3265 3767 3504 3811 mortuos
3544 3757 3771 3810 suscita-

2183 3855 2324 3912 rent,
2375 3854 2533 3915 atque
2586 3847 2656 3900 ita
2705 3844 2969 3916 perfectos
3013 3847 3340 3916 reddiderat,
3381 3856 3441 3902 ut
3468 3847 3646 3901 omnia
3675 3861 3773 3916 pro

2186 3937 2300 4007 ipso
2330 3938 2728 4008 relinquerent:
2759 3949 2878 4008 post
2923 3946 3124 3994 tantam
3171 3941 3418 3994 virtutem
3446 3949 3502 3995 et
3527 3939 3770 4009 philoso-

2184 4029 2388 4100 phiam,
2417 4048 2520 4084 non
2546 4040 2833 4100 potuerunt
2858 4033 3036 4086 omnia
3065 4040 3300 4101 portare,
3330 4043 3614 4101 antequam
3653 4031 3778 4100 Spi-

2187 4123 2344 4177 ritum
2376 4132 2615 4177 sanctum
2656 4124 3287 4195 acciperentzquomodo
3325 4125 3549 4196 populus
3589 4124 3776 4178 .ludai-

2186 4227 2320 4280 cus,
2360 4214 2718 4283 intelligentia:
2771 4229 2997 4284 expers,
3045 4216 3136 4285 qui
3163 4215 3230 4270 ad
3276 4223 3479 4270 tantam
3522 4214 3774 4270 virtutem

2190 4319 2294 4359 non
2350 4313 2688 4373 pervenerat,
2717 4304 2806 4374 qui
2857 4305 3068 4360 nonnisi
3120 4305 3340 4360 fortuito
3389 4321 3516 4360 casu
3555 4306 3673 4374 ejus
3724 4314 3780 4358 et

2190 4394 2355 4464 gestis
2381 4403 2436 4449 et
2465 4393 2621 4449 dictis
2650 4395 2854 4459 aderat,
2887 4395 3059 4466 ipsum
3087 4397 3322 4452 alienum
3351 4412 3381 4451 a
3415 4397 3522 4451 Deo
3562 4396 3780 4450 univer-

2192 4501 2372 4538 sorum
2402 4500 2521 4540 esse
2550 4500 2654 4540 nou
2681 4485 2994 4542 credidisset
3019 4529 3034 4554 ,
3068 4488 3170 4542 nisi
3197 4497 3341 4542 tanta
3371 4486 3698 4543 demissione
3728 4495 3784 4540 et

2196 4575 2520 4646 indulgentia
2551 4592 2646 4644 per
2669 4577 2846 4631 omnia
2876 4591 3006 4632 usus
3031 4577 3208 4633 esset?
3235 4577 3358 4632 ldeo
3380 4593 3630 4648 namque,
3661 4591 3781 4630 t'llttl

2194 4669 2473 4724 Sabbatnm
2500 4669 2755 4734 Solveret,
2787 4685 2889 4723 non
2917 4679 3073 4724 antea
3104 4669 3273 4739 legem
3303 4669 3604 4739 hujustnmli
3633 4683 3782 4723 suam

2199 4762 2514 4826 induxerat;
2544 4761 2636 4816 sed
2668 4763 2841 4816 varias
2870 4771 2924 4816 et
2964 4762 3158 4816 multas
3189 4762 3333 4832 prius
3383 4760 3535 4815 affert
3589 4775 3783 4830 purga-

2201 4859 2393 4912 tiones.
2451 4856 2602 4924 Quod
2643 4856 2686 4910 si
2719 4856 3026 4910 mandatum
3078 4872 3239 4910 unum
3291 4855 3585 4919 soluturus,
3643 4861 3782 4906 tanta

2202 4951 2367 5004 utitur
2415 4949 2697 5004 verborum
2748 4949 3018 5015 cautione,
3047 4964 3117 5004 ne
3168 4947 3439 5002 auditores
3488 4945 3783 5016 percellat:

2203 5050 2370 5103 multo
2419 5048 2589 5117 magis
2638 5063 2759 5101 eum
2817 5046 2920 5117 legi
2983 5047 3203 5116 integra:
3257 5047 3514 5114 integram
3571 5041 3792 5095 addi-ret

2204 5141 2394 5210 legem,
2431 5139 2656 5207 plurimo
2688 5137 2877 5208 egebat
2903 5146 3157 5208 apparatu
3189 5145 3345 5205 atquc
3365 5150 3513 5197 cura,
3545 5148 3611 5187 ue
3636 5131 3791 5185 audi-

2204 5241 2346 5286 tores
2396 5231 2651 5284 turbaret.

2279 5323 2383 5379 Cur
2420 5321 2650 5374 Christus
2688 5319 2961 5391 aliquando
3006 5335 3106 5373 non
3145 5333 3199 5372 se
3235 5317 3372 5370 clare
3416 5315 3580 5369 Deum
3627 5313 3784 5365 dicat.

2274 5435 2289 5464 ¹
2306 5426 2711 5480 Montefaleonius
2729 5428 2948 5489 lnGrajco
2969 5425 3301 5489 legebat_:_§t&t
3315 5430 3399 5479 τῆς
3409 5419 3664 5489 ἀκτῖνος-ἦς
3673 5419 3795 5476 ἀπή-

2212 5493 2571 5563 meaemeae
2585 5491 2777 5563 suam
2793 5483 3063 5563 !:3“'.'eﬂ“3‘
3077 5483 3378 5563 reddisset;
3391 5483 3796 5563 '1‘_'_'_"f‘1i‘l“i'f‘3‘

2210 5547 2373 5606 emisit
2418 5551 2466 5601 in
2497 5547 2880 5614 Tlmborefille,
2906 5547 3371 5614 inquit,acenratius
3403 5558 3663 5611 perpensa,
3689 5551 3796 5614 tec-

2215 5617 2398 5664 tionem
2420 5616 2571 5671 illam,
2585 5626 2672 5674 per
2699 5607 2873 5674 radios
2885 5607 3004 5674 quos
3025 5607 3183 5674 emisit
3205 5607 3254 5656 in
3276 5607 3650 5674 cruce,omnin_o
3661 5610 3796 5674 stare

2209 5692 2306 5726 non
2330 5689 2475 5740 posse
2497 5666 2990 5740 animadvertiguod
3006 5670 3136 5718 enim
3159 5672 3207 5740 in
3227 5682 3381 5740 cruce
3395 5666 3799 5740 refulseritdipl-

2211 5741 2290 5789 lus
2323 5725 2736 5797 evangelistarum
2769 5725 2924 5797 diiit._
2951 5735 3263 5797 Quapropter
3291 5725 3800 5797 lectionen}.itt_1‘liq«

2211 5804 2341 5855 bore,
2355 5789 2712 5862 amplectimur.
2724 5813 2742 5841 ›
2762 5792 2955 5862 Videsis
2970 5789 3091 5862 ’ῳιῴ
3112 5789 3173 5862 iu_
3185 5794 3321 5862 hunc
3337 5792 3497 5862 locum
3511 5789 3796 5862 simulet}?

2213 5845 2579 5912 blouiel‘alcouii
2596 5845 2965 5910 annotationcm
2985 5845 3330 5905 animadvertit
3342 5848 3623 5902 Fridericus
3635 5845 3792 5899 liieid.
