4052 6436
259 459 350 519 gn
1374 436 1439 498 ΙΝ
1478 431 1880 497 MATTIUEUM
1922 430 2149 493 HOMlL.
2193 436 2334 495 XVI.

264 577 439 632 Contra
468 567 800 624 Manichwos.
833 593 903 606 --
928 561 1130 618 ldcireo
1159 570 1264 614 non
1302 554 1496 627 ubique
1522 555 1588 610 de
1627 552 1819 606 divini-

265 678 366 727 tate
401 678 494 719 sua
523 661 668 716 clare
708 657 942 727 loquitur
967 663 1022 710 et
1046 653 1221 708 docet.
1260 649 1319 707 Si
1340 649 1483 705 enim
1507 687 1523 713 ,
1548 645 1686 716 quod
1719 642 1825 713 legi

261 757 513 831 quidpiam
545 753 820 822 adjiceret,
854 749 972 803 illos
1003 756 1205 801 tantum
1234 742 1484 807 turbavit,
1513 739 1682 794 multo
1710 751 1824 790 ma-

264 830 335 923 gis
369 848 633 904 turbasset
657 845 703 899 si
733 858 791 899 se
820 843 982 897 Deum
1006 854 1126 894 esse
1162 835 1560 893 declaravisset.
1594 830 1823 899 Ideoque

261 920 414 1000 multa
463 954 555 994 sua
595 937 873 992 divinitate
924 934 1079 1002 longe
1128 928 1380 985 inferiora
1426 924 1681 995 loquitur.
1725 920 1822 976 Hie

260 1050 377 1091 vero
393 1034 460 1089 de
477 1030 749 1086 additione
776 1027 879 1098 legi
902 1024 1140 1081 iacienda
1176 1020 1335 1076 verba
1362 1018 1594 1073 facturus
1613 1057 1629 1082 ,
1648 1012 1822 1069 multa

261 1125 601 1195 prmcautione
631 1122 813 1175 utitur.
859 1119 1041 1189 Neque
1066 1115 1210 1171 enim
1236 1112 1404 1169 semel
1447 1117 1651 1165 tantum
1690 1105 1823 1161 dixit

259 1238 312 1278 se
337 1221 499 1290 legem
538 1229 643 1271 non
673 1213 900 1276 solvere,
944 1208 1040 1266 sed
1069 1208 1120 1263 id
1160 1204 1393 1261 secundo
1418 1201 1665 1272 repetiit,
1703 1212 1820 1253 ma—

256 1315 433 1384 jusque
478 1308 621 1363 aliud
679 1319 864 1361 rursus
912 1301 1128 1372 adjecit.
1178 1299 1309 1354 Cum
1358 1296 1584 1351 dixisset
1637 1292 1818 1356 enim,

259 1382 419 1459 Nolite
463 1410 666 1470 putare,
708 1395 947 1467 quoniam
986 1392 1097 1446 veni
1134 1391 1324 1444 solvere
1364 1387 1543 1458 legem,
1588 1382 1818 1450 adjecit,

260 1495 367 1551 Non
394 1494 504 1548 veni
532 1492 745 1557 solvere,
767 1489 855 1544 sed
882 1486 1191 1551 adimplere-
1209 1481 1342 1537 illud
1370 1494 1497 1535 vero
1525 1493 1629 1532 non
1660 1475 1820 1530 modo

258 1588 545 1644 Iudaeorum
593 1579 976 1652 impudentiam
1021 1583 1260 1640 coercet,
1293 1571 1387 1627 sed
1413 1571 1571 1626 etiam
1610 1566 1819 1622 haereti-

256 1693 423 1737 corum
466 1691 563 1730 ora
609 1672 839 1733 consuit,
893 1669 980 1740 qui
1021 1676 1257 1723 veterem
1302 1665 1473 1734 legem
1501 1677 1567 1718 ex
1605 1657 1821 1715 diabolo

254 1785 362 1827 esse
404 1767 610 1823 dicunt.
644 1762 775 1819 Nam
821 1762 865 1816 si
908 1760 1024 1830 ejus
1075 1756 1411 1829 tyrannidem
1452 1752 1819 1808 destructurus

253 1862 473 1918 Christus
495 1857 738 1923 advenit,
765 1868 870 1925 quo
892 1860 1046 1924 pacto
1067 1866 1184 1907 eam
1203 1864 1307 1903 non
1331 1846 1490 1901 modo
1511 1859 1612 1899 non
1638 1842 1817 1905 solvit,

256 1955 339 2012 sed
362 1954 515 2010 etiam
553 1948 784 2020 implet?
809 1947 924 2002 Non
952 1945 1094 2000 enim
1137 1950 1341 1998 tantum
1377 1939 1531 2005 dixit,
1563 1937 1677 1991 Non
1704 1933 1817 1989 sol-

252 2061 347 2110 vo;
373 2043 510 2115 quod
545 2041 678 2096 satis
701 2047 845 2094 certe
873 2036 1091 2100 fuisset;
1120 2033 1214 2090 sed
1241 2042 1296 2088 et
1334 2031 1548 2101 adjecit,
1575 2027 1815 2097 lmpleo;

252 2138 375 2211 quod
403 2153 507 2192 non
558 2133 718 2190 modo
746 2147 853 2186 non
880 2127 1175 2184 adversarii
1211 2125 1344 2195 legis
1371 2131 1505 2186 erat,
1535 2120 1630 2177 sed
1654 2121 1816 2175 etiam

252 2227 552 2285 defensoris.
601 2224 668 2278 Et
711 2219 980 2292 quomodo
1027 2231 1134 2273 non
1178 2216 1365 2280 solvit,
1414 2213 1654 2283 inquies,
1686 2222 1818 2279 quo-

252 2319 393 2376 modo
434 2315 682 2387 implevit
708 2319 801 2368 aut
829 2312 1022 2381 legem,
1073 2315 1166 2363 aut
1210 2302 1546 2376 prepbctas'l
1575 2299 1817 2370 Prophe-

252 2420 321 2465 tas
343 2408 592 2480 quidem,
619 2403 763 2476 quod
792 2401 970 2457 omnia
1014 2414 1133 2470 quae
1159 2398 1227 2454 de
1256 2397 1372 2468 ipso
1391 2395 1531 2451 dicta
1561 2401 1715 2448 erant
1749 2391 1817 2444 ab

247 2503 334 2568 eis,
373 2498 625 2570 operibus
663 2491 1097 2556 conﬁrmaverit;
1135 2499 1460 2560 quapropter
1492 2483 1814 2553 evangelista

250 2591 307 2646 ad
325 2590 519 2661 singula
551 2587 765 2643 diccbat
793 2600 808 2639 :
844 2582 913 2639 Ut
930 2579 1228 2653 impleretur
1248 2577 1384 2648 quod
1412 2576 1598 2630 dictum
1627 2582 1698 2628 est
1726 2588 1817 2642 per

249 2681 521 2753 prophetam
549 2694 574 2745 ;
615 2685 669 2732 et
694 2690 814 2731 cum
844 2683 1003 2729 natus
1030 2679 1132 2737 est,
1169 2677 1223 2724 et
1248 2683 1369 2723 cum
1398 2664 1547 2735 pueri
1591 2661 1812 2718 mirabi-

249 2775 390 2831 bilem
416 2773 677 2845 hymnum
706 2768 775 2824 de
804 2768 920 2839 ipso
965 2762 1228 2821 canebant
1248 2802 1263 2827 ,
1296 2769 1352 2816 ct
1393 2757 1607 2830 quando
1648 2755 1813 2809 asinae

249 2866 509 2931 insidebat,
561 2875 773 2917 necnon
799 2858 958 2913 etiam
985 2855 1036 2911 in
1070 2853 1308 2925 pluribus
1350 2850 1472 2905 aliis
1506 2848 1610 2903 hoc
1637 2847 1810 2917 ipsum

248 2956 502 3026 implevit;
531 2966 659 3022 quae
683 2947 862 3004 omnia
900 2962 1007 3002 non
1038 2942 1304 3014 implenda
1344 2954 1594 3011 umquam
1633 2944 1808 3001 erant,

244 3025 331 3101 nisi
368 3030 689 3100 advenisset.
725 3040 922 3110 Legem
968 3043 1146 3091 autem
1177 3050 1283 3088 uou
1309 3047 1416 3087 uno
1456 3039 1682 3094 tantum,
1715 3025 1810 3082 sed

244 3137 454 3192 secundo
481 3136 649 3192 etiam
678 3147 740 3187 ac
767 3131 922 3187 tertio
950 3127 1110 3185 modo
1135 3126 1392 3196 implevit.
1424 3122 1545 3179 Uno
1567 3119 1806 3192 quidem,

243 3231 364 3300 quod
391 3244 450 3285 ex
480 3225 748 3298 legalibus
786 3221 917 3277 nihil
956 3216 1435 3289 transgrederetur.
1479 3211 1634 3281 Quod
1663 3210 1806 3266 enim

244 3334 385 3379 totam
412 3323 585 3392 legem
613 3316 942 3389 impleverit,
974 3312 1098 3368 audi
1128 3310 1252 3382 quid
1283 3308 1425 3364 dicat
1456 3305 1644 3361 Joanni
1671 3322 1684 3357 :
1718 3301 1809 3357 Sic

242 3416 356 3469 enim
380 3431 467 3469 nos
486 3414 630 3467 decet
647 3409 856 3479 implere
883 3421 1080 3460 omnem
1090 3403 1346 3473 justitiam
1373 3397 1583 3473 (Matth.
1603 3398 1658 3452 5.
1691 3396 1803 3465 15).

241 3503 501 3561 Etludmis
534 3501 754 3558 dicebat
784 3516 799 3553 :
834 3498 960 3565 Quis
988 3513 1050 3551 ea:
1094 3494 1232 3549 vobis
1269 3499 1445 3563 arguet
1490 3504 1570 3542 me
1594 3489 1658 3542 de
1684 3502 1803 3557 pec-

240 3607 335 3651 cato
357 3596 528 3669 (Joan.
562 3594 617 3650 8.
646 3592 738 3665 46)
764 3593 885 3647 ?Ac
910 3588 1183 3660 discipulis
1205 3600 1413 3641 rursum
1447 3602 1462 3640 :
1498 3582 1642 3637 Venit
1664 3581 1805 3651 prin-

241 3704 342 3757 ceps
368 3689 538 3743 mundi
569 3687 746 3756 hujus,
774 3693 820 3740 et
844 3684 897 3738 in
918 3699 997 3737 me
1032 3697 1136 3736 non
1164 3679 1310 3734 habet
1337 3676 1611 3748 quidquam
1634 3671 1798 3745 (Ibid.

241 3780 315 3835 ll.
340 3780 445 3844 30).
470 3777 745 3847 Propheta
781 3790 994 3846 quoque
1025 3787 1187 3843 supra
1218 3771 1383 3835 dixit,
1411 3769 1584 3840 ipsum
1612 3780 1803 3837 pecca-

241 3879 333 3925 tum
352 3886 451 3926 non
493 3869 700 3925 habere
740 3865 914 3938 (Isai.
941 3865 1030 3920 55.
1063 3864 1099 3920 9
1127 3863 1166 3934 ).
1199 3862 1313 3918 [loc
1351 3862 1528 3930 itaque
1556 3873 1664 3913 uno
1688 3857 1801 3927 pri-

239 3975 409 4032 moque
440 3962 608 4016 modo
647 3959 817 4029 legem
850 3955 1111 4026 implevit.
1134 3952 1382 4009 Secundo
1413 3960 1589 4005 autem
1621 3946 1803 4017 imple-

238 4054 301 4107 vit
331 4053 504 4119 modo,
550 4050 698 4122 quod
737 4049 788 4104 id
840 4057 1058 4117 propter
1108 4062 1206 4101 nos
1244 4043 1447 4099 fecerit.
1487 4042 1619 4096 Nam
1657 4038 1800 4110 quod

238 4146 409 4199 mirum
435 4153 535 4210 est,
566 4158 673 4197 non
698 4141 858 4196 modo
880 4141 995 4211 ipse
1022 4138 1280 4209 implevit,
1312 4135 1406 4192 sed
1434 4133 1564 4189 illud
1587 4147 1799 4202 quoque

236 4234 437 4307 largitus
465 4243 552 4291 est
581 4244 639 4291 ut
674 4251 772 4289 nos
803 4233 1165 4302 impleremus.
1194 4228 1345 4297 Quod
1375 4227 1575 4284 Paulus
1595 4225 1673 4280 sic
1699 4224 1798 4278 de-

237 4326 381 4381 clarat
412 4346 424 4379 :
474 4327 732 4396 Quoniam
761 4326 877 4394 ﬁnis
898 4324 1022 4395 legis
1048 4321 1279 4379 Christus
1299 4321 1367 4375 ad
1383 4319 1639 4390 justitiam
1661 4316 1799 4370 omni

237 4419 431 4474 credenti
460 4429 478 4491 (
509 4419 664 4473 Rom.
692 4416 778 4472 l0.
811 4413 904 4489 4).
936 4416 1003 4470 Ει
1036 4423 1308 4483 peccatum
1338 4412 1487 4466 illum
1514 4409 1799 4465 damnasse

236 4507 345 4564 dicit
366 4512 415 4565 in
439 4526 605 4566 carne
635 4527 650 4563 :
683 4506 750 4563 Ut
767 4507 1072 4579 justiﬁcatio
1092 4505 1216 4574 legis
1234 4503 1525 4572 impleretur
1550 4502 1603 4555 in
1633 4499 1795 4563 nobis,

236 4602 308 4665 qui
352 4619 450 4657 non
497 4600 777 4657 secundum
810 4614 1013 4652 carnem
1057 4595 1375 4650 ambulamus
1403 4595 1420 4665 (
1450 4592 1565 4646 Ibid
1616 4592 1671 4647 8.
1698 4593 1732 4646 4
1751 4589 1794 4662 ).

236 4689 293 4744 Et
315 4707 521 4747 rursum
554 4709 568 4746 :
602 4689 787 4762 Legem
815 4705 933 4761 ergo
958 4687 1262 4741 destruimus
1287 4702 1377 4756 per
1403 4685 1554 4754 ﬁdem
1577 4684 1603 4738 .’
1634 4682 1795 4739 Absit.

233 4781 324 4837 Sed
363 4785 523 4856 legem
569 4783 836 4838 statuimus
882 4778 1064 4853 (Ibid.
1096 4779 1148 4832 5.
1189 4778 1250 4832 5i
1285 4777 1323 4847 ).
1370 4776 1503 4842 Quia
1542 4772 1684 4831 enim
1712 4774 1796 4829 lex

232 4873 459 4930 studebat
485 4875 762 4930 hominem
792 4873 968 4928 facere
994 4870 1221 4940 justum,
1258 4868 1353 4925 sed
1382 4868 1750 4924 inﬁrmabatur
1778 4883 1795 4932 ;

234 4964 432 5020 veniens
453 4964 593 5036 ipse,
609 4972 665 5020 et
693 4964 908 5019 modum
929 4962 1151 5032 justitize
1180 4960 1460 5024 inducens,
1489 4973 1680 5028 nempe
1703 4973 1799 5027 per

238 5054 401 5121 ﬁdem,
426 5057 564 5125 legis
591 5056 920 5111 voluntatem
950 5053 1174 5120 statuit;
1202 5063 1258 5108 et
1280 5051 1423 5124 quod
1448 5052 1533 5107 illa
1565 5066 1669 5105 non
1696 5065 1797 5119 po-

237 5154 392 5205 tuerat
420 5165 518 5220 per
541 5150 743 5215 literas,
776 5149 827 5203 id
848 5149 962 5219 ipse
981 5162 1078 5218 per
1096 5145 1256 5202 ﬁdem
1278 5144 1519 5218 perfecit.
1539 5144 1795 5214 Propter-

234 5251 287 5293 ea
306 5241 467 5312 inquit
498 5260 514 5297 :
540 5240 663 5296 Non
686 5242 798 5296 veni
824 5242 1013 5296 solvere
1036 5241 1215 5311 legem.
1604 5238 1607 5241 λ

291 5328 340 5385 3.
379 5330 573 5388 Christi
593 5343 841 5401 praecepta
863 5340 982 5387 sunt
1009 5329 1428 5402 complementum
1452 5327 1575 5400 legis
1599 5327 1793 5381 veteris.

230 5446 292 5461 -
309 5421 360 5478 Si
388 5425 508 5494 quis
533 5438 664 5479 vero
687 5424 971 5495 diligenter
987 5424 1250 5492 exploret,
1272 5421 1433 5475 alium
1458 5433 1671 5491 quoque
1692 5427 1796 5472 ter-

231 5511 346 5570 tium
365 5516 586 5573 modum
613 5516 863 5582 inveniet,
883 5531 992 5588 quo
1011 5515 1064 5571 id
1082 5516 1275 5571 factum
1296 5522 1397 5571 est.
1416 5514 1584 5582 Quem
1608 5511 1755 5566 illum
1773 5510 1797 5564 ?

227 5600 325 5656 Per
366 5615 636 5678 prmeepta
683 5624 802 5678 qua:
850 5608 1073 5663 daturus
1107 5613 1240 5661 erat.
1272 5605 1456 5676 Neque
1492 5604 1638 5660 enim
1679 5610 1796 5657 erat

228 5692 489 5766 abrogatio
532 5699 793 5769 priorum,
830 5700 930 5758 sed
972 5697 1214 5755 extensio
1250 5707 1307 5753 et
1345 5698 1793 5766 complementum

223 5797 363 5843 erant
411 5805 475 5846 ea
516 5806 639 5860 qua:
663 5790 997 5848 dicebantur.
1042 5788 1176 5846 Nam
1208 5804 1312 5844 non
1343 5785 1620 5844 occidendi
1659 5801 1796 5857 pra:-

230 5887 432 5945 ceptum
458 5898 567 5936 non
589 5882 872 5951 abrogatur
889 5897 924 5939 κ
948 5888 1218 5951 praecepto
1234 5895 1337 5946 non
1368 5876 1626 5935 irascendi
1651 5893 1667 5943 ;
1696 5875 1791 5933 sed

3415 443 3520 501 212

1931 549 2382 622 complementum
2412 566 2493 611 est
2517 556 2584 611 ad
2609 557 2866 627 majorem
2896 559 3195 614 cautionem
3224 575 3239 614 :
3283 567 3339 615 et
3369 559 3510 615 idem

1927 642 2138 698 dicatur
2156 643 2226 700 de
2251 647 2462 702 caneris
2493 648 2767 704 omnibus.
2795 648 3025 721 Ideoque
3057 664 3179 704 cum
3208 648 3399 705 borum
3426 664 3514 703 se-

1927 734 2072 789 mina
2109 736 2224 791 sine
2252 736 2427 808 aliqua
2454 739 2757 809 suspicione
2787 741 2931 809 prius
2957 741 3257 809 sparsisset,
3297 739 3514 810 quando

1926 826 2121 882 clarius
2163 844 2230 884 ex
2276 832 2676 901 comparatione
2714 841 2953 888 veterum
2994 841 3049 888 et
3074 847 3334 888 novorum
3366 832 3513 902 lega-

1927 918 2057 974 lium
2085 932 2146 976 ut
2172 920 2462 978 adversans
2491 923 2593 995 legi
2624 924 2678 979 in
2701 925 3058 993 suspicionem
3079 924 3350 980 vocandus
3371 932 3508 989 erat,

1926 1015 2124 1083 praevia
2165 1016 2253 1070 illa
2277 1017 2535 1072 cautione
2564 1034 2690 1073 usus
2717 1028 2816 1073 est.
2861 1018 3072 1073 Etenim
3118 1018 3226 1087 jam
3258 1018 3345 1072 illa
3375 1016 3510 1071 mni-

1924 1107 2154 1176 gmatice
2198 1106 2415 1163 fundata
2446 1120 2599 1164 erant
2627 1125 2723 1180 per
2757 1126 2818 1167 ea
2850 1126 2969 1181 qua:
3010 1111 3149 1165 dicta
3179 1109 3406 1165 fuerant.
3439 1108 3509 1162 ll-

1927 1195 2017 1251 lud
2056 1198 2223 1261 enim,
2255 1198 2399 1253 Beati
2437 1217 2681 1271 pauperes
2721 1203 2927 1269 spiritu,
2960 1201 3190 1271 idipsum
3220 1210 3303 1257 cst
3343 1199 3508 1271 quod,

1928 1286 2013 1343 Ne
2058 1290 2388 1345 irascimini:
2412 1304 2468 1346 et
2515 1292 2665 1359 illud,
2712 1291 2858 1347 Beati
2895 1294 3083 1348 mundo
3121 1293 3302 1359 corde,
3334 1291 3510 1349 simile

1926 1381 2050 1435 huic
2077 1391 2344 1453 prmcepto
2368 1393 2472 1449 est,
2522 1401 2626 1439 nun
2654 1385 3044 1454 respiciendum
3084 1399 3204 1440 esse
3229 1386 3508 1441 mulierem

1924 1474 1989 1528 ad
2018 1476 2503 1545 concupiscendum
2544 1493 2662 1532 eam
2692 1495 2708 1537 :
2733 1489 2787 1533 et
2826 1479 2975 1543 illud,
3002 1456 3111 1533 bon
3141 1478 3603 1537 tliesaurizan-y

1925 1565 2049 1620 dum
2092 1581 2213 1623 esse
2239 1567 2519 1623 thesauros
2545 1570 2596 1622 in
2625 1579 2789 1633 terra,
2818 1568 2942 1623 huic
2967 1569 3162 1625 accinit
3188 1586 3202 1623 :
3233 1569 3378 1624 Beati
3407 1569 3507 1623 mi-

1927 1658 2208 1712 sericordes
2234 1675 2255 1725 ;
2282 1668 2335 1713 et
2382 1659 2529 1722 illud,
2561 1660 2762 1729 lugere,
2793 1660 3290 1729 persequutionibus
3324 1667 3378 1714 et
3414 1674 3509 1729 op-i

1926 1747 2155 1817 probriis
2184 1748 2388 1818 impeti,
2420 1749 2524 1804 tale
2557 1758 2659 1814 est,
2696 1750 2851 1819 quale
2882 1750 3082 1805 intrare
3110 1765 3208 1819 per
3227 1758 3505 1820 angustam

1924 1848 2172 1908 portam;
2217 1848 2273 1894 et
2312 1839 2441 1894 illud
2472 1881 2487 1903 ,
2520 1840 2729 1895 esurire
2773 1848 2828 1895 et
2870 1840 3020 1894 sitire
3043 1839 3338 1908 justitiam,
3377 1838 3508 1893 nihil

1922 1930 2067 1985 aliud
2105 1940 2188 1986 est
2214 1946 2374 2001 quam
2415 1931 2506 1994 id,
2552 1931 2693 2001 quod
2738 1940 2924 2001 postea
2968 1931 3096 1986 dicit
3129 1948 3143 1986 :
3174 1932 3510 2000 Quwcumque

1920 2022 2074 2076 vultis
2097 2031 2154 2075 ut
2179 2023 2368 2093 faciant
2391 2021 2529 2076 vobis
2548 2022 2793 2087 homines,
2816 2033 2865 2077 et
2883 2038 2970 2077 vos
2995 2023 3145 2095 facite
3170 2021 3274 2077 illis
3295 2022 3505 2094 (Matth.

1922 2112 1974 2166 7.
2007 2112 2117 2181 {2).
2146 2113 2212 2167 Et
2237 2128 2356 2166 cum
2378 2112 2657 2182 paciﬁcum
2683 2114 3004 2183 appellasset
3023 2113 3260 2181 beatum,
3279 2115 3505 2184 idipsum
3566 2115 3577 2125 '

1921 2216 2089 2272 prope
2117 2203 2284 2267 dixit,
2331 2202 2472 2273 quod
2507 2219 2628 2257 cum
2667 2203 2830 2272 jussit
2868 2203 3167 2273 relinquere
3204 2204 3423 2271 donum,
3454 2216 3510 2260 et

1921 2293 2177 2350 festinare
2219 2293 2287 2348 ad
2325 2294 2585 2349 offensum
2630 2293 2846 2348 fratrem
2875 2294 2974 2348 sibi
3016 2294 3503 2358 reconciliandam,

1920 2393 1976 2441 et
2004 2384 2316 2440 benevolum
2355 2399 2477 2440 esse
2514 2385 2846 2439 adversario.
2879 2383 2982 2439 Sed
3013 2384 3082 2438 ibi
3115 2385 3330 2455 quidem
3362 2402 3505 2455 prae-

1918 2476 2025 2529 mia
2071 2484 2218 2530 recte
2257 2475 2594 2545 operantium
2644 2476 2867 2544 posuit:
2902 2475 2988 2529 hic
3029 2490 3158 2530 vero
3205 2492 3312 2531 non
3359 2485 3506 2533 recte

1918 2567 2254 2635 operantium
2285 2565 2565 2636 supplicia.
2587 2567 2925 2637 Quapropter
2941 2567 3009 2621 ibi
3033 2567 3245 2637 quidem
3269 2567 3502 2635 dicebat,

1918 2657 2074 2712 mites
2105 2664 2302 2712 terram
2325 2671 2669 2726 possessuros
2696 2672 2854 2722 esse;
2885 2658 2970 2712 hic
2993 2673 3119 2713 vero
3144 2659 3238 2725 ait,
3262 2673 3384 2714 eum
3411 2658 3503 2729 qui

1916 2749 2136 2806 fratrem
2162 2766 2314 2805 suum
2356 2749 2554 2804 fatuum
2595 2751 2882 2816 vocaverit,
2910 2766 3060 2806 reum
3102 2753 3214 2806 lore
3242 2752 3502 2822 gehennae

1918 2840 2072 2913 ignis.
2105 2841 2215 2897 Illic
2235 2843 2361 2897 item
2388 2842 2522 2896 dixit
2548 2842 2775 2896 mundos
2805 2842 2969 2899 corde
2999 2842 3164 2898 Deum
3202 2859 3325 2899 esse
3351 2844 3497 2897 visu-

1916 2949 2006 2989 ros
2032 2951 2047 2999 ;
2081 2934 2170 2989 hic
2195 2948 2325 2989 vero
2351 2949 2498 3000 cum,
2525 2934 2614 3004 qui
2657 2933 2936 3003 impudicis
2977 2935 3146 3001 oculis
3175 2935 3491 3003 respexerit,

1916 3041 2037 3081 esse
2061 3041 2187 3081 vere
2230 3026 2497 3082 moechum
2528 3043 2542 3092 ;
2571 3040 2636 3079 ac
2660 3040 2780 3081 cum
2814 3026 2919 3081 illic
2961 3025 3209 3095 pacificos
3235 3026 3372 3080 filios
3405 3027 3498 3081 Dei

1914 3125 2176 3180 vocasset,
2205 3116 2292 3171 hic
2328 3116 2430 3170 alia
2463 3116 2669 3171 ratione
2714 3116 2950 3173 deterret
2991 3116 3216 3172 dicens:
3248 3115 3333 3170 Ne
3368 3119 3498 3189 forte

1914 3207 2081 3260 tradat
2117 3216 2164 3262 te
2206 3207 2526 3263 adversarius
2546 3209 2738 3279 judici.
2771 3208 2861 3264 Sic
2889 3219 2942 3264 et
2969 3209 3211 3278 lugentes
3233 3218 3288 3264 et
3311 3224 3496 3278 perse-

1909 3298 2222 3367 quutionem
2261 3301 2523 3370 patientes
2566 3316 2688 3355 cum
2720 3300 2904 3356 beatos
2930 3301 3176 3370 superius
3205 3299 3494 3370 praedicas-

1909 3398 2026 3454 set,
2061 3392 2113 3445 in
2143 3393 2488 3463 sequentibus
2517 3391 2745 3460 idipsum
2785 3400 3038 3455 tractans,
3076 3390 3363 3460 perniciem
3408 3390 3490 3443 in-

1912 3484 2229 3539 terminatur
2275 3485 2342 3539 iis
2369 3484 2458 3554 qui
2509 3498 2616 3538 non
2666 3483 2853 3539 eadem
2906 3484 3018 3553 ipsa
3062 3483 3145 3536 via
3190 3480 3488 3536 incedunt:

1909 3592 2031 3632 nam
2071 3577 2160 3647 qui
2204 3593 2298 3646 per
2334 3579 2622 3648 spatiosum
2665 3577 2803 3631 viam
2832 3575 3128 3642 ambulant,
3162 3573 3351 3644 inquit,
3381 3572 3491 3628 illic

1906 3678 2151 3738 pereunt.
2185 3667 2289 3723 Sed
2312 3677 2366 3723 et
2396 3668 2545 3735 illud,
2583 3667 2702 3723 Non
2731 3668 2935 3738 potestis
2966 3666 3072 3720 Deo
3098 3666 3285 3721 servire
3310 3674 3357 3719 et
3381 3682 3491 3718 ma-

1904 3779 2070 3818 mona:
2092 3762 2304 3837 (Matth.
2334 3763 2389 3830 ϐ,
2413 3763 2528 3834 24),
2563 3762 2684 3818 huic
2706 3763 2850 3818 dioto
2877 3761 3053 3817 simile
3083 3760 3211 3815 mihi
3233 3759 3441 3815 videtur
3470 3776 3484 3812 :

1903 3854 2051 3910 Beati
2066 3856 2435 3921 misericordes,
2466 3865 2541 3920 et,
2572 3855 2672 3921 Qui
2707 3855 2937 3909 esuriant
2956 3853 3232 3923 justitiam.
3267 3851 3485 3919 Verum,

1904 3957 1963 4002 ut
2004 3948 2322 4017 praemonui,
2374 3947 2498 4017 quia
2548 3946 2664 4001 hanc
2713 3946 2911 4001 clarius
2941 3945 3182 3999 dicturus
3232 3952 3334 4010 est,
3384 3956 3484 3997 nec

1904 4039 2100 4095 clarius
2140 4039 2300 4093 modo
2329 4038 2590 4103 dicturus,
2623 4036 2715 4091 sed
2747 4036 2908 4090 etiam
2942 4036 3091 4105 plura
3133 4034 3295 4088 dictis
3339 4032 3488 4101 adje-

1903 4141 2085 4187 cturus
2112 4129 2253 4203 (non
2293 4131 2436 4185 enim
2476 4129 2588 4199 jam
2619 4128 3021 4183 misericordem
3048 4126 3482 4195 tantumqumrit,

1903 4225 1995 4281 sed
2022 4226 2182 4280 etiam
2216 4224 2389 4278 tunica
2436 4233 2487 4277 te
2530 4222 2651 4276 exiti
2690 4221 2880 4290 jubet;
2928 4234 3027 4274 nec
3070 4218 3251 4274 mitem
3279 4218 3483 4272 solum-

1902 4317 2063 4371 modo
2084 4357 2097 4379 ,
2127 4314 2220 4370 sed
2253 4323 2306 4368 et
2339 4323 2395 4367 ut
2422 4312 2579 4366 aliam
2606 4310 2872 4365 maxillam
2899 4317 3181 4369 convertas
3209 4316 3487 4376 percutere

1901 4408 2167 4478 volenti),
2212 4408 2381 4472 illam,
2424 4421 2542 4477 quae
2580 4404 2857 4460 videbatur
2900 4418 3041 4470 esse,
3082 4402 3485 4473 repugnantiam

1901 4507 1956 4555 et
1982 4501 2415 4555 contrarietatem
2440 4497 2584 4566 prius
2625 4497 2777 4551 tollit.
2811 4494 3060 4565 ideoque,
3094 4503 3149 4548 ut
3174 4509 3332 4563 supra
3354 4492 3484 4559 dixi,

1903 4605 2006 4645 non
2028 4590 2194 4646 semel
2224 4598 2427 4643 tantum
2459 4587 2561 4642 hoc
2590 4586 2827 4658 protulit,
2856 4585 2947 4640 sed
2981 4585 3080 4639 bis.
3101 4584 3233 4639 Cum
3256 4582 3485 4637 dixisset

1900 4682 2065 4748 enim,
2097 4680 2271 4735 Nolite
2293 4690 2490 4751 putare,
2509 4677 2644 4749 quod
2668 4678 2883 4732 venerim
2909 4677 3099 4731 soluere
3123 4673 3301 4745 legem,
3329 4672 3483 4740 adje-

1901 4775 1975 4829 cit
2004 4791 2017 4826 :
2044 4770 2164 4827 Non
2185 4773 2294 4826 veni
2321 4772 2528 4836 solvere,
2558 4768 2647 4823 sed
2667 4767 2963 4837 adimplere.
2990 4767 3216 4831 Rursum
3244 4767 3320 4818 ait
3347 4781 3360 4816 :
3393 4762 3481 4817 l8.

1903 4867 2061 4921 Amen
2095 4865 2282 4937 quippe
2304 4864 2417 4917 dico
2445 4861 2600 4926 vobis,
2627 4859 2786 4913 donec
2811 4866 3030 4911 transeat
3056 4856 3301 4909 reclamet
3327 4864 3482 4918 terra,

1900 4957 2006 5011 iota
2029 4971 2188 5010 unum
2224 4964 2315 5008 aut
2356 4969 2489 5007 unus
2531 4967 2663 5022 apex
2693 4966 2792 5003 non
2824 4946 3093 5017 prwteribit
3116 4963 3148 4999 a
3175 4944 3301 5016 lege,
3324 4945 3484 4999 donec

1900 5048 2072 5103 omnia
2097 5047 2242 5115 ﬁant.
2266 5043 2416 5111 Quod
2441 5051 2617 5096 autem
2643 5040 2788 5103 dicit,
2808 5036 3108 5107 hujusmodi
3129 5044 3213 5091 est
3242 5052 3257 5090 :
3284 5034 3485 5105 Impos-

1894 5139 2058 5200 sibile
2085 5146 2168 5192 cst
2212 5151 2318 5190 non
2355 5134 2623 5204 impletam
2662 5145 2914 5195 manere,
2945 5127 3039 5182 sed
3084 5128 3169 5183 vel
3205 5127 3482 5181 minimum

1901 5232 2147 5303 quodque
2191 5228 2309 5299 ejus
2355 5225 2562 5296 impleri
2624 5229 2852 5293 oportet.
2883 5219 3034 5287 Quod
3077 5218 3193 5290 ipse
3234 5219 3354 5276 fecit
3392 5218 3482 5289 qui

1900 5330 2149 5379 accurate
2177 5319 2355 5374 omnia
2386 5316 2647 5388 implevit.
2676 5314 2771 5371 llic
2805 5322 2982 5368 autem
3014 5312 3169 5367 nobis
3188 5309 3486 5366 subindicat

1903 5415 2067 5469 totius
2110 5410 2291 5465 nnmdi
2337 5409 2561 5479 ﬁguram
2612 5403 2996 5461 immutandam
3030 5417 3170 5460 esse.
3214 5400 3326 5457 Nec
3368 5401 3486 5456 sine

1901 5521 2060 5562 causa
2089 5504 2140 5559 id
2174 5505 2369 5575 posuit,
2408 5501 2503 5557 sed
2535 5510 2591 5555 ut
2620 5500 2851 5570 erigeret
2878 5496 3205 5562 auditorem,
3233 5493 3486 5549 ostende-

1902 5608 2092 5669 retque
2119 5611 2179 5652 se
2211 5595 2334 5666 jure
2363 5594 2522 5648 aliam
2554 5593 2808 5648 inducere
2827 5589 3161 5661 disciplinam
3192 5604 3206 5642 :
3236 5586 3282 5641 si
3306 5584 3489 5641 omnia

1901 5707 2023 5762 qua:
2051 5690 2105 5744 in
2132 5688 2333 5744 mundo
2358 5694 2482 5741 sunt
2511 5685 2765 5740 mutanda
2792 5684 2917 5747 sint,
2941 5691 2993 5737 et
3018 5680 3062 5735 si
3090 5678 3360 5734 hominum
3388 5691 3482 5749 ge-

1902 5798 2004 5838 nus
2049 5781 2116 5835 ad
2165 5780 2323 5835 aliam
2368 5778 2593 5850 patriam
2636 5777 2707 5831 sit
2744 5773 3079 5837 vocandum,
3123 5770 3486 5827 sublimiorem

1905 5872 2192 5946 prmparari
2221 5871 2405 5927 vitam.
2450 5870 2539 5925 i9.
2587 5868 2898 5935 Quicumque
2936 5880 3059 5934 ergo
3096 5862 3296 5917 solverit
3320 5875 3484 5913 unum
