4052 6446
541 401 652 460 245

538 519 607 575 de
631 519 887 574 mandatis
911 518 1019 574 istis
1044 517 1284 583 minimis,
1318 525 1366 572 et
1402 516 1627 572 docuerit
1648 517 1722 572 sic
1747 517 1992 584 homines,
2018 532 2119 569 nu-

540 613 709 667 nimus
734 611 992 666 vocabitur
1013 612 1067 665 in
1100 626 1256 682 regno
1278 609 1539 665 calorum.
1583 609 1870 680 Postquam
1896 600 2037 664 enim
2063 623 2123 664 se

536 719 565 760 a
596 705 729 759 mala
757 704 1060 775 suspicione
1096 703 1399 769 vindicavit,
1431 711 1486 759 et
1507 717 1693 758 eorum
1725 702 1813 773 qui
1847 701 2121 757 contradi-

533 812 659 852 cere
684 796 881 853 vellent
921 810 1016 851 ora
1046 795 1306 859 obstruit,
1349 803 1471 849 tunc
1509 794 1722 851 demum
1760 803 1815 850 et
1845 802 2040 854 terret.
2067 802 2123 850 et

536 888 709 942 minas
734 888 969 957 graviter
998 888 1223 942 intentat
1248 902 1410 957 super
1438 886 1613 942 futura
1634 887 1770 956 lege.
1797 886 1948 953 Quod
1976 888 2119 941 enim

534 981 586 1035 id
629 997 735 1036 non
771 980 840 1037 de
867 981 1100 1050 antiquis
1127 980 1331 1050 legibus
1354 980 1583 1044 dixerit,
1626 981 1720 1037 sed
1754 981 1823 1035 de
1856 981 1959 1036 illis
1989 995 2121 1050 quas

534 1073 649 1140 ipse
672 1073 875 1128 laturus
900 1082 1036 1138 erat,
1056 1074 1178 1128 audi
1205 1074 1496 1144 sequentia.
1521 1072 1612 1128 20.
1636 1072 1765 1127 Dico
1786 1074 1919 1127 enim
1943 1073 2081 1127 vobis
2099 1088 2121 1128 :

536 1162 657 1219 Nisi
683 1163 1010 1219 abundaverit
1027 1165 1230 1236 justitia
1257 1172 1420 1218 uestra
1451 1166 1567 1235 plus
1589 1180 1741 1235 quam
1763 1164 2041 1218 scribarum
2071 1174 2121 1218 et

538 1253 931 1319 Pharisaeorum,
957 1273 1057 1311 non
1082 1256 1333 1311 intrabitis
1358 1259 1412 1309 in
1448 1273 1655 1327 regnum
1679 1258 1937 1312 calorum.
1966 1257 2119 1324 Quod

533 1348 576 1399 si
604 1347 744 1401 circa
772 1356 1005 1402 veterem
1032 1347 1202 1416 legem
1249 1350 1560 1410 minaretur,
1593 1363 1691 1403 cur
1717 1349 1963 1414 dixisset,
1997 1347 2119 1402 Nisi

530 1438 900 1493 abundaverit?
929 1438 965 1493 li
989 1440 1130 1494 enim
1151 1439 1242 1509 qui
1264 1440 1451 1496 eadem
1484 1440 1596 1512 ipsa
1615 1483 1628 1506 ,
1656 1458 1774 1512 qtue
1801 1442 1875 1497 illi
1899 1485 1914 1508 ,
1953 1442 2117 1498 facie-

529 1528 673 1595 bant,
701 1545 804 1584 non
834 1538 1078 1601 poterant
1105 1531 1397 1587 secundum
1424 1532 1644 1601 justitize
1672 1535 1929 1590 rationem
1951 1536 2117 1590 abun-

526 1621 677 1677 dare.
697 1621 800 1678 Sed
827 1622 952 1692 quid
980 1632 1092 1678 erat
1126 1624 1252 1681 illud
1276 1623 1417 1692 quod
1436 1624 1780 1679 abundabat?
1800 1627 1913 1681 Non
1937 1627 2111 1693 irasci,

530 1715 805 1768 mulierem
847 1729 950 1768 non
985 1715 1253 1784 impudice
1292 1717 1582 1784 respicere.

598 1806 653 1859 4.
694 1804 804 1860 Cur
849 1819 978 1876 ergo
1011 1805 1259 1860 minimas
1300 1806 1416 1860 illas
1457 1807 1662 1863 vocavit
1712 1809 1877 1880 lcgcs,
1905 1812 2113 1870 etiamsi

529 1884 690 1950 tantis
735 1906 950 1967 tamque
977 1897 1233 1951 sublimes
1269 1896 1424 1951 sint?
1453 1898 1586 1965 Quia
1618 1900 1731 1968 ipse
1756 1901 1925 1972 legem
1956 1903 2114 1958 indu-

526 1995 710 2041 cturus
737 1995 871 2041 erat.
900 1985 1050 2043 Sicut
1070 1987 1212 2042 enim
1239 2002 1297 2043 se
1323 1988 1583 2054 humiliat,
1616 2001 1670 2045 et
1696 1992 1935 2048 modeste
1970 2010 2115 2064 saepe

526 2083 594 2136 de
620 2082 798 2152 seipse
828 2083 1061 2152 loquitur
1089 2101 1102 2136 :
1132 2083 1211 2137 sic
1236 2083 1396 2138 etiam
1418 2084 1558 2139 circa
1591 2084 1759 2155 legem
1788 2101 1938 2142 suam
1964 2091 2109 2158 agit;

526 2184 583 2227 ut
609 2189 706 2229 nos
732 2190 946 2245 quoque
973 2174 1057 2230 hic
1082 2174 1274 2230 doceat
1300 2175 1352 2229 in
1379 2177 1627 2232 omnibus
1656 2178 1897 2234 modeste
1930 2195 2109 2251 agere.

526 2265 777 2336 Alioquin
809 2278 986 2321 autem
1028 2267 1149 2336 quia
1191 2267 1554 2321 innovationis
1593 2258 1828 2338 suspicio
1866 2271 2109 2341 quaedam

521 2372 642 2411 esse
682 2357 990 2424 videbatur,
1038 2358 1355 2412 demissiore
1385 2358 1596 2413 interim
1627 2360 1875 2429 loquendi
1916 2378 2111 2431 genere

523 2450 707 2503 utitur.
737 2448 872 2504 Cum
910 2464 1037 2504 vero
1062 2450 1215 2504 audis
1239 2450 1515 2503 minimum
1545 2450 1597 2505 in
1626 2466 1794 2521 regno
1831 2454 2105 2522 c:rlorum,

520 2555 589 2595 ne
609 2540 747 2594 aliud
770 2541 1056 2610 suspiceris
1077 2556 1234 2610 quam
1260 2541 1560 2611 gehennam
1584 2551 1745 2612 atque
1765 2546 2104 2613 supplicium.

519 2630 761 2701 Regnum
790 2633 933 2686 enim
959 2633 1095 2687 solet
1124 2634 1416 2703 appellare,
1447 2648 1555 2688 non
1579 2635 1971 2693 usumfructum
1993 2655 2110 2694 mo-

518 2724 623 2789 do,
668 2726 759 2779 sed
800 2725 959 2779 etiam
1001 2726 1406 2781 resurrectionis
1447 2737 1689 2796 tempus,
1729 2738 1785 2784 et
1821 2730 2105 2786 adventum

522 2815 672 2870 illum
716 2816 1030 2871 terribilem.
1082 2816 1214 2872 Nam
1263 2816 1535 2887 quomodo
1580 2819 1771 2875 rationi
1816 2831 2105 2878 consenta—

519 2924 677 2963 neum
722 2919 899 2974 esset,
939 2925 1060 2965 eum
1101 2913 1190 2980 qui
1220 2909 1440 2965 fratrem
1471 2911 1691 2965 Stultum
1720 2923 1895 2980 vocat,
1927 2922 1984 2970 et
2015 2916 2106 2986 qui

517 3002 822 3057 mandatum
854 3019 1014 3058 unum
1038 3003 1220 3069 violat,
1251 3003 1302 3058 in
1323 3003 1624 3073 gehennam
1650 3005 1886 3062 incidere
1912 3024 1926 3070 ;
1957 3008 2105 3064 illum

518 3111 648 3151 vero
693 3097 781 3165 qui
824 3097 1003 3151 omnia
1040 3106 1308 3167 praecepta
1334 3095 1574 3161 solverit,
1606 3106 1661 3152 et
1701 3097 1835 3154 alios
1855 3101 1923 3154 ad
1962 3100 2104 3171 idip-

515 3203 633 3244 sum
664 3189 950 3254 induxerit,
982 3189 1033 3243 in
1067 3203 1231 3259 regno
1258 3188 1420 3244 locari
1446 3189 1470 3242 ?
1494 3189 1608 3244 Non
1638 3190 1796 3259 igitur
1821 3191 1922 3246 hoc
1952 3192 2102 3257 dicit,

517 3281 612 3336 sed
645 3281 793 3335 illum
813 3296 878 3335 ρο
909 3290 1149 3351 tempore
1189 3281 1467 3336 minimum
1498 3281 1756 3349 futurum,
1787 3284 1839 3338 id
1870 3293 1971 3351 est,
2010 3286 2105 3341 ab-

512 3374 734 3446 jectum,
782 3373 1043 3428 ultimum.
1081 3373 1309 3430 Ultimus
1351 3384 1527 3431 autem
1558 3386 1680 3431 tunc
1712 3376 1763 3432 in
1805 3378 2101 3448 gehennam

515 3464 732 3519 incidet.
781 3465 988 3519 Etenim
1035 3475 1216 3535 utpote
1251 3466 1387 3521 Deus
1416 3467 1702 3523 multorum
1727 3471 2100 3542 negligentiam

472 3608 476 3623 ,
516 3553 873 3622 prmvidehat.
903 3564 958 3608 et
980 3555 1239 3626 quosdam
1269 3555 1473 3613 futuros
1497 3574 1617 3614 esse
1642 3561 1731 3629 qui
1768 3561 1855 3615 illa
1881 3579 1974 3632 per
1999 3563 2101 3635 hy-

515 3646 769 3716 perbolen
814 3647 986 3701 solum
1035 3648 1177 3703 dicta
1222 3663 1342 3704 esse
1387 3660 1670 3718 putarent,
1722 3661 1776 3707 et
1827 3653 1917 3723 qui
1959 3655 2099 3709 circa

516 3741 660 3811 leges
684 3739 1125 3797 ratiocinarentur
1145 3751 1195 3797 et
1213 3742 1454 3799 dicerent
1484 3761 1498 3799 :
1523 3743 1581 3800 Si
1601 3759 1730 3814 ergo
1755 3747 1875 3817 quis
1900 3748 2100 3805 fatuum

515 3833 803 3899 vocaverit,
831 3834 1049 3904 punitur
1071 3834 1096 3888 ?
1115 3835 1159 3888 si
1192 3835 1468 3891 mulierem
1509 3836 1827 3906 simpliciter
1845 3855 2099 3910 respexe-

514 3924 605 3991 rit,
634 3925 874 3980 mtechus
900 3924 1176 3981 efﬁcitur?
1218 3925 1340 3982 Ideo
1367 3926 1510 3981 illam
1541 3927 1735 3983 tollens
1762 3931 2063 3987 socordiam
2081 3973 2097 3999 ,

512 4019 687 4074 minas
729 4020 954 4074 intentat
984 4020 1241 4074 maximas
1268 4021 1512 4090 utrisque
1531 4060 1545 4086 ,
1574 4029 1629 4075 et
1657 4023 2099 4094 transgredienti-

513 4110 634 4174 bus,
665 4121 718 4165 et
743 4112 877 4166 alios
907 4112 971 4166 ad
1003 4110 1105 4166 hoc
1134 4110 1528 4167 inducentibus.
1564 4112 1732 4166 Minas
1773 4115 1949 4185 itaque
1973 4129 2100 4171 cer-

513 4214 722 4267 nentes,
752 4218 924 4273 neque
943 4203 1039 4271 ipsi
1063 4203 1535 4273 transgrediatnur,
1559 4219 1730 4273 neque
1755 4204 1868 4260 haec
1886 4221 2101 4262 servare

515 4292 752 4346 volentes
797 4303 1122 4348 avertamus.
1179 4293 1280 4361 Qui
1324 4303 1490 4347 autem
1532 4295 1706 4364 fecerit
1742 4305 1793 4349 et
1837 4296 2095 4366 docuerit,

514 4385 704 4455 inquit,
758 4402 970 4457 magnus
1014 4383 1447 4441 vocabitur.s."loit'
1482 4385 1623 4440 enim
1666 4387 1820 4442 nobis
1867 4396 2096 4457 tantum,

514 4477 609 4533 sed
645 4487 700 4532 et
747 4477 867 4531 aliis
911 4477 1068 4533 utiles
1111 4492 1232 4532 esse
1274 4476 1553 4531 debemus.
1598 4477 1782 4549 Neque
1813 4482 1957 4537 enim
2005 4497 2100 4552 par

513 4584 720 4625 merces
758 4580 839 4623 est
883 4569 931 4625 ei
972 4569 1147 4639 quise
1174 4569 1240 4623 a-l
1288 4578 1433 4625 recte
1474 4568 1771 4627 faciendum
1800 4584 2094 4645 comparat,

509 4668 568 4716 et
609 4660 661 4716 ei
716 4659 804 4731 qui
867 4674 1050 4715 secum
1107 4658 1272 4714 alium
1315 4659 1382 4715 ad
1431 4659 1482 4714 id
1527 4661 1761 4718 adducit.
1813 4663 2096 4732 Quemad-

512 4753 730 4809 modum
761 4753 903 4809 enim
938 4752 1135 4807 docere
1175 4760 1233 4808 et
1270 4767 1376 4807 non
1418 4751 1610 4818 facere,
1644 4754 1965 4811 condemnat
1988 4756 2098 4810 do-

511 4858 756 4911 centem,
807 4847 973 4916 (nam
1016 4845 1135 4901 ait:
1172 4845 1275 4913 Qui
1316 4846 1465 4901 doces
1492 4846 1651 4901 alium
1675 4886 1691 4912 ,
1733 4848 1946 4917 teipsutn
1990 4864 2097 4904 non

509 4939 656 4994 doces
684 4938 873 5012 lnam.
911 4939 967 4995 2.
997 4937 1143 5011 21])
1173 4939 1198 4993 ?
1240 4941 1319 4994 sic
1365 4939 1558 5006 facere,
1602 4954 1704 4995 nec
1747 4940 1881 4995 alios
1926 4940 1992 4996 ad
2023 4941 2098 4996 l'a-

512 5029 760 5086 ciendum
791 5030 1044 5087 inducere
1064 5072 1078 5093 ,
1107 5031 1406 5086 mercedem
1433 5031 1643 5086 minuit.
1682 5031 1904 5101 Oportet
1939 5032 2097 5104 igitur

511 5122 565 5177 in
611 5130 837 5192 utroque
874 5137 1181 5192 supremum
1221 5137 1360 5188 esse,
1388 5129 1455 5187 et
1499 5137 1619 5177 cum
1666 5131 1718 5176 te
1754 5123 1983 5192 priorem
2026 5123 2093 5179 ad

509 5212 945 5270 henel’aciendum
990 5213 1259 5269 induxeris
1283 5256 1298 5281 ,
1333 5213 1400 5268 ad
1438 5211 1663 5269 aliorum
1697 5228 1878 5269 curam
1917 5224 2093 5270 trans-

507 5306 743 5364 eundum
783 5314 881 5360 est.
926 5305 1127 5360 Idcirco
1151 5305 1290 5359 enim
1319 5306 1433 5375 ipse
1458 5319 1618 5375 opera
1649 5313 1774 5360 ante
1798 5304 2093 5360 doctrinam

509 5402 708 5472 posuit,
755 5399 1045 5456 ostendens
1090 5399 1168 5453 sic
1193 5400 1394 5469 optime
1439 5398 1682 5469 quemvis
1721 5413 1780 5453 se
1806 5398 1873 5453 ad
1904 5397 2094 5454 decen-

507 5492 635 5548 dum
660 5506 1000 5562 comparare,
1037 5507 1207 5561 neque
1235 5490 1341 5544 alio
1379 5490 1539 5546 modo
1569 5506 1836 5561 umquam.
1870 5490 2096 5544 Auditu-

506 5600 600 5640 rus
640 5596 783 5640 esset
812 5586 955 5640 enim
978 5627 993 5651 ,
1023 5582 1240 5649 Mediae,
1277 5598 1401 5636 cura
1428 5583 1640 5652 teipsum
1680 5583 1701 5652 (
1723 5580 1851 5635 Luc.
1878 5582 1934 5637 4.
1954 5582 2027 5636 23
2048 5580 2091 5650 ).

509 5679 608 5745 Qui
647 5676 789 5734 enim
830 5694 948 5733 cum
994 5677 1229 5746 seipsum
1274 5675 1469 5731 docere
1504 5691 1609 5730 non
1653 5674 1915 5745 potuerit,
1961 5674 2096 5729 alios

517 5768 807 5823 emendare
832 5776 1077 5832 conatur,
1111 5780 1142 5819 a
1176 5765 1354 5821 multis
1380 5765 1686 5822 irridebitur
1716 5783 1735 5831 ;
1761 5765 1871 5820 imo
1899 5780 1967 5819 ne
1991 5764 2093 5820 do-

504 5874 633 5916 cere
677 5861 891 5931 quidem
940 5861 1028 5916 ille
1070 5859 1297 5930 poterit,
1343 5860 1470 5932 ipsis
1519 5858 1767 5930 operibus
1820 5857 2085 5913 contraria

1285 401 1341 458 S.
1381 399 1658 458 JOANNIS
1695 398 2165 460 CHRYSOS'I‘OMI
2204 398 2525 460 ARClllEP.
2562 404 3099 466 CONSTANTINOP.

3711 410 3813 467 ΞΗ

2231 518 2656 578 testiﬁcantibus.
2701 520 2758 579 Si
2795 538 2925 579 vero
2970 523 3024 581 in
3065 532 3291 597 utroque
3333 525 3605 598 perfectus
3631 523 3812 594 fuerit,

2229 626 2452 682 magnus
2482 613 2758 669 vocabitur
2792 616 2843 670 in
2879 631 3045 687 regno
3068 616 3342 672 caelorum.
3384 616 3513 673 Dico
3558 619 3698 672 enim
3725 636 3813 674 vo-

2228 702 2323 770 bis,
2361 703 2480 758 Nisi
2505 705 2829 761 abundaverit
2856 709 3059 780 justitia
3092 717 3255 763 uestra
3283 709 3398 779 plus
3430 726 3583 780 quam
3620 710 3814 765 scriba-

2226 809 2342 847 rum
2364 805 2411 848 et
2433 793 2829 863 Pltaristcorum,
2853 814 2956 852 non
2970 796 3220 854 intrabitis
3239 799 3292 853 in
3310 816 3522 870 regnum
3547 802 3810 856 caelorum.

2228 883 2324 939 llic
2361 875 2649 954 justitiam,
2692 903 2906 942 omnem
2949 899 3102 944 vocat
3138 890 3426 955 virtutem;
3467 899 3525 945 ut
3553 892 3714 946 etiam
3750 891 3816 947 de

2225 977 2361 1033 Jobo
2384 995 2607 1035 narrans
2630 980 2841 1036 dicebat
2868 1000 2880 1035 :
2915 981 2983 1036 Et
3010 992 3117 1037 erat
3145 982 3297 1055 homo
3322 983 3807 1052 irreprehensibilis,

2225 1068 2389 1136 iustus
2430 1069 2571 1141 (Job
2614 1071 2666 1125 ί.
2698 1071 2793 1141 1).
2850 1070 3154 1128 Secundum
3200 1071 3341 1126 hanc
3374 1072 3812 1143 justiﬁcationcm

2219 1160 2423 1230 justum
2468 1161 2615 1216 illum
2660 1162 2855 1219 Paulus
2903 1164 3163 1228 vocabat,
3195 1165 3280 1219 cui
3320 1164 3490 1235 legem
3519 1181 3626 1220 non
3662 1167 3811 1236 posi-

2226 1260 2333 1306 tam
2385 1268 2506 1308 esse
2550 1252 2762 1310 dicebat
2807 1272 2821 1310 :
2869 1254 3021 1309 Justo
3065 1257 3198 1310 enim
3247 1256 3334 1310 tea:
3379 1273 3482 1310 non
3527 1259 3691 1322 posita
3742 1267 3814 1312 est

2224 1344 2244 1413 (
2276 1345 2323 1399 Ι.
2350 1343 2487 1401 Tim.
2520 1347 2571 1401 ‘l.
2602 1346 2701 1417 9),
2748 1347 2939 1418 inquit.
2983 1347 3244 1419 Saepeque
3292 1348 3417 1403 alibi
3464 1348 3566 1403 hoc
3612 1366 3810 1405 nomen

2224 1453 2320 1506 pro
2340 1439 2575 1507 generali
2603 1440 2798 1495 virtute
2826 1440 3053 1510 positum
3083 1442 3319 1510 reperire
3336 1450 3418 1496 est
3440 1441 3542 1512 (α).
3571 1441 3650 1496 Tu
3681 1459 3810 1496 vero

2224 1530 2353 1584 mihi
2401 1530 2672 1599 perpende
2702 1536 2887 1601 gratia!
2924 1542 3266 1603 augmentum
3288 1576 3303 1598 ,
3333 1533 3547 1604 quando
3575 1534 3810 1603 discipu-

2223 1618 2304 1674 los
2349 1619 2522 1675 adbuc
2566 1620 2726 1676 rudes
2767 1621 2881 1676 vult
2926 1623 3122 1678 veteris
3171 1623 3304 1694 legis
3338 1623 3646 1681 doctoribus
3687 1640 3810 1682 esse

2222 1712 2493 1768 meliores.
2538 1711 2752 1768 Scribas
2797 1722 2974 1768 autem
3011 1723 3065 1769 et
3102 1714 3402 1772 Pharisaeos
3446 1716 3532 1771 hic
3561 1732 3667 1773 non
3700 1716 3807 1772 im-

2223 1804 2419 1873 probos
2464 1816 2869 1871 commemorat,
2904 1807 2999 1862 sed
3050 1808 3291 1876 probos;
3337 1809 3437 1865 nisi
3475 1811 3618 1866 enim
3649 1811 3805 1881 probi

2219 1908 2433 1963 essent,
2466 1913 2800 1967 nequaquam
2829 1913 2924 1953 eos
2954 1899 3157 1954 diceret
3182 1899 3379 1956 habere
3398 1899 3679 1971 justitiam,
3711 1917 3809 1959 nec

2217 2002 2322 2058 que
2337 1988 2597 2057 justitiam
2621 2004 2725 2042 non
2749 1991 3090 2043 exsistentem
3120 2005 3241 2045 cum
3262 1992 3554 2048 exsistente
3575 2008 3804 2062 compa-

2217 2087 2379 2133 raret.
2410 2077 2685 2149 Perpende
2724 2088 2901 2134 autem
2932 2080 3034 2135 hoc
3059 2082 3176 2135 loco
3213 2082 3479 2152 quomodo
3516 2098 3638 2140 esse
3661 2095 3805 2141 vete-

2216 2184 2331 2225 rem
2388 2169 2558 2240 legem
2613 2170 2976 2238 commendet,
3027 2172 3154 2226 dum
3199 2188 3317 2228 eam
3361 2185 3637 2244 comparat
3678 2191 3803 2231 cum

2216 2276 2351 2315 nova
2382 2276 2398 2314 :
2442 2261 2583 2329 quod
2614 2276 2743 2316 sane
2772 2261 3007 2317 declarat
3046 2263 3189 2317 illam
3219 2264 3341 2318 huic
3374 2279 3494 2320 esse
3519 2276 3803 2335 cognatam

2214 2361 2268 2409 et
2291 2352 2503 2407 amnem
2535 2370 2552 2409 :
2582 2368 2702 2407 nam
2734 2354 2851 2423 plus
2875 2362 2929 2408 et
2957 2354 3133 2409 minus
3158 2355 3395 2423 ejusdem
3422 2358 3635 2426 generis
3655 2367 3802 2412 sunt.

2212 2442 2329 2498 Non
2359 2445 2517 2513 igitur
2556 2445 2720 2498 veteri
2760 2445 3043 2509 obtrectat,
3075 2445 3171 2500 sed
3219 2446 3362 2500 illam
3403 2448 3581 2517 augeri
3608 2448 3722 2502 vult
3747 2461 3804 2504 et

2213 2535 2427 2591 extendi
2461 2555 2476 2590 :
2507 2552 2624 2605 qum
2657 2536 2703 2590 si
2749 2552 2778 2589 a
2822 2536 2963 2591 malo
2994 2536 3251 2605 prodiret,
3274 2553 3378 2591 non
3410 2538 3641 2608 amplius
3667 2541 3796 2610 quid

2214 2626 2266 2681 in
2298 2627 2381 2681 illa
2413 2636 2697 2695 quaereret,
2732 2644 2904 2699 neque
2948 2628 3093 2684 illam
3138 2629 3506 2699 perfectiorem
3535 2633 3804 2688 reddidis.

2211 2730 2314 2782 set,
2346 2719 2441 2773 sed
2487 2719 2826 2787 explosisset.
2874 2720 2942 2775 Et
2982 2721 3272 2791 quomodo,
3310 2722 3541 2792 inquies,
3588 2726 3633 2779 si
3682 2727 3802 2780 talis

2211 2820 2314 2877 est,
2360 2811 2412 2865 in
2465 2827 2683 2881 regnum
2707 2812 2820 2882 jam
2854 2829 2956 2867 non
2989 2813 3240 2870 inducit?
3269 2814 3383 2868 Non
3418 2814 3615 2871 inducit
3653 2828 3799 2874 certe

2209 2919 2305 2959 eos
2350 2906 2439 2974 qui
2486 2914 2605 2974 post
2632 2905 2831 2960 Christi
2873 2906 3166 2961 adventum
3214 2907 3372 2961 vitam
3411 2908 3795 2975 instituerunt,

2212 3007 2395 3066 utpote
2444 2997 2532 3068 qui
2586 2997 2844 3067 majorem
2893 2999 3206 3068 consequuti
3255 3001 3539 3065 virtutem,
3593 3002 3797 3069 majora

2208 3090 2407 3146 debent
2448 3090 2597 3146 adire
2646 3091 2937 3146 certamina
2978 3107 2994 3145 :
3035 3107 3160 3147 nam
3183 3092 3430 3147 alumnos
3451 3107 3578 3147 suos
3610 3110 3799 3149 omnes

2208 3197 2274 3238 eo
2318 3182 2623 3238 introducit.
2658 3182 2813 3237 Mulli
2856 3185 2989 3237 enim
3034 3184 3228 3238 uenient
3253 3185 3317 3238 ab
3363 3185 3556 3239 oriente
3592 3195 3639 3240 et
3667 3189 3793 3240 occi-

2208 3276 2376 3340 dente,
2410 3277 2597 3345 inquit,
2621 3285 2668 3331 et
2692 3276 2978 3331 recumbent
3016 3276 3071 3331 in
3099 3278 3215 3331 sinu
3241 3277 3458 3331 Abrahae
3483 3288 3530 3332 et
3557 3276 3727 3333 Isaaci
3748 3289 3796 3334 et

2205 3369 2386 3425 Jacobi
2409 3369 2693 3441 (Multh.8.
2721 3369 2831 3442 Η).
2861 3370 3092 3426 Lazarus
3119 3381 3283 3433 certe.
3311 3371 3400 3441 qui
3433 3372 3638 3441 magnis
3667 3370 3795 3426 frui-

2208 3471 2294 3517 tttr
2320 3464 2578 3534 prmmiis,
2608 3464 2660 3518 in
2691 3463 2807 3532 eius
2837 3450 2955 3519 sinu
2996 3478 3219 3520 versans
3245 3476 3465 3534 apparet
3504 3464 3656 3535 (Luc.
3682 3465 3793 3535 16).

2205 3555 2275 3611 Et
2318 3565 2580 3627 quotquot
2608 3557 2661 3612 in
2706 3557 2875 3613 veteri
2915 3557 3031 3629 lege
3077 3556 3363 3613 admodum
3408 3556 3689 3622 refulsere,
3741 3557 3793 3615 id

2206 3663 2303 3719 per
2343 3648 2487 3703 illam
2515 3649 2793 3721 assequuti
2838 3658 2982 3704 sunt.
3028 3649 3273 3704 Christus
3316 3664 3467 3713 vero,
3500 3649 3542 3704 si
3588 3650 3672 3705 lex
3703 3650 3795 3705 illa

2206 3742 2344 3795 mala
2389 3752 2445 3796 et
2486 3741 2655 3798 aliena
2702 3740 2927 3808 fuisset.
2971 3757 3077 3796 non
3106 3742 3247 3796 illam
3279 3756 3492 3796 omnem
3519 3741 3795 3812 implevis-

2203 3843 2307 3890 set.
2351 3832 2483 3889 Nam
2528 3835 2574 3889 si
2603 3834 2655 3890 id
2699 3835 2874 3890 solum
2906 3833 3117 3889 fecisset
3145 3842 3204 3889 ut
3235 3833 3449 3889 Iuda-os
3477 3833 3791 3896 attraheret,

2204 3944 2312 3985 non
2338 3938 2516 3984 autem
2552 3937 2612 3983 ut
2642 3927 2950 3984 ostenderet
2996 3941 3116 3982 eam
3142 3935 3422 3997 cognatam
3452 3940 3571 3981 esse
3598 3935 3652 3981 et
3674 3925 3795 3980 alii-

2204 4038 2324 4080 nem
2350 4038 2505 4078 norm
2531 4022 2655 4092 legi,
2680 4036 2778 4076 cur
2801 4034 2907 4076 non
2934 4019 3097 4074 etiam
3122 4017 3401 4088 gentilium
3429 4018 3577 4088 leges
3603 4028 3657 4073 et
3683 4033 3798 4072 mo-

2203 4128 2293 4170 res
2319 4113 2667 4184 implevisset,
2702 4121 2758 4165 ut
2783 4109 3015 4181 gentiles
3043 4106 3381 4179 pertraheret
3405 4107 3430 4161 i

2275 4206 2329 4261 5.
2366 4204 2613 4275 Undique
2651 4217 2780 4273 ergo
2810 4202 2986 4272 palam
3015 4210 3099 4257 est
3125 4213 3244 4256 eam
3272 4213 3302 4253 a
3332 4199 3547 4254 Christo
3571 4212 3672 4251 non
3699 4199 3792 4252 in-

2202 4296 2345 4362 duci,
2384 4313 2490 4351 non
2515 4296 2657 4367 quod
2685 4295 2822 4350 mala
2849 4294 2940 4359 sit,
2972 4291 3066 4349 sed
3097 4291 3238 4362 quod
3267 4291 3527 4361 majorum
3554 4290 3621 4344 sit
3649 4307 3798 4360 prac-

2202 4403 2479 4463 ceptorum
2497 4400 2727 4460 tempus.
2747 4387 2969 4444 Etiamsi
2995 4401 3120 4443 vero
3146 4384 3509 4455 imperfectinr
3532 4385 3601 4439 sit
3627 4400 3796 4453 quam

2206 4499 2362 4549 nova,
2390 4483 2443 4539 id
2469 4493 2614 4538 certe
2634 4497 2742 4536 non
2763 4479 2954 4550 probat
2976 4478 3145 4547 ipsam
3171 4490 3291 4533 esse
3311 4477 3503 4532 malam
3524 4495 3536 4529 :
3554 4476 3797 4545 alioquin

2201 4586 2377 4631 autem
2407 4589 2544 4630 nova
2566 4576 2616 4628 in
2642 4570 2885 4628 eamdem
2915 4568 3173 4624 incideret
3199 4566 3582 4622 conditionem.
3609 4566 3800 4634 Siqui-

2201 4667 2323 4724 dem
2350 4666 2506 4737 hujus
2533 4663 2777 4728 scientia,
2807 4663 2852 4718 si
2875 4677 2998 4717 cum
3027 4659 3217 4715 futura:
3246 4659 3366 4713 vita:
3389 4659 3609 4714 scientia
3633 4673 3799 4712 octn-

2201 4768 2438 4831 paretur,
2470 4758 2666 4826 exigua
2694 4764 2748 4810 et
2775 4752 3083 4823 imperfecta
3109 4758 3214 4817 est,
3243 4761 3405 4820 atque
3434 4751 3518 4804 illa
3540 4749 3799 4805 veniente

2200 4861 2507 4909 evacuatur.
2534 4849 2668 4905 Nam
2693 4847 2824 4903 Cum
2850 4845 3038 4900 venerit
3055 4884 3070 4910 ,
3113 4842 3317 4913 inquit,
3348 4842 3485 4908 quod
3513 4840 3799 4911 perfectum

2199 4954 2294 5008 est,
2317 4953 2435 5000 tunc
2458 4941 2780 4997 evacuabitur
2798 4936 2933 5008 quod
2962 4952 3025 4991 ea:
3050 4943 3192 5006 parte
3211 4942 3283 4987 est
3309 4933 3384 5004 (l.
3402 4931 3521 4987 Cor.
3545 4932 3629 4986 15.
3654 4930 3747 4997 10]
3774 4949 3793 4986 :

2200 5037 2340 5110 quod
2370 5050 2468 5107 per
2492 5034 2697 5091 Novam
2723 5029 2891 5087 Vetus
2916 5041 3170 5100 perpessa
3197 5033 3298 5080 est.
3330 5024 3437 5080 Nec
3464 5033 3634 5079 tamen
3664 5037 3801 5091 pro-

2201 5140 2383 5203 pterea
2414 5127 2555 5181 illam
2583 5120 3008 5183 criminabimur,
3040 5117 3165 5172 licet
3197 5116 3285 5169 illa
3315 5124 3509 5177 cesset,
3539 5128 3657 5169 cum
3687 5127 3799 5167 nos

2200 5236 2366 5291 regno
2388 5223 2655 5291 potiemur
2679 5233 2692 5269 :
2719 5212 2862 5268 Tunc
2886 5211 3029 5267 enim
3053 5208 3373 5264 euacuabitur
3396 5205 3532 5278 quod
3559 5221 3619 5258 ea:
3642 5216 3799 5274 parte

2200 5324 2294 5383 est,
2319 5313 2524 5384 inquit:
2542 5310 2686 5364 illam
2710 5317 2885 5361 tamen
2909 5316 3154 5373 magnam
3180 5300 3427 5355 dicimus.
3448 5297 3582 5353 Cum
3607 5296 3799 5366 itaque

2202 5410 2402 5482 majora
2431 5407 2539 5464 sint
2565 5404 2805 5477 prtemia,
2834 5401 3172 5471 ampliorque
3193 5396 3424 5468 Spiritus
3451 5396 3637 5460 virtus,
3664 5393 3799 5464 jure

2265 5675 2338 5739 (α)
2360 5671 2689 5739 Jamolimttb
2719 5668 2967 5739 antiquis,
2981 5665 3195 5739 iustitia,
3238 5665 3291 5717 iu
3310 5679 3527 5739 genere
3548 5660 3795 5739 proromni

2201 5726 2386 5789 virtute
2410 5736 2577 5787 habita
2600 5733 2713 5784 l‘uit‘
2738 5731 2811 5782 sic
2829 5726 3158 5795 Empedocles
3182 5726 3701 5795 'apud'aristolelem:

2332 5798 2410 5847 Ἐν
2427 5798 2491 5859 ᾐδὲ
2509 5795 2781 5859 sumam
2808 5791 3075 5859 σνλλῆδδην
3098 5791 3213 5859 πᾶᾳ⁹
3241 5792 3383 5859 ἀρετή
3414 5792 3535 5840 ’στιν

2336 5861 2398 5909 In
2407 5856 2603 5925 justitia
2629 5855 2783 5907 armis
2801 5855 2958 5907 virtus
2972 5855 3417 5916 comprehenditur.

3215 6020 3240 6031 δ
