4052 6434
286 387 393 446 ως

297 506 500 577 majora
527 507 884 578 requiruntur
943 505 1089 564 dona
1147 508 1185 564 ¹.
1243 505 1364 564 Non
1417 507 1530 580 jam
1580 514 1722 560 terra
1751 503 1888 559 lacte

298 614 354 657 et
388 601 547 657 melle
580 617 808 656 manans
846 601 1206 672 promittitur,
1249 616 1355 654 non
1400 608 1654 653 senectus
1683 596 1888 659 vivida,

302 707 405 748 non
452 693 743 748 multitudo
773 694 1035 760 filiorum,
1072 707 1180 747 non
1226 692 1549 745 frumentum
1589 698 1645 743 et
1675 689 1889 752 vinum,

301 799 406 838 non
434 799 628 854 greges
655 793 710 840 et
736 792 1015 847 armenta;
1051 782 1144 838 sed
1171 782 1361 837 czelum
1392 791 1446 836 et
1469 781 1702 836 exlestia
1729 779 1888 842 bona,

297 876 517 946 adoptio
539 887 594 931 et
621 876 926 932 fraternitas
950 891 1072 932 cum
1097 875 1402 945 Unigenito,
1431 873 1741 928 hereditatis
1763 887 1892 928 con-

298 967 556 1030 sortium,
599 967 782 1036 gloriae
810 977 864 1022 et
895 967 1040 1038 regni
1084 967 1313 1022 societas
1332 1007 1346 1028 ,
1389 965 1776 1034 innumeraque
1804 964 1889 1018 illa

299 1061 543 1131 praemia.
573 1061 725 1128 Quod
768 1071 945 1114 autem
988 1059 1177 1130 majori
1223 1057 1419 1112 auxilio
1454 1058 1727 1122 fruamur,
1768 1056 1888 1109 audi

298 1153 524 1208 Paulum
551 1151 816 1206 dicentem
838 1171 853 1206 :
877 1150 1025 1204 Nihil
1061 1167 1179 1222 ergo
1220 1151 1326 1219 iam
1361 1149 1700 1202 damnationis
1727 1157 1802 1202 est
1830 1148 1891 1200 iis

296 1248 385 1315 qui
407 1254 528 1299 sunt
551 1245 603 1298 in
623 1241 823 1300 Christo
845 1242 989 1309 Jesu,
1023 1245 1108 1312 qui
1134 1260 1234 1297 non
1262 1241 1536 1296 secundum
1561 1257 1764 1294 carnem
1783 1257 1892 1292 am-

297 1338 497 1401 bulant,
530 1337 617 1390 sed
642 1337 916 1391 secundum
951 1336 1202 1406 spiritum.
1235 1333 1344 1388 Lex
1376 1334 1508 1388 enim
1536 1332 1744 1402 spiritus
1778 1331 1892 1385 vitta

295 1428 529 1484 liberam
570 1445 650 1483 me
689 1445 723 1482 a
762 1428 872 1499 lege
911 1428 1103 1498 peccati
1139 1437 1189 1480 et
1234 1427 1408 1480 mortis
1437 1425 1610 1496 (Rom.
1644 1425 1696 1480 8.
1731 1425 1780 1479 i.
1809 1423 1888 1494 2).

295 1519 668 1574 Commiuatus
714 1520 892 1589 itaque
923 1518 1405 1588 transgressoribus
1428 1558 1443 1582 ,
1474 1526 1530 1572 et
1554 1531 1744 1586 magna
1770 1515 1888 1585 pol-

297 1611 474 1668 licitus
498 1613 713 1682 prtemia
734 1621 879 1668 recte
899 1612 1201 1683 agentibus,
1217 1621 1274 1665 ut
1295 1610 1526 1666 ostendit
1548 1610 1666 1679 plus
1685 1624 1714 1662 a
1738 1607 1890 1663 nobis

294 1705 418 1774 jure
462 1705 641 1774 exigi,
691 1720 849 1774 quam
890 1719 1170 1760 mensuras
1217 1703 1453 1774 priores,
1500 1702 1714 1758 demum
1744 1702 1890 1770 leges

296 1807 537 1852 statuere
567 1797 774 1867 incipit,
807 1812 912 1852 non
939 1796 1282 1866 simpliciter,
1313 1795 1408 1852 sed
1436 1793 1570 1849 facta
1600 1810 1720 1848 cum
1746 1793 1887 1848 auti-

293 1890 417 1960 quis
447 1889 703 1958 legalibus
735 1888 1166 1958 comparatione;
1214 1887 1329 1942 haec
1357 1886 1465 1942 duo
1489 1885 1676 1942 volens
1699 1893 1886 1940 osten—

294 1983 450 2045 dere.
477 1996 538 2037 se
561 1981 812 2036 videlicet
839 1996 943 2035 non
970 1981 1150 2051 priora
1181 1982 1577 2050 impugnantem
1601 2019 1614 2042 ,
1646 1977 1740 2033 sed
1766 1993 1888 2034 cum

293 2074 403 2129 illis
430 2074 718 2129 admodum
747 2081 1133 2128 consonantem
1155 2114 1170 2137 ,
1213 2072 1308 2127 has
1345 2083 1580 2126 διδωμι-ο
1624 2071 1800 2141 leges,
1827 2084 1891 2124 ac

293 2167 415 2236 jure
461 2177 868 2238 opportuneque
918 2167 1031 2220 lucc
1079 2182 1215 2221 nova
1263 2165 1532 2221 veteribus
1577 2165 1884 2235 adjungere.

295 2259 451 2328 Quod
479 2270 540 2314 ut
562 2259 759 2315 clarius
786 2258 996 2321 evadat,
1027 2259 1138 2327 ipsa
1170 2257 1490 2328 legislatoris
1519 2256 1676 2312 verba
1703 2255 1890 2310 audiao

295 2368 441 2406 tuus.
480 2351 621 2418 Quid
650 2351 812 2421 igitur
835 2351 907 2406 ait
937 2351 1060 2406 ille?
1085 2351 1176 2404 2i.
1209 2350 1433 2404 Audistis
1459 2350 1579 2418 quia
1605 2349 1794 2402 dictant
1817 2357 1890 2402 est

296 2444 539 2514 antiquis,
569 2441 693 2497 Non
719 2443 915 2497 occides
940 2440 1134 2513 (Exod.
1165 2443 1256 2498 20.
1286 2442 1399 2512 15).
1429 2441 1587 2511 Atqui
1615 2441 1658 2495 is
1686 2440 1773 2512 qui
1800 2439 1886 2494 illa

295 2535 466 2597 dedit,
499 2536 613 2604 ipse
633 2544 746 2600 est;
779 2535 874 2590 sed
899 2536 1109 2591 interim
1129 2535 1556 2604 impersonaliter
1577 2534 1690 2588 haec
1716 2533 1884 2603 ponit.

297 2627 355 2682 Si
385 2626 527 2682 enim
566 2626 828 2692 dixisset,
874 2627 1113 2682 Audistis
1139 2641 1224 2681 me
1251 2625 1452 2681 dixisse
1478 2625 1711 2694 antiquis
1730 2666 1745 2690 ,
1779 2639 1886 2678 non

298 2729 552 2789 acceptus
579 2718 765 2774 fuisset
797 2719 881 2774 hic
925 2733 1104 2774 sermo
1124 2758 1140 2780 ,
1191 2733 1292 2773 nec
1320 2716 1663 2772 audientibus
1687 2715 1887 2787 proba-

298 2822 414 2876 tus;
447 2810 489 2865 si
520 2826 650 2866 vero
679 2810 941 2866 dixisset:
968 2810 1204 2865 Audistis
1245 2810 1366 2881 quia
1413 2809 1614 2864 dictum
1641 2817 1724 2863 est
1749 2808 1888 2862 anti-

296 2903 418 2973 quis
442 2918 472 2958 a
496 2902 655 2959 Patre
681 2917 801 2959 meo
819 2942 835 2968 ,
873 2902 1174 2972 deindeque
1204 2901 1498 2966 intulisset,
1546 2900 1659 2971 Ego
1705 2909 1886 2954 autem

295 2995 443 3061 dico,
491 2995 662 3065 major
701 2995 998 3066 arrogantia
1030 2996 1138 3050 visa
1180 2994 1383 3050 fuisset.
1422 2993 1759 3064 Quapropter
1787 2993 1890 3048 hoc

297 3087 618 3157 simpliciter
643 3087 820 3158 posuit
847 3087 915 3142 ad
943 3087 1046 3142 hoc
1071 3103 1232 3141 unum
1259 3099 1532 3157 spectans,
1563 3096 1620 3140 ut
1638 3085 1888 3141 ostende-

296 3188 378 3232 ret
406 3193 468 3234 se
492 3181 602 3247 jam
629 3187 930 3248 opportuno
961 3187 1201 3247 tempore
1228 3180 1331 3234 hoc
1353 3178 1556 3234 dicere.
1582 3178 1717 3234 Cum
1743 3179 1885 3232 enim

295 3272 404 3335 ait,
457 3270 590 3338 Quia
631 3271 822 3324 dictum
850 3280 922 3325 est
951 3271 1204 3341 antiquis,
1253 3271 1476 3325 multum
1520 3270 1889 3326 intercessisse

297 3365 560 3433 temporis
587 3365 911 3430 declaravit,
941 3381 1004 3422 ex
1035 3381 1141 3435 quo
1168 3364 1272 3420 hoc
1303 3373 1628 3434 prabceptum
1656 3379 1882 3433 accepe-

296 3466 441 3512 rant.
475 3457 588 3514 Hoc
613 3473 741 3514 vero
783 3458 938 3520 fecit.
983 3467 1043 3514 ut
1082 3458 1381 3513 auditorem
1417 3456 1786 3527 pudefaceret,
1819 3456 1884 3509 ad

299 3553 614 3608 sublimiora
645 3554 732 3608 illa
760 3555 910 3609 adire
936 3564 1202 3624 praecepta
1233 3563 1606 3618 cunctantem;
1647 3553 1718 3605 uti
1751 3550 1888 3606 solet

297 3643 552 3714 magister
575 3661 744 3716 puero
769 3646 950 3702 dicere
971 3645 1256 3717 negligenti
1285 3663 1299 3700 :
1322 3646 1402 3700 An
1433 3645 1606 3700 nescis
1629 3651 1885 3713 quantum

299 3736 559 3806 temporis
605 3737 658 3791 in
703 3737 1028 3808 syllabarum
1069 3737 1418 3793 meditatione
1456 3735 1888 3806 consumpseris?

298 3826 416 3882 lloc
454 3837 508 3881 et
543 3829 658 3898 ipse
686 3830 1028 3900 antiquorum
1059 3831 1276 3886 nomine
1303 3828 1673 3894 subiudicans,
1702 3838 1890 3883 evocat

295 3919 423 3974 illos
447 3919 512 3974 ad
535 3930 797 3991 praecepta
828 3922 1070 3989 meliora,
1091 3936 1156 3977 ac
1178 3923 1221 3978 si
1241 3922 1446 3978 diceret
1470 3940 1484 3977 :
1507 3927 1552 3976 Λ
1578 3921 1708 3975 satis
1728 3920 1888 3990 longo

296 4021 543 4080 tempore
583 4011 700 4067 lucc
733 4013 1061 4068 meditamini
1088 4031 1102 4066 :
1126 4021 1339 4084 oportet
1373 4013 1588 4070 demum
1618 4013 1682 4066 ad
1718 4011 1886 4066 subli-

294 4101 468 4156 miora
489 4117 731 4174 pergere.
761 4104 906 4161 Bene
929 4115 1108 4161 autem
1133 4109 1306 4176 agitur
1325 4107 1466 4178 quod
1500 4115 1886 4176 praeceptorum

293 4194 433 4249 ordo
459 4210 566 4251 non
594 4196 973 4262 confundatur,
997 4198 1093 4253 sed
1122 4214 1153 4254 a
1182 4199 1360 4270 priore
1388 4199 1692 4270 incipiatur,
1726 4215 1754 4250 a
1781 4213 1888 4268 quo

297 4288 384 4344 lex
414 4289 610 4359 incepit
633 4305 648 4344 :
669 4289 868 4344 etenim
897 4289 1026 4345 illud
1057 4290 1231 4360 ipsum
1258 4290 1602 4346 concordiam
1630 4289 1883 4345 ostendit.

295 4378 392 4434 92.
418 4378 533 4450 Ego
561 4389 728 4433 autem
763 4379 878 4434 dico
903 4379 1069 4442 vobis,
1098 4381 1339 4447 quoniam
1364 4380 1449 4452 qui
1476 4381 1722 4436 irascitur
1740 4382 1889 4451 fratri

295 4487 390 4526 sna
415 4481 619 4526 temere
638 4513 653 4538 ,
694 4488 812 4526 reus
839 4473 933 4527 erit
949 4472 1170 4542 judicio.
1209 4472 1392 4528 Vidisti
1423 4471 1712 4543 perfectam
1741 4481 1888 4541 pote-

295 4565 534 4620 statem?
553 4565 728 4621 vidisti
755 4565 975 4621 modum
997 4565 1288 4636 legislatori
1309 4575 1700 4636 competentem
1716 4564 1739 4617 ?
1758 4565 1889 4633 Quis

295 4659 443 4714 enim
489 4657 869 4730 prophetarum
908 4659 988 4715 sic
1031 4673 1280 4729 umquam
1323 4658 1574 4729 loquutus
1616 4657 1742 4714 est?
1771 4658 1889 4728 quis

294 4751 604 4820 iustorum?
645 4751 766 4820 quis
813 4751 1276 4821 patriarcharum?
1315 4749 1502 4804 Nullus
1545 4764 1711 4816 sane;
1753 4749 1884 4814 sed,

304 4841 432 4896 Hec
460 4842 582 4896 dicit
606 4841 877 4897 Dominus.
905 4842 1104 4898 Verum
1131 4858 1238 4898 non
1266 4843 1338 4898 ita
1365 4842 1553 4900 Filius.
1579 4842 1662 4898 Illi
1689 4843 1889 4914 quippe

301 4933 517 4988 Domini
546 4932 707 4988 verba
730 4933 1096 5003 pronuntiant,
1127 4933 1213 4988 hic
1237 4933 1429 4989 Patris.
1457 4933 1589 4989 Cum
1615 4942 1793 4988 autem
1825 4947 1886 4988 ea

296 5040 419 5095 qua:
447 5025 639 5092 Patris,
665 5041 728 5080 ea
750 5041 869 5096 qua:
892 5025 1036 5083 illius
1054 5035 1178 5081 sunt
1200 5026 1340 5082 dico.
1362 5025 1481 5080 Mea
1504 5027 1668 5090 enim,
1698 5027 1888 5096 inquit,

296 5132 390 5172 tua
411 5128 552 5186 sunt,
584 5129 632 5174 et
657 5129 747 5174 tua
765 5136 876 5174 mea
901 5129 1018 5174 sunt
1047 5118 1226 5191 (Joan.
1254 5121 1341 5174 Π.
1371 5119 1484 5187 1ο).
1510 5119 1588 5174 llli
1616 5119 1890 5174 conservis

298 5213 474 5282 legem
505 5211 780 5278 ferebant,
813 5211 899 5268 hic
925 5213 1097 5268 servis
1134 5211 1265 5267 suis.
1308 5211 1703 5283 lnterrogemus
1732 5213 1892 5284 igitur

300 5321 399 5360 eos
425 5304 516 5375 qui
539 5315 777 5360 veterem
808 5305 974 5374 legem
1002 5303 1316 5375 explodunt.
1347 5301 1464 5358 Non
1493 5302 1650 5359 irasci
1692 5312 1748 5358 et
1783 5318 1889 5359 non

301 5397 548 5453 occidere
575 5396 914 5452 contrariane
936 5405 1084 5460 sunt,
1109 5411 1287 5451 annon
1314 5394 1490 5466 potius
1516 5395 1618 5452 hoc
1641 5395 1786 5450 illitts
1811 5405 1894 5452 est

303 5489 566 5561 perfectio
611 5497 668 5544 et
709 5486 1202 5558 complementum?
1246 5487 1428 5542 Palam
1475 5496 1558 5543 est
1603 5486 1706 5541 hoc
1749 5486 1893 5542 illius

304 5595 429 5636 esse
447 5580 928 5653 comMementum,
949 5579 1176 5651 ideoque
1194 5577 1390 5650 majus.
1411 5578 1545 5635 Nam
1565 5579 1658 5651 qui
1681 5579 1734 5634 in
1757 5578 1892 5634 iram

376 5738 395 5769 ι
419 5737 578 5801 iuxta
597 5735 772 5786 Morel.
796 5735 1452 5801 legendum_esset,majora
1473 5735 1904 5801 requirunturgcer-

308 5794 512 5847 lamina.
542 5797 763 5863 [itaque
793 5794 941 5850 lectio
959 5799 1200 5860 quadrare
1224 5794 1399 5863 posset
1421 5811 1452 5863 ;_
1476 5794 1903 5863 vei-um_Sa_v_ilia-

309 5873 424 5911 nam
473 5860 625 5912 nobis
655 5858 1048 5927 amplectendam
1078 5874 1192 5913 esse
1225 5858 1418 5912 'series
1441 5858 1898 5927 ipsasuadet.Entr.

1427 390 1491 446 IN
1527 387 1936 448 MATTHIEUM
1975 387 2206 447 1101111..
2247 389 2384 446 XVI.

3482 399 3592 456 266

1967 547 1979 558 .
2006 519 2113 559 non
2132 506 2452 571 concitatur,
2475 506 2647 562 multo
2667 507 2836 579 magis
2857 523 2889 562 a
2914 509 3061 566 caede
3077 509 3366 567 abstinebit
3389 529 3402 566 :
3423 522 3479 569 et
3497 515 3592 583 qui

1996 595 2130 650 iram
2175 596 2391 663 frenat,
2440 600 2611 654 multo
2658 602 2827 671 magis
2872 615 3062 656 manus
3107 603 3382 659 retinebit.
3410 605 3588 662 Radix

1993 689 2137 743 enim
2164 689 2358 754 caedis,
2388 690 2490 745 ira.
2519 690 2620 759 Qui
2650 707 2780 764 ergo
2806 693 3046 749 radicem
3077 697 3342 752 exscindit
3367 737 3386 764 ,
3418 699 3592 754 multo

1993 779 2164 850 magis
2188 796 2368 837 ramos
2390 781 2596 838 auferet
2621 801 2633 835 :
2659 786 2769 838 imo
2793 799 2922 840 vero
2948 801 3121 856 neque
3149 789 3294 844 nasci
3325 789 3489 845 sinet.

2065 870 2118 926 6.
2147 870 2255 926 Lex
2271 882 2410 928 vetus
2431 874 2664 943 firmatur
2684 875 2982 946 Evangelia.
3006 877 3216 934 Creator
3244 881 3420 936 mundi
3437 881 3586 937 Chri-

1992 971 2070 1016 sto
2092 962 2146 1016 in
2177 961 2386 1019 Patrem
2407 966 2712 1021 vindicatur.
2741 966 2810 1022 In
2833 968 2942 1040 lege
2965 971 3116 1024 veteri
3144 988 3246 1026 non
3267 981 3342 1026 est
3365 973 3587 1028 crudeli-

1993 1061 2090 1107 tas.
2119 1052 2227 1108 Lai:
2244 1071 2358 1126 qua:
2376 1057 2564 1110 scelera
2585 1059 2768 1128 plectat
2787 1061 3070 1115 necessaria
3089 1072 3181 1117 est.
3204 1094 3274 1104 —
3287 1063 3402 1119 Non
3425 1065 3588 1136 igitur

1993 1143 2059 1197 ad
2085 1143 2218 1214 legis
2243 1145 2664 1216 abrogationem,
2695 1150 2788 1205 sed
2817 1151 2884 1206 ad
2905 1152 3163 1222 majorem
3186 1153 3588 1228 facilioremque

1992 1237 2107 1304 ejus
2131 1237 2424 1292 custodiam
2445 1279 2461 1304 ,
2492 1238 2588 1294 has
2615 1240 2874 1297 afferebat
2902 1243 3066 1314 leges.
3094 1245 3232 1314 Quid
3259 1248 3402 1303 enim
3433 1250 3586 1305 vole-

1993 1325 2085 1382 bat
2111 1327 2196 1384 lex
2219 1343 2340 1384 cum
2372 1331 2487 1386 haec
2515 1333 2865 1404 praeciperet?
2911 1337 3105 1393 Annon
3133 1348 3190 1394 ut
3220 1354 3380 1395 nemo
3409 1342 3590 1412 proxi-

1993 1433 2140 1474 mum
2184 1435 2342 1477 suum
2394 1424 2711 1481 occideret?
2777 1427 2940 1498 Igitur
2986 1429 3409 1502 impugnatorem
3454 1433 3588 1506 lqis

1992 1507 2277 1568 homicidia
2302 1524 2614 1582 oportuerat
2637 1517 2901 1587 imperare
2930 1537 2944 1574 :
2974 1535 3096 1576 nam
3125 1523 3374 1580 occidere
3395 1534 3452 1580 et
3477 1541 3582 1580 non

1989 1600 2238 1658 occidere
2283 1606 2548 1661 contraria
2595 1617 2751 1673 sunt;
2801 1613 2846 1666 si
2893 1626 3021 1667 vero
3062 1629 3132 1669 ne
3173 1614 3330 1671 irasci
3367 1617 3583 1688 quidem

1992 1695 2300 1763 permittat,
2337 1695 2470 1752 illud
2515 1699 2801 1768 perfectius
2828 1704 3013 1759 statuit
3054 1705 3194 1776 quod
3235 1707 3319 1762 lex
3351 1707 3582 1765 volebat.

1991 1787 2105 1843 Non
2129 1789 2272 1844 enim
2292 1792 2515 1862 perinde
2539 1794 2827 1851 abstinebit
2845 1812 2877 1852 a
2897 1797 3064 1863 caede,
3090 1799 3181 1869 qui
3205 1814 3312 1854 non
3339 1801 3586 1858 occidere

1992 1880 2312 1949 meditatur,
2343 1893 2504 1955 atque
2544 1886 2634 1941 ille
2672 1887 2763 1957 qui
2805 1889 2936 1943 iram
2980 1889 3229 1956 sustulit,
3263 1891 3348 1946 hic
3388 1893 3586 1964 quippe

1992 1973 2203 2044 longius
2228 1975 2379 2030 alxest
2405 1993 2434 2030 a
2462 1978 2551 2032 tali
2579 1979 2832 2036 facinore.
2865 1981 2932 2036 Ut
2955 1991 3132 2038 autem
3160 1983 3277 2038 illos
3296 1983 3403 2039 alio
3424 1985 3586 2039 modo

1991 2071 2357 2138 confutemus,
2389 2089 2452 2129 ea
2481 2091 2602 2146 qute
2639 2077 2822 2132 dicunt
2859 2079 3191 2148 proferamus
3230 2079 3281 2134 in
3324 2080 3581 2136 medium.

1991 2167 2246 2234 Quaenam
2275 2169 2463 2226 dicunt
2488 2171 2684 2241 igitur?
2709 2171 2876 2228 Deum
2903 2172 2994 2243 qui
3025 2171 3279 2230 mundum
3309 2173 3465 2241 fecit,
3495 2175 3585 2245 qui

1992 2259 2160 2313 solem
2188 2259 2316 2314 oriri
2348 2260 2474 2315 facit
2498 2275 2659 2330 super
2688 2260 2900 2332 iniquos
2925 2270 2980 2318 et
3004 2261 3195 2329 honos,
3223 2263 3313 2334 qui
3338 2264 3474 2333 pluit
3497 2278 3588 2318 su-

1993 2364 2088 2417 per
2124 2351 2297 2418 justos
2327 2362 2380 2406 et
2421 2353 2646 2421 injustos
2671 2357 2694 2426 (
2719 2353 2904 2408 Matth.
2933 2354 2986 2408 5.
3016 2355 3126 2426 45)
3155 2396 3170 2419 ,
3208 2369 3332 2411 esse
3361 2355 3583 2410 malum.

1991 2442 2090 2509 Qui
2119 2457 2246 2498 vero
2271 2443 2660 2500 moderatiores
2681 2445 2820 2515 apud
2848 2445 2966 2500 illos
2988 2455 3115 2502 sunt
3141 2447 3243 2504 hoc
3268 2450 3583 2521 repudiant;

1991 2534 2118 2588 dum
2146 2543 2325 2590 autem
2355 2535 2538 2590 dicunt
2569 2535 2714 2591 illum
2745 2553 2866 2593 esse
2897 2538 3100 2608 justum
3127 2581 3144 2608 ,
3175 2541 3373 2598 bonum
3403 2553 3584 2600 tamen

1991 2640 2114 2681 esse
2143 2635 2354 2694 negant.
2407 2627 2581 2681 Alium
2621 2642 2752 2683 vero
2780 2628 3062 2698 quemdam
3088 2672 3102 2694 ,
3135 2634 3224 2702 qui
3252 2649 3379 2690 vere
3406 2636 3586 2692 nullus

1993 2726 2096 2781 cst,
2121 2726 2172 2771 et
2199 2717 2288 2787 qui
2310 2717 2440 2774 nihil
2463 2718 2682 2786 creavit,
2707 2718 2920 2775 Christo
2939 2720 3068 2776 dant
3090 2721 3323 2778 Patrem.
3347 2723 3416 2779 Et
3437 2724 3582 2780 illum

1990 2809 2207 2880 quidem
2235 2825 2340 2866 non
2372 2811 2570 2866 bonum
2609 2812 2660 2866 in
2689 2812 2847 2867 rebus
2875 2812 2942 2868 ad
2970 2827 3030 2868 se
3059 2815 3444 2882 pertinentibus
3473 2833 3586 2872 ma-

1991 2915 2162 2966 nere.
2205 2911 2260 2956 et
2304 2917 2396 2956 sua
2440 2917 2762 2958 conservare
2805 2903 2990 2958 dicunt
3019 2921 3032 2958 :
3060 2905 3259 2960 bonum
3305 2918 3484 2963 autem
3529 2910 3583 2964 in

1991 2995 2160 3050 aliena
2192 2995 2396 3051 irruere
2416 3037 2430 3058 .
2462 3011 2754 3067 eorumque
2777 3039 2792 3062 ,
2821 3013 3048 3066 quorum
3087 2999 3202 3068 ipse
3235 3010 3447 3056 creator
3475 3019 3583 3058 non

1991 3094 2107 3150 est,
2140 3095 2363 3156 repente
2391 3087 2529 3142 velle
2565 3098 2896 3144 servatorem
2925 3105 3068 3146 esse.
3115 3090 3358 3148 Vidistin‘
3386 3094 3581 3150 diaboli

1992 3175 2168 3242 ﬁlios,
2215 3178 2484 3248 quomodo
2527 3193 2592 3234 ex
2639 3179 2805 3248 patris
2849 3180 2932 3236 sui
2974 3181 3210 3238 fontibus
3257 3184 3583 3256 loquantur,

1990 3270 2203 3337 quando
2227 3271 2552 3327 creationem
2574 3287 2604 3326 a
2639 3271 2748 3326 Deo
2773 3273 3032 3339 alienant,
3063 3289 3184 3330 cum
3215 3286 3390 3332 tamen
3413 3277 3582 3334 Joan-

1991 3375 2087 3415 nes
2112 3362 2308 3417 clamet
2336 3381 2348 3414 :
2378 3361 2446 3416 In
2476 3364 2684 3434 propria
2723 3365 2854 3418 vertit
2873 3403 2890 3428 ,
2934 3371 2988 3417 et
3017 3359 3246 3421 Mundus
3287 3385 3380 3436 per
3413 3370 3583 3441 ipsum

1991 3458 2157 3524 factus
2185 3465 2258 3507 est
2283 3455 2303 3522 (
2323 3454 2478 3508 Joan.
2516 3456 2568 3510 ί.
2600 3455 2659 3510 ll
2688 3454 2706 3522 )
2730 3455 2753 3508 ?
2783 3455 2985 3511 Deinde
3011 3457 3184 3527 legem
3213 3461 3585 3518 examinantes

1991 3557 2265 3612 veterem,
2291 3563 2391 3617 qua
2417 3546 2638 3618 jubetur
2660 3547 2874 3602 oculum
2904 3561 3000 3617 pro
3025 3540 3180 3604 oculo
3203 3589 3218 3614 ,
3244 3549 3460 3606 dentem
3488 3569 3584 3622 pro

1989 3638 2152 3695 dente
2180 3639 2355 3704 evelli,
2386 3639 2564 3694 statim
2599 3644 2900 3710 irrumpunt
2921 3649 2978 3695 et
3003 3641 3187 3697 dicunt
3216 3659 3231 3696 :
3263 3642 3331 3697 Et
3356 3659 3580 3714 quoum-

1989 3733 2059 3789 do
2086 3736 2253 3804 possit
2280 3735 2326 3790 is
2353 3734 2444 3805 qui
2471 3733 2586 3790 lucc
2610 3735 2758 3800 dicit,
2789 3751 2910 3792 esse
2937 3735 3146 3793 bonus?
3171 3737 3306 3806 Quid
3334 3739 3492 3810 igitur
3515 3741 3582 3796 ad

1991 3825 2108 3881 hare
2129 3825 2408 3881 dicamus?
2436 3825 2588 3882 Hane
2624 3828 2911 3882 maximam
2941 3845 3062 3883 esse
3091 3829 3430 3899 benignitatis
3455 3844 3580 3900 spe-

1989 3920 2148 3974 ciem.
2179 3918 2291 3973 Non
2321 3920 2462 3974 enim
2486 3928 2544 3974 ut
2568 3934 2666 3973 nos
2689 3921 2920 3975 vicissim
2943 3921 3126 3976 oculos
3149 3937 3418 3987 eruamus,
3446 3923 3585 3978 hanc

1991 4011 2169 4080 posuit
2212 4011 2416 4079 legem;
2457 4011 2550 4064 sed
2583 4020 2641 4064 ut
2667 4020 2812 4066 metu
2855 4012 2997 4080 paris
3037 4011 3338 4082 iulligendzr
3369 4027 3539 4082 pana:
3560 4053 3580 4082 ,

1990 4102 2353 4157 abstineamus
2391 4110 2444 4156 et
2483 4102 2575 4155 tali
2614 4116 2738 4172 erga
2772 4102 2906 4157 alios
2935 4102 3189 4159 facinore.
3223 4103 3580 4171 Quemadmo-

1988 4194 2116 4249 dum
2150 4195 2311 4250 etiam
2354 4193 2597 4249 Ninivitis
2626 4194 2895 4250 excidium
2921 4196 3275 4252 comminatus
3311 4205 3395 4253 est
3417 4239 3433 4261 ,
3473 4213 3580 4253 non

1990 4298 2049 4342 ut
2079 4288 2196 4344 illos
2226 4286 2473 4357 perderet
2497 4287 2642 4358 (nam
2668 4287 2712 4342 si
2741 4287 2792 4342 id
2821 4287 3097 4351 voluisset,
3127 4297 3306 4345 tacere
3330 4299 3581 4360 oportue-

1991 4381 2114 4449 rat);
2135 4379 2227 4434 sed
2253 4387 2310 4433 ut
2329 4390 2472 4434 metu
2493 4379 2741 4436 meliores
2763 4378 2931 4436 factos
2953 4379 3163 4448 videns,
3181 4383 3314 4437 iram
3334 4382 3579 4440 sedaret:

1991 4472 2068 4526 sic
2091 4472 2252 4526 etiam
2280 4470 2377 4535 iis,
2406 4470 2497 4540 qui
2525 4479 2727 4526 temere
2757 4471 2808 4525 in
2836 4470 3062 4526 aliorum
3089 4472 3274 4528 oculos
3302 4473 3580 4541 involant,

1990 4562 2306 4634 suppliciqu
2333 4561 2588 4627 adduxit;
2617 4571 2676 4617 ut
2697 4563 2742 4617 si
2769 4577 2832 4618 ex
2856 4561 2998 4618 bono
3017 4563 3294 4634 proposito
3316 4565 3587 4622 noluerint

1991 4670 2020 4708 a
2053 4654 2142 4708 tali
2173 4653 2490 4708 crudelitate
2519 4652 2821 4721 abstinere,
2850 4664 2995 4710 metu
3029 4664 3204 4710 tamen
3234 4665 3588 4711 coerceantur

1992 4763 2060 4801 ne
2090 4747 2273 4802 oculos
2313 4745 2541 4816 proximi
2585 4747 2802 4804 laedant.
2845 4746 2901 4802 Si
2940 4762 3100 4818 porro
3139 4748 3266 4804 illud
3293 4749 3584 4805 crudelitas

1991 4842 2100 4906 sit,
2129 4841 2346 4898 crudele
2369 4842 2494 4898 item
2521 4843 2621 4896 erit
2643 4884 2658 4908 ,
2693 4841 3010 4897 homicidam
3040 4842 3295 4899 cohibere
3314 4883 3329 4911 ,
3362 4852 3418 4898 et
3444 4859 3584 4901 mte-

1989 4937 2151 4991 chum
2177 4949 2382 4995 arcere.
2412 4937 2482 4990 At
2509 4936 2794 4992 stultorum
2823 4935 2938 4991 haec
2965 4935 3128 4991 verba
3155 4945 3298 5001 sunt,
3327 4947 3384 4992 et
3407 4945 3586 4994 extre-

1993 5043 2082 5081 mo
2102 5026 2286 5082 furore
2304 5038 2606 5097 captorum.
2635 5027 2747 5097 Ego
2766 5027 2909 5082 enim
2934 5035 3137 5082 tantum
3158 5027 3312 5084 abest
3331 5039 3390 5082 ut
3409 5027 3583 5084 dicam

1993 5118 2108 5174 haec
2125 5132 2248 5174 esse
2269 5117 2661 5181 crudelitatem,
2683 5126 2741 5171 ut
2768 5117 2852 5172 his
2877 5119 3141 5174 contraria
3163 5117 3458 5174 secundum
3485 5119 3584 5176 hu.

1995 5224 2213 5265 manum
2251 5207 2588 5263 ratiociniqu
2628 5208 2892 5263 affirmem
2931 5208 3109 5279 iniqua
3140 5222 3280 5265 esse.
3328 5208 3410 5265 Tu
3438 5210 3584 5265 enim

1993 5301 2128 5356 dicis
2168 5299 2289 5356 ideo
2316 5299 2587 5356 crudelem
2616 5314 2737 5354 esse
2759 5341 2774 5366 ,
2805 5300 2946 5370 quod
2983 5299 3206 5368 jusserit
3233 5301 3446 5356 oculum
3487 5316 3587 5372 pro

1994 5393 2153 5448 oculo
2178 5406 2403 5458 eruere;
2435 5407 2536 5462 ego
2559 5403 2740 5448 autem
2766 5391 2887 5447 dico
2908 5435 2924 5460 ,
2952 5394 3000 5449 si
3031 5407 3138 5448 non
3168 5391 3271 5448 hoc
3293 5392 3546 5462 jussisset
3567 5435 3584 5458 ,

1995 5497 2124 5543 tunc
2143 5485 2416 5542 videretur
2445 5485 2627 5540 multis
2652 5486 2696 5541 is
2722 5501 2865 5554 esse,
2897 5502 3056 5557 quem
3087 5496 3143 5540 tu
3172 5487 3272 5540 ais.
3303 5485 3584 5556 Suppone-

1995 5593 2116 5632 mus
2137 5577 2281 5632 enim
2303 5584 2468 5630 totam
2491 5577 2660 5645 legem
2676 5575 2987 5647 abrogatam
3010 5575 3195 5640 fuisse,
3215 5575 3588 5645 neminemque

1997 5671 2188 5724 timere
2213 5667 2532 5738 supplicium
2556 5667 2610 5723 in
2638 5668 2724 5723 illa
2752 5667 3008 5726 indictum
3037 5686 3052 5724 :
3080 5666 3174 5724 sed
3201 5666 3364 5723 licere
3385 5666 3588 5723 faemo-

1996 5758 2134 5814 rosis
2153 5757 2401 5814 omnibus
2420 5773 2540 5813 cum
2566 5758 2813 5815 libertate
2831 5759 3070 5814 moribus
3089 5759 3163 5814 uti
3189 5758 3334 5826 suis;
3363 5758 3588 5816 macilis

2003 5866 2216 5924 nempe,
2247 5851 2546 5923 homicidis,
2574 5851 2804 5921 furibus,
2830 5851 3081 5925 perjuris,
3110 5851 3389 5924 parricidis
3418 5866 3587 5909 :non—
