4052 6438
503 385 614 442 ΣΠ

508 521 577 560 ne
606 504 784 559 omnia
815 515 906 557 sus
931 501 1105 571 deque
1124 505 1481 565 verterentur,
1505 507 1560 552 et
1586 495 1880 551 innumeris
1906 494 2100 548 facino-
2129 520 2140 528 -

509 596 660 650 ribus
689 605 847 664 atque
877 591 1111 646 c:edihus
1139 588 1322 655 urbes,
1353 589 1485 652 lora,
1515 587 1730 651 domus,
1759 600 1926 650 mare,
1959 595 2098 638 terra

505 697 560 744 et
602 695 746 740 totus
790 685 935 738 orbis
973 682 1351 753 replerentur?
1395 680 1506 734 lloc
1551 679 1749 733 nemini
1780 691 1884 731 non
1915 685 2098 730 notum

505 789 606 834 est.
653 779 709 832 Si
737 777 879 832 enim
909 775 1174 831 stantibus
1202 774 1408 844 legibus
1431 781 1486 827 et
1509 772 1698 827 timore
1718 780 1879 840 atque
1901 767 2060 824 minis
2080 807 2096 832 ,

503 871 589 924 vix
636 869 882 940 maligme
928 867 1232 928 voluntates
1275 874 1595 921 coercentur
1630 881 1644 916 :
1681 862 1728 917 si
1768 861 1884 916 hare
1923 859 2098 914 ablata

500 963 691 1017 fuisset
727 961 943 1026 cautio,
969 960 1095 1030 quid
1134 959 1420 1030 impediret
1449 972 1515 1011 ne
1545 956 1742 1010 malitia
1787 953 2096 1009 dominare-

497 1056 626 1109 tur?
649 1062 844 1124 quanta
870 1069 973 1107 non
994 1052 1158 1122 pestis
1178 1052 1230 1106 in
1252 1051 1537 1105 humanam
1553 1049 1713 1101 vitam
1729 1045 2098 1117 grassaretur?

499 1145 685 1217 Neque
705 1147 848 1201 enim
877 1145 926 1201 id
954 1145 1125 1200 solum
1151 1143 1366 1199 crudele
1393 1154 1566 1203 esset,
1597 1141 1641 1195 si
1669 1140 1948 1194 facinerosi
1976 1152 2094 1209 qua:

500 1239 700 1294 vellent
737 1251 897 1308 agere
938 1237 1408 1307 permitterentur;
1459 1233 1554 1288 sed
1591 1242 1646 1288 et
1683 1231 1825 1287 aliud
1863 1232 1955 1288 illo
1984 1247 2094 1287 non

502 1332 679 1384 minus
707 1312 1063 1399 perniciosum
1093 1327 1255 1394 foret,
1280 1329 1323 1383 si
1348 1327 1439 1398 qui
1468 1326 1600 1381 nihil
1627 1325 1873 1390 laesisset,
1900 1334 1956 1381 et
1975 1324 2093 1379 sine

496 1435 657 1477 causa
690 1421 828 1476 male
859 1434 1048 1490 passus
1071 1429 1254 1486 esset,
1287 1419 1404 1475 sine
1427 1419 1627 1474 auxilio
1654 1426 1895 1474 maneret
1917 1428 1972 1473 et
1997 1431 2091 1473 ne-

494 1514 802 1584 gligeretur.
851 1512 947 1567 Dic
983 1514 1129 1568 enim
1169 1512 1340 1578 mihi,
1383 1512 1427 1567 si
1467 1511 1587 1582 quis
1627 1511 1916 1565 sceleratos
1948 1510 2091 1564 viros

495 1606 729 1676 undique
756 1605 1013 1675 colligens
1041 1615 1097 1661 et
1121 1605 1313 1676 gladiis
1345 1606 1592 1660 muniens
1615 1647 1628 1670 ,
1659 1605 1872 1674 juberet
1902 1604 2087 1660 urbem

497 1707 665 1752 totam
687 1699 970 1753 circumire
991 1705 1046 1753 et
1075 1697 1264 1752 obvios
1285 1711 1523 1768 quosque
1561 1696 1848 1761 trucidare,
1872 1712 1940 1751 an
1962 1696 2087 1767 quid

494 1800 678 1862 posset
703 1791 987 1845 immanius
1007 1791 1336 1862 excogitari?
1355 1789 1552 1845 Contra
1575 1804 1704 1844 vero
1726 1789 1770 1844 si
1792 1791 1912 1859 quis
1930 1790 2083 1854 alius,

492 1896 731 1940 armatos
771 1885 892 1940 illos
935 1885 1163 1939 vinculis
1199 1885 1519 1939 constrictos
1560 1885 1613 1939 in
1653 1899 1922 1939 carcerem
1965 1898 2086 1938 cum

488 1977 830 2033 vehementia
853 1979 1115 2042 traderet,
1139 1978 1258 2033 illos
1278 1988 1454 2033 autem
1476 1979 1564 2048 qui
1587 1993 1711 2032 mox
1733 1976 2084 2032 interficiendi

487 2079 680 2137 erant,
726 2085 794 2124 ex
838 2070 1143 2140 iniquorum
1193 2070 1440 2123 manibus
1482 2068 1788 2139 abriperet,
1821 2083 1948 2122 num
1994 2067 2088 2122 illo

489 2161 782 2218 humanius
808 2163 1079 2232 quidpiam
1106 2162 1210 2217 diei
1234 2161 1439 2232 possit?
1478 2161 1603 2216 Hac
1633 2161 1792 2231 igitur
1816 2160 1882 2215 ad
1913 2160 2084 2230 legem

490 2252 722 2308 transfer
755 2254 1023 2323 exempla.
1063 2253 1197 2307 Nam
1233 2253 1322 2322 qui
1356 2253 1508 2320 jubet
1545 2253 1756 2306 oculum
1798 2266 1894 2321 pro
1929 2251 2085 2306 oculo

484 2357 712 2408 eruere,
741 2357 840 2398 ceu
882 2343 1151 2398 vinculum
1180 2341 1449 2412 quoddam
1480 2343 1692 2397 ﬁrmum
1720 2342 1771 2396 in
1813 2341 2082 2396 facinoro-

483 2452 669 2492 sorum
697 2437 904 2492 animos
918 2437 1164 2507 eonjecit,
1180 2437 1340 2506 eique
1357 2436 1548 2490 similis
1573 2443 1673 2500 est,
1689 2434 1777 2505 qui
1791 2433 1978 2504 gladiis
1995 2449 2084 2488 ar-

480 2538 660 2582 matos
687 2528 807 2583 illos
821 2529 1057 2582 coercuit
1079 2544 1094 2582 ε
1108 2527 1197 2598 qui
1209 2541 1340 2581 vero
1355 2526 1483 2580 nulli
1510 2525 1784 2580 addiceret
1797 2525 2076 2596 supplicio,

486 2624 586 2676 hac
614 2622 826 2676 licentia
855 2636 990 2690 pene
1011 2621 1160 2674 illum
1191 2629 1444 2684 armaret,
1479 2619 1735 2689 illumque
1762 2619 2076 2682 imitaretur,

483 2713 573 2782 qui
603 2719 836 2765 armatos
863 2711 1050 2779 gladiis
1071 2711 1216 2765 viros
1259 2725 1354 2780 per
1395 2717 1558 2764 totam
1591 2709 1774 2763 urbem
1825 2709 2076 2762 mitteret.

556 2804 610 2856 7.
650 2802 779 2869 Ipsa
805 2802 1028 2872 antiqua:
1065 2801 1188 2870 legis
1218 2810 1470 2871 prwcepta
1507 2799 1723 2870 benigna
1761 2807 1900 2853 sunt.
1935 2797 2080 2852 Unus

481 2895 716 2964 idemque
741 2905 814 2948 est
843 2895 1103 2960 utriusque
1125 2892 1434 2948 Testamenti
1462 2892 1743 2963 legislator.
1779 2922 1850 2932 —
1890 2891 2078 2947 Viden’

483 2986 756 3058 quomodo
773 3003 875 3041 non
897 2987 1232 3051 crudelitate,
1254 2987 1349 3041 sed
1367 2985 1694 3055 benignitate
1713 2999 1901 3055 magna
1919 2984 2075 3054 plena

482 3083 592 3135 sint
619 3081 925 3151 praecepta?
965 3081 1020 3136 Si
1041 3096 1176 3135 vero
1206 3089 1486 3150 propterea
1516 3078 1871 3149 legislaturem
1903 3079 2075 3134 mole-

482 3183 624 3228 stum
655 3187 1050 3241 onerosumque
1074 3187 1253 3236 vocas,
1284 3172 1412 3243 quid
1443 3171 1718 3227 molestius
1736 3213 1751 3234 ,
1779 3186 1991 3242 quasso,
2021 3181 2076 3226 et

481 3267 608 3336 quid
636 3267 917 3322 onerosius
943 3266 1043 3330 sit,
1077 3280 1182 3320 nou
1207 3265 1471 3328 occidere,
1501 3279 1567 3318 an
1592 3279 1699 3319 non
1726 3264 1920 3319 irasci?
1945 3264 2076 3331 Quis

482 3361 740 3423 severior,
773 3357 863 3430 qui
893 3357 1162 3414 homicidii
1195 3371 1381 3427 pmnas
1407 3356 1623 3426 repetit,
1650 3371 1717 3410 an
1742 3355 1831 3427 qui
1857 3357 2073 3412 iracun-

469 3453 621 3507 dim?
648 3452 738 3522 qui
764 3449 1032 3506 moechum
1058 3461 1180 3521 post
1204 3459 1472 3520 peractam
1498 3464 1636 3516 rem,
1663 3447 1926 3519 supplicio
1947 3449 2073 3503 sub-

481 3543 595 3614 jicit
617 3584 632 3607 ,
663 3558 728 3596 an
761 3542 850 3612 qui
892 3541 1059 3611 ipsius
1085 3540 1534 3610 concupiscentiae
1555 3540 1706 3610 jubet
1732 3540 1863 3596 dare
1886 3555 2073 3611 poenas

470 3644 540 3688 et
579 3648 766 3704 ptenas
807 3632 1177 3706 immortales?
1221 3630 1449 3698 Videte,
1496 3631 1548 3686 in
1591 3632 1917 3686 contrarium
1967 3631 2073 3687 illis

480 3739 801 3780 conversum
829 3738 948 3779 esse
977 3738 1301 3779 sermonem.
1344 3722 1478 3779 Nam
1509 3724 1707 3778 veteris
1734 3724 1868 3795 legis
1894 3724 2034 3780 Deus
2053 3767 2070 3790 ,

480 3831 640 3888 quem
672 3816 770 3886 ipsi
796 3815 982 3870 dicunt
1007 3814 1281 3870 crudelem
1310 3829 1462 3880 esse,
1493 3823 1806 3869 mansuetus
1832 3816 2072 3870 invenie-

483 3919 604 3972 tur;
652 3923 803 3962 novaa
841 3916 1018 3962 autem
1050 3907 1182 3977 legis
1208 3908 1378 3974 Deus,
1410 3923 1571 3979 quem
1597 3922 1717 3962 esse
1744 3907 1940 3963 bonum
1973 3909 2071 3980 ipsi

481 4001 712 4054 fatentur
737 4040 752 4065 ,
801 3999 1060 4054 molestus
1107 4007 1162 4053 et
1211 4013 1470 4054 onerosus
1514 3999 1807 4054 secundum
1857 3999 2071 4054 illorum

479 4092 779 4146 stultitiam.
833 4088 942 4144 Nos
985 4091 1182 4160 quippe
1228 4105 1392 4145 unum
1437 4090 1794 4161 eumdemque
1845 4090 2072 4146 dicimus

480 4183 757 4249 utriusque
787 4181 1112 4236 Tesuuuenti
1144 4181 1504 4251 legislaturem
1523 4223 1538 4245 ,
1568 4181 1658 4251 qui
1686 4181 1865 4235 omnia
1895 4191 1953 4235 ut
1979 4183 2072 4237 de-

467 4272 636 4326 cebat
659 4271 1021 4341 dispensavit,
1049 4282 1106 4326 et
1133 4282 1436 4342 temporum
1459 4271 1758 4326 discrimini
1791 4273 2072 4343 utriusque

470 4363 614 4433 \legis
659 4362 1014 4418 dilferentiam
1058 4363 1278 4432 aptavit.
1330 4363 1492 4433 Igitur
1527 4377 1628 4416 nec
1671 4363 1758 4416 illa
1803 4374 2096 4435 praecepta'

466 4455 738 4523 crudelia,
764 4469 940 4526 neque
965 4455 1082 4510 lure
1103 4471 1332 4511 onerosa
1356 4457 1439 4511 vel
1459 4455 1706 4522 molosta,
1731 4457 1826 4512 sed
1847 4467 2072 4529 utraque

477 4549 548 4605 ab
589 4563 694 4604 una
737 4548 1029 4619 eademque
1067 4549 1399 4620 providentia
1441 4549 1870 4619 proficiscuntur.
1917 4552 2070 4621 Quod

466 4640 622 4694 enim
680 4639 799 4709 ipse
851 4647 1088 4695 veterem
1138 4656 1357 4712 quoque
1406 4642 1576 4712 legem
1627 4643 1877 4709 dederit,
1935 4644 2064 4700 audi

475 4732 800 4804 prophetam
833 4731 1136 4799 dicentem,
1179 4734 1289 4790 imo
1321 4735 1634 4804 (dicendum
1666 4740 1790 4807 est)
1822 4747 1877 4792 et
1911 4736 2061 4792 illum

477 4835 533 4880 ct
565 4827 888 4896 prophetam
930 4845 943 4881 :
993 4825 1288 4896 Disponam
1330 4829 1471 4883 vobis
1520 4839 1924 4893 testamentum,
1958 4846 2062 4883 non

477 4920 766 4974 secundum
818 4929 1191 4976 testamentum
1242 4922 1381 4993 quod
1426 4923 1671 4991 disposui
1709 4923 1948 4992 patribus
1981 4939 2098 4976 uer

480 5007 600 5058 stris
627 5005 648 5074 (
667 5008 777 5060 Jer.
805 5008 894 5062 51.
917 5007 1007 5062 3i.
1035 5008 1106 5064 32
1127 5008 1171 5079 ).
1208 5008 1362 5076 Quod
1397 5009 1444 5064 si
1489 5012 1591 5064 hoc
1629 5025 1736 5064 non
1777 5011 1995 5081 recipiat
2026 5013 2072 5067 is

478 5098 570 5166 qui
610 5097 1036 5153 hlaniclueorum
1056 5100 1246 5156 morbo
1270 5099 1477 5156 laborat
1501 5100 1581 5170 (τι)
1601 5141 1613 5162 ,
1641 5100 1820 5156 audiat
1847 5103 2068 5156 Paulum

481 5189 584 5244 hoc
610 5191 785 5258 ipsum
813 5205 998 5246 rursus
1021 5192 1286 5248 dicentem
1312 5213 1326 5249 :
1352 5193 1606 5246 Abraham
1633 5195 1763 5247 enim
1785 5195 1911 5249 duos
1936 5196 2071 5264 filios

479 5283 656 5337 habuit
674 5301 694 5349 ;
720 5298 879 5336 unum
903 5285 966 5337 de
984 5285 1192 5350 ancilla,
1215 5296 1260 5338 et
1285 5301 1440 5339 unum
1461 5285 1526 5338 de
1548 5285 1726 5340 libera.
1748 5285 1882 5340 Haec
1901 5296 2071 5341 autem

479 5385 597 5428 sunt
620 5375 722 5428 duo
745 5384 1041 5429 testamenta
1061 5374 1258 5443 (Galat.
1285 5377 1338 5430 4.
1359 5376 1448 5430 22.
1471 5376 1584 5445 24).
1611 5376 2071 5444 Quemadmodum

479 5480 609 5535 ergo
633 5465 744 5520 illic
769 5464 993 5521 diversa:
1017 5476 1137 5520 sunt
1165 5466 1418 5523 mulieres
1435 5508 1450 5532 ,
1485 5484 1619 5522 unus
1645 5476 1822 5523 autem
1849 5469 1931 5524 vir
1957 5488 1969 5521 :
1993 5471 2072 5526 sic

479 5566 532 5609 et
571 5555 673 5610 hoc
712 5556 832 5610 loco
868 5557 974 5610 duo
1001 5558 1342 5612 Testamenta
1366 5599 1382 5623 ,
1414 5575 1550 5613 uitus
1580 5558 1868 5630 legislator.
1922 5561 1986 5616 Et
2015 5571 2072 5616 ut

479 5647 674 5714 discas,
707 5663 864 5702 unam
889 5650 1240 5720 eamdemque
1266 5649 1430 5706 fuisse
1457 5652 1736 5722 utrobique
1763 5664 2071 5708 mansuetu-

543 5783 618 5846 (a)
655 5785 894 5835 Maniebazi
936 5787 1000 5836 de
1047 5785 1228 5851 quibus
1267 5797 1384 5851 mos
1420 5781 1634 5848 loquitur
1684 5785 2070 5851 Chrysostomus,

484 5841 640 5894 Vetus
657 5853 1018 5896 Testamentum
1053 5841 1150 5895 non
1173 5841 1508 5897 admittebant".

1253 381 1309 440 S.
1347 380 1626 440 JOANNlS
1660 375 2134 440 CIIBYSOSTOMI
2171 376 2489 436 ARCHIEP.
2527 377 3060 438 CONSTANTINOP.

3707 389 3806 443 248

2213 493 2391 549 dinem
2423 512 2436 548 :
2465 494 2571 551 illic
2598 496 2812 566 quidem
2838 497 2990 561 dixit,
3023 495 3242 553 Oculum
3263 515 3357 570 pro
3381 502 3570 567 oculo;
3595 502 3684 560 hic
3711 521 3806 560 an.

2209 596 2314 639 tem
2345 607 2357 641 :
2384 585 2443 640 Si
2473 588 2585 656 quis
2611 596 2659 641 te
2682 589 2980 658 percusserit
2997 590 3052 642 in
3078 592 3340 645 maxillam
3361 593 3648 662 dexteram,
3673 607 3804 653 uerte

2205 677 2280 730 illi
2311 690 2360 730 et
2383 679 2612 732 alteram.
2654 680 3116 748 Quemadmodum
3141 687 3286 738 enim
3317 686 3425 740 illic
3454 688 3647 744 timore
3675 705 3800 761 sup-

2206 769 2347 837 plicii
2381 769 2661 825 laedentem
2689 773 2916 837 retinet;
2951 773 3036 828 hic
3061 790 3274 845 quoque
3299 778 3488 832 eodem
3518 779 3701 835 modo.
3738 783 3801 837 Et

2203 860 2491 928 quomodo,
2516 862 2745 932 inquies,
2765 878 2888 917 cum
2903 863 3090 933 jubeat
3111 865 3256 920 illum
3272 877 3326 922 et
3344 868 3499 922 aliam
3520 871 3800 939 praebere?

2202 953 2338 1020 Quid
2382 953 2484 1009 hoc
2513 954 2774 1010 tandem?
2815 956 2931 1012 Non
2964 959 3108 1012 enim
3146 969 3204 1014 ut
3238 969 3439 1016 metum
3478 965 3652 1019 solvat
3695 964 3798 1021 hoc

2201 1050 2476 1118 praecipit,
2508 1050 2602 1106 sed
2624 1050 2778 1121 jubet
2815 1052 3043 1122 praaberi
3081 1053 3182 1124 ipsi
3221 1054 3436 1109 modum
3474 1072 3534 1111 se
3572 1074 3797 1128 prorsus

2199 1141 2460 1207 satiandi;
2492 1157 2667 1212 neque
2692 1142 2827 1198 dixit
2851 1143 2998 1199 illum
3023 1144 3240 1214 impune
3264 1145 3398 1210 fore,
3428 1163 3614 1202 verum
3645 1159 3698 1202 tu
3727 1165 3798 1204 ne

2200 1234 2427 1303 punias;
2453 1235 2608 1289 simul
2635 1249 3006 1304 percussorem
3029 1237 3073 1291 si
3097 1238 3349 1306 persistat
3370 1241 3536 1310 magis
3558 1249 3793 1309 terrens,

2197 1334 2253 1379 et
2283 1340 2594 1394 percussum
2621 1327 2926 1381 consolans.
2971 1326 3168 1384 Verum
3213 1333 3329 1384 luee
3351 1369 3366 1394 ,
3406 1339 3462 1384 ut
3498 1331 3543 1385 si
3573 1332 3694 1399 quis
3739 1332 3791 1387 in

2197 1426 2508 1474 transcursu
2543 1418 2613 1474 de
2653 1420 2903 1474 omnibus
2937 1422 3220 1491 praeceptis
3260 1423 3537 1491 loquatur,
3568 1440 3597 1476 a
3635 1424 3790 1479 nobis

2196 1509 2338 1565 dicta
2376 1521 2556 1566 sunto.
2605 1510 2722 1566 Jam
2751 1511 2816 1565 ad
2849 1515 3178 1580 propositum
3212 1514 3388 1570 redire
3413 1529 3634 1571 necesse
3661 1525 3786 1581 est,

2195 1616 2404 1657 necnon
2435 1603 2632 1658 seriem
2665 1603 2811 1672 prius
2839 1603 3100 1658 dictorum
3131 1616 3396 1674 repetere.
3428 1607 3528 1672 Qui
3553 1609 3790 1661 irascitur

2195 1694 2344 1764 fratri
2368 1710 2460 1748 suo
2489 1702 2692 1749 temere
2711 1735 2725 1758 ,
2761 1710 2876 1747 reus
2901 1695 2994 1748 erit
3010 1695 3213 1766 judicio
3232 1739 3246 1762 ,
3277 1697 3463 1764 inquit.
3495 1696 3610 1752 Non
3641 1700 3786 1753 enim

2191 1803 2415 1858 prorsus
2449 1803 2564 1843 rem
2607 1787 2821 1842 sustulit
2846 1806 2857 1841 :
2891 1789 3066 1858 primo
3091 1830 3104 1852 ,
3129 1789 3252 1858 quia
3285 1805 3389 1843 non
3419 1799 3595 1858 potest
3625 1790 3791 1844 homo

2192 1879 2356 1933 animi
2398 1878 2676 1934 aﬁ‘ecubus
2719 1893 2937 1948 prorsus
2981 1879 3234 1944 liberari;
3267 1880 3359 1934 sed
3391 1881 3512 1936 illos
3549 1884 3788 1938 retinere

2191 1970 2408 2041 quidem
2439 1984 2720 2040 possumus
2739 2011 2754 2036 ,
2782 1971 2986 2040 absque
3010 1971 3114 2025 illis
3139 1972 3358 2026 omnino
3382 1986 3502 2027 esse
3526 1989 3630 2027 non
3658 1990 3785 2044 pos-

2191 2077 2409 2128 sumus;
2441 2062 2635 2118 deinde
2660 2105 2674 2128 ,
2711 2064 2834 2134 quia
2875 2065 2964 2119 ille
3000 2066 3163 2118 animi
3195 2075 3372 2120 motus
3401 2067 3546 2121 utilis
3573 2077 3656 2122 est
3678 2110 3694 2134 ,
3738 2070 3782 2123 si

2191 2156 2285 2211 illo
2325 2157 2559 2212 sciamus
2601 2167 2902 2227 opportune
2939 2159 3037 2213 uti.
3084 2159 3361 2229 Perpende
3401 2161 3545 2214 enim
3583 2173 3785 2232 quanta

2191 2249 2328 2303 bona
2350 2249 2590 2304 attulerit
2608 2249 2756 2305 Pauli
2779 2251 2856 2306 ira
2877 2260 3062 2305 contra
3083 2251 3409 2307 Corinthios.
3431 2251 3562 2307 Nam
3581 2264 3639 2308 et
3664 2254 3788 2309 illos

2188 2357 2218 2395 a
2248 2359 2436 2411 magna
2477 2352 2623 2412 peste
2653 2343 2930 2407 liberavit;
2976 2343 3280 2399 Galatarum
3307 2344 3432 2400 item
3457 2355 3673 2416 gentem
3706 2347 3787 2401 la-

2189 2449 2337 2503 psam
2384 2449 2482 2504 per
2510 2434 2648 2489 hanc
2676 2436 3043 2505 recuperavit,
3083 2436 3324 2506 aliosque
3365 2437 3580 2491 multos.
3625 2438 3785 2505 Quod

2185 2542 2314 2596 ergo
2350 2536 2560 2597 tempus
2606 2529 2700 2583 iraa
2725 2537 3083 2599 opportunum
3125 2529 3250 2584 est?
3277 2529 3500 2598 Quando
3535 2546 3642 2586 non
3680 2549 3784 2588 nos

2188 2620 2332 2687 ipsos
2374 2620 2719 2685 ulciscimur,
2751 2621 2847 2675 sed
2883 2620 3018 2674 alios
3057 2623 3358 2691 petulantes
3398 2623 3740 2691 reprimimu's
3763 2667 3779 2690 ,

2185 2708 2400 2764 desides
2427 2712 2808 2765 convertimus.
2833 2711 2986 2779 Quod
3017 2721 3225 2781 tempus
3247 2727 3352 2768 non
3378 2725 3739 2784 opportunum
3757 2718 3783 2768 ?

2183 2802 2409 2868 Quando
2437 2819 2536 2858 nos
2565 2803 2711 2873 ipsos
2739 2804 3056 2860 ulciscentes
3086 2805 3138 2860 id
3170 2804 3412 2860 facimus.
3444 2807 3597 2873 Quod
3637 2809 3778 2864 Pau-

2185 2894 2268 2948 lus
2308 2895 2564 2950 cohibens
2593 2895 2807 2951 dicebat
2838 2913 2852 2948 :
2888 2895 3011 2950 Non
3053 2898 3379 2967 vosmetipsos
3421 2899 3737 2954 vindicantes
3759 2942 3775 2963 ,

2183 2986 2388 3053 dilecti,
2419 2986 2509 3041 sed
2536 2987 2654 3042 date
2676 2989 2842 3041 locum
2869 2988 2962 3042 ire
2983 2987 3164 3059 (Rom.
3197 2987 3287 3043 12.
3318 2987 3427 3061 19).
3456 2989 3683 3056 Quando
3710 2991 3781 3046 de

2183 3079 2424 3148 pecuniis
2465 3079 2753 3150 litigamus.
2799 3079 2931 3135 Nam
2971 3091 3026 3136 et
3063 3081 3168 3136 hoc
3204 3081 3287 3136 his
3311 3083 3490 3137 verbis
3517 3083 3775 3138 sustulit:

2185 3173 2355 3240 Quare
2382 3189 2481 3226 non
2509 3173 2672 3243 magis
2699 3173 2941 3243 injuriam
2969 3174 3237 3243 accipitis?
3277 3190 3434 3244 quare
3472 3190 3574 3228 non
3615 3177 3779 3246 magis

2180 3266 2412 3335 frondent
2439 3266 2668 3334 patimini
2697 3267 2715 3336 (
2742 3266 2792 3320 i.
2821 3265 2939 3320 Cor.
2973 3267 3027 3322 6.
3068 3268 3102 3321 7
3123 3267 3186 3336 )?
3211 3266 3359 3322 Sicut
3380 3267 3523 3322 enim
3554 3268 3673 3322 hac
3697 3269 3775 3322 ira

2181 3371 2574 3426 supervacanea
2602 3367 2720 3424 est,
2751 3358 2830 3413 sic
2856 3358 2946 3412 illa
2976 3360 3275 3414 necessaria
3299 3368 3354 3414 et
3378 3359 3542 3414 utilis.
3577 3359 3794 3414 Verum

2180 3452 2332 3506 multi
2359 3467 2390 3504 e
2426 3451 2698 3506 contrario
2735 3451 2966 3519 faciunt,
3003 3451 3208 3507 eﬂerati
3234 3495 3247 3516 ,
3274 3467 3396 3507 cum
3435 3452 3627 3522 injuria
3651 3452 3774 3507 alii-

2178 3543 2394 3596 ciuntur
2416 3582 2431 3605 ,
2476 3542 2695 3597 resoluti
2739 3555 2793 3597 et
2829 3543 3020 3598 molles
3044 3584 3059 3607 ,
3095 3558 3216 3597 cum
3265 3543 3451 3597 lzrsum
3488 3543 3654 3597 alium
3689 3543 3772 3596 vi.

2178 3631 2310 3688 dent
2349 3650 2362 3686 :
2392 3649 2512 3703 qua:
2539 3633 2699 3688 ambo
2725 3634 2992 3688 contraria
3021 3644 3145 3688 sunt
3181 3633 3501 3704 evangelicis
3542 3633 3770 3704 legibus.

2177 3721 2294 3777 Non
2321 3738 2451 3794 ergo
2477 3724 2632 3780 irasci
2665 3725 2902 3795 iniquum
2929 3735 3013 3779 est
3036 3766 3054 3790 ,
3084 3724 3178 3780 sed
3205 3726 3564 3796 inopportune
3587 3725 3769 3780 irasci.

2181 3815 2306 3870 ideo
2333 3817 2587 3887 propheta
2614 3817 2827 3872 dicebat
2854 3835 2868 3872 :
2898 3816 3189 3872 Irascimini
3207 3858 3222 3882 ,
3262 3826 3310 3872 et
3349 3816 3504 3870 nolite
3541 3832 3770 3887 peccare.

2183 3907 2283 3974 Qui
2312 3919 2482 3962 autem
2513 3908 2699 3962 dixerit
2735 3909 2885 3979 fratri
2921 3925 3014 3962 suo
3031 3948 3048 3974 ,
3078 3925 3199 3962 rata
3222 3947 3237 3971 ,
3277 3923 3392 3962 reus
3428 3908 3522 3961 erit
3557 3907 3775 3960 concilia

2178 4005 2372 4076 (Psal.
2403 4005 2457 4059 4.
2490 4001 2586 4072 5).
2634 4001 2931 4055 Concilium
2961 3999 3085 4066 hic,
3123 3998 3380 4069 judicium
3423 3997 3774 4054 Hebraeorum

2177 4106 2354 4153 vocat.
2399 4095 2552 4165 Quod
2596 4093 2717 4150 ideo
2745 4107 2888 4148 nunc
2917 4092 3128 4162 posuit,
3172 4105 3240 4146 ne
3280 4090 3477 4162 ubique
3500 4089 3776 4146 videretur

2179 4205 2319 4245 nova
2365 4199 2421 4244 et
2456 4185 2733 4258 peregrina
2767 4185 2968 4240 dicere.
3013 4183 3146 4240 Illud
3184 4192 3362 4240 autem
3387 4226 3403 4251 ,
3442 4183 3584 4238 Raca
3605 4225 3622 4248 ,
3662 4197 3772 4238 non

2177 4297 2384 4354 magna
2410 4280 2750 4337 contumeliae
2775 4294 2878 4333 vox
2903 4287 3015 4343 est,
3038 4278 3136 4334 sed
3159 4279 3334 4349 potius
3357 4287 3694 4348 contemptus
3713 4289 3774 4333 et

2177 4373 2535 4445 negligentiae.
2558 4369 3022 4439 Quemadmodum
3040 4369 3184 4424 enim
3203 4384 3302 4424 nos
3319 4369 3530 4423 famulis
3548 4369 3777 4437 aliisque

2178 4466 2347 4521 intimi
2387 4463 2584 4536 gradus
2615 4464 2938 4534 imperantes
2975 4461 3204 4516 dicimus
3235 4479 3249 4515 :
3280 4460 3427 4515 Vade
3476 4471 3529 4514 tu
3550 4501 3564 4524 ,
3595 4459 3681 4514 dic
3709 4470 3778 4515 tu

2179 4559 2256 4614 illi
2287 4577 2302 4613 :
2327 4558 2407 4613 sic
2446 4557 2534 4628 qui
2564 4555 2821 4627 Syrorum
2863 4555 3037 4626 lingua
3079 4564 3330 4618 utuntur,
3361 4567 3496 4608 voce
3526 4553 3665 4606 Raca
3692 4553 3777 4607 uti
3869 4629 3872 4631 Δ

2178 4649 2372 4715 solent,
2400 4647 2480 4702 Tu
2506 4646 2890 4718 signiﬁcantes.
2918 4644 3024 4700 Sed
3050 4644 3313 4716 benignus
3336 4645 3477 4700 Deus
3501 4644 3586 4697 Vel
3615 4643 3779 4698 mini-

2178 4753 2265 4794 ma
2291 4737 2512 4806 evellit,
2549 4737 2744 4806 jubeus
2787 4749 2888 4791 nos
2929 4745 3243 4791 reverenter
3271 4745 3460 4791 mutuo
3484 4748 3644 4804 agere
3665 4776 3682 4800 ,
3712 4745 3780 4790 et

2179 4847 2301 4887 cum
2330 4831 2535 4886 honore
2562 4831 2794 4896 decenti,
2817 4839 2878 4884 ut
2903 4844 2999 4900 per
3017 4829 3133 4883 haec
3152 4829 3314 4884 etiam
3343 4827 3546 4897 majora
3573 4826 3778 4880 tollan-

2180 4933 2284 4978 tur.
2319 4923 2421 4988 Qui
2445 4933 2612 4977 autem
2636 4922 2857 4988 dixerit,
2891 4924 3030 4994 fatue
3048 4961 3063 4985 ,
3089 4936 3208 4974 reus
3234 4921 3326 4974 erit
3353 4919 3592 4991 gehennar
3611 4917 3775 4987 ignis.

2178 5014 2293 5070 Hoc
2322 5023 2645 5085 praeceptum
2674 5013 2859 5068 multis
2882 5027 3044 5083 grave
3065 5021 3120 5067 et
3143 5025 3429 5068 onerosum
3457 5012 3625 5065 visum
3648 5016 3735 5062 est
3757 5027 3774 5062 :

2179 5109 2224 5162 si
2265 5123 2362 5178 pro
2388 5124 2497 5162 uno
2524 5108 2749 5176 simplici
2777 5107 2947 5162 verbo
2985 5114 3192 5160 tantum
3229 5103 3524 5160 debeamus
3566 5100 3777 5171 suppl2~

2179 5201 2322 5255 cium
2362 5201 2528 5254 luere.
2559 5198 2786 5266 Quidam
2813 5212 2941 5252 vero
2980 5197 3082 5252 hoc
3120 5197 3294 5266 ipsum
3323 5191 3664 5266 hyperbolice
3686 5189 3775 5244 di-

2185 5301 2326 5348 ctum
2353 5292 2676 5347 existimant.
2727 5289 2830 5346 Sed
2859 5304 3051 5344 vereor
3077 5303 3144 5344 ne
3172 5288 3351 5343 verbis
3381 5287 3466 5340 hic
3494 5300 3592 5340 nos
3615 5281 3777 5338 deei-

2181 5385 2410 5455 pientes,
2440 5384 2613 5453 reipsa
2642 5395 2944 5438 extremum
2969 5381 3258 5436 subeamus
3283 5378 3620 5449 supplicium.

2254 5477 2308 5530 8.
2349 5474 2376 5529 l
2385 5491 2442 5529 ra
2471 5491 2561 5528 cur
2588 5474 2926 5546 reprimenda.
2955 5473 3274 5527 Contumelia
3309 5471 3438 5526 nihil
3473 5466 3780 5524 intolerabi‘

2183 5566 2299 5622 lius.
2323 5597 2389 5608 —
2419 5565 2547 5631 Cur,
2589 5581 2793 5636 quaeso,
2843 5581 3134 5622 onerosum
3178 5564 3388 5618 videtur
3415 5575 3536 5617 esse
3559 5574 3779 5631 parce-

2183 5663 2370 5731 ptum'!
2397 5662 2476 5715 An
2503 5661 2680 5716 nescis
2704 5661 2959 5732 pleraque
2989 5660 3246 5730 supplicia
3269 5668 3323 5713 et
3347 5665 3562 5729 peccata
3588 5670 3616 5709 a
3645 5670 3776 5708 ver-

2184 5753 2266 5808 bis
2295 5753 2502 5808 initinm
2548 5752 2782 5808 ducere?
2825 5752 2928 5808 Per
2956 5753 3115 5807 verba
3155 5752 3299 5806 enim
3348 5749 3778 5821 blaspheini'atet

2183 5847 2464 5916 abnegatio
2482 5846 2605 5913 Dei;
2631 5862 2726 5916 per
2740 5846 2923 5912 verba,
2945 5845 3182 5902 convicia
3203 5854 3258 5900 et
3276 5841 3636 5909 contumelia,
3651 5861 3740 5916 per
3759 5875 3784 5888 ο
