4052 6428
308 412 414 471 249

312 528 469 599 ιρι-ιι.
510 525 646 580 falsa
688 521 1016 587 testimonia,
1046 520 1160 591 ipsa
1188 516 1496 574 homicidia.
1546 515 1623 570 Ne
1651 515 1811 584 igitur
1843 512 1899 569 id

313 615 583 679 attendas,
608 614 750 685 quod
780 628 943 669 unum
968 614 1039 667 sit
1061 611 1319 676 verbum;
1350 608 1447 664 sed
1475 624 1541 663 an
1560 607 1783 662 multum
1803 606 1899 660 ha-

311 710 437 764 heat
463 706 707 779 periculi,
729 706 832 761 hoc
855 706 1124 762 examina.
1146 706 1227 759 An
1249 703 1482 773 ignoras,
1506 699 1901 755 inimicitiarum

313 811 580 869 tempore,
602 814 723 854 cum
750 798 826 853 ira
849 796 1189 853 succenditur
1209 795 1419 850 animus
1443 802 1498 848 et
1521 792 1900 858 inﬂammatur,

319 906 426 946 rem
450 890 724 945 minimam
742 904 990 959 magnam
1009 887 1201 953 videri,
1225 895 1280 941 et
1304 885 1573 940 modicum
1601 882 1902 938 convicium

313 983 602 1037 molestum
626 981 781 1036 esse?
804 980 1062 1051 Sameque
1092 979 1206 1033 haec
1236 992 1394 1047 parva
1421 986 1476 1031 et
1498 975 1905 1031 homicidiorum

313 1089 473 1128 causa
504 1071 676 1137 fuere,
703 1080 759 1126 et
785 1072 1032 1128 civitates
1071 1070 1307 1140 integras
1333 1069 1729 1122 subverterunt.
1759 1065 1908 1121 Sicut

314 1167 459 1221 enim
491 1166 633 1221 inter
657 1165 861 1220 amicos
889 1162 1051 1220 etiam
1077 1178 1196 1233 qua:
1223 1162 1446 1218 molesta
1468 1169 1615 1222 sunt,
1640 1160 1774 1215 levia
1802 1159 1904 1213 du-

314 1268 541 1311 runtur:
565 1256 663 1321 sic,
692 1254 966 1311 inimicitia
987 1254 1228 1317 suborta,
1251 1253 1332 1308 vel
1357 1253 1572 1307 minima
1602 1250 1910 1307 intolerabi-

316 1348 386 1403 lia
414 1348 682 1403 videntur.
712 1346 936 1402 Etiamsi
964 1344 1280 1417 simpliciter
1307 1345 1449 1399 dicta
1478 1345 1605 1409 sint,
1632 1342 1775 1397 malo
1793 1343 1911 1397 aui-

318 1458 407 1497 mo
432 1441 639 1511 prolata
679 1440 1071 1494 existimantur.
1102 1439 1181 1493 Ac
1206 1435 1655 1507 quemadmodum
1685 1435 1737 1489 in
1763 1435 1905 1504 igne,

318 1534 364 1587 si
392 1549 555 1603 parva
584 1532 815 1588 scintilla
862 1532 951 1595 sit,
1003 1530 1213 1587 etiamsi
1261 1530 1539 1585 innumera
1591 1528 1728 1598 ligna
1760 1526 1911 1595 adja-

318 1635 497 1691 ccant,
529 1640 636 1679 non
666 1622 821 1679 facile
848 1622 1277 1687 inﬂammantur;
1311 1622 1356 1677 si
1384 1636 1512 1676 vero
1538 1621 1647 1689 jam
1673 1620 1725 1674 in
1744 1620 1910 1674 altum

321 1718 535 1771 ﬂamma
559 1723 866 1785 consurgat,
892 1730 999 1770 non
1030 1714 1171 1784 ligna
1198 1712 1376 1777 modo,
1400 1712 1496 1768 sed
1519 1713 1677 1767 etiam
1709 1711 1914 1779 lapides

321 1807 588 1877 aliamque
612 1807 935 1862 incidentem
967 1806 1244 1861 materiam
1275 1804 1431 1859 facile
1456 1803 1706 1873 corripit;
1733 1813 1789 1859 et
1818 1818 1916 1873 per

320 1916 439 1971 qua:
469 1899 725 1971 restingui
748 1900 908 1965 solet,
938 1914 1033 1968 per
1056 1899 1170 1953 inec
1189 1898 1474 1953 violentius
1499 1897 1650 1952 ardet
1677 1895 1914 1970 (quidam

322 1993 463 2048 enim
492 1992 679 2047 dicunt
707 2008 813 2046 non
844 1991 1045 2063 lignum
1076 1991 1255 2055 tnodo,
1283 1999 1527 2061 stuppam
1556 1990 1764 2059 aliaque
1782 1989 1917 2059 ignis

323 2085 600 2148 alimenta,
627 2082 723 2139 sed
750 2083 909 2138 etiam
939 2082 1229 2138 immissam
1252 2098 1441 2152 aquam
1464 2082 1632 2153 magis
1652 2083 1757 2135 vim
1780 2081 1918 2151 ignis

322 2175 613 2244 excitare):
637 2175 717 2229 sic
741 2183 796 2229 et
822 2174 878 2229 in
903 2175 980 2229 ira
1026 2174 1251 2229 accidit:
1276 2173 1530 2243 quidquid
1566 2173 1788 2238 dixeris,
1816 2173 1918 2225 ali-

328 2274 569 2319 mentum
598 2264 819 2335 maligni
852 2263 1080 2319 incendii
1105 2264 1285 2318 statim
1306 2262 1561 2318 efficitur.
1586 2263 1716 2331 Qua:
1740 2261 1919 2317 omnia

326 2354 574 2410 Christus
602 2364 726 2409 ante
752 2356 1135 2423 comprimens,
1163 2370 1285 2409 eum
1310 2354 1399 2424 qui
1429 2364 1630 2410 temere
1650 2353 1917 2420 irascitur,

322 2445 526 2514 judicio
550 2444 926 2500 condemnavit
950 2444 1094 2513 (ideo
1123 2444 1277 2510 dixit,
1304 2444 1403 2511 Qui
1423 2445 1677 2513 irascitur,
1699 2462 1814 2499 reus
1826 2446 1921 2498 erit

321 2539 564 2609 judicio),
591 2538 859 2593 dicentem
884 2554 1035 2605 vero,
1062 2553 1209 2605 raca,
1240 2553 1393 2594 reum
1420 2552 1543 2594 esse
1568 2539 1643 2592 ait
1668 2538 1921 2594 concilio.

324 2629 433 2685 Sed
474 2629 589 2684 haec
618 2629 857 2684 nondum
887 2645 1078 2701 magna
1108 2637 1267 2684 sunt:
1301 2629 1354 2683 in
1384 2628 1487 2685 hoc
1527 2630 1672 2684 enim
1717 2629 1920 2685 saeculo

328 2721 640 2788 puniuntur.
663 2719 895 2789 Ideoque
922 2720 970 2775 ei
994 2719 1084 2790 qui
1115 2719 1315 2774 fatuum
1332 2719 1699 2790 appellaverit,
1722 2720 1925 2792 gehen-

328 2829 413 2867 me
435 2811 610 2882 ignem
637 2812 864 2882 adjecit;
898 2827 1144 2882 nuncque
1186 2811 1415 2882 primum
1443 2811 1704 2883 gehennae
1734 2827 1927 2868 vocem

331 2904 572 2973 protulit.
604 2903 760 2958 Prius
786 2902 929 2958 enim
972 2903 1138 2957 multa
1167 2903 1234 2957 de
1279 2918 1445 2974 regno
1482 2903 1749 2974 loquutus,
1797 2911 1925 2960 tunc

329 3012 451 3050 eam
474 2995 822 3061 memoravit;
852 2994 1143 3051 ostendens
1176 2994 1307 3050 illud
1334 2995 1551 3065 quidem
1582 2996 1925 3067 benignitatis

329 3096 387 3140 et
414 3086 704 3142 voluntatis
734 3101 847 3142 suae
871 3101 1013 3153 esse,
1056 3086 1196 3142 hanc
1239 3102 1372 3142 vero
1399 3098 1598 3144 nostrae
1637 3090 1921 3146 socordiae.

328 3180 411 3232 Ac
437 3177 559 3233 vide
585 3177 858 3249 quomodo
910 3179 1163 3249 paulatim
1214 3180 1472 3249 procedat
1521 3182 1577 3237 in
1626 3184 1922 3253 suppliciis,

328 3271 485 3342 quasi
516 3271 629 3328 fere
657 3288 779 3328 sese
803 3272 944 3341 apud
975 3281 1027 3327 te
1057 3283 1329 3343 purgaret,
1358 3275 1673 3339 ostendens,
1713 3293 1773 3332 sc
1802 3279 1923 3348 qui-

329 3365 456 3418 dem
501 3366 671 3419 nullas
697 3365 900 3421 similes
940 3366 1115 3421 minas
1140 3367 1405 3423 intentare
1432 3368 1590 3433 velle,
1621 3384 1719 3424 nos
1747 3380 1924 3426 autem

332 3457 487 3512 illum
508 3458 574 3511 ad
594 3457 725 3514 tales
739 3457 1170 3514 denuntiationes
1184 3459 1529 3530 compellere.
1547 3460 1927 3517 Animadverte

330 3549 499 3603 enim.
533 3549 672 3615 Dixi,
704 3563 773 3603 ne
818 3548 1014 3604 frustra
1042 3549 1310 3615 irascaris,
1341 3566 1464 3606 nam
1494 3566 1621 3606 reus
1648 3552 1756 3609 eris
1777 3552 1925 3623 judi-

331 3639 451 3703 cio;
476 3640 703 3709 primum
730 3638 863 3695 illud
896 3640 1288 3711 contempsisti.
1317 3640 1453 3697 Vide
1493 3642 1622 3712 quid
1658 3645 1930 3714 pepererit

332 3733 448 3786 ira:
478 3731 543 3787 ad
570 3732 959 3789 contumeliam
980 3731 1316 3791 inferendam
1344 3743 1397 3789 te
1425 3734 1605 3793 statim
1645 3739 1925 3805 pertraxit.

331 3822 480 3879 Raca
511 3825 652 3879 enim
680 3826 885 3881 vocasti
912 3824 1134 3882 fratrem
1166 3835 1348 3892 tuum;
1382 3842 1568 3883 rursus
1593 3827 1755 3883 aliam
1796 3845 1935 3884 con-.

330 3916 484 3970 stitui
516 3931 749 3985 pugnam,
779 3933 972 3988 nempe
998 3918 1234 3974 concilii.
1257 3918 1325 3974 Si.
1342 3920 1443 3974 hac
1465 3924 1628 3975 etiam
1652 3920 1925 3991 despecta,

333 4006 406 4063 ad
420 4008 561 4063 aliud
585 4008 841 4077 procedas
854 4009 1090 4080 gravius,
1114 4025 1219 4065 non
1242 4010 1378 4065 ultra
1398 4020 1448 4065 te
1468 4009 1759 4067 moderatis
1780 4013 1930 4069 hisce

329 4100 513 4168 panis
542 4100 790 4167 ulciscar,
816 4101 913 4158 sed
944 4102 1229 4158 immortali
1261 4102 1522 4173 gehennaa
1551 4104 1835 4173 supplicio,
1860 4121 1929 4160 ne

330 4191 555 4247 demum
580 4192 645 4247 ad
675 4194 880 4250 caedem
904 4195 1066 4251 etiam
1089 4196 1357 4265 prosilias.
1385 4195 1537 4253 Nihil
1553 4207 1633 4251 est
1656 4197 1819 4259 enim,
1848 4199 1931 4252 ni-

332 4282 413 4338 hil
436 4293 520 4339 est
549 4285 734 4355 utique
758 4287 1079 4343 contumelia
1097 4287 1511 4354 intolerabilius,
1532 4304 1631 4343 nec
1652 4289 1794 4359 quod
1817 4305 1931 4345 ma-

330 4377 417 4446 gis
434 4377 600 4445 possit
624 4376 915 4435 bumanum
933 4378 1184 4435 mordere
1208 4379 1466 4436 animum.
1484 4380 1637 4447 Quod
1662 4381 1706 4434 si
1726 4380 1928 4436 dictum

330 4467 468 4522 illud
498 4469 950 4524 contumeliosius
969 4480 1024 4525 et
1054 4470 1230 4525 acrius
1273 4469 1453 4536 fuerit,
1497 4479 1606 4525 tum
1647 4471 1840 4540 duplex
1871 4472 1932 4526 fit

332 4558 670 4613 incendium.
701 4558 779 4614 Ne
803 4560 961 4629 igitur
982 4560 1100 4616 leve
1123 4560 1399 4615 existimes
1427 4576 1549 4616 esse
1574 4561 1809 4629 aliquem
1831 4578 1928 4615 vo-

328 4665 462 4705 care
494 4650 713 4706 fatuum.
754 4652 987 4721 Quando.
1004 4653 1151 4708 enim
1189 4653 1302 4720 illo,
1334 4668 1440 4724 quo
1465 4669 1497 4709 a
1526 4654 1695 4709 brutis
1723 4655 1929 4711 differi-

329 4757 479 4805 mus,
505 4752 559 4798 et
582 4758 690 4813 quo
727 4746 961 4800 maxime
985 4744 1230 4801 homines
1258 4760 1467 4809 sumus,
1510 4755 1689 4802 mente
1725 4747 1932 4802 scilicet

331 4843 498 4903 atque
519 4835 800 4904 prudentia
817 4835 1036 4893 fratrem
1062 4837 1284 4907 spolias,
1306 4838 1450 4893 omni
1478 4838 1626 4892 illum
1650 4839 1929 4895 nobilitate

330 4926 581 4992 privasti.
609 4924 687 4980 Ne
710 4925 889 4998 itaque
912 4928 1093 4983 verbis
1110 4928 1286 4984 solum
1314 4928 1674 4997 attendamus,
1714 4931 1809 4985 sed
1839 4945 1929 4986 res

330 5016 483 5085 ipsas
520 5025 573 5072 et
600 5014 848 5073 allectum
884 5019 1309 5088 considerantes,
1349 5021 1647 5091 cogitemus
1675 5031 1927 5093 quantam

333 5107 443 5164 hoc
469 5109 690 5165 verbum
720 5110 931 5181 plagam
963 5110 1175 5176 inferat,
1225 5121 1279 5168 et
1320 5113 1375 5168 in
1419 5124 1678 5184 quantum
1727 5115 1928 5170 malum

331 5203 636 5273 perveniat.
667 5204 795 5260 Ideo
816 5204 1009 5261 Paulus
1039 5221 1145 5261 non
1176 5207 1416 5263 moechos
1444 5218 1648 5264 tantum
1687 5217 1744 5265 et
1786 5209 1927 5264 mol-

333 5293 439 5358 les,
469 5310 655 5350 verum
679 5296 845 5351 etiam
872 5296 1163 5353 maledicos
1189 5313 1221 5353 a
1248 5312 1417 5369 regno
1444 5300 1670 5355 exclusit
1697 5300 1773 5371 (l.
1802 5298 1922 5355 Cor.

332 5385 394 5441 6.
420 5385 508 5456 l0)
536 5404 550 5441 :
575 5396 630 5443 et
650 5387 773 5457 jure
800 5389 1039 5459 quidem.
1066 5388 1203 5445 Nam
1230 5392 1652 5447 contumeliosus
1689 5392 1927 5447 caritatis

330 5478 535 5535 bonum
581 5480 912 5551 pessumdat,
958 5495 1023 5537 ac
1063 5483 1331 5538 sexcentis
1361 5485 1663 5553 proximum
1693 5483 1923 5538 involvit

336 5573 520 5638 malis,
568 5582 856 5645 perpetuas
886 5572 1031 5630 fovet
1073 5573 1399 5641 inimicitias,
1445 5575 1641 5632 Christi
1685 5574 1925 5631 membra

335 5663 618 5732 discerpit,
650 5678 835 5733 pacem
860 5664 1005 5719 illam
1034 5664 1147 5720 Deo
1170 5664 1462 5735 optabilem
1486 5665 1723 5735 quotidie
1753 5667 1920 5736 pellit,

336 5750 501 5813 latam
522 5754 736 5810 diabolo
764 5770 859 5825 per
881 5756 1238 5812 contumelias
1264 5771 1459 5825 parans
1478 5756 1645 5821 viam,
1671 5757 1927 5826 illumque

333 5845 581 5903 efﬁciens
607 5846 899 5904 fortiorem.
928 5846 1055 5905 ldco
1079 5847 1325 5905 Christus
1352 5862 1545 5906 nervos
1571 5848 1713 5904 Illius
1739 5855 1929 5917 poten-

1408 402 1472 459 ιΝ
1509 396 1917 457 ΜΑΤἸῊΕΠΜ
1955 396 2188 455 HOMIL.
2228 398 2370 458 ιγι.

3497 400 3604 456 ὶὸίὶ

2010 514 2100 570 tiae
2124 513 2466 580 exscindens,
2498 513 2636 569 hanc
2678 513 2847 583 legem
2896 512 3122 567 induxit.
3176 513 3360 584 Magna
3406 515 3607 586 quippe

2008 616 2093 661 est
2120 607 2194 661 illi
2221 606 2458 662 caritatis
2483 621 2633 661 cura.
2668 605 2792 659 llaec
2825 605 3023 675 quippe
3057 613 3140 660 est
3165 608 3407 662 omnium
3434 618 3606 663 mater

2008 698 2298 764 bonorum,
2324 709 2473 753 certa
2502 697 2889 767 discipulorum
2914 706 3058 759 nota,
3084 713 3203 767 quae
3218 699 3396 753 omnia
3423 710 3605 754 nostra

2008 789 2266 844 continet.
2290 788 2419 845 Jure
2440 804 2570 858 ergo
2598 788 2807 843 radices
2845 796 2901 843 et
2946 787 3121 843 fontes
3164 790 3457 847 inimicitiae
3486 808 3607 862 quae

2011 881 2154 936 illam
2186 880 2494 951 pessumdat
2518 896 2639 935 cum
2667 879 3003 935 vehementia
3030 881 3194 935 multa
3219 881 3467 938 Christus
3492 899 3605 939 am-

2011 980 2163 1043 putat
2188 980 2245 1027 et
2272 972 2429 1028 tollit.
2458 971 2537 1028 Ne
2564 973 2724 1043 igitur
2748 971 2864 1027 hinc
2883 989 2979 1042 per
2997 972 3323 1044 hyperbolen
3344 974 3490 1031 dicta
3513 992 3609 1046 pu-

2013 1074 2115 1131 tes,
2146 1065 2241 1120 sed
2268 1066 2511 1137 cogitans
2534 1076 2733 1137 quanta
2760 1067 2899 1120 bona
2931 1083 3123 1136 parere
3152 1069 3378 1138 possint,
3417 1070 3607 1125 harum

2011 1157 2479 1212 mansuetudinem
2518 1158 2695 1227 legum
2742 1157 2957 1213 mirare.
2989 1158 3133 1213 Nihil
3178 1161 3321 1215 enim
3362 1161 3431 1215 ita
3458 1174 3610 1218 curat

2014 1246 2178 1315 Deus,
2208 1258 2268 1302 ut
2297 1264 2395 1304 nos
2416 1250 2613 1304 mutuis
2633 1250 2859 1305 vinculis
2880 1251 3138 1321 colligari.
3166 1252 3290 1308 ldeo
3308 1264 3363 1308 et
3389 1270 3485 1326 per
3504 1256 3610 1310 sei-

2015 1357 2168 1410 psum
2207 1351 2262 1397 et
2302 1358 2401 1412 per
2429 1343 2719 1413 discipulos
2762 1359 2911 1410 suos,
2960 1354 3065 1399 tam
3110 1347 3161 1400 in
3188 1346 3338 1402 Novo
3364 1362 3526 1417 quam
3557 1351 3610 1405 in

2015 1431 2195 1487 Veteri
2227 1433 2595 1501 Testamento,
2646 1435 2815 1490 multo
2858 1435 2962 1490 hoc
3006 1446 3330 1507 praeceptum
3358 1456 3612 1497 sermone

2014 1526 2375 1594 commendat,
2421 1535 2477 1581 et
2513 1527 2805 1582 vehemens
2834 1527 3030 1583 vindex
3058 1539 3140 1584 cst
3164 1546 3350 1586 eorum
3377 1536 3466 1601 qui
3496 1534 3613 1588 haec

2016 1619 2336 1689 despiciunt.
2364 1619 2575 1675 Etenim
2608 1620 2740 1675 nihil
2772 1622 2842 1676 ita
2873 1624 3129 1677 malitiam
3156 1639 3371 1679 omnem
3406 1626 3611 1681 inducit

2017 1724 2071 1768 et
2089 1713 2294 1779 fundat,
2321 1715 2630 1769 utcaritatis
2651 1716 2898 1771 remotio.
2919 1716 3301 1785 ldeodicebat,
3312 1719 3437 1773 Cum
3458 1720 3611 1774 abun.

2019 1805 2208 1859 (laverit
2231 1805 2489 1877 iniquitas,
2536 1807 2824 1875 refrigescet
2849 1808 3037 1860 caritas
3082 1808 3353 1862 multorum
3394 1809 3610 1877 (Matth.

2017 1896 2108 1951 24.
2141 1898 2252 1969 12).
2292 1899 2383 1955 Sic
2418 1900 2549 1953 Cain
2584 1899 2852 1955 fratricida
2900 1900 3069 1956 factus
3098 1912 3201 1968 est,
3232 1903 3311 1959 sic
3348 1905 3508 1971 Esaia,
3536 1908 3615 1963 sic

2020 1990 2213 2046 fratres
2230 1990 2449 2062 Josepbi
2465 2008 2479 2053 ;
2498 1993 2576 2046 sic
2591 1992 2865 2048 innumera
2888 2003 3073 2049 exorta
3096 2004 3223 2048 sunt
3248 1996 3410 2059 mala,
3433 1999 3613 2051 avulsa

2021 2085 2264 2138 caritate.
2289 2084 2413 2140 Ideo
2438 2086 2529 2139 ille
2556 2100 2641 2147 ea,
2667 2101 2785 2156 quae
2808 2087 2976 2156 ipsam
3006 2088 3351 2157 pessumdare
3372 2102 3615 2161 possunt,

2021 2189 2143 2229 cum
2166 2190 2355 2245 magna
2382 2176 2724 2230 accuratione
2746 2188 3004 2232 removet.

2095 2268 2147 2322 9.
2188 2266 2317 2322 Cum
2353 2278 2545 2336 quanta
2581 2268 2802 2323 bonitate
2842 2271 3295 2327 reconciliationem
3326 2279 3617 2345 praeceperit

2024 2359 2272 2414 Christus.
2307 2358 2673 2413 Reconciliatio
2702 2377 2815 2413 cum
2855 2361 3016 2429 fratre
3045 2379 3157 2416 vere
3185 2366 3491 2433 sacri/icium
3517 2376 3613 2421 est.

2025 2448 2271 2504 Nondum
2294 2450 2608 2505 initiaturam
2628 2452 2881 2519 sacriﬁcia
2907 2469 3041 2522 qua.
3062 2484 3132 2493 —
3154 2454 3341 2525 Neque
3355 2457 3407 2512 in
3429 2473 3617 2527 supra-

2023 2541 2193 2596 dictis.
2210 2542 2435 2611 gradum
2479 2544 2640 2607 sistit,
2685 2543 2778 2597 sed
2823 2544 2928 2599 alia
2974 2544 3126 2615 plura
3176 2547 3413 2612 adhibet,
3464 2553 3618 2620 queis

2024 2632 2257 2687 ostendit
2276 2642 2527 2703 quantam
2558 2634 2676 2699 ejus
2703 2632 2896 2689 habeat
2922 2636 3205 2691 rationem.
3228 2637 3361 2692 Nam
3383 2656 3502 2694 cum
3526 2658 3618 2711 per

2024 2724 2331 2786 concilium,
2362 2740 2461 2794 per
2484 2724 2741 2793 judicium
2766 2736 2821 2779 et
2850 2741 2947 2795 per
2971 2726 3271 2796 gehennam
3304 2731 3439 2801 ignis
3466 2748 3617 2787 cont-

2025 2815 2258 2869 minatus
2301 2824 2467 2879 esset,
2514 2816 2615 2870 alia
2658 2816 2852 2886 adjecit
2900 2820 3321 2888 praecedentibus
3360 2838 3618 2894 consona,

2026 2920 2254 2975 nempe:
2283 2904 2375 2961 25.
2405 2905 2467 2961 Si
2486 2904 2640 2973 offers
2664 2923 2847 2962 munus
2876 2918 3019 2963 tuum
3044 2910 3112 2964 ad
3140 2912 3323 2979 altare,
3360 2923 3406 2968 et
3441 2916 3507 2969 ibi
3534 2933 3619 2970 re-

2026 2997 2266 3051 cordatus
2288 2998 2445 3068 fuerie
2463 2998 2582 3069 quia
2609 2998 2766 3067 frater
2801 3008 2917 3055 tuus
2960 3001 3107 3055 habet
3141 3003 3336 3073 aliquid
3359 3006 3631 3060 adversum.

2027 3098 2095 3149 te,
2124 3089 2214 3143 24.
2244 3089 2471 3159 relinque
2502 3107 2683 3144 munus
2710 3101 2851 3145 tuum
2872 3103 2989 3146 ante
3009 3094 3190 3159 altare,
3235 3107 3282 3151 et
3307 3098 3451 3163 unde,
3480 3101 3632 3167 prius

2026 3181 2354 3234 reconciliare
2379 3181 2530 3249 fratri
2550 3192 2654 3245 tuo,
2679 3197 2725 3235 et
2750 3193 2870 3237 tunc
2885 3185 3086 3239 ueniens
3108 3186 3237 3254 θίγεν
3257 3206 3437 3244 munus
3457 3202 3620 3247 tuum.

2027 3273 2072 3328 Ο
2095 3274 2405 3337 bonitatem,
2436 3292 2467 3325 ο
2497 3274 2892 3342 benignitatem,
2924 3294 3044 3346 qua-
3072 3294 3285 3335 omnem
3316 3297 3622 3341 sermonem

2028 3366 2276 3434 superat!
2311 3366 2577 3420 Honorem
2620 3381 2774 3420 suum
2820 3367 3047 3437 despicit
3090 3386 3187 3439 pro
3232 3375 3456 3429 caritate
3496 3392 3633 3447 erga

2030 3458 2330 3527 proximum
2348 3473 2363 3523 ;
2381 3458 2689 3523 ostendens,
2715 3474 2773 3514 se
2790 3461 2936 3530 prius
2951 3463 3330 3519 comminatum
3356 3481 3496 3532 esse,
3516 3485 3622 3524 non

2028 3562 2093 3603 ex
2111 3548 2383 3603 inimicitia
2409 3549 2658 3619 quadam,
2686 3552 2770 3607 vel
2796 3566 2860 3607 ex
2891 3551 3180 3619 cupiditate
3208 3554 3470 3611 inferendi
3499 3574 3623 3627 sup-

2029 3639 2194 3709 plicii,
2218 3639 2312 3695 sed
2343 3656 2409 3695 ex
2438 3656 2621 3695 amore
2652 3643 2901 3699 ferventi.
2929 3643 3065 3712 Quid
3089 3646 3231 3700 enim
3267 3647 3414 3703 hisce
3443 3651 3624 3707 verbis

2030 3731 2359 3786 mansuetius
2383 3732 2506 3801 fingi
2532 3734 2740 3803 possit?
2762 3732 3201 3804 lntvrrumpatur,
3232 3738 3421 3809 inquit,
3449 3742 3625 3797 cultus

2030 3840 2203 3890 meus,
2246 3835 2305 3878 ut
2340 3827 2534 3883 caritas
2580 3836 2667 3880 tua
2708 3837 2942 3883 maneat.
2986 3828 3275 3886 Namverc
3303 3834 3622 3889 sacrificium

2032 3926 2114 3970 est
2138 3916 2500 3974 reconciliatio
2522 3932 2645 3971 cum
2663 3916 2852 3974 fratre.
2880 3918 3004 3975 Ideo
3029 3936 3136 3975 non
3163 3922 3316 3989 dixit,
3339 3924 3623 3995 Postquam

2037 4008 2328 4071 obtuleris,
2365 4010 2470 4074 vel,
2497 4010 2803 4079 Antequam
2828 4010 3068 4075 oﬂ‘eras;
3111 4010 3203 4064 sed
3236 4011 3356 4078 ipso
3391 4024 3621 4063 munere

2040 4108 2330 4169 praesente,
2362 4109 2418 4155 et
2436 4101 2548 4169 jam
2574 4101 2847 4156 sacrificio
2874 4101 3166 4171 incipiente
3196 4100 3526 4163 mittiteum,
3561 4110 3624 4153 ut

2035 4207 2095 4247 se
2109 4207 2233 4247 cum
2252 4190 2421 4248 fratre
2444 4194 2775 4259 reconciliet,
2792 4209 2892 4249 nec
2908 4208 3134 4263 propere
3144 4192 3398 4248 confecto
3411 4192 3620 4247 sacrifi-

2037 4283 2145 4348 cio,
2173 4298 2273 4338 nec
2292 4294 2585 4353 antequam
2611 4301 2813 4339 munus
2836 4285 3101 4351 attulerit,
3124 4284 3220 4339 sed
3241 4285 3333 4338 illo
3352 4285 3405 4338 in
3438 4284 3619 4338 medio

2031 4373 2409 4442 jacentejubet
2427 4376 2555 4429 illuc
2570 4374 2993 4431 accurrere.Cur
3007 4391 3139 4446 ergo
3161 4376 3241 4431 sic
3251 4376 3406 4446 jubet
3427 4375 3478 4429 id
3499 4390 3624 4444 age-

2031 4476 2113 4527 re,
2144 4470 2198 4516 et
2224 4476 2327 4531 qua
2358 4462 2427 4517 de
2454 4464 2654 4517 causa“!
2692 4462 2819 4519 Han:
2850 4464 3029 4527 ambo,
3058 4475 3115 4519 ut
3140 4466 3270 4520 mihi
3300 4465 3515 4534 quidem
3545 4467 3625 4520 vi-

2032 4553 2209 4621 detur,
2238 4552 2605 4620 subindicans,
2648 4563 2704 4609 et
2740 4570 2937 4625 agens:
2963 4572 3125 4613 unum
3166 4557 3399 4627 quidem,
3432 4567 3490 4611 ut
3514 4558 3623 4627 jam

2034 4646 2166 4713 dixi,
2210 4656 2269 4702 ut
2292 4648 2543 4704 ostendat
2578 4662 2639 4703 se
2667 4648 2942 4705 caritatem
2972 4650 3148 4720 magni
3175 4649 3371 4713 facere,
3400 4659 3454 4705 et
3480 4651 3625 4705 illam

2033 4755 2152 4795 esse
2174 4749 2363 4810 putare
2381 4741 2671 4794 maximum
2700 4741 2937 4796 omnium
2960 4740 3297 4805 sacrificium,
3326 4754 3491 4811 seque
3509 4744 3626 4796 sine

2033 4834 2255 4888 caritate
2280 4833 2599 4888 sacrificium
2627 4850 2745 4891 non
2757 4833 3070 4900 admittere;
3099 4834 3393 4889 secundum
3420 4844 3624 4899 autem,

2036 4936 2095 4983 ut
2119 4927 2569 4985 reconciliationis
2599 4926 2958 4983 inevitabilem
2999 4926 3373 4983 necessitatem
3415 4927 3626 4985 afferat.

2033 5018 2169 5073 Nam
2198 5018 2290 5088 qui
2314 5019 2500 5087 jussus
2523 5028 2607 5073 est
2634 5034 2742 5074 non
2771 5018 2919 5088 prius
2946 5018 3159 5083 offerre,
3192 5035 3353 5089 quam
3384 5020 3629 5078 reconci-

2035 5109 2277 5177 liaretur,
2308 5110 2520 5167 etiamsi
2550 5124 2656 5165 non
2677 5125 2744 5166 ex
2763 5125 2948 5165 amore
2964 5111 3213 5181 proximi,
3239 5112 3433 5168 saltem
3459 5128 3529 5168 ne
3544 5128 3631 5168 sa-

2034 5201 2297 5257 crificium
2326 5201 2695 5271 imperfectum
2726 5210 2958 5268 maneat,
3006 5202 3314 5272 praperabit
3351 5204 3419 5258 ad
3460 5203 3629 5259 ofi’en-

2036 5309 2153 5349 sum
2184 5294 2425 5362 fratrem,
2461 5304 2518 5350 ut
2560 5294 2891 5349 inimicitiam
2940 5297 3129 5351 solvat.
3177 5295 3408 5367 Ideoque
3449 5298 3627 5353 omnia

2035 5389 2351 5460 emphaticis
2365 5390 2631 5460 expressit
2653 5390 2849 5457 verbis,
2870 5398 3079 5446 terrens
3097 5390 3244 5445 illum
3262 5391 3627 5459 excitansque.

2036 5479 2175 5535 Cum
2191 5479 2416 5536 dixisset
2434 5480 2600 5548 enim,
2623 5478 2873 5549 Relinque
2890 5497 3073 5535 munus
3093 5488 3254 5543 tuum,
3279 5494 3385 5535 non
3411 5478 3483 5534 ibi
3503 5479 3629 5534 sub-

2036 5573 2193 5639 stitit,
2220 5571 2314 5629 sed
2341 5572 2635 5642 subjunxit,
2660 5573 2789 5626 Ante
2812 5571 2997 5639 altare,
3026 5582 3081 5627 et
3109 5580 3391 5641 postquam
3417 5586 3484 5627 ex
3512 5570 3629 5625 loco

2038 5664 2093 5719 in
2116 5664 2396 5720 horrorem
2428 5664 2713 5734 quemdam
2739 5663 2991 5733 conjecit,
3020 5660 3086 5716 Et
3113 5662 3258 5716 vade.
3289 5662 3399 5718 Nec
3422 5671 3626 5717 tantum

2036 5753 2193 5817 dixit,
2231 5752 2394 5819 Vade,
2424 5752 2521 5807 scd
2542 5753 2813 5827 adjunxit,
2861 5752 3026 5825 prius,
3051 5762 3097 5807 et
3122 5762 3241 5807 tunc
3269 5754 3469 5809 veniens
3501 5752 3630 5820 θίγεν

2042 5862 2223 5901 multus
2253 5858 2428 5913 tuum;
2470 5860 2567 5916 per
2607 5844 2723 5905 hinc
2770 5846 2947 5901 omina
2976 5845 3278 5917 declarans,
3310 5845 3445 5903 hanc
3475 5861 3625 5903 men-
