4052 6426
481 410 580 464 ΞΜ

480 533 596 578 tam
620 537 726 577 nou
749 521 1032 577 admittere
1049 535 1138 574 eos
1159 521 1248 590 qui
1269 520 1572 576 inimicitias
1593 529 1777 575 mutuo
1797 529 2066 576 exercent.

481 617 717 673 Aztdiant
740 615 953 682 initiati,
979 615 1066 684 qui
1089 628 1208 668 cum
1235 615 1522 668 inimicitiis
1543 614 1831 679 accedunt;
1854 614 2072 669 audiant

483 717 538 762 et
565 707 655 779 qui
683 705 917 762 nondum
945 714 1070 760 sunt
1096 705 1320 761 initiati:
1351 721 1473 759 nam
1499 706 1564 760 ad
1597 706 1694 760 hos
1718 721 1929 776 quoque
1957 721 2070 759 sero

483 813 573 854 mo
598 797 997 868 quodammodo
1024 799 1272 868 pertinet.
1303 797 1540 854 Olferuut
1571 801 1712 854 enim
1744 808 1797 853 et
1827 800 1924 868 ipsi
1966 798 2066 853 do-

479 907 602 944 num
635 899 689 946 ct
725 890 1067 954 sacriﬁcium,
1101 891 1396 944 orationem
1425 890 1544 945 dico
1569 899 1622 945 et
1647 892 2063 963 elcemosyuam.

475 980 627 1049 Quod
668 981 811 1034 enim
843 981 955 1034 haec
982 980 1300 1035 sacriﬁcium
1329 981 1455 1042 sint,
1486 979 1611 1034 andi
1639 981 1948 1050 prophetam
1979 981 2064 1036 di-

473 1079 685 1126 centem
709 1088 723 1124 :
750 1071 1073 1140 Sacriﬁcium
1100 1073 1265 1124 laudis
1293 1072 1643 1139 honoriﬁeabit
1672 1089 1750 1126 me
1775 1073 1793 1138 (
1806 1072 1946 1127 Psal.
1968 1073 2059 1127 49.

471 1165 596 1234 25).
624 1172 679 1219 et
707 1179 938 1228 rursum,
969 1163 1192 1218 Immola
1215 1165 1325 1218 Deo
1353 1166 1658 1234 sacriﬁcium
1703 1166 1869 1220 laudis
1896 1165 2054 1236 (Ibid.

471 1274 521 1307 υ.
555 1256 623 1310 14
645 1266 692 1322 );
735 1268 784 1310 et
811 1299 825 1320 ,
864 1255 1090 1309 Elcratio
1119 1273 1357 1309 manuum
1386 1274 1610 1310 mem-nm
1639 1259 1944 1327 sacriﬁcium
1973 1276 2058 1312 ve-

468 1347 746 1415 spertinum
777 1346 943 1418 (Psal.
969 1347 1090 1400 1ιο.
1113 1347 1194 1417 2).
1226 1347 1407 1417 Itaque
1432 1349 1474 1401 si
1504 1350 1800 1404 orationem
1823 1365 1944 1405 cum
1968 1351 2058 1404 tali

469 1439 662 1492 all'ectu
692 1439 948 1508 proferas,
981 1440 1174 1494 ntelius
1201 1449 1282 1494 cst
1313 1441 1616 1512 relinquere
1649 1443 1970 1507 orationem,
2004 1453 2058 1497 et

467 1532 535 1587 ad
567 1541 618 1587 te
641 1547 761 1586 cum
797 1532 960 1588 fratre
985 1533 1438 1589 rcconeiliandum
1468 1549 1780 1606 properare,
1825 1546 2057 1606 tuncque

463 1625 760 1678 orationem
779 1625 994 1679 omerre.
1019 1625 1241 1694 Propter
1257 1625 1357 1679 huc
1378 1626 1542 1694 enim,
1563 1627 1739 1682 omnia
1759 1627 1893 1682 facta
1911 1639 2054 1687 sunt:

463 1726 682 1785 propter
708 1715 810 1770 hoc
837 1717 976 1770 Dens
1001 1716 1164 1770 homo
1210 1717 1376 1772 factus
1419 1727 1522 1783 est,
1566 1727 1620 1773 et
1648 1723 1824 1774 omnia
1856 1721 1944 1775 illa
1972 1732 2058 1776 est

462 1816 736 1876 operatus,
769 1816 822 1860 ιιι
851 1822 949 1860 nos
971 1821 1339 1877 congregaret.
1372 1810 1466 1863 Hic
1489 1811 1646 1878 igitur
1673 1811 1954 1866 Lcdentem
1986 1812 2052 1867 ad

461 1899 647 1953 laesum
671 1897 848 1964 misit;
879 1899 932 1952 in
958 1900 1198 1954 oratione
1228 1915 1358 1954 vero
1386 1901 1568 1954 laesum
1591 1901 1735 1956 ducit
1762 1903 1826 1957 ad
1854 1903 2055 1958 heden-

463 1998 593 2054 tem,
617 1998 674 2043 et
696 1991 1026 2045 reconciliat.
1048 1990 1155 2044 Illic
1171 1992 1312 2046 enim
1337 1993 1442 2046 ait:
1470 1993 1725 2048 Dimittitc
1747 1995 2052 2051 hominibus

460 2081 637 2139 debita
665 2079 872 2151 (Matth.
892 2081 944 2136 6.
976 2082 1096 2154 l4);
1118 2083 1203 2138 hic
1219 2099 1346 2138 vero
1367 2102 1380 2138 :
1403 2085 1456 2140 Si
1476 2085 1634 2140 habet
1655 2087 1847 2157 aliquid
1865 2098 2048 2143 contra

463 2183 549 2234 te,
587 2173 722 2227 vade
761 2173 827 2227 ad
871 2190 1014 2229 eum.
1067 2174 1178 2229 lmo
1199 2190 1328 2229 vero
1364 2174 1449 2230 hic
1474 2177 1602 2230 mihi
1631 2177 1840 2232 videtur
1865 2179 2047 2234 laesum

461 2266 705 2334 mittere;
751 2275 1076 2334 quapropter
1115 2282 1222 2320 non
1263 2267 1413 2330 dicit,
1463 2267 1769 2324 Reconcilia
1817 2270 2046 2338 teipsnm

460 2356 608 2411 t'ratri
636 2365 749 2419 tuo,
783 2357 893 2420 sed,
931 2358 1385 2414 Reconciliare:et
1427 2360 1639 2414 videtur
1682 2361 1898 2430 quidem
1946 2362 2048 2417 hoc

455 2450 523 2504 de
547 2449 776 2505 hedente
799 2451 934 2515 dici;
965 2451 1059 2506 sed
1092 2460 1260 2506 totum
1292 2467 1357 2507 ex
1403 2468 1631 2520 persona
1672 2455 1782 2509 lazsi
1829 2456 2040 2509 dicitur.

453 2541 508 2595 Si
538 2542 680 2596 enim
708 2541 784 2595 illi
812 2543 1186 2598 reconciliatus
1209 2542 1392 2608 fueris,
1416 2546 1603 2615 inquit,
1635 2561 1727 2614 rer
1752 2554 1892 2600 tuam
1917 2562 2040 2616 erga

453 2649 576 2690 eum
605 2634 905 2699 caritatem,
939 2649 1024 2687 me
1052 2635 1212 2689 etiam
1255 2634 1475 2690 habebis
1503 2637 1810 2705 pmpitium,
1841 2648 1894 2691 et
1919 2655 2040 2692 cum

451 2727 618 2780 multa
644 2725 834 2780 ﬁducia
853 2729 1052 2796 poteris
1072 2727 1390 2784 Sacriﬁcium
1410 2729 1624 2784 oli‘erre.
1645 2730 1702 2784 Si
1720 2747 1847 2787 vero
1869 2731 2042 2788 adhuc

452 2817 763 2888 indignaris,
791 2819 1072 2875 considera
1106 2834 1191 2874 me
1232 2819 1464 2876 libenter
1505 2822 1776 2876 contemni
1807 2838 1924 2877 mea
1949 2823 2040 2890 ju-

453 2910 601 2975 bcre,
630 2918 689 2963 ut
720 2925 813 2963 vos
839 2911 994 2965 amici
1019 2911 1280 2966 evadatis.
1311 2911 1378 2965 Et
1399 2910 1512 2966 hinc
1533 2911 1623 2966 tibi
1646 2913 1715 2967 sit
1737 2913 1787 2966 in
1813 2913 1886 2967 ira
1911 2930 2040 2969 con-

450 2999 660 3053 solatio.
692 3000 808 3054 Non
834 3001 987 3065 dixit,
1015 3000 1146 3056 Cum
1175 3003 1406 3071 graviter
1432 3003 1668 3058 offensus
1694 3018 1772 3068 es,
1809 3014 1916 3060 tum
1948 3022 2038 3061 re-

449 3094 767 3156 conciliare;
798 3096 915 3159 sed,
947 3095 1170 3150 Etiamsi
1198 3097 1313 3150 leve
1341 3095 1616 3166 quidpiam
1640 3107 1824 3152 contra
1854 3107 1904 3154 te
1943 3098 2038 3152 ha-

450 3187 645 3242 buerit.
678 3186 863 3258 Neque
889 3188 1104 3256 adjecit,
1151 3187 1276 3242 Sive
1318 3187 1484 3257 juste,
1531 3189 1644 3243 sive
1683 3189 1906 3258 injuste;
1941 3191 2034 3245 sed

443 3281 779 3350 simpliciter,
810 3281 863 3337 Si
893 3281 1137 3337 habuerit
1165 3280 1363 3350 aliquid
1391 3281 1672 3335 adversum
1705 3292 1777 3336 te.
1813 3282 2034 3338 Etiamsi

443 3373 588 3429 enim
610 3374 772 3442 juste,
807 3390 979 3443 neque
1006 3373 1084 3428 sic
1113 3373 1267 3429 decet
1289 3375 1619 3428 inimicitiam
1653 3375 1852 3430 diutius
1881 3373 2030 3430 fove-

443 3481 502 3521 re
523 3484 536 3520 :
559 3465 991 3535 quandoquidem
1011 3473 1066 3520 et
1083 3464 1329 3519 Christus
1343 3465 1487 3535 juste
1507 3464 1660 3520 nobis
1680 3465 2029 3531 irascebatur,

439 3563 674 3610 attamen
705 3557 938 3626 seipsum
971 3571 1069 3626 pro
1111 3557 1264 3611 nobis
1307 3557 1456 3612 dedit
1500 3557 1874 3624 occidendum,
1922 3573 2030 3613 non

438 3651 706 3718 imputans
735 3647 890 3704 nobis
919 3648 1007 3702 illa
1039 3659 1275 3718 peccata.

511 3741 598 3796 10.
639 3739 742 3796 Cur
772 3739 970 3795 Paulus
1001 3750 1116 3795 ante
1143 3751 1360 3807 noctem,
1389 3752 1434 3796 et
1462 3741 1690 3796 Christus
1715 3753 1832 3796 ante
1861 3743 2029 3797 sacri-

441 3833 614 3900 ﬁcium
637 3834 953 3888 reconciliari
980 3835 1246 3904 jttsserint.
1279 3833 1508 3889 Christus
1541 3846 1782 3903 quantum
1811 3837 1863 3890 in
1889 3837 2029 3905 peri-

436 3926 632 3980 ntendis
658 3925 932 3980 inimicitiis
960 3926 1186 3980 studium
1226 3927 1527 3981 adhibuerit.
1577 3926 1643 3982 In
1682 3926 1798 3981 boni
1837 3945 2027 3998 opera-

435 4015 571 4069 tione
605 4031 708 4069 non
749 4018 1195 4070 etutctandum.-—
1216 4016 1340 4072 Ideo
1370 4017 1563 4072 Paulus
1592 4017 1699 4072 alio
1729 4018 1888 4073 modo
1927 4033 2025 4073 nos

434 4107 501 4162 ad
544 4107 1033 4163 reconciliationem
1061 4122 1244 4177 agens,
1277 4108 1487 4163 diccbat
1519 4126 1532 4161 :
1579 4108 1676 4164 Sol
1702 4125 1802 4163 non
1829 4110 2026 4163 occidat

432 4214 582 4269 super
607 4199 927 4252 iracundiam
955 4209 1170 4252 vestram
1199 4198 1417 4269 (Ephes.
1442 4200 1493 4254 4.
1513 4199 1630 4269 26).
1657 4199 2024 4267 Quemadmo-

435 4289 560 4343 dum
585 4289 726 4342 enim
757 4289 842 4344 hic
869 4304 900 4344 a
925 4290 1191 4345 sacriﬁcio
1216 4291 1479 4354 Christus,
1512 4292 1582 4345 ita
1622 4292 1732 4346 illic
1762 4293 1956 4350 Paulus
1991 4312 2022 4352 a

433 4383 520 4439 die
548 4381 616 4436 ad
660 4381 890 4451 idipsum
933 4381 1196 4438 hortatur.
1235 4384 1410 4438 Timet
1445 4385 1641 4455 quippe
1679 4397 1908 4455 noctem,
1952 4405 2022 4446 ne

433 4477 571 4530 forte
599 4473 770 4528 solum
820 4473 1101 4544 excipiens
1145 4476 1459 4541 sauciatum,
1503 4476 1674 4546 majus
1718 4478 1866 4534 ulcus
1901 4480 2020 4536 efﬁ-

429 4568 553 4622 eiat.
585 4565 642 4622 In
669 4566 758 4621 die
786 4582 1015 4638 namque
1043 4567 1195 4621 multi
1222 4580 1344 4622 sunt
1366 4568 1456 4638 qui
1485 4570 1720 4626 avellunt
1748 4581 1801 4626 ct
1827 4573 2020 4629 distra-

430 4661 597 4728 hunt;
642 4659 696 4714 in
727 4671 883 4715 nocte
923 4674 1074 4726 vero,
1114 4675 1232 4714 cum
1279 4661 1424 4716 solus
1462 4662 1551 4729 sit,
1594 4671 1649 4718 et
1690 4663 1803 4719 haec
1840 4667 2020 4722 animo

429 4760 626 4816 verset,
656 4754 1016 4808 intumescunt
1041 4751 1254 4819 ﬂuctus,
1297 4761 1353 4807 et
1390 4753 1562 4822 major
1607 4754 1664 4808 ﬁt
1707 4765 2008 4826 tempestas.

432 4844 555 4898 Ideo
579 4843 698 4898 haec
725 4844 1055 4914 praeveniens
1077 4843 1291 4909 Paulus,
1313 4845 1714 4900 reconciliatum
1736 4848 1850 4901 vult
1875 4849 2016 4903 nocti

429 4935 658 5000 tradere,
700 4943 761 4989 ut
803 4937 1006 4990 nullam
1050 4952 1116 4992 ex
1160 4937 1337 5007 quiete
1364 4938 1536 5008 possit
1561 4937 1804 4993 diabolus
1832 4955 2014 4995 ansam

427 5026 667 5096 arripere
695 5026 760 5079 ad
791 5028 883 5081 inc
905 5028 1172 5083 fornacem
1201 5029 1618 5096 accendendam,
1647 5040 1701 5084 et
1721 5031 2014 5086 vehemen.

427 5118 618 5172 tiorem
646 5115 1000 5172 efﬁciendam.
1029 5119 1118 5174 Sic
1142 5119 1302 5174 etiam
1329 5119 1572 5176 Christus
1613 5137 1718 5175 non
1759 5122 2016 5190 permittit

426 5209 510 5264 vel
537 5207 805 5262 tantillum
834 5209 1067 5272 differre,
1113 5225 1181 5264 ne
1212 5211 1479 5281 completo
1518 5211 1800 5275 sacriﬁcio,
1845 5213 2014 5283 negli-

422 5301 634 5370 gentior
664 5298 752 5354 ille
780 5299 936 5364 foret,
973 5315 1146 5371 exque
1169 5301 1256 5356 die
1290 5303 1341 5356 in
1379 5301 1521 5356 diem
1551 5302 1809 5357 dili'erret.
1855 5303 2014 5360 Novit

421 5395 566 5448 enim
606 5393 746 5448 hunc
788 5393 952 5448 animi
999 5393 1242 5448 morbum
1290 5396 1451 5450 multa
1503 5411 1660 5466 egere
1697 5396 2007 5462 celeritate;

423 5497 582 5556 atque
616 5495 678 5540 ut
700 5487 914 5553 sapiens
942 5485 1180 5540 medicus
1211 5501 1318 5540 non
1349 5487 1510 5541 modo
1534 5503 1652 5557 qua:
1679 5499 2012 5558 prmservent

420 5593 448 5628 a
479 5576 681 5630 morbis
718 5577 974 5632 adhibere
1016 5585 1260 5645 occupat,
1309 5576 1403 5631 sed
1443 5577 1606 5632 etiam
1645 5591 1764 5648 qua:
1806 5578 2008 5633 mederi

419 5670 625 5738 possint
663 5671 894 5723 ostendit
925 5689 937 5724 :
972 5671 1049 5723 sic
1077 5678 1132 5724 et
1164 5670 1253 5724 ille
1292 5670 1420 5739 agit.
1447 5669 1578 5724 Nam
1609 5686 1729 5726 cum
1763 5671 2009 5740 prohibet

420 5775 488 5814 ne
521 5763 642 5830 quis
667 5761 840 5815 fatuus
868 5762 1182 5829 appelletur,
1216 5761 1265 5816 id
1295 5760 1549 5831 praevium
1589 5763 1884 5818 remedium
1924 5773 2008 5819 est

422 5850 490 5905 ad
519 5851 848 5906 inimicitiam
876 5852 1176 5919 vitandam;
1213 5867 1332 5908 cum
1361 5867 1488 5908 vero
1515 5854 1769 5924 praecipit
1811 5870 2001 5911 recon~

1166 407 1220 461 S.
1264 406 1538 461 JOANNIS
1573 406 2042 463 CIIRYSOSTOMI
2084 409 2401 467 ARCHIEP.
2442 415 2981 477 CONSTANTINUP.

3662 434 3768 492 252

2181 523 2528 593 ciliationem,
2555 530 2605 586 id
2634 533 2872 598 morbos,
2903 537 2992 606 qui
3021 545 3137 606 post
3165 540 3495 600 inimicitiam
3532 548 3762 607 suboriri

2176 621 2384 685 solent,
2443 625 2701 691 praecidit.
2770 627 2903 683 Vide
2961 641 3137 686 autem
3198 651 3354 705 quam
3417 637 3766 698 vehementer

2175 709 2456 783 utrumque
2493 727 2739 785 ponatur.
2769 717 2878 775 Illic
2907 723 3050 778 enim
3080 725 3377 795 gehennam
3404 732 3761 790 comminatus

2170 813 2285 870 est;
2329 803 2416 859 hic
2452 821 2582 862 vero
2620 808 2817 864 donum
2859 827 2963 866 non
2994 815 3184 887 recipit
3209 830 3334 874 ante
3363 823 3760 880 reconciliatio-

2171 909 2316 961 nem,
2343 896 2713 954 vehementem
2734 902 3059 960 iracundiam
3083 923 3202 965 esse
3224 922 3548 980 monstrans,
3578 932 3641 972 ac
3664 934 3760 986 per

2169 983 2283 1039 hare
2308 988 2486 1041 omnia
2517 998 2572 1044 et
2600 993 2831 1048 radicem
2861 1003 2915 1050 et
2943 996 3169 1054 fructum
3198 1003 3454 1059 avellens.
3487 1005 3554 1060 Et
3584 983 3758 1078 primo

2165 1076 2381 1146 quidem
2419 1079 2493 1133 ait
2532 1096 2546 1133 :
2588 1080 2664 1136 Ne
2695 1083 2940 1142 irascaris
2984 1107 2996 1142 :
3043 1100 3229 1160 postea
3265 1109 3413 1162 vero,
3456 1097 3533 1153 Ne
3563 1076 3759 1155 convi-

2164 1169 2342 1224 cieris.
2371 1169 2506 1226 Nam
2544 1172 2658 1228 haec
2687 1179 2847 1230 ambo
2877 1194 2996 1235 sese
3025 1192 3210 1240 mutuo
3236 1183 3416 1242 fovent
3440 1198 3496 1243 et
3521 1203 3716 1261 augent
3741 1212 3756 1248 :

2163 1262 2232 1316 ab
2272 1263 2544 1319 inimicitia
2587 1270 2904 1336 convicium,
2939 1289 2968 1328 a
2997 1279 3240 1333 convicio
3278 1280 3571 1338 inimicitia.
3606 1286 3755 1341 Ideo-

2161 1365 2266 1422 que
2307 1369 2450 1408 nunc
2479 1356 2664 1425 radici,
2715 1377 2854 1417 nunc
2901 1363 3094 1421 fructui
3141 1372 3437 1428 remedium
3474 1375 3748 1446 admovet,

2163 1453 2222 1497 ut
2251 1445 2508 1515 impediat
2535 1465 2601 1502 ne
2630 1452 2830 1508 malum
2857 1456 3061 1510 oriatur
3088 1477 3100 1512 :
3133 1463 3177 1514 si
3209 1477 3337 1517 vero
3375 1445 3754 1535 germinaverit

2159 1543 2215 1592 et
2242 1536 2470 1594 fructum
2498 1539 2634 1597 ferat
2662 1547 2974 1615 pessimum,
3008 1551 3160 1606 illum
3206 1555 3436 1626 undique
3461 1561 3749 1619 comburit.

2160 1627 2285 1683 ideo
2315 1642 2593 1701 positquam
2637 1635 2771 1692 dixit
2810 1640 3088 1710 judicium,
3123 1648 3406 1704 concilium
3451 1660 3506 1706 et
3547 1655 3749 1724 gehen-

2159 1733 2304 1784 nam,
2345 1737 2408 1776 ac
2436 1723 2504 1779 de
2542 1739 2639 1780 suo
2666 1731 2927 1786 sacriﬁcio
2956 1733 3227 1804 disseruit,
3257 1741 3356 1794 alia
3401 1758 3612 1798 rursum
3655 1745 3749 1800 ad-

2155 1808 2236 1864 dit
2283 1811 2365 1866 his
2405 1816 2584 1871 verbis
2637 1839 2649 1874 :
2695 1817 2786 1873 25.
2831 1820 2959 1877 Esto
2987 1831 3302 1884 consentiens
3345 1833 3635 1889 adversario
3662 1841 3747 1891 lno

2155 1901 2276 1966 cito,
2307 1904 2428 1957 dum
2454 1921 2505 1959 es
2528 1923 2642 1960 cum
2670 1910 2761 1964 illo
2788 1914 2841 1965 in
2882 1915 2980 1967 ria.
3012 1915 3094 1972 Ne
3131 1921 3271 1974 enim
3313 1922 3522 1980 diceres
3551 1943 3564 1978 :
3605 1927 3742 1996 Quid

2155 1990 2316 2059 igitur
2353 1995 2397 2048 si
2446 1997 2691 2066 injuriam
2733 2004 2942 2071 patiar?
2978 2009 3103 2078 quid
3143 2011 3187 2065 si
3236 2012 3392 2067 bonis
3429 1990 3652 2086 spoliet:
3690 2029 3743 2074 ct

2153 2084 2219 2137 ad
2258 2085 2515 2154 judicium
2560 2091 2775 2147 trahar?
2807 2093 2942 2153 hanc
2977 2115 3188 2172 quoque
3218 2117 3401 2160 ansam
3433 2084 3487 2163 et
3515 2124 3743 2166 excusa-

2156 2176 2354 2232 tionem
2385 2183 2613 2237 removit
2645 2202 2658 2237 :
2696 2185 2848 2254 jubet
2888 2191 3030 2244 enim
3076 2203 3126 2247 te
3157 2209 3225 2249 ne
3268 2197 3346 2251 sic
3389 2199 3605 2268 quidem
3637 2202 3742 2256 ini-

2152 2267 2380 2323 micitias
2404 2271 2688 2341 aliquando
2716 2278 3010 2348 suscipere.
3055 2281 3258 2340 Deinde
3299 2289 3420 2356 quia
3452 2289 3578 2344 illud
3621 2307 3738 2346 ma-

2149 2373 2311 2427 guum
2338 2371 2454 2416 erat
2480 2375 2824 2436 prasceptum,
2869 2385 2900 2424 a
2939 2377 3290 2441 przcscntibus
3317 2378 3407 2433 dat
3432 2381 3736 2450 consilium,

2149 2463 2270 2520 qum
2307 2463 2452 2507 certe
2491 2457 2679 2525 magis,
2717 2474 2875 2528 quam
2916 2461 3115 2532 futura,
3171 2469 3461 2526 crassiores
3501 2472 3738 2530 retinere

2149 2541 2340 2595 solent.
2372 2543 2507 2611 Quid
2554 2549 2694 2602 enim
2735 2551 2888 2617 dicis,
2933 2553 3123 2624 inquit,
3168 2557 3337 2627 ipsum
3379 2565 3734 2630 potentiorem

2147 2643 2292 2699 esse,
2340 2645 2394 2687 et
2439 2636 2530 2689 tibi
2578 2642 2809 2695 nocere?
2853 2642 3016 2713 Magis
3045 2661 3173 2716 ergo
3220 2647 3314 2703 tibi
3353 2651 3588 2719 nocebit,
3633 2655 3734 2710 nisi

2147 2723 2318 2792 ipsum
2351 2727 2665 2796 placaveris,
2710 2742 2766 2788 et
2804 2736 2848 2788 si
2897 2745 3114 2793 coactus
3157 2741 3320 2796 fueris
3365 2743 3417 2797 in
3461 2758 3734 2802 carcerem

2146 2815 2242 2870 ire.
2280 2817 2432 2873 Tunc
2471 2823 2614 2877 enim
2658 2825 2747 2880 illo
2789 2827 2976 2884 sedato
3006 2834 3250 2900 pecuniis
3275 2837 3507 2900 amissis,
3537 2853 3733 2909 corpus

2145 2908 2368 2964 liberum
2402 2911 2624 2970 habebis
2653 2933 2667 2970 :
2700 2928 2886 2974 contra
2913 2935 3040 2977 vero
3068 2925 3112 2978 si
3153 2926 3253 2980 sub
3286 2927 3480 2996 judicis
3509 2908 3731 2986 senten-

2145 2999 2213 3051 tia
2261 3002 2462 3068 positus
2505 3007 2599 3066 sis.
2632 3009 2859 3066 vinculis
2901 3016 3304 3085 constringeris,
3351 3033 3732 3093 extremasque

2141 3091 2296 3147 dabis
2327 3108 2530 3162 pinnas.
2563 3099 2656 3154 Sin
2701 3111 2877 3157 autem
2919 3103 3154 3174 jurginm
3186 3108 3313 3163 illud
3361 3109 3578 3181 fugeris,
3623 3091 3731 3169 duo

2139 3197 2432 3254 assequere
2463 3187 2600 3243 bona
2635 3210 2647 3246 :
2680 3199 2735 3246 et
2768 3194 2910 3262 quod
2942 3196 3073 3250 nihil
3113 3197 3378 3267 ingratum
3408 3204 3646 3270 patiatis,
3673 3216 3728 3260 et

2138 3277 2277 3344 quod
2309 3278 2504 3333 bonum
2531 3296 2668 3351 opus
2699 3290 2846 3337 tuum
2875 3285 2989 3350 tibi,
3019 3303 3124 3342 non
3153 3289 3294 3344 illius
3323 3291 3591 3348 violentia:
3633 3295 3729 3352 de-
3789 3294 3801 3301 ’

2136 3367 2346 3425 bentur.
2387 3371 2540 3438 Quod
2572 3375 2614 3427 si
2657 3374 2814 3429 dictis
2851 3377 3224 3449 obtemperare
3268 3400 3372 3437 non
3419 3385 3572 3452 velis,
3616 3405 3724 3443 non

2137 3459 2211 3514 illi
2253 3469 2458 3518 tantum
2497 3465 2718 3521 nocebis
2741 3479 2999 3538 quantum
3037 3471 3133 3525 tibi
3162 3474 3281 3542 ipsi.
3333 3475 3609 3546 Perpende
3634 3495 3730 3534 au-

2137 3561 2244 3606 tem
2274 3553 2362 3610 hic
2397 3558 2667 3626 quomodo
2707 3560 2881 3630 ipsum
2926 3562 3168 3618 hortetur
3205 3583 3218 3620 :
3267 3577 3546 3638 postquam
3581 3571 3724 3626 enim

2134 3643 2289 3711 dixit,
2317 3646 2438 3702 Esto
2463 3651 2779 3705 consentiens
2807 3653 3097 3708 adversario
3125 3665 3229 3720 tuo,
3259 3658 3554 3728 subjuuxit,
3576 3659 3725 3727 Cito;

2133 3749 2232 3789 nee
2257 3748 2541 3793 contentus
2568 3739 2668 3794 hoc
2688 3742 3071 3812 additamento,
3098 3746 3240 3800 aliud
3262 3749 3552 3805 celeritatis
3576 3767 3722 3822 quat-

2133 3829 2257 3882 sivit
2280 3839 2620 3899 augmentum
2651 3832 2856 3900 dicens,
2887 3832 3020 3888 Dum
3058 3853 3110 3890 es
3147 3853 3261 3890 cum
3290 3838 3381 3892 illa
3410 3839 3463 3893 in
3491 3841 3608 3907 via;
3637 3840 3725 3896 his

2135 3922 2418 3991 impellens
2442 3923 2617 3993 ipsum
2653 3932 2708 3979 et
2741 3941 2930 3996 magna
2967 3941 3088 3982 cum
3121 3927 3456 3985 vehementia
3499 3947 3716 4002 urgens.

2130 4012 2272 4067 Nihil
2299 4016 2439 4069 enim
2482 4016 2552 4069 ita
2593 4016 2754 4070 vitam
2785 4027 3022 4072 nostram
3059 4021 3268 4084 evertit,
3317 4030 3375 4075 ut
3415 4022 3460 4078 si
3498 4033 3720 4080 cuncte-

2130 4119 2252 4158 mur
2269 4115 2324 4160 et
2349 4105 2657 4162 diﬂ'eramus
2678 4108 2729 4161 in
2755 4108 3014 4164 bonorum
3035 4113 3364 4180 operatione.
3390 4113 3544 4182 Saepe
3571 4131 3722 4169 nam-

2132 4209 2236 4265 que
2277 4196 2409 4250 illud
2440 4198 2493 4250 in
2535 4212 2696 4252 causa
2727 4197 2826 4252 fuit
2852 4208 2910 4254 ut
2934 4201 3002 4254 ab
3028 4202 3275 4256 omnibus
3301 4204 3671 4260 cxcideremus
3701 4225 3715 4260 :

2127 4287 2578 4357 quemadmodum
2604 4298 2659 4343 et
2681 4289 2878 4344 Paulus
2903 4292 2977 4344 ait
2999 4310 3012 4346 :
3039 4291 3352 4363 Priusquam
3378 4297 3454 4350 sol
3486 4297 3715 4361 occidat,

2129 4382 2260 4435 iram
2290 4382 2438 4435 solve
2467 4381 2680 4452 (Ephes.
2709 4385 2763 4438 4.
2787 4383 2879 4455 26)
2909 4402 2922 4450 ;
2950 4393 3005 4440 et
3028 4389 3273 4456 superius
3297 4388 3412 4458 ipse
3433 4390 3674 4446 Christus
3700 4410 3714 4446 :

2127 4475 2443 4544 Priusquam
2473 4475 2796 4531 oblationem
2827 4478 3089 4547 perﬁcias,
3119 4482 3488 4537 reconciliare.
3536 4485 3626 4538 Sic
3666 4495 3717 4539 et

2127 4565 2229 4620 hoc
2257 4567 2375 4621 loco
2413 4567 2564 4631 dicit,
2595 4569 2727 4633 Cito,
2763 4570 2887 4624 dum
2929 4588 2981 4626 es
3023 4589 3139 4626 cum
3179 4574 3269 4628 illa
3309 4577 3361 4628 in
3402 4578 3502 4641 via,
3535 4580 3716 4648 prius-

2125 4674 2284 4730 quam
2314 4660 2378 4714 ad
2401 4660 2589 4730 judicii
2614 4662 2758 4718 fores
2779 4664 3027 4730 accedas,
3057 4667 3362 4736 priusquam
3391 4670 3456 4722 ad
3486 4672 3717 4726 tribunal

2124 4752 2355 4818 sistaris,
2388 4760 2442 4807 et
2473 4753 2573 4808 sub
2607 4754 2803 4824 judicis
2831 4756 3045 4811 demum
3075 4768 3343 4828 potestate
3376 4762 3578 4830 positus
3617 4765 3714 4820 sis.

2124 4845 2265 4898 Ante
2290 4844 2588 4915 ingressum
2629 4847 2771 4901 enim
2814 4863 2979 4916 penes
3017 4859 3067 4906 te
3110 4859 3234 4906 sunt
3277 4855 3493 4919 omnia;
3528 4871 3716 4911 verum

2125 4938 2176 4991 in
2211 4937 2293 4993 illa
2341 4939 2614 5009 ingressus
2643 4939 2846 5005 limina,
2894 4944 3238 5012 quantumvis
3268 4953 3323 5000 te
3357 4962 3561 5009 verses,
3608 4963 3716 5002 non

2124 5031 2325 5099 poteris
2365 5039 2452 5085 tua
2495 5031 2560 5086 ad
2605 5044 2794 5088 nutum
2834 5043 2980 5089 tuum
3020 5037 3326 5106 disponere,
3362 5041 3461 5094 sub
3491 5042 3716 5099 alterius

2122 5129 2385 5192 potestate
2420 5125 2686 5180 redactus.
2713 5127 2852 5195 Quid
2879 5141 3058 5185 autem
3091 5142 3173 5188 est
3211 5148 3330 5189 esse
3369 5138 3715 5190 consentien-

2121 5215 2268 5269 tem?
2295 5215 2388 5269 Vel
2417 5217 2466 5270 id
2502 5217 2789 5287 signiﬁcat,
2831 5221 3016 5276 Potius
3045 5223 3297 5279 damnum
3338 5229 3594 5296 patiaris;
3626 5229 3712 5284 vel

2120 5307 2267 5367 illud,
2297 5307 2558 5364 iudicium
2588 5310 2742 5378 ferto,
2773 5329 2836 5368 ac
2861 5317 2903 5368 si
2930 5317 3072 5371 illius
3103 5333 3385 5386 personam
3410 5337 3616 5391 ageres,
3645 5339 3714 5379 ne

2117 5415 2181 5454 ex
2211 5415 2393 5454 amore
2432 5403 2506 5456 tui
2542 5403 2662 5470 jura
2702 5405 2875 5460 violes
2911 5428 2923 5462 :
2953 5409 3046 5463 sed
3087 5409 3154 5464 de
3178 5410 3374 5476 alieno,
3403 5427 3466 5466 ac
3490 5414 3534 5466 si
3563 5422 3707 5467 tuum

2117 5503 2280 5558 esset,
2323 5496 2539 5564 negotio
2564 5495 2890 5563 deliberans,
2915 5500 2985 5554 ita
3008 5502 3330 5557 sententiam
3357 5503 3517 5559 feras.
3551 5504 3705 5571 Quod

2117 5584 2161 5638 si
2188 5585 2390 5653 grande
2418 5587 2545 5641 illud
2570 5596 2674 5654 eSt,
2705 5605 2774 5644 ne
2801 5591 3032 5647 mireris.
3061 5591 3188 5647 Ideo
3207 5594 3348 5648 enim
3372 5595 3494 5650 illas
3516 5611 3705 5652 omnes

2119 5676 2336 5744 protulit
2381 5677 2758 5743 beatitudines,
2813 5691 2872 5735 ut
2913 5683 3252 5754 complanato
3298 5701 3364 5741 ac
3401 5697 3703 5755 prteparato

2114 5765 2370 5823 auditoris
2413 5769 2627 5833 animo,
2672 5772 2935 5841 aptiorem
2987 5775 3134 5832 illum
3189 5777 3433 5837 efﬁceret
3479 5784 3546 5839 ad
3593 5784 3690 5839 has

2116 5874 2304 5914 omnes
2344 5860 2491 5930 leges
2523 5863 2881 5937 recipiendas.
