4052 6436
499 388 608 444 253

503 503 844 576 διαφθείρῃς,
896 502 1010 556 ἀλλ’
1045 502 1121 565 ὼς
1152 503 1279 572 περὶ
1306 503 1352 533 ⁸⁸
1395 502 1597 555 οἰκείου
1648 500 1743 555 τοῦ
1801 502 2081 572 ἀλλοτρίου

504 586 888 657 βουλευόμενος
930 586 1289 656 πράγματος,
1339 586 1424 638 ἵνα
1450 587 1496 620 δ’
1543 583 1750 655 ταύτην
1790 586 2081 655 ἐξενέγκῃς

501 670 601 740 τὴν
626 669 821 738 ψῆφον.
859 668 920 720 El
948 666 1003 719 δὲ
1039 668 1179 737 μέγα
1199 667 1379 729 τοῦτο,
1408 668 1485 738 μὴ
1516 668 1823 739 θαυμάσῃς.
1854 667 1951 720 Διά
1970 666 2080 737 7&9

503 751 659 806 τοῦτο
681 751 890 813 πάντας
936 751 1177 815 ἐκείνους
1208 751 1373 821 ἔθηκε
1402 754 1531 815 τοὺς
1567 752 1971 822 μακαρισμοὺς,
1996 751 2082 803 ἴνα

503 832 803 903 προλεάνας
837 833 933 886 καὶ
960 834 1497 905 προπαρασκευάσας
1546 834 1640 887 τοῦ
1670 832 1937 905 ἀκροατοῦ
1980 831 2078 902 τὴν

498 916 696 987 ψυχὴν,
724 916 1164 987 ἐπιτηδειοτέραν
1186 918 1488 988 ἐργάσηται
1517 919 1654 989 πρὸς
1684 919 1781 988 τὴν
1816 916 2079 987 ὑποδοχὴν

497 1000 597 1067 τῆς
649 998 968 1069 νομοθεσίας
995 998 1198 1070 ταύτης
1236 1000 1469 1070 ἀπάσης.

558 1079 649 1136 ια’.
660 1082 815 1145 Τινὲς
834 1081 934 1149 μὲν
947 1078 1041 1136 οὖν
1058 1081 1149 1135 τόν
1165 1082 1407 1136 διάϐολον
1421 1081 1582 1135 αὑτὸν
1599 1082 1930 1135 αἰνίττεσθαί
1948 1099 2080 1151 φασι

497 1166 564 1233 τῇ
584 1164 678 1217 τοῦ
700 1163 970 1218 ἀντιδίκου
987 1164 1342 1235 προσηγορίᾳ,
1362 1164 1453 1217 καὶ
1478 1163 1722 1217 κελεύειν
1748 1164 1914 1234 μηδὲν
1933 1166 2079 1234 ἔχειν

498 1247 607 1300 τῶν
635 1246 866 1300 ἐκείνου’
888 1246 1043 1299 τοῦτο
1061 1245 1172 1314 7&9
1197 1242 1335 1298 εἶναι
1358 1246 1418 1297 τὸ
1437 1246 1642 1299 εὐνοεῖν
1668 1245 1819 1315 αὑτῷ
1836 1261 1849 1275 ο
1874 1246 1950 1308 ῶς
1974 1248 2077 1299 οὐκ

498 1331 616 1383 ἐνὸν
630 1327 978 1382 διαλύσασθαι
999 1330 1139 1397 μετὰ
1158 1330 1256 1401 τὴν
1274 1327 1520 1381 ἐντεῦθεν
1542 1327 1865 1398 ἀπαλλαγὴν
1891 1328 1959 1391 ⁵⁸,
1979 1328 2076 1397 τῆς

496 1412 870 1484 ἀπαραιτήτου
889 1411 1073 1467 λοιπὸν
1086 1414 1233 1482 ἡμᾶς
1248 1410 1608 1482 ἐκδεχομένης
1623 1411 2077 1482 κολάσεως.Ἐμοὶ

494 1497 552 1549 δὲ
581 1497 708 1568 περὶ
737 1496 845 1551 τῶν
870 1495 1103 1549 ἐνταῦθα
1125 1496 1272 1549 δοκεῖ
1297 1494 1477 1563 λέγειν
1521 1494 1789 1547 δικαστῶν
1805 1535 1820 1561 ,
1856 1496 1949 1549 καὶ⁵
1973 1496 2075 1566 τῆς

494 1580 586 1630 ἐπὶ
609 1579 668 1632 τὸ
691 1578 1038 1651 δικαστήριον
1056 1576 1199 1637 ὁδοῦ,
1223 1578 1318 1631 καὶ
1341 1576 1436 1629 τοῦ
1459 1575 1834 1648 δεσμωτηρίου
1856 1577 2067 1634 τούτου.

507 1662 725 1733 Ἐπειδὴ
758 1660 867 1733 γὰρ
892 1660 1002 1715 ἀπὸ
1043 1660 1152 1715 τῶν
1177 1659 1524 1730 ὑψηλοτέρων
1556 1659 1812 1731 ἐνέτρεψε
1842 1661 1936 1715 καὶ
1963 1661 2071 1716 τῶν

497 1747 819 1817 μελλόντων,
854 1747 947 1801 καὶ
984 1746 1093 1800 ἀπὸ
1119 1747 1227 1799 τῶν
1255 1748 1315 1799 ἐν
1353 1746 1432 1815 τῷ
1471 1744 1699 1816 παρόντι
1741 1744 1841 1817 βίῳ
1893 1746 2067 1814 φοϐεῖ.

496 1833 677 1903 Ὅπερ
694 1826 790 1884 οὗν
812 1831 907 1883 καὶ
942 1832 971 1884 ὁ
1003 1829 1215 1894 Παῦλος
1240 1828 1551 1901 ἐργάζεται,
1578 1830 1685 1883 ἀπό
1725 1847 1784 1883 τε
1804 1830 1911 1883 τῶν
1942 1832 2072 1903 μελ-

494 1913 716 1977 λοντων,
752 1914 859 1967 ἀπό
884 1930 941 1966 τε
964 1913 1071 1967 τῶν
1101 1913 1382 1986 παρόντων
1414 1913 1624 1982 ἐνάγων
1652 1913 1743 1967 τὸν
1771 1916 2066 1988 ἀκροατήν.

493 2002 621 2050 (nov
637 1998 712 2060 ώς
728 1997 856 2051 ὅταν
872 1997 1101 2065 ἀπάγων
1122 1995 1339 2059 κακίας,
1357 1996 1449 2049 τὸν
1470 1996 1707 2067 ἄρχοντα
1721 1997 2070 2069 όπλιζόμενον

491 2079 713 2153 δεικνύῃ
749 2080 828 2151 τῷ
848 2079 1289 2151 πονηρευομένῳ,
1320 2077 1463 2133 οὕτω
1495 2079 1697 2148 λέγων’
1738 2081 1881 2135 Ἐὰν
1905 2082 1973 2135 δὲ
2006 2084 2070 2139 τὸ

492 2162 679 2215 κακὸν
712 2160 910 2231 ποιῇς,
940 2160 1129 2231 φοϐοῦ
1154 2176 1167 2190 ·
1201 2165 1271 2216 οὐ
1296 2163 1407 2230 γὰρ
1446 2162 1581 2231 εικῆ
1616 2163 1732 2231 τὴν
1764 2164 2069 2234 μάχαιραν

490 2245 700 2315 φορεῖ·
729 2246 879 2300 Θεοῦ
900 2247 1013 2315 γὰρ
1046 2243 1326 2312 διάκονός
1345 2245 1389 2277 ⁸¹
1417 2246 1569 2301 ἐστι.
1607 2249 1717 2301 Kal
1762 2250 1921 2302 πάλιν
1947 2251 2071 2304 ὑπο-

490 2330 785 2382 τάσσεσθαι
832 2328 1070 2383 κελεύων
1093 2330 1241 2399 αύτῷ
1262 2331 1334 2392 ",
1368 2330 1428 2381 ού
1477 2330 1570 2382 τὸν
1599 2330 1693 2383 τοῦ
1735 2331 1870 2385 Θεοῦ
1904 2333 2069 2403 φόϐον

489 2413 672 2483 τίθησι
706 2413 883 2483 μόνον,
913 2411 1050 2465 ἀλλά
1079 2412 1173 2464 καὶ
1200 2411 1300 2481 τὴν
1334 2410 1568 2481 ἀπειλὴν
1594 2412 1694 2483 τὴν
1730 2413 1940 2467 ἐκείνου
1974 2416 2069 2469 καὶ

490 2498 592 2564 τὴν
621 2495 978 2567 κηδεμονίανο
1023 2495 1271 2563 Ἀνάγκη
1312 2495 1419 2563 γὰρ
1466 2493 1945 2562 ὑποτάσσεσθαι,
1993 2499 2067 2553 οὺ

483 2584 677 2652 μόνον
718 2581 815 2636 διὰ
847 2581 962 2649 τὴν
994 2582 1202 2651 ὀργὴν,
1233 2580 1393 2634 ἀλλὰ
1428 2580 1529 2635 καὶ
1574 2581 1674 2635 διὰ
1718 2583 1831 2651 τὴν
1858 2585 2067 2639 συνεί-

489 2669 692 2734 δησιν.
726 2666 863 2731 Τοὺς
890 2668 996 2739 7&9
1026 2667 1421 2737 ἁλογωτέρους,
1455 2670 1592 2739 ὅπερ
1641 2669 1813 2741 ἔφθην
1870 2672 2063 2739 εἰπὼν,

489 2751 663 2805 ταῦτα
687 2750 885 2821 μᾶλλον
916 2751 1072 2804 εῖωθε
1098 2749 1367 2818 διορθοῦν,
1388 2748 1457 2802 τά
1480 2752 1777 2822 φαινόμενα
1802 2755 1894 2807 καὶ
1915 2754 2068 2826 παρά

489 2834 679 2899 πόδας.
708 2834 800 2886 Διὸ
839 2833 934 2887 καὶ
959 2835 988 2886 ό
1020 2833 1254 2902 Χριστὸς
1285 2833 1346 2885 ού
1370 2832 1594 2904 γεέννης
1635 2835 1795 2905 μόνον
1825 2837 2068 2908 ἐμνημό-

488 2933 699 2981 νευσεν,
724 2916 860 2970 ἀλλά
882 2916 977 2969 καὶ
1002 2916 1375 2985 δικαστηρίου,
1426 2915 1521 2969 καὶ
1548 2917 1849 2988 ἀπαγωγῆς
1878 2920 1947 2984 ⁸³,
1975 2922 2066 2974 καὶ

486 3000 885 3071 δεσμωτηρίου,
920 2998 1134 3067 καὶτῆς
1179 3000 1296 3050 ἐκεῖ
1326 2998 1705 3070 ταλαιπωρίας
1736 3000 1887 3073 [220]
1922 3004 2065 3056 ἀπά-

491 3102 593 3155 σης
621 3122 637 3149 ,
686 3084 777 3137 διά
826 3084 1046 3136 πάντων
1094 3080 1303 3133 τούτων
1340 3081 1438 3145 τάς
1473 3082 1629 3153 ῥίζας
1671 3084 1908 3154 ἀναιρῶν
1965 3086 2060 3141 τοῦ

489 3168 673 3238 φόνου.
707 3168 767 3220 '0
787 3166 896 3236 γὰρ
922 3166 1061 3235 μήτε
1083 3162 1509 3234 λοιδορούμενος,
1538 3168 1673 3237 μήτε
1693 3168 2062 3239 δικαζόμενος,

493 3254 632 3322 μήτε
655 3249 852 3322 ἔχθραν
874 3249 921 3282 ³³⁸
947 3249 1222 3311 ἐκτείνων,
1254 3246 1374 3311 πῶς
1414 3248 1663 3317 φονεύσει
1705 3252 1874 3317 ποτέ;
1908 3254 2070 3307 Ὥστε

489 3334 781 3389 κάντεῦθεν
802 3332 984 3403 δῆλον,
1013 3333 1101 3385 ὅτι
1141 3333 1200 3383 ἐν
1232 3329 1310 3399 τῷ
1341 3330 1435 3383 τοῦ
1469 3331 1693 3401 πλησίον
1738 3336 2068 3406 συμφέροντι

486 3420 551 3472 τὸ
600 3418 871 3489 ἡμέτερον
913 3419 1089 3470 κεῖται
1120 3413 1420 3484 συμφέρον.
1463 3413 1521 3468 '0
1555 3416 1661 3486 7&9
1688 3417 1764 3488 τῷ
1814 3420 2070 3490 ἀντιδίκῳ

496 3502 720 3566 εὐνοῶν,
744 3500 923 3571 πολλῷ
948 3498 1129 3570 μεῖζον
1141 3498 1268 3542 ⁸⁵⁸⁸⁸
1288 3496 1480 3550 ἐαυτὸν
1516 3499 2069 3574 ὠφελήσει,δικαστη.

492 3585 624 3655 ρίων
640 3585 732 3636 καὶ
745 3582 1130 3652 δεσμωτηρίων
1144 3581 1350 3649 καὶτῆς
1366 3581 1482 3631 ἐκεῖ
1496 3582 1865 3653 ταλαιπωρίας
1881 3586 2071 3638 ἐαυτὸν

489 3664 867 3719 ἀπαλλάττων.
906 3663 1226 3731 Πειθώμεθα
1263 3665 1441 3718 τοίνυν
1476 3667 1587 3726 τοῖς
1620 3664 1953 3735 λεγομένοις,
1975 3666 2071 3719 καὶ

493 3752 569 3820 μὴ
586 3748 991 3817 ἀντιτείνωμεν,
1013 3746 1149 3816 μηδὲ
1165 3746 1698 3818 ἀντιφιλονεικῶμενο
1719 3748 1951 3819 μάλιστα
1970 3750 2069 3820 μὲν

490 3833 599 3901 γὰρ
624 3832 716 3883 καὶ
748 3829 855 3900 πρὸ
886 3829 993 3881 τῶν
1012 3827 1261 3881 ἐπάθλων
1291 3831 1347 3881 ἐν
1376 3832 1587 3893 ἑαυτοῖς
1614 3829 1726 3899 ἔχει
1752 3829 1848 3901 τὴν
1875 3831 2069 3903 ἡδονὴν

488 3916 585 3969 καὶ
616 3914 715 3985 τὴν
751 3912 1016 3981 ὠφέλειαν
1048 3912 1115 3965 τά
1152 3912 1503 3984 ἐπιτάγματα
1543 3911 1735 3966 ταῦτα.
1778 3915 1839 3965 Εἰ
1869 3914 1926 3965 δὲ
1958 3918 2070 3979 τοῖς

489 3998 707 4060 πολλοῖς
741 3994 953 4067 ἐπαχθὴ
982 3990 1119 4049 εἶναι
1147 3995 1313 4059 δοκεῖ,
1358 3998 1452 4049 καὶ
1479 3997 1644 4049 πολὺν
1672 3996 1932 4067 παρέχειν
1978 3998 2069 4051 τὸν

490 4081 652 4133 πόνον
676 4118 691 4143 ,
738 4082 989 4149 ἐννόησον
1028 4078 1110 4131 ὅτι
1141 4077 1231 4131 διά
1256 4080 1347 4132 τὸν
1381 4079 1612 4151 Χριστὸν
1655 4078 1829 4133 ταῦτα
1863 4085 2032 4145 ποιεῖς
2052 4122 2065 4142 ,

492 4163 589 4216 καὶ
635 4162 697 4215 τὸ
728 4160 971 4233 λυπηρὸν
1000 4160 1152 4214 ἔσται
1191 4161 1311 4232 ἡδύ.
1353 4162 1479 4215 Ἐὰν
1518 4164 1626 4233 7&9
1671 4162 1762 4217 τὸν
1809 4163 2069 4236 λογισμὸν

488 4245 678 4299 τοῦτον
703 4244 913 4315 ἔχωμεν
938 4244 1229 4307 διαπαντὸς
1259 4285 1273 4307 ,
1297 4245 1509 4308 οὐδενὸς
1540 4247 1911 4317 πειρασόμεθα
1940 4267 2071 4322 φορ-

496 4328 676 4392 τικοῦ,
711 4328 845 4381 ἀλλά
873 4326 1070 4398 πολλὴν
1093 4327 1358 4381 πάντοθεν
1402 4330 1803 4401 καρπωσόμεθα
1839 4331 1934 4401 τὴν
1956 4333 2072 4402 ἡδο·

491 4417 610 4483 νήν.
640 4411 698 4463 Ὀ
719 4412 827 4480 7&9
859 4411 1015 4470 πόνος
1040 4410 1221 4463 οὐκέτι
1249 4411 1408 4474 πόνος
1430 4413 1695 4480 φανεῖται,
1719 4412 1832 4465 ἀλλ’
1850 4414 2065 4487 ὅσῳπερ

489 4494 556 4548 ἂν
574 4493 930 4563 ἐπιτείνηται,
945 4493 1181 4563 τοσούτῳ
1199 4493 1527 4565 γλυκύτερος
1548 4496 1639 4548 καὶ
1654 4495 1818 4566 ἡδίων
1834 4498 2061 4565 γίνεται.

566 4579 732 4630 Ὅταν
781 4576 956 4629 τοίνυν
1002 4576 1239 4647 ἐπιμένῃ
1274 4579 1305 4645 ἡ
1356 4577 1615 4649 συνήθειά
1658 4596 1717 4631 σε
1748 4580 1855 4633 τῶν
1881 4582 2063 4636 κακῶν

491 4660 847 4731 γοητεύουσά,
870 4659 966 4713 καὶ
992 4663 1024 4729 ἡ
1045 4662 1151 4714 τῶν
1167 4660 1463 4731 χρημάτων
1482 4662 1638 4715 ἐπιθυ
1647 4664 1765 4734 μία,
1784 4666 2066 4738 ἀντιστρά-

489 4762 681 4799 τευσον
732 4746 870 4814 αὐτῇ
910 4743 1003 4796 τὸν
1032 4744 1291 4816 λογισμὸν
1320 4747 1531 4801 ἐκεῖνον
1557 4746 1651 4800 τὸν
1686 4747 1942 4817 λέγοντα,
1981 4752 2064 4804 ὃτι

491 4828 655 4881 πολὺν
689 4825 972 4896 ληψόμεθα
1008 4826 1098 4879 τὸν
1141 4826 1350 4896 μισθὸν,
1383 4828 1483 4897 τῆς
1522 4831 1857 4902 προσκαίρου
1895 4850 2064 4887 κατα..

493 4911 857 4980 φρονήσαντες
887 4908 1106 4979 ἡδονῆς’
1134 4910 1227 4963 καὶ
1247 4911 1370 4963 είπέ
1397 4912 1534 4981 πρὸς
1564 4912 1665 4982 τὴν
1677 4913 1883 4984 ψυχὴν-
1917 4918 2063 4971 Πάνυ

491 4990 535 5021 ’τ
561 4991 812 5061 ἀθυμεῖς,
838 4993 920 5044 ὅτι
944 5008 1003 5044 σε
1031 4992 1227 5062 ἡδονῆς
1250 4992 1539 5064 ἀποστερῶ
1565 5010 1579 5058 ;
1610 4995 1725 5047 ἀλλ’
1749 4998 2062 5064 εὐφραίνου,

523 5008 531 5019 '
561 5008 812 5061 αυυμεις,
838 5008 920 5044 οτι
944 5008 1003 5044 σε
1031 5008 1227 5062 ηοονης
1250 5008 1539 5064 αποστερω
1565 5010 1579 5058 ;
1610 5008 1725 5047 ἀλλ’
1749 5008 2062 5065 ευφραινου,

491 5076 572 5128 δτι
604 5092 685 5128 σοι
711 5075 802 5127 τὸν
819 5074 1046 5145 οὐρανὸν
1070 5075 1334 5145 προξενῶ.
1365 5074 1442 5132 Οὐ
1466 5076 1533 5129 δι’
1555 5078 1840 5148 ἀνθρωπον
1869 5084 2061 5145 ποιεῖς,

490 5159 626 5211 ἀλλὰ
659 5158 746 5212 διά
777 5158 867 5210 τὸν
896 5158 1049 5213 Θεόν.
1091 5160 1348 5230 Ἀνάσχου
1370 5159 1547 5214 τοίνυν
1577 5164 1791 5234 μικρὸν,
1827 5166 1921 5217 καὶ
1945 5166 2063 5235 ὄψει

490 5244 551 5295 τὸ
573 5243 757 5314 κέρδος
785 5244 989 5311 ἡλίκον·
1021 5244 1356 5313 καρτέρησον
1381 5245 1522 5298 κατά
1543 5247 1635 5299 τὸν
1668 5248 1910 5317 παρόντα
1927 5249 2061 5318 βίον,

492 5326 584 5378 καὶ
617 5327 765 5398 λήψῃ
792 5326 1105 5397 παρρησίαν
1131 5328 1354 5394 ἄφατον.
1395 5331 1490 5380 “Av
1530 5331 1638 5399 γὰρ
1670 5331 1892 5385 τοιαῦτα
1924 5334 2061 5405 αύτῇ

488 5411 886 5481 διαλεγώμεθα,
908 5413 1003 5463 καὶ
1027 5409 1101 5480 μὴ
1121 5410 1279 5479 μόνον
1303 5411 1362 5463 τὸ
1387 5414 1641 5481 φορτικὸν
1668 5416 1937 5486 ἐννοῶμεν
1962 5418 2063 5487 τῆς

488 5494 710 5564 ἀρετῆς,
729 5495 865 5548 ἀλλά
889 5494 982 5546 καὶ
1002 5493 1092 5545 τὸν
1123 5492 1182 5557 ἐξ
1213 5493 1382 5563 αὐτῆς
1406 5494 1751 5567 λογιζώμεθα
1774 5500 2059 5569 στέφανον,

559 5586 606 5662 δέ
644 5588 719 5662 ώς
753 5585 1014 5662 «quae»;
1036 5585 1284 5662 ῥηέρᾈ.
1316 5586 1380 5638 ll.
1411 5585 1599 5662 ὥσπερ
1624 5588 1691 5662 Ε.
1723 5602 1777 5644 el.
1809 5609 1889 5662 pr.
1926 5593 1986 5645 ι).

490 5657 535 5689 ⁵⁸
566 5656 871 5729 ἀποδημίαν
896 5656 1162 5729 βυτ-ξαν.
1189 5656 1253 5729 _i_n
1291 5671 1426 5729 may.

1261 385 1317 441 S.
1358 384 1641 440 JOANNIS
1680 383 2178 441 CllllYSOSTOMl
2212 385 2531 442 ARCHIEP.
2570 386 3116 442 CONS'I‘ANTINOP.

3654 391 3758 445 254

2185 503 2399 571 ταχέως
2420 502 2591 573 αὐτὴν
2616 503 2813 565 κακίας
2839 504 3221 572 ἀποστήσομεν
3250 503 3485 575 ἀπάσης.
3513 505 3700 577 Είγάρ
3729 506 3757 559 ό

2183 583 2454 649 διάϐολος,
2475 584 2689 648 δεικνὺς
2709 584 2773 638 τό
2802 586 2900 655 μὲν
2939 585 3036 655 ἡδὺ
3083 584 3438 656 πρόσκαιρον,
3471 585 3532 638 τὸ
3556 587 3615 640 δέ
3643 587 3757 639 ὀδυ-

2183 668 2346 735 νηρὸν
2373 667 2640 736 διηνεκὲς,
2670 668 2819 737 ὅμως
2870 667 3043 736 ἰσχύει
3076 667 3172 721 καὶ
3195 667 3534 738 περιγίνεται
3556 685 3572 700 ο
3630 670 3757 722 ὅταν

2182 750 2553 820 ἀντιστρόφως
2573 751 2698 819 παρ’
2715 753 2848 820 ἡμῖν
2867 750 3041 805 ταῦτα
3056 750 3428 821 γένηται⁸⁸,τὸ
3449 752 3544 821 μὲν
3566 752 3758 805 ἐπίποο

2182 851 2292 894 νον,
2308 834 2664 903 πρόσκαιρον,
2678 834 2739 886 τὸ
2756 834 2812 885 δέ
2830 833 2929 903 ἡδὺ
2952 836 3047 887 καὶ
3069 836 3355 905 χρήσιμον,
3371 834 3661 897 ἀθάνατον,
3675 836 3757 898 τίς

2179 918 2312 987 ἡμῖν
2339 917 2491 970 ἔσται
2519 918 2563 948 ⁵⁸
2590 916 2747 984 λόγος
2778 916 2853 987 μὴ
2882 916 3153 987 μετιοῦσιν
3176 918 3372 987 ἀρετὴν
3406 918 3545 987 μετά
3565 917 3758 971 τοσαύρ

2179 1016 2279 1069 την
2308 1000 2685 1071 παραμυθίανς
2711 1001 2897 1071 Ἀρκεῖ
2915 1001 3023 1072 7&9
3042 1004 3174 1073 ἡμῖν
3196 1002 3318 1054 ἀντὶ
3339 1002 3556 1055 πάντων
3587 1005 3621 1071 ἡ
3646 1003 3756 1055 τῶν

2180 1082 2357 1135 πόνων
2385 1082 2661 1147 ὑπόθεσις,
2685 1084 2781 1137 καὶ
2814 1083 2873 1136 τὸ
2911 1084 3203 1138 πεπεῖσθαι
3230 1085 3415 1153 σαφῶς
3444 1086 3525 1138 ὅτι
3553 1084 3642 1138 διά
3664 1086 3757 1139 τὸν

2178 1164 2312 1217 Θεὸν
2357 1166 2698 1235 ὑπομένομεν
2724 1167 2897 1218 ταῦτα
2936 1167 3131 1220 πάντα.
3170 1168 3234 1220 Εἰ
3267 1168 3377 1238 7&9
3410 1168 3500 1220 τὸν
3532 1167 3755 1237 βασιλέα

2178 1247 2317 1317 έχων
2347 1264 2431 1311 τις
2458 1247 2765 1320 ὀφειλέτην,
2797 1248 3073 1320 ἀρκοῦσαν
3102 1250 3181 1312 εἰς
3222 1253 3399 1303 πάντα
3422 1251 3631 1319 νομίζει
3664 1252 3754 1305 τὸν

2178 1330 2291 1399 βίον
2320 1330 2621 1400 ἀσφάλειαν
2648 1332 2793 1403 ἔχειν
2812 1350 2825 1363 ·
2858 1334 3109 1404 ἐννόησον
3138 1333 3323 1404 ἡλίκος
3350 1334 3503 1388 ἔσται
3533 1336 3578 1367 ⁸⁸
3605 1338 3634 1389 ό
3663 1337 3757 1388 τὸν

2178 1412 2561 1484 φιλάνθρωπον
2607 1416 2701 1468 καὶ
2755 1416 2845 1468 ἀεὶ
2883 1415 3061 1480 ζῶντα
3091 1416 3223 1469 Θεὸν
3261 1418 3355 1470 καὶ
3402 1416 3617 1489 μικρῶν
3659 1420 3756 1471 καὶ

2179 1496 2431 1565 μεγάλων
2467 1497 2908 1569 κατορθωμάτων
2948 1499 3226 1571 χρεώστην
3261 1501 3438 1572 ἐαυτῷ
3480 1504 3755 1573 καταστή-

2176 1594 2296 1641 σας.
2321 1580 2414 1649 Mi)
2460 1582 2638 1634 τοίνυν
2666 1581 2966 1652 προϐάλλου
3001 1599 3091 1651 μοι
3134 1585 3325 1647 πόνους
3359 1584 3451 1638 καὶ
3487 1584 3715 1650 ἱδρῶτας
3737 1601 3750 1614 ·

2173 1662 2297 1715 οὐδὲ
2326 1662 2439 1734 γὰρ
2477 1667 2543 1735 τῇ
2577 1665 2685 1717 τῶν
2731 1664 3032 1734 μελλόντων
3067 1666 3242 1719 ἐλπίδι
3279 1668 3460 1737 μόνον,
3492 1667 3628 1721 ἀλλά
3656 1672 3755 1722 καὶ

2175 1745 2351 1817 ἑτέρῳ
2390 1748 2577 1817 τρόπῳ
2615 1745 2823 1817 κούφην
2868 1748 2969 1821 τὴν
3001 1750 3204 1819 ἀρετὴν
3250 1750 3503 1821 ἐποίησεν
3540 1754 3568 1804 ό
3598 1752 3749 1814 Θεὸς,

2176 1829 2651 1899 συνεφαπτόμενος
2683 1831 2813 1900 ἡμῖν
2844 1832 3118 1901 πανταχοῦ
3142 1833 3237 1885 καὶ
3263 1834 3752 1905 συναντιλαμϐανόὲ

2174 1927 2356 1981 μενος.
2390 1910 2510 1964 Κᾶν
2541 1911 2805 1984 βουληθῇς
2841 1913 3000 1983 μόνον
3031 1914 3218 1984 ὀλίγην
3252 1918 3580 1985 εἰσενεγκεῖν
3614 1934 3749 1990 προ·

2171 1994 2399 2065 θυμεαν,
2427 1993 2496 2048 τά
2538 1994 2673 2050 ἀλλα
2708 1997 2884 2049 πάντα
2913 1997 3123 2050 ἐπεται.
3153 1998 3250 2051 Διά
3284 2000 3391 2070 γὰρ
3427 1999 3583 2053 τοῦτο
3622 1999 3746 2069 βού-

2168 2077 2322 2133 λεται
2358 2080 2451 2133 καὶ
2478 2078 2538 2132 σέ
2582 2078 2752 2149 μικρά
2790 2084 2992 2144 πονεῖν,
3024 2081 3109 2133 ἵνα
3141 2082 3235 2134 καὶ
3263 2083 3328 2152 σὴ
3360 2084 3394 2152 ἡ
3435 2084 3557 2152 νίκη
3585 2085 3748 2153 γένη-

2169 2178 2277 2216 ται.
2310 2161 2462 2235 [221]
2504 2164 2615 2216 Καὶ
2643 2162 2896 2234 καθάπερ
2945 2162 3196 2233 βασιλεὺς
3236 2163 3480 2234 βούλεται
3515 2168 3614 2237 μὲν
3655 2168 3749 2223 τὸν

2169 2245 2365 2298 ἐαυτοῦ
2392 2244 2557 2298 παῖδα
2578 2247 2834 2316 παρεῖναι
2858 2245 2951 2299 ἐπὶ
2980 2247 3078 2317 τῆς
3109 2248 3481 2319 παρατάξεως,
3508 2250 3603 2302 καὶ
3624 2244 3749 2317 φαίὲ

2169 2337 2383 2391 νεσυαι,
2406 2327 2546 2381 ὥστε
2575 2328 2722 2399 αύτῷ
2752 2328 3063 2399 λογισθῆναι
3083 2330 3143 2383 τὸ
3170 2332 3449 2401 τρόπαιον,
3469 2333 3530 2385 τὸ
3553 2332 3610 2385 δὲ
3641 2335 3746 2387 πᾶν

2165 2411 2331 2474 αὐτὸς
2366 2411 2518 2465 ἀνύει
2539 2428 2552 2442 ·
2583 2412 2726 2465 οὕτω
2754 2414 2848 2466 καὶ
2865 2415 2893 2466 ὁ
2916 2413 3046 2477 Θεὸς
3070 2415 3127 2467 ἐν
3154 2414 3231 2484 τῷ
3256 2414 3473 2485 πολέμῳ
3500 2415 3578 2486 τῷ
3604 2417 3747 2470 κατὰ

2164 2494 2259 2547 τοῦ
2286 2495 2534 2548 διαϐόλου
2570 2498 2729 2551 ποιεῖ.
2760 2497 2854 2549 Ἓν
2878 2497 2984 2568 7&9
3011 2497 3231 2551 ἀπαιτεῖ
3256 2499 3406 2569 παρά
3437 2498 3530 2551 σοῦ
3562 2501 3741 2569 μόνον,

2166 2576 2306 2631 ὥστε
2337 2578 2537 2649 ἔχθραν
2566 2578 2700 2648 πρὸς
2726 2579 2932 2632 ἐκεῖνον
2958 2579 3324 2645 ἐπιδείξασθαι
3354 2581 3581 2653 γνησίαν
3603 2601 3616 2612 ·
3642 2584 3745 2636 κᾶν

2164 2659 2337 2714 ταῦτα
2364 2661 2514 2732 αύτῷ
2548 2662 2859 2734 παράσχῃς,
2885 2663 3045 2727 αὐτὸς
3074 2666 3252 2720 πάντα
3278 2665 3431 2719 ἀνύει
3458 2666 3550 2719 τὸν
3582 2667 3740 2719 πόλε-

2168 2761 2286 2813 μον.
2308 2745 2430 2798 Κᾶν
2451 2746 2588 2816 ὀργὴ
2612 2748 2654 2778 ⁶¹
2676 2746 2870 2818 φλέγῃ,
2892 2746 2991 2801 κᾶν
3011 2750 3308 2819 χρημάτων
3330 2748 3614 2819 ἐπιθυμία,
3643 2751 3745 2803 κᾶν

2164 2827 2343 2881 ὁτιοῦν
2374 2827 2557 2900 ἕτερον
2579 2828 2747 2894 πάθος
2776 2832 3113 2902 τυραννικὸν,
3132 2834 3489 2904 παραγίνεται
3514 2834 3746 2904 ταχέως,

2166 2908 2234 2962 ἂν
2292 2908 2381 2983 ι’δῃ
2419 2927 2477 2963 σε
2512 2912 2671 2982 μόνον
2720 2913 2859 2984 πρὸς
2889 2914 3051 2969 αὑτὸν
3086 2915 3449 2987 ἀποδυόμενον
3482 2918 3578 2970 καὶ
3604 2934 3746 2987 παρ-

2165 2995 2566 3064 εσκευασμένον
2584 2997 2651 3062 ⁸³,
2669 2997 2765 3050 καὶ
2786 2996 2944 3069 ῥᾴδια
2966 3000 3142 3054 πάντα
3172 3002 3334 3066 ποιεῖ,
3363 3001 3455 3053 καὶ
3472 3001 3746 3071 ἀνώτερον

2172 3078 2351 3149 ἵστησι
2371 3083 2472 3149 τῆς
2493 3079 2712 3149 φλογὸς,
2734 3081 2985 3154 καθάπερ
3006 3084 3132 3146 τοὺς
3154 3084 3346 3147 παῖδας
3364 3084 3484 3137 τότε
3508 3087 3746 3151 ἐκείνους

2170 3161 2264 3213 ἐπὶ
2290 3161 2393 3231 τῆς
2424 3161 2771 3226 Βαϐυλωνίας
2798 3166 3029 3235 καμίνου
3046 3182 3061 3198 ο
3093 3168 3187 3221 καὶ
3215 3166 3323 3238 γὰρ
3362 3170 3559 3221 ἐκεῖνοι
3588 3169 3749 3222 πλέον

2169 3245 2320 3298 οὐδὲν
2342 3247 2446 3315 τῆς
2474 3246 2697 3318 γνώμης
2724 3249 3069 3320 εἰσήνεγκαν.
3097 3250 3193 3304 Ἴν’
3224 3246 3317 3304 οὖν
3338 3252 3431 3305 καὶ
3462 3255 3626 3324 ἡμεῖς
3645 3255 3748 3306 πᾶ-

2172 3346 2271 3383 σαν
2310 3331 2539 3399 κάμινον
2569 3330 2761 3401 ἡδονῆς
2791 3332 3027 3386 ἀτάκτου
3067 3334 3467 3398 καταλύσαντες
3495 3337 3747 3402 ἐνταῦθα,

2168 3412 2268 3483 τὴν
2298 3414 2417 3465 ἐκεῖ
2461 3414 2814 3485 διαφύγωμεν
2850 3416 3096 3484 γέενναν,
3137 3417 3311 3471 ταῦτα
3356 3420 3478 3472 καθ’
3512 3420 3747 3491 ἐκάστην

2169 3498 2383 3566 ἡμέραν
2409 3498 2505 3551 καὶ
2528 3497 2909 3571 βουλευώμεθα
2945 3501 3041 3553 καὶ
3064 3503 3419 3573 μεριμνῶμεν
3456 3506 3549 3558 καὶ
3577 3508 3749 3577 πράτ-

2169 3596 2370 3650 τωμεν,
2404 3584 2470 3653 τῇ
2503 3597 2562 3633 τε
2595 3583 2725 3653 περὶ
2756 3583 2823 3636 τά
2862 3583 3043 3651 ἀγαθά
3072 3586 3325 3657 προθέσει
3359 3590 3453 3641 καὶ
3483 3592 3603 3652 ταῖς
3649 3609 3750 3644 πυ-

2171 3665 2324 3724 κναῖς
2345 3663 2531 3732 εὐχαῖς
2556 3664 2650 3717 τοῦ
2676 3665 2810 3718 Θεοῦ
2833 3667 2929 3738 τὴν
2952 3667 3163 3722 εὔνοιαν
3186 3670 3574 3742 ἐπισπώμενοι.
3592 3673 3750 3727 υῦτω

2170 3743 2280 3815 7&9
2310 3747 2406 3798 καὶ
2440 3746 2509 3799 τὰ
2528 3747 2790 3801 δοκοῦντα
2816 3751 3067 3822 ἀφόρητα
3092 3748 3230 3805 εῖναι
3257 3752 3371 3815 νῦν,
3397 3757 3568 3825 ῥᾷστα
3596 3756 3747 3809 ἔσται

2171 3829 2267 3882 καὶ
2303 3829 2479 3909 κοῦφα
2512 3832 2607 3885 καὶ
2636 3833 2932 3905 ἐπέραστα.
2953 3835 3096 3898 Ἕως
3132 3837 3229 3907 μὲν
3260 3837 3368 3909 7&9
3400 3840 3466 3893 ἂν
3490 3840 3535 3871 ⁸³
3555 3843 3611 3893 ἐν
3639 3844 3749 3905 τοῖς

2171 3912 2398 3966 πάθεσιν
2425 3908 2595 3985 ὦμεν,
2624 3920 2881 3986 τραχεῖαν
2905 3918 2999 3971 καὶ
3019 3917 3270 3973 δύσκολον
3304 3908 3400 3976 καὶ
3422 3922 3626 3993 ἀνάντη
3655 3924 3746 3994 τήν

2171 3996 2368 4067 ἀρετήν
2390 3994 2529 4051 εῖναι
2549 3999 2863 4069 νομίζομεν,
2886 3999 2984 4071 τὴν
3008 4000 3063 4054 δὲ
3085 4002 3279 4056 κακίαν
3309 4004 3560 4076 ποθεινὴν
3583 4008 3677 4059 καὶ
3701 4006 3745 4037 ⁸⁸

2172 4080 2421 4150 ἡδίστην·
2449 4081 2514 4134 ἂν
2548 4081 2604 4134 δὲ
2644 4082 2839 4152 μικρὸν
2867 4084 3192 4154 ἀποστῶμεν
3230 4086 3451 4153 τούτων,
3486 4090 3605 4142 τότε
3646 4091 3740 4143 κάο

2171 4164 2325 4235 κείνη
2348 4168 2595 4233 φανεῖται
2630 4167 2859 4237 βδελυρά
2888 4169 2981 4221 καὶ
3008 4168 3271 4240 δυσειδὴς,
3302 4172 3393 4223 καὶ
3418 4171 3558 4243 αῦτη
3591 4174 3745 4246 ῥᾳδία

2171 4248 2265 4299 καὶ
2293 4246 2513 4311 εὔκολος
2542 4250 2636 4301 καὶ
2658 4248 2899 4321 ποθεινή.
2920 4251 3027 4304 Καὶ
3052 4252 3221 4305 ταῦτα
3244 4256 3307 4306 ἐκ
3323 4256 3429 4307 τῶν
3458 4256 3743 4328 κατωρθω-

2171 4331 2345 4384 κότων
2372 4332 2486 4384 ἐστι
2516 4332 2699 4401 σαφῶς
2721 4334 2929 4402 μαθεῖν.
2958 4336 3223 4389 Ἀκουσον
3253 4338 3384 4405 γοῦν
3412 4340 3526 4403 πῶς
3545 4343 3573 4395 ό
3601 4340 3741 4397 Παῦ-

2171 4412 2260 4477 λος
2290 4416 2471 4468 ἐκεῖνα
2510 4417 2609 4486 μὲν
2649 4418 2743 4469 καὶ
2779 4419 2918 4488 μετὰ
2951 4422 3049 4490 τὴν
3085 4421 3406 4494 ἀπαλλαγὴν
3432 4425 3742 4494 αἰσχύνεται

2170 4499 2344 4567 λέγων
2363 4516 2375 4529 ο
2425 4501 2563 4553 Τίνα
2586 4502 2696 4571 γὰρ
2730 4505 2962 4571 καρπὸν
2994 4505 3186 4574 εἴχετε
3214 4508 3367 4566 τότε,
3395 4508 3488 4576 ἐφ’
3512 4505 3602 4574 οἷς
3631 4509 3745 4563 νῦν·

2169 4582 2614 4650 ἐπαισχύνεσθε
2639 4600 2656 4647 ;
2681 4585 2885 4656 ταύτην
2916 4587 2973 4639 δέ
3013 4588 3106 4641 καὶ
3144 4594 3279 4659 μετά
3308 4591 3398 4643 τὸν
3430 4592 3589 4646 πόνον
3618 4593 3740 4645 κού-

2172 4684 2280 4736 φην
2311 4663 2450 4720 εἶναί
2482 4685 2634 4738 φησι,
2658 4669 2720 4722 τὸ
2754 4671 3011 4725 ἐπίπονον
3038 4673 3136 4743 τῆς
3173 4674 3405 4743 θλίψεως
3436 4679 3743 4744 παραυτίκα

2172 4752 2267 4804 καὶ¹
2289 4750 2526 4823 ἐλαφρὸν
2554 4753 2734 4807 καλῶν
2757 4757 2825 4819 ⁸⁵,
2853 4756 2949 4809 καὶ
2974 4756 3179 4828 χαίρων
3204 4760 3263 4811 ἐν
3293 4762 3408 4821 τοῖς
3445 4761 3742 4833 παθήμασι,

2171 4834 2260 4888 καὶ
2294 4836 2663 4908 ἀγαλλόμενος
2699 4839 2759 4891 ἐν
2799 4844 2917 4904 ταῖς
2954 4840 3186 4910 θλίψεσι,
3224 4842 3317 4894 καὶ
3360 4844 3503 4913 μέγα
3536 4847 3747 4916 φρονῶν

2170 4918 2265 4971 ἐπὶ
2288 4922 2401 4982 τοῖς
2430 4922 2692 4991 στίγμασι
2710 4924 2824 4985 τοῖς
2843 4923 2929 4975 διὰ
2956 4924 3213 4995 Χριστόν.
3241 4925 3336 4977 ’Ίν’
3354 4922 3447 4979 οὖν
3479 4930 3746 5000 καὶὴμεῖς

2170 5005 2228 5057 ἐν
2259 5004 2432 5075 ταύτῃ
2468 5007 2830 5077 καταστῶμεν
2861 5011 2927 5079 τῇ
2957 5007 3088 5072 ἕξει,
3129 5012 3241 5073 τοῖς
3270 5011 3580 5081 εἰρημένοις
3628 5012 3747 5065 καθ’

2169 5087 2408 5158 ἑκάστην
2454 5090 2667 5160 ἡμέραν
2713 5092 2938 5154 ἑαυτοὺς
2986 5092 3337 5163 ρυθμίζοντες
3373 5094 3457 5158 ⁸⁸,
3514 5095 3606 5148 καὶ
3638 5095 3747 5147 τῶν

2168 5170 2390 5225 ὄπισθεν
2406 5172 2904 5244 ἐπλανθανόμενοι,
2926 5175 3063 5245 πρὸς
3088 5175 3145 5229 δέ
3165 5175 3232 5229 τά
3251 5176 3558 5247 ἔμπροσθεν
3584 5179 3746 5230 ἐπεκ-

2168 5268 2225 5331 τ.
2234 5254 2311 5306 ινό
2318 5270 2486 5324 μενοι,
2499 5255 2779 5325 διώκωμεν
2792 5259 2884 5309 ἐπὶ
2902 5259 2962 5309 τὸ
2979 5258 3227 5329 βραϐεῖον
3239 5260 3338 5330 τῆς
3355 5260 3466 5311 ἄνω
3482 5260 3743 5331 κλήσεως·

2169 5330 2230 5389 οὗ
2251 5339 2459 5404 γένοιτο
2489 5339 2695 5401 πάντας
2720 5342 2862 5410 ἡμᾶς
2889 5342 3184 5411 ἐπιτυχεῖν,
3214 5343 3395 5413 χάριτι
3432 5345 3524 5395 καὶ
3558 5330 3744 5412 φιλαν-

2172 5419 2387 5491 θρωπίᾳ
2423 5421 2517 5474 τοῦ
2551 5423 2753 5493 Κυρίου
2784 5424 2939 5494 ἡμῶν
2988 5424 3162 5495 Ἰησοῦ
3202 5426 3463 5496 Χριστοῦ,
3485 5421 3529 5493 ᾧ
3557 5431 3591 5496 ἡ
3618 5428 3746 5494 δόξα

2170 5504 2263 5556 καὶ
2294 5503 2355 5556 τὸ
2375 5506 2577 5575 κράτος
2595 5508 2674 5567 εἰς
2695 5506 2818 5567 τοὺς
2836 5506 3036 5568 αἰῶνας
3070 5507 3178 5560 τῶν
3208 5511 3439 5562 αἰώνων.
3484 5511 3677 5583 Ἀμήν.

2088 5598 2132 5628 ⁸⁸
2153 5596 2399 5672 Evagon}
2546 5596 2620 5672 F._
2638 5597 2729 5672 ἵνα
2749 5597 2845 5672 τὴν
2882 5600 3068 5672 *αὐτὴν*
3095 5600 3176 5672 ἐξ.
3215 5602 3415 5672 μᾶλλον
3449 5604 3627 5672 ψῆφον
3676 5606 3740 5660 Α.

1545 5659 1589 5689 ι·
1615 5659 1880 5741 διέικονὸς]
1912 5664 2121 5729 ἔκδικος
2148 5667 2226 5745 ιιι
2250 5666 2308 5745 ε.
2344 5666 2423 5745 ιιχ
2482 5667 2527 5745 θ’
2562 5667 2731 5745 αὐτῷ]
2761 5659 3111 5745 αρτόν-Αζιι.
3141 5659 3347 5745 εχ
3375 5673 3427 5745 ξιξ
3453 5659 3744 5745 ἐπαγωγῆς

492 5745 510 5776 ι
543 5724 910 5810 "lugeam-pe
1127 5745 1144 5776 ι
1180 5724 1400 5810 Μοηιεί.
1435 5728 1734 5810 ἀπαγωγῆς
1758 5724 2068 5810 οιιίίιεελιιε

2173 5724 2837 5810 ξέχορᾳνμὴνεχθρᾰνε.
2915 5724 3444 5810 νουσμείςοναίεαιι.
3520 5724 3743 5798 έ⁷⁶ἷτὲιζέὖ

486 5812 600 5847 nm.
626 5794 690 5848 Β.
728 5794 869 5848 DIE.
943 5796 990 5828 ⁵⁸
1024 5794 1644 5916 7étha:]cpaiv17ta:l).

491 5880 544 5916 ιι.
582 5866 947 5916 παραγίνηται
971 5865 1105 5916 Edd.
1182 5868 1253 5916 Id.
1276 5866 1465 5916 udum.
1540 5869 1584 5898 “
1612 5887 1644 5916 π

490 5880 544 5933 p.
582 5866 947 5933 παραγίνηται
971 5865 1105 5919 Edd.

491 5932 692 6010 σμένον
724 5932 922 6010 despui}
953 5934 1107 6010 _in_A.
1146 5936 1210 5989 (ἶ.
1254 5937 1332 6010 -.⁸³
1352 5936 1560 6010 ἄν-υιη.
1592 5942 1659 6010 Α.
1692 5932 1754 5995 Β.
1776 5953 1827 5995 et
1855 5932 2035 6010 ιιι-ξύ.

1754 5804 1800 5833 ⁸⁸
1820 5806 1935 5857 ἐστι
1965 5804 2024 5856 F.

1754 5874 2067 5931 ίσκευαζόμε

2169 5799 2315 5859 ἐστίν
2346 5799 2513 5862 Ειῖι1.’
2560 5799 2758 5881 “om
2789 5809 2845 5863 ιι.
2866 5809 2945 5891 Γ.
2976 5819 3029 5881 ρι
3171 5799 3235 5864 1).
3272 5812 3579 5885 φλεγμαίνῃ
3608 5826 3661 5868 cl.
3689 5835 3740 5882 ι..

2184 5877 2241 5928 Β.
2269 5879 2933 5931 παρασκευασαένονίειρὶ
2962 5878 3022 5931 Ρ.
3115 5883 3239 5931 eam
3270 5882 3363 5931 καὶ
3397 5898 3740 5931 amoenam-

1182 5868 1253 5949 ιιι.
1276 5866 1465 5949 ιιιίιιοῑ.
1540 5869 1584 5898 ⁸³
1609 5874 2067 5949 παρασκευαζόμε

2184 5877 2241 5928 Β.
2269 5866 2792 5949 παρασκευασμένδν
2811 5879 2933 5949 (sic)
2962 5878 3022 5932 Ρ.

2112 5951 2159 5979 ⁸⁵
2188 5947 2310 6027 καί-1
2345 5962 2404 5998 τε
2435 5950 2528 6000 καί
2556 5947 2643 6027 Ι).
2682 5951 2739 6027 *⁸⁸
2772 5947 2863 6027 διο
3007 5951 3277 6027 Gymn-1:9
3307 5947 3616 6024 παραυτίκα
3638 5955 3739 6027 τῆς

3115 5896 3159 5933 οι
3174 5882 3363 5965 μορίαι
3397 5882 3740 5965 παρεσίκευειο

493 6002 725 6074 θλίψεως
752 6004 841 6056 καὶ
864 6002 924 6057 τὸ
949 6003 1203 6060 ἐπίπονον
1250 6004 1483 6075 ἐλαφρὸν
1518 6008 1716 6065 καλῶν.
1821 6002 1867 6045 ⁸⁵
1896 6014 2247 6085 ῥυθμίζωμεν
2272 6002 2332 6069 Β.
2359 6032 2409 6086 p.
2441 6034 2490 6087 ν.
2527 6022 2618 6074 καὶ
2637 6021 2743 6075 τῶν
2909 6002 3293 6076 όπισθενγΕιΜ.
