4052 6428
382 493 487 549 9.53

456 611 546 666 ll.
589 609 820 678 Quidam
847 623 1008 682 porro
1033 624 1130 681 per
1158 607 1520 664 adversarium
1555 607 1702 661 illum
1749 603 1975 674 intelligi

383 704 569 758 volunt
606 702 901 770 diabolum,
936 711 994 760 et
1026 701 1113 758 hic
1139 698 1316 772 juberi
1345 709 1551 770 putant,
1580 714 1650 753 ne
1679 697 1804 768 quid
1833 697 1976 750 illius

384 809 608 865 prorsus
635 792 919 860 habeatur,
982 792 1143 864 idque
1169 807 1293 847 esse
1334 791 1384 846 ei
1423 789 1749 854 consentire,
1791 797 1977 856 utpote

381 901 503 940 cum
546 893 670 954 post
707 898 988 941 excessum
1025 899 1093 939 ex
1131 883 1234 938 hac
1281 883 1387 938 vita
1427 897 1535 938 non
1576 881 1734 936 liceat
1776 878 1846 934 ab
1885 878 1976 934 illo

381 993 483 1034 nos
519 977 799 1048 expedire,
835 992 958 1034 cum
998 992 1097 1032 nos
1135 975 1442 1032 inevitabile
1469 974 1786 1045 supplicium
1825 971 1978 1028 exci-

381 1071 513 1140 piet.
555 1071 681 1125 Mihi
712 1086 841 1127 vero
875 1071 944 1126 de
976 1069 1250 1140 judicibus
1293 1067 1451 1138 hujus
1475 1065 1658 1122 saeculi
1699 1065 1782 1136 agi
1825 1061 1975 1120 vide-

383 1173 490 1229 tur,
520 1176 586 1218 ac
608 1161 680 1218 de
707 1162 792 1216 via
821 1177 942 1232 qua:
979 1161 1046 1217 ad
1080 1161 1344 1231 judicium
1371 1159 1520 1215 ducit
1560 1168 1610 1213 et
1641 1157 1709 1212 de
1732 1170 1971 1212 carcere.

383 1253 676 1326 Postquam
716 1253 863 1310 enim
899 1268 933 1309 a
971 1253 1374 1309 sublimioribus
1411 1251 1656 1306 hortatus
1699 1258 1803 1314 est,
1849 1256 1906 1302 et
1941 1262 1973 1301 a

382 1349 597 1414 futuris,
635 1363 667 1402 a
711 1348 836 1403 vitae
882 1347 1162 1418 praesentis
1212 1354 1380 1401 terret
1423 1343 1671 1415 negotiis.
1720 1342 1778 1398 Id
1829 1340 1973 1412 quod

382 1440 546 1494 etiam
586 1438 786 1495 Paulus
815 1438 960 1507 facit,
986 1454 1016 1492 a
1043 1436 1238 1493 futuris
1277 1447 1334 1493 et
1369 1451 1401 1491 a
1445 1433 1793 1506 praesentibus
1817 1432 1973 1488 audio

383 1543 553 1589 torem
603 1547 972 1588 commovens.
1024 1531 1096 1590 Ut
1141 1547 1262 1588 cum
1307 1546 1338 1584 a
1384 1531 1621 1601 nequitia
1665 1528 1969 1593 abducens,

383 1625 680 1695 principem
707 1633 972 1680 armatum
1017 1623 1160 1679 male
1183 1623 1427 1694 operanti
1454 1621 1692 1677 ostendit
1731 1620 1814 1675 his
1851 1634 1973 1675 ver-

380 1717 463 1772 bis
492 1733 508 1770 :
540 1715 690 1782 Quod
717 1716 762 1771 si
802 1716 1134 1788 malefeceris,
1165 1716 1284 1769 time
1315 1729 1335 1768 :
1363 1730 1463 1769 non
1503 1713 1638 1766 enim
1671 1713 1780 1766 sine
1817 1727 1972 1766 causa

380 1808 610 1880 gladium
633 1815 801 1878 portat
832 1824 852 1863 :
885 1806 984 1862 Dei
1008 1809 1140 1862 enim
1166 1807 1394 1862 minister
1432 1815 1508 1860 est
1551 1805 1726 1876 (Rom.
1756 1806 1844 1861 15.
1886 1806 1968 1875 4).

381 1898 684 1972 lterumque
706 1899 904 1970 jubens
937 1899 1048 1955 Deo
1071 1900 1346 1968 subjectos
1375 1913 1520 1962 esse,
1548 1912 1655 1953 non
1685 1897 1848 1952 modo
1874 1897 1969 1952 Dei

381 1995 650 2060 timorem,
693 1992 788 2050 sed
822 1993 984 2048 etiam
1019 1991 1140 2062 ejus
1183 1991 1357 2047 minas
1393 1990 1548 2046 affert
1585 1999 1642 2045 et
1680 1989 1966 2058 providen-

383 2087 507 2142 tiam
542 2103 558 2141 :
589 2085 808 2142 Necesse
847 2095 925 2141 est
955 2102 1062 2141 esss
1097 2086 1382 2156 subjectos,
1423 2101 1524 2138 non
1565 2084 1730 2138 solum
1765 2093 1970 2153 propter

379 2177 531 2244 iram,
556 2177 646 2231 sed
667 2187 715 2230 et
736 2185 946 2246 propter
966 2176 1325 2230 conscientiam
1353 2173 1516 2247 (Ibid.
1545 2190 1592 2229 υ.
1623 2175 1702 2245 5).
1729 2174 1864 2230 Nam
1889 2175 1970 2230 in-

379 2269 743 2338 sipientiores,
775 2277 832 2322 ut
859 2267 966 2338 jam
995 2267 1127 2332 dixi,
1159 2267 1274 2322 haec
1299 2282 1418 2336 qua:
1457 2275 1718 2336 apparent
1753 2275 1810 2321 et
1847 2281 1968 2336 qua

377 2375 408 2415 e
434 2360 662 2430 vestigio
693 2369 1010 2428 sequuntur,
1035 2359 1204 2428 magis
1223 2358 1401 2414 solent
1421 2357 1728 2414 emendare.
1759 2358 1960 2426 Quam-

376 2454 567 2509 obrem
621 2451 866 2508 Christus
909 2467 1016 2508 non
1059 2452 1220 2509 modo
1272 2451 1576 2522 gehennam
1625 2452 1962 2520 memoravit,

375 2543 469 2598 sed
499 2543 663 2599 etiam
686 2542 875 2614 judicii
904 2544 1156 2612 tribunal,
1191 2544 1570 2600 abductionem
1599 2543 1667 2598 ad
1708 2552 1962 2608 mortem,

374 2651 650 2694 carcerem
674 2636 897 2707 ejusque
921 2636 1168 2692 miserias
1193 2651 1406 2701 omnes,
1435 2651 1532 2705 per
1561 2635 1676 2690 haec
1700 2635 1844 2704 ipsas
1868 2648 1965 2688 ca:-

374 2727 521 2783 dium
566 2729 777 2784 radices
813 2728 1155 2784 exscindens.
1197 2728 1300 2796 Qui
1330 2729 1474 2784 enim
1507 2743 1680 2798 neque
1705 2727 1965 2783 conviciis

374 2818 667 2888 impetitur,
709 2835 810 2876 nec
839 2820 891 2874 in
913 2819 1003 2890 jus
1032 2819 1282 2884 trahitur,
1331 2836 1504 2891 neque
1543 2820 1678 2875 iram
1709 2820 1961 2887 intendit,

373 2913 642 2984 quomodo
679 2913 890 2970 occidet
935 2913 1230 2986 umquam?
1269 2914 1452 2984 Itaque
1497 2913 1622 2970 hinc
1651 2913 1825 2985 palam
1857 2923 1959 2981 est,

373 3006 426 3060 in
451 3006 677 3075 proximi
699 3005 988 3061 commodo
1013 3015 1257 3060 nostrum
1278 3021 1492 3077 quoque
1511 3007 1851 3062 commodum
1878 3022 1964 3063 re-

373 3095 554 3166 periri.
601 3095 734 3152 Nam
778 3097 872 3166 qui
921 3111 1044 3152 cum
1094 3097 1405 3153 adversorio
1451 3099 1739 3165 consentit,
1789 3099 1962 3154 multo

372 3190 544 3261 magis
588 3190 690 3246 sibi
738 3191 840 3261 ipsi
875 3190 982 3248 erit
1032 3190 1208 3259 utilis,
1251 3191 1387 3247 liber
1424 3207 1454 3246 a
1499 3191 1886 3259 tribunalibus,
1928 3195 1958 3246 a

371 3283 675 3340 carceribus
697 3299 993 3356 eorumque
1017 3284 1269 3341 miseriis.
1304 3284 1470 3340 Dictis
1494 3285 1656 3354 igitur
1680 3283 1958 3358 obtempe-

372 3389 573 3440 remus,
599 3389 702 3430 nec
726 3374 1136 3440 contendamus,
1163 3389 1266 3430 nec
1291 3375 1524 3429 rixemur
1547 3391 1562 3428 :
1583 3390 1703 3429 cum
1727 3374 1960 3429 maxime

373 3467 490 3526 htec
513 3479 803 3540 pmcepta,
848 3469 1012 3524 etiam
1057 3477 1182 3524 ante
1225 3467 1444 3539 praemia
1489 3468 1598 3533 illa,
1629 3468 1959 3537 voluptatem

372 3572 427 3618 et
453 3563 735 3618 utilitatem
777 3563 830 3618 in
865 3576 927 3618 se
967 3562 1298 3618 contineant.
1345 3561 1500 3630 Quod
1547 3561 1593 3617 si
1637 3561 1955 3633 quibusdam

372 3670 599 3712 onerosa
638 3671 759 3712 esse
783 3665 838 3711 et
876 3655 1102 3710 multum
1135 3655 1374 3724 pra-bere
1418 3654 1616 3710 laboris
1651 3653 1958 3722 videantur,

371 3749 544 3820 cogita
573 3757 626 3804 te
654 3757 872 3818 propter
895 3746 1170 3802 Christum
1201 3746 1316 3802 haec
1357 3760 1537 3818 agere,
1569 3754 1626 3801 et
1659 3745 1802 3817 quod
1844 3760 1961 3801 mo-

373 3841 567 3898 lestum
612 3848 715 3906 est,
746 3855 912 3895 suave
953 3838 1236 3894 videbitur.
1281 3838 1336 3894 Si
1387 3838 1530 3893 enim
1573 3837 1710 3892 hanc
1756 3836 1961 3907 cogita-

373 3934 573 3988 tionem
611 3945 828 4002 semper
858 3939 1174 4000 praesentem
1218 3928 1531 3994 habeamus,
1577 3929 1709 3983 nihil
1747 3928 1958 3983 molesti

372 4025 732 4097 experiemur,
778 4022 875 4080 sed
913 4023 1133 4078 multam
1169 4023 1402 4093 undique
1429 4037 1777 4092 assequemur
1803 4021 1958 4076 volu-

372 4127 595 4192 putem.
627 4115 802 4172 Labor
831 4116 974 4172 enim
1014 4131 1120 4171 non
1151 4116 1290 4170 ultra
1330 4115 1482 4171 labor
1507 4130 1626 4170 esse
1666 4114 1957 4183 videbitur,

372 4209 467 4266 sed
492 4217 692 4280 quanto
731 4200 900 4280 magis
935 4205 1262 4276 intendetur,
1288 4216 1450 4278 .tanto
1490 4205 1699 4263 dulcior
1722 4207 1962 4262 suavior-

373 4318 476 4373 que
499 4301 624 4358 erit.

443 4395 659 4450 Corona!
677 4394 890 4449 celestis
914 4409 1030 4463 spes
1049 4409 1081 4446 a
1103 4393 1243 4448 mala
1261 4392 1623 4448 consuetudine
1645 4402 1839 4448 avocat.
1869 4392 1964 4449 Dei

372 4488 568 4543 auxilio
607 4497 654 4542 et
681 4503 837 4558 Opera
865 4496 1037 4541 nostra
1071 4496 1145 4540 est
1173 4502 1318 4556 Opus.
1337 4515 1410 4526 —
1428 4485 1653 4552 Quando
1683 4486 1841 4556 igitur
1881 4487 1964 4541 in-

372 4580 537 4636 stabit
560 4577 890 4633 consuetudo
916 4577 1177 4632 malorum
1208 4585 1261 4632 te
1281 4576 1609 4643 demulcens,
1636 4577 1850 4647 quando
1871 4592 1964 4647 pe-

372 4672 657 4728 cuniarum
702 4669 998 4739 cupiditas,
1039 4683 1253 4739 oppone
1295 4667 1369 4722 illi
1412 4668 1750 4723 ratiocinium
1801 4668 1960 4737 illud,

369 4763 516 4834 quod
545 4763 624 4817 sic
651 4761 808 4816 habet
846 4778 860 4814 :
901 4775 1002 4816 nos
1029 4775 1276 4830 magnam
1305 4768 1620 4828 accepturos
1658 4759 1963 4815 mercedem

371 4869 518 4918 esse,
547 4853 593 4908 si
621 4851 969 4920 temporalem
998 4851 1324 4919 voluptatem
1349 4849 1744 4918 despiciamus;
1787 4858 1842 4904 et
1878 4848 1965 4904 dic

370 4943 568 4997 animae
594 4952 698 4997 tute
729 4957 743 4994 :
775 4940 995 4995 Multum
1021 4939 1272 5003 tristaris,
1301 4938 1444 5010 quod
1470 4947 1522 4994 te
1551 4938 1825 5009 voluptate
1850 4939 1964 5008 pri-

371 5051 536 5096 vem;
563 5044 618 5089 at
645 5035 849 5100 bstare,
877 5034 999 5104 quia
1035 5032 1131 5087 tibi
1160 5032 1350 5087 caelum
1379 5031 1654 5102 provideo.
1694 5030 1808 5086 Non
1839 5045 1966 5099 pro-

372 5141 496 5204 pter
535 5127 828 5193 hominem,
859 5127 952 5182 sed
985 5134 1202 5196 propter
1235 5125 1398 5180 Deum
1442 5125 1703 5194 operaris.
1743 5124 1964 5180 Paulum

375 5223 537 5293 igitur
560 5231 831 5292 exspecta,
854 5229 910 5275 et
932 5217 1137 5274 videbis
1155 5228 1411 5288 quantum
1433 5217 1636 5272 lucrum
1658 5231 1965 5286 assequare.

375 5317 667 5373 Persevera
699 5330 793 5384 per
821 5314 955 5369 hanc
981 5315 1166 5376 vitam,
1194 5322 1250 5368 et
1275 5312 1519 5367 fiduciam
1541 5311 1810 5367 obtinebis
1830 5310 1968 5366 inef—

375 5407 616 5463 fabilem.
647 5405 703 5461 Si
731 5405 922 5461 talibus
946 5404 1114 5475 ipsam
1141 5403 1496 5472 alloquamur,
1527 5411 1582 5458 et
1615 5401 1662 5457 si
1701 5417 1808 5457 non
1847 5411 1968 5456 tan-

378 5513 491 5555 tum
515 5499 728 5555 virtutis
755 5498 961 5569 pondus
987 5507 1042 5552 et
1066 5496 1389 5564 molestiam,
1418 5495 1512 5552 sed
1540 5496 1699 5550 etiam
1725 5511 1882 5566 quam
1902 5509 1969 5549 ex

380 5593 466 5648 illa
492 5593 871 5662 consequimur
907 5603 1163 5646 coronam
1198 5589 1252 5644 in
1291 5598 1471 5646 mente
1511 5587 1823 5647 habeamus.
1864 5589 1970 5642 cito

379 5684 525 5740 illam
559 5684 628 5739 ab
667 5683 813 5738 omni
854 5679 1087 5752 nequitia
1131 5679 1486 5736 retrahemus.
1517 5678 1652 5734 Nam
1695 5677 1742 5733 si
1784 5678 1970 5732 diabo-

379 5779 486 5844 lns,
539 5775 828 5831 ostendens
875 5781 1276 5844 temporaneam
1328 5773 1677 5842 voluptatem,
1728 5769 1971 5825 dolorem

1545 489 1612 546 IN
1650 486 2057 545 MATTH/EUM
2098 486 2327 546 HOMIL.
2373 492 2510 550 XVI.

3571 500 3676 556 256

2089 614 2513 676 temporaneam,
2542 608 2870 681 voluptatem
2889 624 3020 667 vero
3047 611 3436 684 utilitatemque
3457 613 3677 670 innnor-

2087 698 2267 766 talem,
2298 715 2402 770 qua
2431 699 2638 757 ratione
2678 703 2923 758 excusari
2963 703 3277 772 poterimus,
3325 706 3371 760 si
3403 716 3523 776 post
3560 716 3678 760 tan-

2085 799 2193 846 tam
2223 793 2669 862 consolationem,
2701 797 2952 852 virtutem
2981 813 3088 853 non
3129 798 3425 855 adeamus?
3469 801 3676 857 Sufficit

2084 883 2242 940 nobis
2285 901 2396 955 pra:
2435 887 2686 944 omnibus
2729 898 3104 959 argumentum
3142 900 3199 946 et
3239 906 3399 948 causa
3439 898 3672 964 suscepti

2083 977 2298 1045 laboris,
2329 981 2374 1034 si
2403 981 2624 1035 omnino
2650 981 2890 1051 persuasi
2919 983 3086 1036 simus
3123 999 3222 1038 nos
3258 994 3474 1054 propter
3503 986 3672 1041 Deum

2083 1068 2199 1127 haec
2227 1074 2405 1127 omnia
2433 1075 2560 1144 pati.
2591 1073 2723 1128 Nam
2751 1075 2794 1128 si
2821 1075 2940 1145 quis
2976 1075 3354 1144 Imperatorem
3395 1078 3497 1132 sibi
3524 1078 3672 1133 debi-

2082 1172 2252 1218 torem
2280 1163 2494 1229 habeat,
2524 1179 2583 1221 se
2612 1181 2704 1236 per
2726 1176 2891 1221 totam
2917 1167 3082 1221 vitam
3109 1168 3426 1222 tutissimam
3465 1169 3670 1223 cautio-

2081 1269 2204 1309 nem
2236 1253 2433 1310 habere
2461 1264 2612 1325 putat
2654 1274 2666 1308 :
2710 1259 2880 1327 cogita
2919 1265 3148 1326 quantus
3191 1258 3260 1312 sit
3289 1257 3354 1323 is,
3387 1259 3475 1329 qui
3519 1259 3670 1313 beni-

2079 1361 2243 1417 gnum
2285 1363 2606 1418 semperque
2635 1349 2898 1404 viventem
2929 1349 3096 1405 Deum
3141 1358 3197 1406 et
3237 1351 3580 1406 minimos-um
3616 1365 3670 1408 et

2078 1442 2240 1498 simul
2263 1458 2578 1514 magnorum
2607 1445 2742 1513 frugi
2771 1457 2991 1513 operum
3019 1443 3118 1498 sibi
3144 1443 3439 1499 debitorem
3469 1446 3670 1498 consti-

2079 1535 2200 1589 tuit.
2221 1533 2300 1589 Ne
2328 1535 2508 1604 itaque
2533 1535 2663 1589 mihi
2693 1535 2905 1590 labores
2932 1534 3156 1604 objicias
3179 1543 3234 1589 et
3258 1533 3484 1589 sudores
3514 1550 3529 1594 :
3575 1550 3670 1590 ne-

2077 1643 2184 1696 que
2210 1628 2352 1683 enim
2379 1627 2491 1682 sola
2519 1627 2814 1682 futurorum
2850 1641 2968 1696 spe,
2999 1629 3094 1682 sed
3122 1636 3177 1682 et
3209 1627 3314 1680 alio
3341 1627 3503 1681 modo
3535 1625 3668 1680 faci-

2077 1716 2183 1772 lem
2210 1733 2332 1773 esse
2355 1717 2606 1772 virtutem
2636 1717 2844 1772 curavit
2881 1717 3044 1784 Deus,
3081 1716 3237 1771 nobis
3271 1717 3470 1786 ubique
3509 1717 3667 1770 auxi-

2077 1809 2207 1865 lium
2255 1809 2716 1879 patrociniumque
2760 1823 2918 1863 suum
2964 1808 3288 1878 praestando.
3329 1809 3384 1862 Si
3433 1807 3668 1863 volueris

2077 1901 2340 1957 modicam
2363 1900 2620 1957 adhibere
2641 1900 2992 1972 diligentiam,
3014 1911 3207 1955 caatera
3233 1899 3409 1955 omnia
3438 1914 3666 1969 sequen-

2077 2004 2182 2050 tur.
2215 1995 2506 2065 Propterea
2534 1994 2679 2050 enim
2710 2003 2760 2049 te
2787 1995 2900 2049 vult
2935 2009 3126 2065 parum
3166 2004 3418 2065 pra-stare
3445 1993 3662 2058 laboris,

2077 2097 2134 2141 ut
2181 2097 2235 2143 et
2278 2087 2499 2142 victoria
2544 2097 2631 2142 tua
2675 2087 2765 2141 sit.
2816 2087 2894 2142 Ac
2931 2085 3378 2157 quemadmodum
3423 2102 3514 2141 rex
3557 2087 3664 2142 vnlt

2075 2179 2238 2234 filium
2269 2195 2423 2234 suum
2452 2179 2506 2234 in
2535 2181 2650 2235 acie
2678 2188 2842 2245 stare,
2871 2179 3047 2249 jacnla
3086 2179 3318 2244 vibrare,
3367 2188 3421 2235 et
3450 2180 3665 2248 conspi-

2072 2286 2235 2325 cuum
2263 2286 2404 2338 esse,
2435 2280 2493 2325 ut
2522 2270 2622 2342 ipsi
2654 2279 2912 2340 tropaeum
2935 2269 3165 2326 adscribi
3189 2271 3373 2340 possit,
3400 2271 3522 2326 licet
3550 2271 3663 2340 ipse

2074 2371 2242 2418 totum
2268 2361 2463 2418 bellum
2485 2363 2732 2418 conficiat
2759 2378 2773 2423 ;
2806 2360 2885 2415 sic
2916 2363 3055 2416 Deus
3081 2362 3132 2415 in
3164 2361 3306 2416 bello
3334 2371 3520 2416 contra
3548 2362 3660 2416 dia-

2071 2455 2252 2512 bolum
2287 2456 2430 2511 facit.
2462 2456 2636 2513 Unum
2671 2457 2868 2526 quippe
2907 2463 3108 2510 tantum
3149 2470 3179 2509 a
3224 2465 3275 2510 te
3314 2455 3559 2525 requirit,
3603 2466 3660 2509 ut

2069 2558 2257 2604 contra
2299 2547 2448 2603 illum
2490 2563 2617 2604 vere
2660 2548 2991 2602 inimicitiam
3033 2545 3325 2612 exhibeas;
3374 2556 3424 2601 et
3466 2546 3510 2602 si
3556 2545 3659 2602 hoc

2070 2640 2171 2709 ipsi
2197 2639 2484 2707 concedas,
2513 2639 2628 2709 ipse
2657 2648 2824 2694 totum
2866 2638 3063 2693 bellum
3102 2636 3371 2692 conficiet.
3405 2637 3518 2692 Etsi
3556 2639 3655 2704 ira,

2063 2734 2149 2788 vel
2185 2732 2412 2787 avaritia
2447 2740 2500 2787 te
2520 2742 2664 2797 urat,
2693 2733 2778 2788 vel
2797 2732 3112 2802 quicunque
3156 2732 3297 2786 alius
3327 2733 3652 2802 tyrannicus

2065 2825 2264 2879 anima:
2296 2825 2558 2889 morbus,
2602 2824 2784 2879 statim
2825 2824 3013 2890 adest;
3059 2823 3104 2876 si
3151 2823 3333 2878 videat
3380 2833 3431 2878 te
3467 2822 3648 2876 solum

2067 2926 2260 2972 contra
2279 2916 2491 2970 hostem
2513 2915 2826 2986 expeditum
2849 2923 2905 2970 et
2920 2923 3194 2985 paratum,
3235 2923 3290 2971 et
3339 2912 3518 2968 facilia
3533 2928 3652 2967 om-

2077 3013 2170 3065 nia
2211 3010 2414 3075 reddit,
2458 3020 2620 3080 teque
2645 3009 2866 3064 flamma
2901 3009 3237 3079 superiorem
3257 3008 3561 3072 constituit,
3595 3015 3656 3060 ut

2064 3114 2268 3166 pueros
2299 3102 2422 3158 illos
2453 3103 2507 3157 in
2541 3101 2762 3158 fornace
2785 3098 3146 3169 Babylonica:
3180 3114 3303 3152 nam
3331 3107 3385 3152 et
3406 3098 3482 3152 illi
3518 3097 3656 3151 nihil

2065 3190 2208 3245 aliud
2256 3189 2484 3245 attulere
2521 3205 2680 3260 quam
2719 3190 3070 3243 voluntatem.
3117 3187 3189 3243 Ut
3229 3189 3388 3256 igitur
3427 3195 3482 3242 et
3521 3202 3654 3252 nos,

2065 3296 2281 3337 omnem
2314 3281 2513 3336 illicita:
2547 3281 2834 3349 voluptatis
2877 3280 3149 3334 fornacem
3191 3277 3277 3333 hic
3302 3277 3653 3342 declinantes,

2063 3372 2360 3444 gehennam
2390 3373 2500 3429 illic
2537 3373 2872 3443 ell‘ngiamus,
2903 3370 3019 3426 haec
3047 3370 3287 3439 quotidie
3311 3379 3366 3425 et
3389 3370 3656 3424 delibere-

2063 3481 2204 3532 mus,
2233 3474 2287 3520 ct
2315 3479 2585 3530 curemus,
2613 3473 2668 3518 et
2693 3476 2932 3533 agamus,
2962 3471 3072 3516 tum
3099 3477 3163 3515 ex
3194 3463 3280 3530 pio
3307 3461 3430 3515 boni
3461 3460 3653 3530 agendi

2064 3560 2361 3633 proposito,
2404 3569 2514 3614 tum
2547 3557 2911 3627 frequentibus
2934 3554 3265 3610 orationibus
3293 3553 3386 3609 Dei
3415 3553 3649 3608 benevo-

2065 3656 2282 3711 lentiam
2313 3653 2468 3709 nobis
2506 3651 2859 3706 attrahentes.
2885 3648 2976 3706 Sic
2999 3649 3142 3704 enim
3168 3663 3232 3703 ea
3261 3663 3380 3718 qua:
3407 3662 3549 3701 nunc
3575 3648 3656 3701 in-

2064 3747 2360 3803 tolerabilia
2387 3744 2657 3809 videntur,
2686 3742 2884 3807 facilia,
2917 3741 3056 3797 levia
3093 3739 3447 3808 amabiliaque
3475 3747 3652 3794 erunt.

2063 3839 2328 3909 Quamdiu
2365 3838 2507 3893 enim
2537 3837 2590 3892 in
2617 3836 2798 3906 pravis
2831 3833 3109 3889 affectibus
3145 3847 3446 3898 versamur,
3479 3834 3654 3886 virtu-

2064 3943 2172 3990 tem
2194 3945 2458 4002 asperam,
2478 3927 2772 3991 difficilem,
2796 3926 3230 3993 inaccessamque
3249 3937 3370 3978 esse
3386 3933 3652 3991 putamus.

2063 4026 2460 4096 nequitiamque
2485 4017 2898 4076 desiderabilem
2924 4025 2980 4072 ct
3007 4015 3402 4080 dulcissimam;
3444 4012 3490 4068 si
3527 4027 3657 4068 vero

2065 4117 2338 4189 paululum
2379 4130 2410 4167 a
2449 4112 2592 4167 vitiis
2627 4107 2989 4172 discedamus,
3034 4115 3158 4160 tunc
3199 4105 3285 4159 illa
3314 4102 3650 4159 abominabi-

2065 4214 2132 4269 lis
2155 4221 2213 4268 et
2237 4207 2493 4266 deformis
2521 4204 2804 4264 videbitur.
2835 4201 2953 4256 hmo
2979 4215 3108 4255 vero
3137 4198 3310 4254 facilis
3348 4205 3403 4252 et
3444 4195 3652 4250 amabi-

2065 4307 2152 4363 lis.
2195 4304 2320 4360 Haec
2364 4316 2526 4372 porro
2563 4297 2773 4353 discere
2821 4293 2974 4349 facile
3021 4306 3308 4362 poswmus
3349 4304 3416 4344 ex
3461 4289 3524 4343 iis
3563 4287 3654 4358 qui

2065 4407 2215 4455 recto
2247 4399 2371 4451 vita:
2401 4393 2644 4448 instituto
2678 4389 3010 4444 claruerunt.
3042 4384 3175 4439 Audi
3207 4381 3477 4453 quomodo
3519 4379 3658 4434 Pau-

2068 4492 2149 4547 lus
2177 4489 2300 4544 vitia
2328 4488 2485 4542 etiam
2512 4493 2635 4556 post
2656 4479 3064 4538 conversionem
3093 4475 3283 4546 pudori
3309 4489 3430 4531 esse
3454 4473 3598 4527 dicat
3637 4489 3653 4524 :

2071 4585 2234 4652 Quem
2261 4580 2396 4635 enim
2438 4580 2657 4650 fructum
2683 4572 2939 4628 habebatis
2967 4579 3088 4624 tunc
3127 4570 3178 4621 in
3215 4567 3339 4632 illis,
3377 4565 3442 4619 de
3479 4565 3659 4633 quibus

2069 4691 2205 4730 nunc
2234 4669 2519 4728 erubescitis
2546 4667 2720 4742 (Rom.
2754 4667 2811 4721 fi.
2852 4662 2985 4735 2|)?
3017 4661 3277 4716 Virtutem
3318 4665 3497 4714 autem
3538 4665 3658 4728 post

2070 4767 2309 4824 laborem
2341 4767 2513 4820 levem
2542 4761 2858 4828 facilemque
2906 4755 3056 4821 dicit,
3096 4761 3523 4808 momentaneam
3564 4751 3660 4804 tri-

2070 4859 2422 4918 bulationem,
2455 4864 2511 4910 et
2551 4853 2790 4910 laborem
2831 4850 3017 4905 dicens
3046 4845 3299 4900 facilitate
3351 4845 3525 4898 levem
3556 4841 3656 4911 (9.

2071 4953 2190 5009 Cor.
2226 4951 2422 5020 4.17),
2451 4947 2791 5019 gaudensque
2829 4945 2882 4999 in
2919 4935 3410 5012 passionibus(Col.
3453 4936 3506 4990 1.
3537 4935 3657 5006 24),

2071 5055 2126 5102 et
2154 5043 2429 5101 exsultans
2456 5040 2508 5094 in
2539 5033 2966 5093 tribulationibus
2995 5031 3170 5102 (Rom.
3201 5030 3254 5085 5.
3281 5030 3357 5100 5),
3387 5029 3663 5099 altumque

2073 5137 2287 5207 sapiens
2329 5134 2381 5187 in
2423 5128 2756 5200 stigmatibus
2806 5132 3030 5195 propter
3076 5122 3353 5176 Christum
3397 5119 3664 5189 susceptis

2074 5228 2218 5299 (Cal.
2247 5222 2445 5293 6.17).
2486 5220 2558 5277 Ut
2598 5219 2756 5291 igitur
2782 5225 2838 5271 et
2879 5230 2976 5270 nos
3019 5215 3071 5268 in
3111 5215 3211 5268 hoc
3255 5220 3396 5299 statu
3444 5225 3665 5264 manea-

2074 5298 2216 5380 mus,
2249 5311 2314 5366 iis
2340 5323 2459 5380 quae
2485 5320 2646 5375 supra
2671 5302 2810 5359 dicta
2841 5309 2967 5356 sunt
3003 5315 3101 5355 nos
3125 5298 3363 5369 quotidie
3389 5310 3664 5351 exornan-

2075 5415 2178 5471 tes,
2217 5411 2273 5458 et
2309 5397 2698 5472 praeteritorum
2725 5394 3123 5455 obliviscentes,
3163 5390 3232 5445 ad
3273 5405 3334 5444 ea
3375 5402 3504 5442 vero
3543 5401 3666 5457 quae

2075 5505 2200 5554 ante
2225 5508 2323 5550 nos
2351 5500 2476 5548 sunt
2512 5506 2610 5546 nos
2639 5503 2854 5558 semper
2877 5484 3251 5548 extendentes,
3281 5495 3528 5550 superna:
3567 5494 3666 5532 vo-

2075 5588 2304 5646 cationis
2328 5585 2565 5641 bravium
2597 5596 2884 5652 sequamur
2927 5596 2940 5634 :
2973 5577 3114 5649 quod
3144 5591 3242 5630 nos
3285 5587 3474 5628 omnes
3501 5586 3656 5626 asse-

2076 5683 2166 5754 qui
2205 5680 2500 5748 contingat,
2547 5675 2718 5745 gratia
2765 5681 2821 5729 et
2868 5669 3199 5741 benignitate
3244 5663 3455 5723 Domini
3497 5666 3669 5721 nostri

2077 5774 2205 5830 Jesu
2231 5771 2450 5836 Christi,
2479 5769 2564 5824 cui
2591 5766 2759 5840 gloria
2783 5774 2838 5822 et
2863 5761 3147 5835 imperium
3175 5760 3232 5816 in
3259 5754 3458 5818 secula
3496 5767 3665 5812 saecu-

382 5885 510 5926 vero
537 5876 873 5939 perpetuum,
905 5873 1084 5922 tamen
1111 5865 1368 5937 praevalet
1397 5873 1452 5921 et
1477 5865 1642 5920 vincit
1668 5880 1682 5916 :
1709 5877 1831 5918 cum
1861 5862 1974 5918 lucc
2081 5868 2276 5923 lorum.
2316 5864 2510 5920 Amen.

387 5963 442 6019 in
469 5960 800 6019 contrarium
840 5973 994 6016 versa
1023 5957 1440 6030 respexerimus.
1479 5956 1718 6014 laborem
1756 5953 1972 6028 quidem
