4052 6426
383 447 492 505 255

1066 439 1121 495 S.
1160 435 1438 494 JOANNIS
1464 432 1936 491 CIIRYSOSTOMI
1977 430 2292 486 ARCIIIEP.
2335 427 2869 485 CONSTANTINOP.

384 569 3673 599 *Μ’-ω*ᾜῄ

1729 645 2078 708 HOMILIA
2121 647 2326 708 XVII.

385 787 510 838 (lar.
542 784 595 838 5.
627 798 677 834 v.
704 780 795 836 27.
826 779 1050 835 Audistis
1073 777 1194 849 quia
1231 775 1423 829 dictum
1469 783 1542 827 est
1572 771 1788 838 antiquis
1819 785 1840 824 :
1866 768 1988 823 Non

457 873 800 926 nime/laberis.
839 869 933 925 28.
990 867 1102 938 Ego
1130 875 1296 921 autem
1323 865 1438 918 dico
1465 863 1601 916 vobis
1620 904 1635 925 ,
1663 861 1782 930 quia
1823 859 1987 913 omnis

458 966 540 1031 qui
586 963 765 1018 viderit
803 963 1065 1015 mulierem
1103 959 1171 1012 ad
1215 954 1671 1026 concupiscendum
1707 967 1844 1017 eam,
1867 951 1983 1020 jam

459 1057 735 1110 moechatus
760 1063 831 1108 est
859 1070 970 1108 eam
994 1053 1046 1105 in
1071 1049 1224 1105 corde
1246 1065 1358 1104 suo.

460 1151 512 1204 1.
544 1149 831 1216 Postquam
858 1146 1087 1216 primum
1118 1141 1427 1196 mzmdatum
1467 1132 1772 1205 explicandi
1820 1133 1982 1187 linem

389 1243 537 1305 fecit,
593 1239 827 1308 illudque
876 1236 942 1290 ad
985 1247 1252 1289 summum
1308 1225 1659 1298 philosophiae
1701 1222 1980 1288 extendit,

387 1334 579 1389 ordine
631 1330 946 1401 procedens,
973 1326 1040 1381 ad
1091 1322 1386 1380 secundum
1429 1317 1771 1390 provehitur,
1798 1316 1850 1370 in
1882 1314 1987 1371 hoc

391 1439 602 1494 quoque
633 1423 732 1493 legi
777 1422 1128 1490 obsequutus.
1172 1415 1336 1485 Atqui
1384 1412 1488 1468 hoc
1535 1426 1642 1466 non
1691 1407 1985 1465 secundum

393 1523 718 1586 praeceptum
747 1521 850 1579 est,
881 1511 1112 1580 inquies,
1140 1506 1236 1563 sed
1283 1505 1519 1560 tertium.
1563 1501 1678 1557 Non
1707 1501 1851 1554 enim
1876 1498 1988 1569 prio

403 1621 546 1661 mum
575 1614 904 1676 praeceptum
929 1609 1030 1656 est.
1060 1597 1182 1654 Non
1205 1597 1400 1651 occides
1426 1593 1446 1667 (
1469 1593 1616 1647 Deut.
1640 1591 1696 1647 6.
1717 1592 1753 1646 4
1772 1591 1826 1662 );
1853 1587 1948 1645 sed
1969 1607 1986 1645 :

398 1699 645 1754 Dominus
675 1697 815 1751 Deus
857 1705 976 1748 tuus
998 1733 1015 1759 ,
1050 1691 1301 1746 Dominus
1329 1705 1458 1742 unus
1488 1695 1578 1740 est.
1632 1683 1988 1752 Quamobrem

390 1789 736 1863 quaerendum
763 1797 882 1852 est,
912 1801 1009 1839 cur
1035 1798 1141 1838 non
1183 1781 1305 1837 inde
1329 1779 1573 1848 coeperit.
1603 1778 1718 1843 Qua
1762 1775 1831 1830 de
1858 1789 1988 1828 cau-

391 1899 450 1937 sa
481 1880 684 1951 igitur?
709 1879 843 1946 Quia
884 1878 928 1930 si
970 1875 1092 1929 inde
1123 1871 1395 1941 coepisset,
1419 1868 1717 1940 oportebat,
1743 1875 1796 1921 et
1842 1866 1988 1920 illam

391 1989 624 2044 augere.
671 1981 730 2027 et
775 1971 1120 2038 semetipsum
1177 1969 1229 2021 in
1283 1963 1635 2034 explicatione
1682 1959 1986 2030 complecti.

393 2065 638 2121 Nondum
686 2072 866 2117 autem
918 2069 1125 2128 tempus
1173 2065 1292 2112 erat
1343 2055 1410 2110 de
1458 2054 1636 2124 seipso
1687 2049 1990 2121 huiusmodi

394 2155 664 2226 quidpiam
691 2152 884 2206 docere
947 2150 1195 2219 Alioquin
1242 2158 1420 2201 autem
1470 2144 1728 2200 moralem
1775 2141 1991 2198 interim

394 2261 698 2302 sermonem
733 2243 1066 2306 habebat,et
1106 2241 1232 2296 hinc
1278 2251 1332 2293 et
1379 2254 1445 2294 ex
1491 2235 1761 2292 miraculis
1806 2234 1992 2289 volens

395 2337 725 2394 auditoribus
769 2335 1089 2405 persuadere
1117 2348 1177 2386 se
1203 2331 1396 2386 Filium
1431 2329 1523 2384 Dei
1566 2342 1707 2385 esse.
1752 2324 1808 2382 Si
1849 2325 1991 2380 enim

396 2441 680 2506 antequam
731 2428 875 2483 aliud
931 2427 1200 2496 quidpiam
1246 2426 1589 2494 loqueretur,
1636 2427 1729 2474 aut
1769 2418 1990 2484 faceret,

398 2523 575 2577 statim
622 2519 887 2576 dixisset:
918 2519 1160 2576 Audistis
1187 2514 1308 2586 quia
1355 2514 1557 2568 dictutn
1604 2519 1688 2566 est
1714 2508 1990 2579 antiquis:

401 2613 515 2684 Ego
539 2613 793 2666 Dominus
823 2610 963 2663 Dens
994 2622 1132 2670 lttth,
1156 2617 1210 2662 et
1252 2615 1450 2676 prmter
1479 2620 1564 2659 me
1590 2618 1696 2658 non
1722 2611 1804 2656 est
1823 2601 1992 2665 alius;

401 2721 503 2775 ego
527 2716 703 2758 autem
729 2702 850 2756 dico
874 2699 1046 2764 vobis,
1071 2709 1127 2753 ut
1162 2709 1219 2754 et
1261 2713 1346 2752 me
1380 2697 1636 2760 adoretis,
1666 2695 1805 2750 sicut
1827 2703 1882 2749 et
1927 2693 1996 2747 il-

404 2799 511 2850 lnnt
538 2816 551 2850 :
582 2794 633 2849 id
662 2791 946 2857 effecisset,
983 2800 1040 2844 ut
1065 2803 1252 2844 omnes
1278 2789 1424 2842 illum
1445 2787 1595 2856 quasi
1618 2786 1878 2840 furentem
1903 2784 1998 2837 ha-

406 2887 612 2942 berent.
638 2882 694 2940 Si
721 2881 866 2938 enim
897 2888 1020 2951 post
1049 2889 1250 2934 tantam
1276 2878 1572 2932 doctrinam
1610 2887 1664 2932 et
1707 2885 1828 2946 post
1853 2885 1997 2931 tanta

405 2981 578 3050 signa,
603 2992 724 3033 cum
748 2974 984 3030 nondum
1012 2973 1129 3027 haec
1152 2973 1242 3026 ille
1271 2971 1416 3026 clare
1435 2969 1679 3033 dixisset,
1703 2967 1998 3022 daemonia-

407 3085 527 3125 cum
560 3069 703 3122 illum
731 3067 991 3122 vocabant
1017 3063 1212 3134 (Joan.
1246 3063 1298 3116 8.
1327 3061 1417 3117 52.
1454 3070 1500 3114 et
1530 3060 1616 3115 10.
1641 3059 1736 3129 20)
1769 3077 1782 3112 :
1806 3060 1848 3111 si
1877 3067 2000 3113 ante

407 3162 498 3216 illa
537 3161 714 3214 omnia
753 3158 928 3212 simile
972 3156 1097 3226 quid
1143 3155 1324 3210 dicere
1363 3154 1709 3215 tentavisset,
1741 3151 1868 3222 quid
1894 3167 2000 3205 non

410 3252 722 3308 dixissent?
749 3249 876 3322 quid
907 3265 1012 3304 non
1054 3247 1416 3318 cogitassent?
1457 3247 1526 3300 At
1550 3259 1676 3300 vero
1703 3243 2002 3300 doctrinam

416 3342 733 3416 huiusmodi
773 3344 844 3398 ad
873 3352 1090 3410 tempus
1151 3347 1512 3408 opportunmn
1562 3350 1905 3399 reservasse,
1950 3335 2002 3389 id

411 3445 619 3498 facilem
650 3441 867 3509 parabat
892 3440 1034 3493 viam
1059 3443 1116 3492 ut
1146 3432 1250 3489 hoc
1284 3430 1480 3499 dogma
1500 3444 1530 3481 a
1557 3428 1738 3482 multis
1761 3427 2002 3496 suscipe-

413 3547 576 3593 retur.
600 3533 962 3601 Quamobrem
1010 3543 1153 3586 nunc
1179 3527 1306 3583 illud
1329 3523 1693 3597 praetermisit;
1710 3532 2000 3594 postquam

412 3643 540 3684 vero
565 3644 659 3698 per
687 3627 838 3697 signa
859 3639 1062 3695 perque
1099 3621 1398 3678 doctrinam
1423 3619 1678 3686 Optimam
1698 3615 1766 3669 ad
1792 3614 1843 3669 id
1867 3629 2006 3682 pra:-

419 3727 685 3790 parasset,
745 3715 923 3771 verbis
972 3714 1188 3769 demum
1243 3710 1472 3781 idipsum
1525 3707 1801 3762 revelavit.
1857 3705 2010 3760 Nunc

413 3821 561 3866 certe
583 3818 638 3864 et
661 3808 827 3878 signis
847 3815 902 3862 et
922 3806 1038 3875 ipso
1059 3803 1318 3859 doctrinae
1337 3800 1519 3862 modo,
1540 3797 1794 3868 paulatim
1814 3807 1867 3852 et
1886 3811 2011 3851 sen-

415 3904 516 3957 sim
545 3900 671 3957 illud
701 3899 958 3956 declarat.
983 3896 1115 3952 Nam
1142 3911 1263 3951 cum
1295 3900 1560 3965 potestate
1588 3891 1734 3962 leges
1764 3889 1880 3944 illas
1901 3899 2012 3944 sta-

416 4005 564 4050 tuere
585 3995 663 4049 vel
689 3991 1015 4056 reformare,
1047 3988 1099 4043 id
1131 3988 1311 4058 utique
1337 4002 1462 4042 eum
1489 3985 1580 4055 qui
1611 3981 1912 4039 attenderet
1956 3989 2013 4037 et

417 4097 596 4143 mente
621 4087 825 4141 valeret
853 4085 918 4139 ad
947 4081 1059 4138 veri
1087 4081 1351 4152 dogmatis
1396 4080 1660 4134 rationem
1687 4075 2008 4132 deducebat.

416 4178 876 4248 Obstupescebant
924 4176 1109 4241 enim,
1155 4174 1268 4238 ait,
1314 4171 1439 4243 quia
1495 4185 1602 4225 non
1653 4169 1790 4224 sicut
1820 4168 2013 4223 scriba;

351 4311 356 4314 -
417 4288 606 4327 eorum
634 4271 862 4326 docebat
881 4273 901 4338 (
921 4267 1108 4321 Matth.
1141 4266 1194 4320 7.
1215 4265 1308 4320 29.
1349 4263 1514 4317 Marc.
1543 4263 1596 4317 1.
1623 4260 1750 4332 22).
1774 4263 1816 4316 Α
1845 4276 2013 4331 gene-

422 4361 626 4416 ralibus
665 4360 864 4430 quippe
889 4358 1031 4411 vitiis
1055 4370 1212 4410 orsus
1235 4396 1251 4422 ,
1279 4354 1349 4409 ab
1378 4354 1456 4408 ira
1502 4367 1694 4422 nempe
1722 4360 1778 4407 et
1810 4367 2013 4406 concu-

422 4453 675 4525 piscentia
694 4451 834 4522 (hare
847 4449 988 4504 enim
1009 4445 1240 4502 maxime
1256 4443 1589 4517 tyrannidem
1611 4444 1664 4497 in
1685 4441 1840 4498 nobis
1855 4457 2012 4498 exer-

421 4554 579 4611 cent,
607 4552 661 4597 et
691 4551 894 4596 natura:
939 4547 1065 4593 sunt
1091 4537 1260 4607 magis
1305 4533 1586 4604 consona),
1633 4548 1754 4588 cum
1783 4533 2014 4589 auctori-

424 4645 531 4692 tate
549 4635 733 4700 multa,
752 4640 1006 4702 quantum
1037 4627 1260 4684 decebat
1289 4626 1669 4697 legislatorem,
1692 4624 1805 4680 haec
1825 4640 2015 4680 emen-

424 4729 588 4791 davit,
609 4738 664 4783 et
683 4741 806 4781 cum
825 4723 968 4779 omni
984 4720 1324 4777 accurationc
1339 4717 1606 4773 ordinavit
1623 4716 1852 4788 ‘.Neque
1870 4724 2014 4772 enim

425 4822 557 4876 dixit
580 4829 786 4875 tantum
813 4815 1079 4872 mmchnm
1107 4827 1296 4884 pmnas
1333 4827 1453 4866 esse
1495 4809 1743 4865 daturum
1770 4829 1784 4864 :
1811 4811 1904 4864 sed
1931 4809 2014 4864 id-

428 4915 601 4984 ipsmn
628 4913 715 4966 hic
741 4909 864 4965 facit
891 4907 1031 4979 quod
1055 4908 1196 4961 circa
1241 4903 1562 4959 homicidam
1591 4902 1810 4968 fecerat,
1841 4902 2016 4973 impu-

427 5006 550 5061 dico
596 5004 758 5057 etiam
806 5001 1041 5071 aspectui
1091 5013 1277 5068 poenas
1329 4995 1686 5060 denuntians,
1729 5002 1790 5048 ut
1840 4993 2019 5048 discas

430 5095 556 5166 quid
585 5095 653 5148 sit
683 5091 810 5147 illud
831 5092 971 5161 quod
996 5090 1131 5145 ultra
1154 5089 1378 5158 scriptas
1396 5087 1542 5157 leges
1560 5085 1869 5155 requiritur.
1892 5082 2018 5138 Ideo

429 5187 561 5243 dicit
587 5205 599 5238 :
627 5186 726 5251 Qui
748 5185 1016 5253 respexerit
1046 5183 1304 5235 mulierem
1325 5179 1392 5233 ad
1413 5177 1864 5248 concupiscendum
1883 5191 2017 5242 eam,

427 5281 538 5349 jam
568 5278 844 5331 mwcltalus
873 5286 945 5329 est
971 5291 1082 5328 eam
1109 5275 1163 5326 in
1191 5272 1342 5326 corde
1367 5286 1497 5333 suo;
1525 5270 1576 5324 id
1601 5278 1685 5325 est
1705 5310 1721 5335 ,
1748 5269 1838 5338 qui
1881 5269 2021 5323 solet

436 5382 657 5424 venusta
677 5382 902 5436 corpora
927 5366 1193 5422 curiosius
1220 5363 1436 5427 intueri,
1470 5361 1735 5431 faciesque
1760 5362 2021 5415 formosas

433 5464 638 5530 venari,
665 5473 722 5518 et
749 5463 850 5516 hoc
894 5458 1199 5532 spectaculo
1219 5457 1454 5512 animum
1475 5471 1713 5526 pascere,
1733 5455 2022 5524 oculosque

435 5557 668 5624 deligere
698 5555 750 5609 in
779 5555 1042 5608 formosos
1072 5551 1269 5604 vultus.
1293 5548 1408 5603 Non
1429 5549 1570 5603 enim
1595 5561 1790 5617 corpus
1815 5555 2021 5600 tantum

438 5650 580 5704 venit
605 5665 633 5700 a
662 5647 818 5702 malis
863 5647 1072 5701 actibus
1096 5645 1360 5706 liberare,
1393 5641 1487 5695 sed
1527 5650 1581 5694 et
1618 5641 1850 5694 animam
1899 5647 2024 5692 ante

437 5757 654 5811 corpus.
698 5739 832 5807 Quia
859 5739 1000 5792 enim
1033 5738 1084 5790 in
1115 5733 1281 5789 corde
1318 5732 1550 5803 Spiritus
1569 5731 1796 5802 gratiam
1828 5729 2023 5797 accipi-

505 5838 517 5861 ·
555 5830 648 5879 Alii
662 5844 758 5878 non
779 5833 934 5890 pauci,
959 5839 1069 5877 cum
1091 5823 1219 5877 anuli
1238 5823 1542 5877 accuratione
1563 5819 1812 5884 repressit,
1827 5834 1937 5885 qua:
1952 5819 2024 5870 le-

443 5896 540 5943 ctio
558 5906 656 5942 non
677 5891 969 5954 spernenda.

2093 786 2212 826 mus
2231 812 2246 835 ,
2274 786 2369 826 cor
2394 771 2622 840 primum
2653 779 2930 839 expurgat.
2981 769 3048 824 Et
3075 769 3343 838 quomodo
3369 785 3674 841 possumus.

2094 861 2300 930 inquies
2322 903 2337 926 ,
2365 876 2395 915 a
2421 862 2849 931 concupiscentia
2882 861 3133 916 liberari?
3162 861 3388 916 Maxime
3412 862 3632 931 quidem
3657 904 3677 927 ,

2088 951 2134 1004 si
2159 952 2405 1016 velimus,
2426 967 2706 1022 possumus
2731 967 2847 1006 eam
2871 955 3231 1024 exstinguere,
3256 964 3309 1008 et
3335 969 3402 1008 ne
3430 965 3679 1024 erumpat

2087 1042 2381 1097 continere.
2405 1042 2652 1112 Alioquin
2673 1055 2850 1096 autem
2873 1042 2960 1096 hic
2979 1059 3085 1097 nou
3109 1044 3267 1098 tnodo
3287 1047 3674 1114 concupiscen-

2089 1133 2215 1186 tiam
2248 1133 2401 1197 tollit,
2429 1135 2522 1188 sed
2549 1136 2708 1188 etiam
2738 1135 2881 1189 illaut
2925 1137 3409 1206 concupiscentiam
3443 1154 3566 1207 quae
3609 1155 3674 1194 ex

2088 1235 2308 1295 aspectu
2344 1226 2538 1295 prodit.
2563 1226 2694 1280 Nam
2721 1227 2812 1297 qui
2838 1227 3098 1282 formosas
3135 1228 3332 1283 intueri
3359 1228 3522 1284 facies
3560 1239 3674 1285 stu-
3720 1273 3730 1280 .

2090 1316 2181 1371 det
2199 1356 2217 1382 ,
2246 1317 2336 1371 ille
2363 1318 2630 1387 praecipue
2658 1318 2774 1372 vitii
2819 1317 3092 1373 fornacem
3121 1319 3383 1384 accendit,
3407 1320 3673 1374 animam-

2088 1423 2195 1477 que
2211 1408 2474 1476 captivam
2502 1408 2705 1477 efficit,
2731 1418 2783 1464 et
2812 1409 2920 1464 cito
2943 1409 3009 1464 ad
3030 1424 3164 1480 opus
3191 1423 3402 1481 quoque
3431 1411 3654 1466 accedet

2089 1499 2380 1571 Propterea
2407 1515 2512 1555 non
2537 1501 2691 1569 dixit,
2721 1501 2820 1569 Qui
2843 1502 3172 1572 concupierit
3212 1503 3504 1559 mmehari:
3557 1504 3652 1559 sed

2093 1592 2195 1658 Qui
2211 1593 2482 1662 respexerit
2496 1593 2564 1646 ad
2579 1593 3049 1664 concupiscendum.
3072 1593 3139 1649 Et
3158 1608 3279 1649 cum
3300 1595 3367 1650 de
3391 1595 3466 1649 ira
3493 1595 3673 1666 loque-

2092 1693 2260 1746 retur,
2286 1681 2684 1738 distinctionem
2736 1683 3022 1752 quamdam
3065 1685 3261 1753 posuit,
3310 1683 3534 1748 Temere,
3591 1685 3674 1739 vel

2093 1774 2220 1829 Siue
2241 1790 2396 1829 causa
2419 1775 2680 1840 dicendo;
2703 1775 2789 1830 hic
2807 1790 2937 1830 vero
2961 1790 3069 1830 non
3089 1775 3182 1840 ita,
3205 1775 3300 1831 sed
3323 1777 3489 1832 semel
3510 1785 3678 1832 totam

2091 1868 2576 1938 concupiscentiam
2615 1868 2830 1924 sustulit
2860 1884 2875 1921 :
2903 1869 3110 1923 etiamsi
3147 1869 3262 1923 hanc
3309 1869 3468 1924 ambo
3494 1869 3675 1923 innata

2095 1961 2250 2017 nobis
2271 1962 2398 2026 sint,
2424 1969 2483 2017 et
2507 1961 2705 2016 utiliter
2729 1973 2952 2031 utraque
2977 1962 3130 2017 nobis
3161 1963 3359 2027 insint,
3385 1963 3460 2017 ira
3487 1977 3680 2031 nempe

2094 2064 2150 2109 et
2173 2055 2639 2124 concupiscentia;
2695 2055 2780 2109 illa
2807 2065 2865 2110 ut
2892 2055 3162 2126 improbos
3191 2055 3493 2124 puniamus,
3520 2064 3570 2110 et
3601 2056 3680 2108 in-

2091 2144 2418 2213 compositos
2442 2143 2824 2209 emendemus;
2855 2143 2968 2198 haec
2999 2153 3056 2198 ut
3087 2145 3281 2200 liberos
3306 2147 3682 2214 suscipiamus,

2095 2246 2152 2292 et
2174 2251 2344 2308 genus
2370 2246 2609 2292 nostrum
2639 2237 2979 2293 ειιεεεεείοιιε
3021 2247 3360 2309 propagetur.

2169 2325 2225 2382 2.
2275 2325 2506 2383 Christus
2543 2328 2771 2382 illicitum
2801 2339 2996 2382 tantum
3021 2329 3477 2398 concupiscentiam
3506 2331 3689 2399 prohi-

2098 2419 2196 2476 bet.
2226 2419 2401 2485 Quare
2421 2422 2590 2491 ipsum
2617 2431 2875 2492 aspectum
2893 2421 3138 2476 cohibeat.
3171 2421 3429 2492 Impudici
3454 2435 3686 2494 aspectus

2098 2512 2304 2566 damna.
2324 2543 2395 2554 —
2417 2511 2527 2568 Cur
2549 2527 2678 2584 ergo
2705 2529 2809 2568 non
2840 2511 2925 2568 hic
2959 2515 3120 2568 etiam
3153 2514 3548 2569 distinctionem
3592 2532 3687 2586 po—

2099 2604 2242 2658 suit?
2265 2603 2550 2660 Maximam
2591 2615 2738 2661 certe
2756 2646 2773 2673 ,
2805 2607 2848 2660 si
2878 2606 3120 2661 attendas
3141 2647 3154 2670 ,
3183 2607 3266 2661 hic
3291 2607 3684 2662 distinctionem

2101 2695 2381 2766 percipies.
2414 2695 2529 2750 Non
2564 2697 2706 2751 enim
2747 2697 3062 2767 simpliciter
3106 2697 3260 2759 dixit,
3291 2699 3391 2764 Qui
3428 2701 3691 2768 concupi-

2102 2788 2270 2854 verit;
2299 2798 2471 2858 potest
2510 2790 2652 2845 enim
2699 2789 2874 2859 quivis
2899 2791 3060 2844 etiam
3108 2790 3160 2844 in
3204 2791 3473 2846 montibus
3503 2793 3686 2848 sedem

2102 2880 2328 2949 habens,
2353 2884 2764 2953 concupiscere;
2795 2883 2912 2950 sed,
2961 2883 3062 2949 Qui
3089 2885 3359 2955 resth
3402 2886 3472 2938 ad
3507 2902 3699 2940 concu-

2103 2973 2434 3042 piscendum;
2463 2974 2516 3030 id
2545 2983 2648 3042 est,
2675 2975 2764 3045 qui
2788 2975 2888 3031 sibi
2934 2975 3032 3045 ipsi
3079 2977 3562 3046 concupiscentiam
3598 2989 3687 3030 ac-

2101 3065 2286 3131 cersit,
2335 3071 2429 3135 qui
2469 3066 2683 3122 nemine
2709 3075 2934 3138 cogente
2980 3067 3149 3123 feram
3199 3068 3343 3122 illam
3375 3069 3426 3122 in
3451 3070 3694 3128 sedatum

2104 3157 2338 3210 animum
2365 3157 2625 3213 immittit.
2656 3157 2790 3212 Illud
2827 3159 2969 3214 enim
2996 3175 3102 3213 non
3125 3161 3236 3229 jam
3265 3175 3328 3214 ex
3360 3169 3547 3216 natura
3566 3177 3692 3232 pro-

2108 3250 2386 3315 ficiscitur,
2416 3250 2510 3306 sed
2539 3267 2605 3306 ex
2643 3251 2866 3306 desidia.
2920 3251 3036 3308 Hoc
3075 3253 3272 3323 quippe
3302 3254 3354 3308 in
3386 3255 3550 3310 veteri
3580 3256 3696 3326 lego

2103 3343 2213 3412 jam
2243 3343 2372 3397 olim
2407 3343 2628 3398 vetitum
2661 3343 2776 3407 fuit,
2810 3359 2929 3413 qua:
2977 3345 3056 3400 sic
3099 3345 3260 3400 habet
3293 3363 3305 3399 :
3336 3345 3464 3401 Noli
3505 3347 3697 3403 discere

2107 3433 2531 3504 pulchritudinem
2569 3434 2828 3501 alienam(
2857 3433 3014 3490 Eecli.
3039 3435 3093 3492 9.
3115 3437 3169 3492 8.
3194 3435 3234 3507 ).
3264 3437 3463 3492 Deinde
3484 3454 3551 3493 ne
3578 3439 3696 3508 quis

2104 3525 2347 3582 diceret:
2375 3525 2510 3596 Quid
2540 3539 2688 3598 ergo.
2720 3526 2766 3580 si
2792 3525 3030 3583 didicero
3049 3568 3066 3593 ,
3095 3537 3152 3583 et
3173 3543 3279 3583 non
3304 3530 3523 3599 capiar?
3551 3529 3698 3586 colli.

2113 3617 2203 3672 bet
2223 3627 2520 3688 aspectum,
2547 3633 2618 3673 ne
2657 3617 2758 3672 hac
2783 3618 3009 3674 ﬁdenter
3053 3633 3184 3674 usus
3220 3619 3455 3686 licentia,
3485 3620 3538 3674 in
3569 3635 3697 3690 pec-

2111 3718 2286 3763 catum
2315 3708 2597 3777 aliquando
2643 3708 2866 3764 incidas.
2906 3709 3043 3777 Quid
3085 3710 3244 3781 igitur
3287 3712 3333 3766 si
3374 3711 3700 3780 videam,et

2113 3802 2486 3871 concupiscam
2509 3843 2524 3866 ,
2556 3802 2792 3873 nihilque
2844 3805 2968 3859 mali
3019 3805 3208 3874 agam?
3274 3805 3445 3859 Etiam
3473 3805 3551 3859 sic
3577 3819 3697 3859 cum

2115 3893 2339 3950 mmchis
2369 3895 2685 3949 numeraris.
2707 3893 3036 3950 Sententiam
3062 3895 3184 3950 tulit
3209 3895 3501 3965 legislator,
3528 3910 3703 3966 neque

2115 3984 2280 4040 debes
2310 3985 2445 4039 ultra
2487 3985 2700 4040 curiose
2745 3985 3034 4055 inquirere.
3066 3985 3202 4041 Cum
3239 3987 3382 4041 enim
3417 3989 3584 4043 semel
3610 3997 3702 4044 aut

2116 4077 2198 4134 bis
2224 4087 2316 4134 aut
2339 4087 2423 4134 ter
2449 4078 2527 4133 sic
2553 4080 2854 4149 respexeris
2875 4120 2891 4144 ,
2923 4089 2976 4134 te
2993 4068 3139 4134 forte
3166 4079 3368 4149 poteris
3394 4081 3702 4146 continere;

2117 4168 2163 4224 si
2188 4185 2316 4224 vero
2343 4169 2652 4240 frequenter
2676 4169 2728 4224 id
2768 4169 2965 4236 facias,
2995 4179 3052 4225 et
3084 4170 3358 4228 fornacem
3399 4172 3660 4228 aceendas
3684 4215 3701 4240 ,

2119 4260 2359 4333 profecto
2383 4262 2612 4331 capieris
2637 4279 2650 4314 :
2681 4277 2786 4316 non
2817 4261 2960 4317 enim
2989 4272 3138 4317 extra
3170 4263 3454 4317 humanam
3483 4263 3616 4319 situs
3642 4279 3704 4320 es

2121 4361 2386 4406 naturam.
2409 4351 2867 4418 Quemadmodum
2887 4367 3017 4424 ergo
3042 4367 3140 4408 nos
3163 4369 3284 4408 eum
3311 4369 3534 4423 puerum
3558 4355 3705 4411 vide-

2120 4458 2238 4500 mus
2263 4443 2496 4514 gladium
2533 4453 2804 4500 tencntem
2823 4485 2838 4510 ,
2867 4446 3074 4501 etiamsi
3106 4446 3340 4501 nondum
3371 4447 3704 4504 vulneratum

2119 4552 2426 4605 cernamus,
2457 4540 2803 4594 verberamns
2845 4547 3022 4594 tamen
3063 4539 3510 4611 prohibemusque
3535 4558 3604 4597 ne
3628 4543 3708 4597 sic

2121 4645 2373 4700 umquam
2436 4631 2661 4700 attingat
2708 4649 2721 4685 :
2770 4632 2850 4686 sic
2898 4645 3110 4700 quoque
3183 4630 3320 4686 Deus
3382 4631 3708 4700 impudicum

2121 4731 2395 4791 aspectum
2423 4731 2547 4777 ante
2575 4737 2711 4793 Opus
2738 4723 2906 4804 tollit,
2922 4737 2988 4777 ne
3013 4720 3150 4776 forte
3175 4723 3228 4776 in
3257 4737 3392 4792 opus
3421 4727 3592 4791 ipsum
3622 4724 3710 4776 in-

2121 4814 2384 4870 cidamus.
2426 4813 2557 4870 Nam
2588 4815 2679 4885 qui
2725 4814 2894 4870 semel
2937 4813 3206 4869 flammam
3253 4815 3518 4882 accendit,
3547 4814 3709 4869 etiam

2123 4904 2346 4960 absente
2373 4905 2481 4970 illa,
2507 4920 2668 4975 quam
2692 4906 2944 4974 respexit,
2976 4905 3204 4960 muliere
3222 4945 3236 4969 ,
3264 4921 3443 4959 rerum
3477 4906 3711 4974 turpium

2125 4997 2382 5068 imagines
2411 4995 2510 5053 sibi
2540 4997 2638 5066 ipsi
2669 4997 2976 5065 frequenter
3002 4995 3170 5065 ﬁngit,
3201 5006 3257 5050 et
3279 5011 3347 5050 ex
3374 4996 3503 5066 ipsis
3530 4996 3713 5065 imagi-

2126 5089 2281 5145 nibus
2308 5090 2360 5143 in
2389 5105 2523 5159 opus
2546 5105 2689 5158 saepe
2707 5088 3006 5144 deducitur.
3032 5088 3263 5157 Ideoque
3287 5087 3533 5143 Christus
3552 5087 3713 5143 etiam

2125 5183 2294 5246 illum,
2325 5183 2415 5252 qui
2443 5184 2496 5236 in
2521 5184 2702 5236 animo
2739 5180 2976 5251 fingitur,
3007 5181 3204 5235 coitum
3246 5179 3316 5235 de
3346 5180 3524 5235 medio
3553 5181 3713 5236 tollit.

2125 5276 2262 5343 Quid
2303 5277 2460 5346 igitur
2505 5275 2737 5330 dixerint
2761 5275 2798 5328 ii
2822 5275 2910 5345 qui
2940 5289 3120 5328 secum
3170 5273 3472 5329 habitantes
3519 5274 3716 5330 habent

2125 5368 2357 5441 virgines
2378 5369 2494 5440 (a)?
2532 5367 2742 5422 Etenim
2773 5365 3066 5420 secundum
3095 5365 3232 5419 hanc
3254 5364 3448 5435 legem,
3488 5379 3716 5421 sexcen-

2190 5504 2264 5568 (α)
2296 5503 2352 5568 l_n_
2371 5501 2478 5551 illos
2498 5502 2582 5563 qui
2602 5500 2880 5568 habitantes
2900 5511 3068 5568 secum
3087 5499 3304 5561 virgines
3318 5496 3522 5568 habent,
3536 5496 3713 5568 librum

2130 5559 2281 5618 edidit
2303 5559 2685 5626 Chrysostomus,
2707 5563 2792 5626 qui
2811 5574 2959 5626 casus
2979 5559 3240 5626 fuit't‘omo
3263 5560 3419 5626 primo
3453 5559 3561 5626 ejus
3590 5566 3715 5626 Ope-

2128 5642 2254 5686 rnm,
2277 5628 2370 5676 col.
2396 5618 2620 5685 διδ-562,
2635 5624 2720 5674 ubi
2731 5618 2912 5686 titulus
2922 5624 2991 5671 sic
3008 5622 3176 5686 habet,
3189 5618 3322 5682 (illud
3329 5618 3716 5686 _cunouicaz,sit_te

2128 5681 2393 5753 regulares,
2416 5701 2532 5753 cum
2564 5681 2679 5753 viris
2696 5683 2913 5753 habitare
2936 5697 3027 5753 non
3045 5681 3376 5753 deocuutzttbi
3403 5696 3491 5744 per
3513 5681 3713 5753 canoni-

2234 5753 2355 5807 illas,
2381 5744 2598 5810 virgines
2613 5747 2858 5808 intelligit.
2871 5754 2927 5796 ut
2949 5747 3000 5810 in
3024 5753 3125 5796 toto
3141 5744 3292 5795 libelli
3314 5746 3526 5794 decursu
3546 5745 3718 5793 videre

2130 5821 2223 5863 est.
2243 5807 2494 5864 (Ἀπιυυὶαέ
2518 5819 2683 5860 autem
2707 5807 2924 5871 virgines
2946 5807 3040 5857 ilhc
3063 5809 3377 5871 vocabantur,
3411 5822 3525 5871 quia
3540 5815 3718 5857 statum

2135 5875 2396 5941 quemdam
2421 5876 2468 5924 in
2493 5873 2704 5925 Ecclesia
2727 5869 2948 5922 ordinem
2973 5869 3207 5922 tenebant
