4052 6438
465 326 576 390 957

464 448 564 502 καὶ
603 445 666 498 οὐ
718 443 989 512 τοσαύτην
1020 439 1129 495 ἀπὸ
1177 441 1278 512 τῆς
1319 442 1497 512 ὅψεως
1538 441 1903 514 παραιτούμεθα
1954 441 2055 515 τὴν

463 528 681 600 ἡδονὴν,
709 528 841 596 ὅσην
861 526 966 578 ἀπὸ
997 524 1091 577 τοῦ
1126 523 1224 594 τὴν
1257 525 1554 594 ἐπιθυμίαν
1586 525 1822 595 αὐξῆσαι
1847 523 2056 595 ταύτην

472 612 821 680 ὑπομένομεν
857 609 957 678 τὴν
998 607 1197 676 λύμην,
1239 609 1458 680 ἰσχυρὸν
1499 608 1780 671 ποιοῦντες
1806 606 1898 661 τὺν
1925 608 2054 661 άντ-

467 694 771 764 αγωνιστην
790 732 805 754 ,
841 692 938 744 καὶ
966 690 1187 743 πλείονα
1221 691 1456 756 διδόντες
1482 693 1582 765 τὴν
1605 692 1946 765 εὐρυχωρίαν
1977 691 2055 762 τῷ

465 777 714 846 διαϐόλῳ,
745 779 839 829 καὶ
870 775 1053 828 οὐκέτι
1089 775 1368 845 ἰσχύοντες
1387 777 1550 829 αὐτὸν
1582 775 2052 846 ἀποκρούσασθαι,

464 861 596 914 ὅταν
636 861 717 922 εἰς
748 859 818 911 τά
856 857 1112 911 ἐνδότατα
1144 859 1548 929 εἰσαγάγωμεν,
1574 859 1668 911 καί
1704 858 2056 912 άναπετάσω-

467 959 568 1014 μεν
589 943 740 1012 αὐτῷ
759 943 858 1012 τὴν
887 942 1141 996 διάνοιαν.
1167 943 1267 995 Διά
1293 941 1453 996 τοῦτό
1473 959 1627 1012 φησι’
1650 943 1740 1013 Μὴ
1761 943 2055 1014 μοιχεύσῃς

464 1029 576 1090 τοῖς
603 1026 925 1097 ὀφθαλμοῖς,
964 1026 1057 1078 καὶ
1095 1027 1154 1080 ού
1191 1025 1499 1097 μοιχεύσεις
1531 1031 1598 1098 τῇ
1627 1027 1857 1098 διανοίᾳ.
1899 1027 2054 1080 Ἔστι

465 1112 576 1184 γάρ
609 1113 703 1166 καὶ
733 1112 906 1174 άλλως
948 1111 1095 1174 ίδεῖν,
1134 1111 1210 1174 ὡς
1239 1111 1289 1164 οἰ
1331 1113 1604 1182 σώφρονες
1635 1109 1909 1180 βλέπουσι.
1955 1111 2054 1164 Διά

463 1195 624 1251 τοῦτο
661 1197 759 1266 οὐχ
792 1195 979 1258 άπλῶς
1013 1196 1113 1265 τὴν
1162 1194 1286 1265 ὄψιν
1329 1195 1572 1261 ἀνεῖλεν,
1617 1193 1754 1248 ἀλλά
1789 1209 1885 1265 την
1915 1195 2054 1266 μετά

466 1279 764 1347 ἐπιθυμίας
802 1279 943 1347 δᾲιν.
981 1280 1044 1331 Εἰ
1070 1278 1126 1331 δὲ
1162 1279 1236 1350 μὴ
1274 1278 1433 1331 τοῦτο
1474 1277 1748 1342 ἐϐούλετο,
1779 1275 1931 1331 εἶπεν
1963 1277 2051 1342 ἂν,

477 1363 537 1416 '0
569 1363 780 1434 βλέπων
803 1362 844 1392 ⁹¹
878 1364 1117 1429 γυναῖκα
1153 1361 1371 1426 ἁπλῶς·
1403 1360 1500 1415 νῦν
1531 1361 1589 1414 δὲ
1630 1361 1727 1431 οὐχ
1756 1360 1927 1424 οὕτως
1973 1355 2054 1414 εῖ-

469 1463 598 1510 πεν,
629 1446 766 1509 ἀλλ’,
807 1446 866 1497 ’0
895 1445 1110 1514 βλέπων
1133 1445 1270 1515 πρὸς
1303 1444 1365 1497 τὸ
1391 1444 1750 1515 ἐπιθυμῆσαι,
1781 1447 1809 1498 ὀ
1843 1444 2055 1515 βλέπων

462 1531 602 1584 ὥστε
637 1529 830 1600 τέρψαι
867 1529 966 1600 τὴν
997 1529 1142 1598 ὀψιν.
1185 1528 1322 1582 Οὐδὲ
1353 1528 1463 1599 γάρ
1493 1531 1572 1592 εἰς
1601 1528 1761 1582 τοῦτό
1807 1545 1889 1582 σοι
1929 1530 2056 1592 τοὺς

461 1613 774 1684 ὀφθαλμοὺς
802 1613 1057 1684 ἐποίησεν
1083 1614 1112 1665 6
1140 1611 1293 1676 Θεὸς,
1322 1612 1410 1664 ἵνα
1447 1611 1534 1664 διὰ
1563 1611 1770 1664 τούτων
1809 1610 2054 1682 μοιχείαν

461 1699 786 1769 εἰσαγάγης,
818 1696 930 1750 ἀλλ’
961 1697 1047 1748 ἵνα
1073 1695 1239 1749 αὐτοῦ
1265 1695 1334 1748 τά
1361 1695 1636 1766 κτίσματα
1663 1695 1896 1766 βλέπων,
1923 1695 2054 1750 θαυ-

465 1781 645 1852 μάζῃς
675 1782 766 1835 τὸν
793 1780 1156 1851 Δημιουργόν.
1183 1780 1399 1852 ’Ὠσπερ
1429 1776 1523 1834 οῦν
1561 1780 1708 1834 ἐστιν
1741 1781 1864 1851 εἰκῆ
1898 1781 2053 1855 ὀργί-

471 1864 682 1929 ζεσθαι,
715 1863 890 1926 οὕτως
917 1863 1064 1917 ἐστιν
1092 1861 1214 1931 εἰκῆ
1241 1864 1404 1934 ὀρᾷν,
1439 1864 1567 1917 ὅταν
1603 1862 1741 1936 πρὸς
1761 1863 2054 1934 ἐπιθυμίαν

460 1947 622 2000 τοῦτο
654 1950 832 2018 ποιῇς.
861 1948 923 2000 Εἰ
964 1947 1074 2018 γάρ
1104 1944 1284 2016 βούλει
1315 1948 1446 2016 ὁρᾷν
1485 1948 1576 2000 καὶ
1598 1945 1923 2018 τέρπεσθαι,
1952 1949 2054 2019 δρα

459 2032 562 2102 τὴν
584 2031 783 2085 σαυτοῦ
810 2032 1066 2099 γυναῖκα,
1089 2031 1183 2084 καὶ
1203 2028 1407 2100 ταύτης
1427 2029 1527 2102 ἐρα
1557 2030 1820 2101 διηνεκῶς
1840 2047 1854 2060 ο
1878 2031 2056 2096 οὐδεὶς

463 2115 664 2167 κωλύει
703 2114 890 2185 νόμος.
923 2114 986 2167 Εἰ
1017 2113 1073 2167 δὲ
1111 2113 1182 2166 τά
1211 2111 1467 2183 ἀλλότρια
1512 2113 1726 2183 μέλλεις
1757 2116 2054 2189 περιεργά-

461 2199 654 2262 ζεσθαι
696 2198 896 2268 κάλλη,
927 2198 1186 2268 κάκείνην
1214 2197 1420 2260 ἀδικεῖς
1445 2197 1680 2269 ἀλλαχοῦ
1712 2199 2057 2270 μετεωρίζων

459 2282 587 2345 τοὺς
603 2281 933 2353 ὀφθαλμοὺς,
952 2283 1048 2334 καί¹
1073 2280 1279 2350 ταύτην
1302 2282 1369 2349 ἣν
1386 2275 1545 2345 εἶδες,
1569 2281 1870 2353 ἁπτόμενος
1886 2284 2056 2356 αὐτῆς

461 2367 814 2437 παρανόμως.
852 2365 914 2420 Εἰ
943 2365 1051 2437 γάρ
1081 2366 1175 2418 καὶ
1205 2365 1279 2436 μὴ
1320 2363 1444 2435 ἥψω
1470 2367 1536 2436 τῇ
1582 2366 1745 2437 χειρὶ,
1776 2365 1891 2420 ἀλλ’
1921 2367 2055 2438 ἐψη-

457 2450 707 2521 λάφησας
738 2452 850 2514 τοῖς
873 2447 1172 2519 ὀφθαλμοῖς
1194 2463 1208 2477 ·
1235 2449 1326 2502 διά
1351 2447 1512 2502 τοῦτο
1534 2450 1628 2503 καί⁸
1655 2450 1812 2504 τοῦτο
1840 2453 2054 2523 μοιχεία

456 2536 792 2604 νενόμισται,
839 2533 932 2586 καὶ
962 2533 1070 2604 πρὸ
1107 2533 1209 2602 τῆς
1260 2531 1538 2596 κολάσεως
1577 2535 1792 2604 ἐκείνης
1832 2534 2054 2590 κόλασιν

455 2619 520 2671 οὐ
551 2617 648 2689 τὴν
672 2616 945 2687 τυχοῦσαν
981 2616 1201 2685 ἐπάγει.
1220 2617 1330 2669 Καὶ
1357 2616 1468 2687 γὰρ
1498 2615 1732 2686 θορύϐου
1758 2619 1854 2671 καί
1883 2636 2054 2690 ταρα-

455 2702 558 2771 χῆς
591 2699 768 2753 πάντα
823 2699 893 2753 τά
938 2699 1085 2752 ῐνδον
1142 2698 1485 2768 πληροῦται,
1519 2700 1612 2752 καὶ
1663 2701 1831 2772 πολλὴ
1885 2703 1983 2773 μὲν
2019 2704 2051 2774 η

455 2783 618 2855 ζάλη,
645 2781 1003 2854 χαλεπωτάτη
1033 2782 1089 2835 δὲ
1127 2783 1162 2854 ἡ
1197 2781 1378 2853 ὀδύνη,
1415 2783 1510 2836 καὶ
1543 2783 1650 2835 τῶν
1689 2785 2053 2854 αἰχμαλώτων

455 2868 554 2922 καὶ
585 2866 885 2938 δεδεμένων
910 2867 1062 2920 οὐδὲν
1101 2865 1324 2937 ἄμεινον
1353 2869 1382 2920 ὁ
1417 2866 1594 2920 ταῦτα
1634 2867 1822 2921 παθὼν
1850 2868 2052 2922 διακεί-

457 2967 630 3005 σεται.
666 2951 777 3004 Καὶ
803 2953 836 3022 ἡ
872 2949 972 3020 μὲν
1002 2950 1063 3002 τὸ
1088 2950 1242 3020 βέλος
1270 2951 1473 3020 ἀφεῖσα
1504 2949 1764 3015 πολλάκις
1789 2952 2011 3023 ἀπέπτη
2031 2965 2046 2982 ⁸

453 3037 491 3106 η
523 3035 581 3088 δὲ
611 3034 794 3106 πληγὴ
820 3034 915 3086 καὶ
945 3031 1089 3086 οὕτω
1119 3032 1290 3103 μένει.
1320 3032 1538 3086 Μᾶλλον
1566 3033 1623 3087 δὲ
1644 3035 1746 3088 οὐκ
1773 3035 1958 3106 ἐκείνη
1989 3036 2050 3089 τὸ

457 3119 610 3189 βέλος
646 3119 888 3188 ἀφῆκεν,
921 3116 1060 3170 ἀλλά
1096 3119 1161 3170 σὺ
1195 3116 1346 3190 [225]
1375 3117 1598 3188 καιρίαν
1637 3118 1845 3183 ἔδωκας
1875 3121 2050 3193 ἐαυτῷ

453 3201 554 3272 τὴν
590 3201 825 3274 πληγὴν,
855 3199 1174 3264 ἀκολάστως
1221 3199 1366 3254 ἰδών.
1396 3200 1507 3254 Καὶ
1543 3200 1721 3255 ταῦτα
1751 3201 1918 3271 λέγω,
1951 3203 2052 3267 τάς

455 3283 842 3355 σωφρονούσας
873 3283 1239 3338 ἀπαλλάττων
1278 3283 1378 3354 τῆς
1413 3283 1767 3356 κατηγορίας.
1815 3285 1902 3349 Ὠς
1933 3287 2050 3356 εἴγε

451 3383 537 3431 τις
580 3366 1005 3432 καλλωπίζοιτο,
1043 3367 1140 3421 καὶ
1185 3367 1376 3439 καλοίη
1417 3366 1462 3400 ⁵⁸
1497 3369 1637 3440 πρὸς
1676 3369 1879 3439 ἑαυτὴν
1923 3373 2051 3434 τοὺς

450 3453 562 3506 τῶν
601 3452 969 3508 ἀπαντώντων
991 3453 1039 3486 ’³
1067 3451 1419 3523 ὀφθαλμοὺς,
1463 3451 1565 3506 κάν
1603 3453 1679 3524 μὴ
1735 3453 1913 3525 πλήξῃ
1959 3455 2052 3507 τὸν

451 3539 886 3610 ἐντυγχάνοντα,
936 3537 1092 3606 δίκην
1141 3537 1327 3591 δίδωσι
1373 3539 1472 3608 τὴν
1515 3539 1776 3609 ἐσχάτην.
1823 3539 1898 3592 Τό
1940 3541 2050 3609 γὰρ

454 3622 749 3693 φάρμακον
777 3621 1036 3693 ἐκέρασε,
1067 3621 1161 3675 καὶ
1184 3621 1246 3674 τὸ
1284 3621 1508 3675 κώνειον
1544 3622 1968 3686 κατεσκεύασεν,
2000 3625 2048 3677 εἰ

453 3707 552 3760 καί
585 3705 659 3777 μὴ
688 3707 786 3778 τὴν
837 3705 1037 3759 κύλικα
1071 3707 1391 3776 προσήγαγε
1413 3721 1426 3736 ’
1471 3705 1675 3774 μᾶλλον
1715 3705 1771 3758 δὲ
1814 3706 1908 3758 καὶ
1950 3705 2050 3778 τὴν

453 3789 654 3843 κύλικα
684 3791 1057 3860 προσήγαγεν,
1103 3790 1154 3842 εἰ
1198 3790 1292 3840 καὶ
1326 3788 1515 3859 μηδεὶς
1551 3789 1580 3841 ὀ
1613 3786 1784 3841 πίνων
1822 3788 2044 3860 εὑρέθη.

453 3873 521 3926 Τί
547 3870 640 3928 οῦν
669 3873 791 3944 οὐχὶ
821 3872 915 3927 καὶ
946 3871 1082 3944 πρὸς
1112 3872 1283 3934 αὐτάς
1320 3871 1666 3940 διαλέγεται;
1705 3873 1890 3942 φησίν.
1926 3872 2047 3926 Ὂτι

451 3957 667 4022 κοινοὺς
699 3957 824 4020 τοὺς
854 3957 1052 4028 νόμους
1083 3957 1359 4027 πανταχοῦ
1392 3956 1597 4028 τίθησι,
1633 3954 1737 4010 κάν
1763 3956 1900 4029 πρὸς
1923 3958 2048 4022 τοὺς

451 4039 650 4112 ἄνδρας
684 4039 1066 4095 ἀποτείνεσθαι
1100 4040 1234 4111 δοκῇ
1256 4040 1306 4072 ’⁸
1329 4039 1523 4110 μόνους
1543 4055 1556 4069 ⁹
1589 4041 1657 4111 τῇ
1691 4039 1799 4112 γὰρ
1834 4040 2044 4112 κεφαλῇ

451 4122 856 4194 διαλεγόμενος,
879 4123 1064 4195 κοινὴν
1083 4124 1129 4157 ⁸⁵
1155 4123 1406 4196 καὶπρὸς
1431 4122 1492 4176 τὸ
1519 4123 1678 4194 σῶμα
1706 4124 1852 4178 ἀπαν
1886 4128 2046 4178 ποιεῖ-

450 4225 543 4262 ται
571 4209 670 4279 τὴν
699 4207 1042 4280 παραίνεσιν.
1077 4209 1318 4261 Γυναῖκα
1359 4207 1470 4278 γάρ
1509 4209 1603 4262 καὶ
1635 4207 1806 4279 ἄνδρα
1839 4208 1900 4263 ἒν
1935 4205 2045 4264 οἶδε

453 4289 616 4353 ζῶον,
649 4290 744 4343 καὶ
769 4289 1010 4360 οὐδαμοῦ
1032 4290 1232 4360 διαιρεῖ
1260 4291 1323 4342 τὸ
1359 4290 1535 4358 γένος.

525 4373 596 4442 γ’.
633 4373 777 4427 Εἰδέ
808 4375 900 4426 καὶ
930 4374 1075 4436 ἰδίως
1100 4373 1330 4427 ἀκοῦσαι
1360 4373 1540 4443 βούλει
1579 4375 1679 4444 τῆς
1724 4375 1844 4429 κατ’
1866 4375 2046 4433 αὐτῶν

451 4455 819 4528 ἐπιπλήξεως.
862 4457 1094 4511 ἄκουσον
1138 4457 1234 4510 τοῦ
1270 4459 1494 4512 Ἡσαΐου
1517 4458 1768 4526 λέγοντος
1803 4459 1848 4493 ⁸⁸
1874 4462 2045 4517 πολλὰ

453 4543 590 4615 πρὸς
608 4541 776 4600 αὐτάς
795 4541 1236 4612 ἀποτεινομένου,
1267 4543 1361 4597 καὶ
1386 4542 1771 4614 κωμῳδοῦντας
1789 4544 1967 4597 αὐτῶν
1982 4547 2044 4600 τὸ

455 4629 671 4698 σχῆμα,
714 4624 776 4677 τὸ
813 4625 1067 4696 βλέμμα,
1099 4627 1199 4697 τὴν
1251 4625 1492 4698 βάδισιν,
1539 4627 1664 4690 τοὺς
1714 4627 2044 4699 συρομένους

448 4711 713 4780 χιτῶνας,
750 4712 878 4772 τοὺς
907 4709 1202 4774 παίζοντας
1238 4711 1436 4775 πόδας,
1472 4709 1597 4772 τοὺς
1640 4707 2043 4780 διακλωμένους

448 4793 773 4865 τραχήλους.
797 4794 1064 4846 Ἄκουσον
1089 4794 1207 4865 μετ’
1229 4795 1495 4848 ἐκείνου⁹⁷
1516 4793 1612 4848 καὶ
1639 4793 1733 4847 τοῦ
1765 4795 2040 4867 μακαρίου

451 4876 667 4928 Παύλου
701 4877 931 4940 πολλοὺς
974 4878 1166 4941 αὐταῖς
1211 4877 1452 4940 τιθέντος
1488 4876 1710 4948 νόμους,
1752 4878 1847 4930 καὶ
1899 4878 2042 4951 ὑπὲρ

450 4959 656 5030 τριχῶν
681 4961 912 5030 πλοκῆς,
960 4962 1056 5016 καὶ
1089 4962 1231 5032 ὑπὲρ
1264 4961 1566 5031 σπατάλης,
1610 4962 1705 5014 καὶ
1754 4961 1894 5033 ύπέρ
1931 4963 2040 5018 τῶν

452 5042 630 5097 ἀλλων
658 5043 766 5098 τῶν
796 5045 1052 5100 τοιούτων
1088 5046 1336 5117 σφοδρῶς
1383 5045 1745 5116 ἐπιτιμῶντος
1785 5044 1864 5115 τῷ
1892 5047 2042 5114 γένει

450 5128 645 5198 τούτῳ.
673 5130 784 5182 Καὶ
808 5132 836 5182 6
870 5131 1098 5201 Χριστὸς
1127 5132 1185 5184 δὲ
1215 5133 1302 5185 διὰ
1323 5132 1430 5184 τῶν
1462 5130 1588 5200 ἑξῆς
1625 5129 2041 5200 αἰνιγματωδῶς

450 5212 584 5266 αὐτὸ
608 5212 766 5266 τοῦτο
794 5212 1053 5284 ἐνέφηνεν
1072 5230 1085 5244 °
1111 5215 1240 5268 ὅταν
1263 5214 1370 5286 γὰρ
1386 5213 1736 5286 λέγη,”Εξελε
1758 5213 1851 5265 καὶ
1880 5212 2040 5267 ἐκκο·

449 5295 552 5366 ψον
581 5296 672 5350 τὸν
699 5298 1142 5364 σκανδαλίζοντα,
1178 5300 1278 5370 τὴν
1311 5298 1448 5370 πρὸς
1487 5297 1704 5358 ἐκείνας
1733 5295 1905 5368 ὀργὴν
1947 5299 2037 5350 ἐν-

449 5379 796 5452 δεικνύμενός
822 5399 978 5452 φησι.
1010 5381 1110 5434 Διά
1146 5381 1304 5435 τοῦτο
1342 5381 1435 5435 καὶ
1463 5382 1775 5448 ἐπήγαγεν·
1818 5377 1961 5432 Ἐὰν
2002 5382 2038 5434 ὀ

450 5463 757 5533 ὀφθαλμός
789 5481 906 5519 σου
931 5467 963 5519 ό
984 5463 1185 5531 δεξιὸς
1207 5465 1579 5532 σκανδαλίζῃ
1607 5479 1701 5527 σε,
1729 5462 1902 5527 ἐξελε
1927 5463 2034 5518 αὺ-

449 5545 559 5600 τὸν
591 5547 690 5600 καὶ
713 5547 874 5612 ,βάλε
897 5549 1017 5604 ἀπὸ
1045 5549 1314 5604 σοῦ.”1να
1337 5549 1445 5619 7&9
1476 5549 1552 5620 μὴ
1573 5547 1736 5620 λέγῃς
1761 5557 1778 5575 ⁸
1815 5545 1881 5598 Τί
1913 5541 2027 5610 οὖν,

549 5639 928 5710 ⁹¹Ῠέμϐλέπων
979 5645 1046 5698 Δ.
1105 5642 1168 5699 C.
1271 5643 1319 5675 ⁹¹
1371 5643 1526 5697 καλοῖ
1571 5640 1706 5696 Edd.

448 5725 568 5763 πων
613 5709 683 5764 Β.
731 5712 792 5766 Ι).
849 5713 910 5769 F.
1014 5715 1063 5746 ”
1114 5714 1262 5769 δοκεῖ
1305 5713 1365 5766 Β.
1399 5714 1460 5767 ι).
1497 5713 1558 5768 F.

1216 323 1277 380 S.
1315 322 1602 379 JOANNIS
1640 317 2130 380 CIIRYSOSTOMI
2167 317 2491 376 ARCHIEP.
2527 314 3075 372 CONSTANTINOP.

1813 5639 1860 5671 ”
1913 5639 2276 5695 ἀπαντώντων

1663 5713 1708 5789 ξ’
1759 5713 1908 5789 ﬂow?)
1927 5707 2047 5789 nE-th

2167 5713 2222 5789 ’°_
2252 5707 2499 5789 λέγοντος
2539 5731 2651 5771 om.
2679 5707 2975 5789 S?V;'Bel_lf
2995 5715 3218 5789 πολλά]
3257 5720 3352 5771 καὶ
3379 5719 3549 5789 πολλά
3651 5715 3720 5789 .

2156 441 2256 496 ἐὰν
2297 439 2569 510 συγγενὴς
2597 432 2669 511 ﬁ;
2712 437 2766 490 τί
2804 433 2898 492 οὖν
2921 477 2937 502 ,
2991 437 3088 492 ἐὰν
3124 437 3300 500 ἄλλως
3335 453 3425 509 μοι
3455 438 3745 509 προσήκῃ;

2155 523 2243 576 διά
2279 522 2438 576 τοῦτο
2468 521 2646 576 ταῦτα
2691 521 3050 593 προσέταξεν.
3080 522 3142 575 ού
3184 522 3313 592 περὶ
3357 520 3534 590 μελῶν
3572 521 3750 579 διαὶι..

2157 605 2410 677 γόμενος,
2441 606 2622 674 ἄπαγε
2642 621 2654 635 ·
2691 602 2931 674 οὐδαμοῦ
2957 604 3066 677 γὰρ
3091 604 3191 675 τῆς
3214 603 3416 674 σαρκὸς
3447 603 3516 655 τά
3551 602 3748 672 ἐγκλη-

2159 706 2304 758 ματα
2343 683 2482 741 εἷναί
2537 705 2724 758 φησιν.
2754 687 2890 741 ἀλλά
2929 687 3206 756 πανταχοῦ
3250 687 3351 755 τῆς
3389 685 3617 755 γνώμης
3647 687 3745 756 τῆς

2156 774 2399 842 πονηρᾶς
2440 773 2472 842 ἡ
2501 771 2824 842 κατηγορία.
2863 772 2938 825 Οὐ
2975 771 3084 844 γάρ
3119 774 3147 825 ὀ
3169 770 3442 841 ὀφθαλμός
3465 770 3513 801 ’⁸
3542 769 3689 822 ἐστιν
3716 773 3745 823 ὀ

2155 856 2317 926 ὀρῶν,
2337 857 2450 909 ἀλλ’
2476 858 2506 909 6
2525 855 2651 919 νοῦς
2676 856 2769 908 καὶ
2791 858 2819 909 ό
2840 855 3117 926 λογισμός.
3139 855 3405 918 Πολλάκις
3430 853 3561 922 γοῦν
3586 851 3746 906 ἀλλαο

2156 942 2252 1010 χοῦ
2285 940 2682 1011 τετραμμένων
2720 939 2880 1010 ήμῶν
2917 941 2947 993 6
2984 939 3264 1010 ὀφθαλμὸς
3304 937 3433 1002 τοὺς
3470 938 3743 1009 παρόντας

2155 1025 2216 1076 οὐ
2248 1023 2470 1094 βλέπει”
2515 1022 2656 1076 ὥστε
2682 1024 2783 1077 οὐκ
2825 1023 2974 1078 ἐστιν
3015 1023 3180 1078 αὐτοῦ
3216 1025 3316 1095 τῆς
3360 1022 3641 1094 ἐνεργείας
3683 1021 3744 1075 τὸ

2156 1111 2283 1164 πᾶν.
2319 1110 2380 1162 Εἰ
2410 1108 2518 1178 γὰρ
2553 1108 2682 1179 περί
2731 1107 2907 1178 μελῶν
2959 1107 3174 1176 ἔλεγεν,
3205 1107 3306 1160 οὐκ
3343 1107 3411 1161 ἂν
3449 1107 3577 1177 περὶ
3617 1106 3736 1169 ἐνὸς

2156 1190 2311 1247 εἶπεν
2335 1190 2640 1262 ὀφθαλμοῦ,
2671 1191 2780 1244 οὐδ’
2812 1191 2878 1244 ἂν
2903 1189 2997 1244 τοῦ
3023 1189 3200 1255 δεξιοῦ
3229 1191 3410 1260 μόνον,
3441 1189 3578 1243 ἀλλά
3611 1189 3740 1258 περί

2155 1275 2507 1347 ἀμφοτέρων.
2556 1275 2617 1327 'U
2645 1273 2756 1344 7&9
2781 1273 2887 1328 ὑπὸ
2919 1273 3013 1328 τοῦ
3041 1273 3216 1338 δεξιοῦ
3238 1272 3738 1340 σκανδαλιζόμενος,

2156 1359 2374 1430 εῦδηλον
2403 1359 2484 1411 δτι
2515 1358 2610 1411 καὶ
2637 1357 2741 1410 ὑπὸ
2763 1357 2856 1410 τοῦ
2887 1355 3180 1429 ἀριστεροῦ
3201 1356 3260 1409 τὸ
3289 1357 3421 1410 αύτό
3438 1354 3599 1410 τοῦτο
3627 1354 3740 1408 πεί-

2158 1461 2330 1498 σεται.
2361 1443 2517 1506 Τίνος
2552 1438 2645 1496 οὖν
2674 1442 2858 1495 ἐνεκεν
2902 1442 2992 1496 τὸν
3031 1441 3204 1506 δεξιὸν
3227 1443 3272 1475 ’⁸
3301 1441 3485 1512 ἔθηκε,
3515 1439 3612 1494 καὶ
3641 1437 3740 1511 τὴν

2156 1533 2316 1602 χεῖρα
2355 1526 2732 1598 προσέθηκεν;
2758 1526 2878 1579 Ἵνα
2915 1525 3094 1598 μάθῃς
3122 1526 3204 1580 δτι
3242 1525 3303 1579 οὐ
3335 1525 3463 1595 περί
3503 1523 3682 1595 μελῶν
3713 1523 3742 1576 ὀ

2155 1610 2333 1680 λόγος.
2366 1608 2505 1664 ἀλλά
2554 1609 2685 1680 περὶ
2716 1608 2824 1663 τῶν
2857 1609 3074 1674 οἰκείως
3122 1609 3259 1681 πρὸς
3296 1610 3444 1680 ἡμᾶς
3485 1609 3737 1679 ἐχόντων.

2159 1697 2259 1749 “Av
2282 1695 2392 1766 γάρ
2415 1711 2537 1746 τινα
2559 1693 2700 1746 οῦτω
2733 1692 2914 1764 φιλῇς,
2947 1694 3134 1764 φησὶν,
3167 1693 3242 1758 ὡς
3269 1695 3326 1747 ἐν
3350 1692 3503 1764 χώρα
3523 1694 3538 1725 ⁸
3565 1692 3738 1759 δεξιοῦ

2155 1777 2458 1849 ὀφθαλμοῦ,
2504 1777 2537 1848 ἢ
2590 1777 2731 1832 οὓτω
2763 1779 3032 1849 χρήσιμον
3078 1773 3217 1831 εἰναι
3270 1778 3517 1850 νομίσῃς,
3557 1777 3634 1841 ὡς
3685 1777 3742 1827 ἐν

2154 1864 2306 1931 τάξει
2332 1863 2476 1934 ἔχειν
2501 1862 2699 1933 χειρὸς,
2736 1863 2831 1914 καὶ
2865 1861 3076 1934 βλάπτῃ
3103 1863 3125 1894 ⁸
3157 1879 3249 1915 σου
3279 1861 3378 1934 τὴν
3417 1862 3616 1932 ψυχὴν,
3652 1860 3744 1913 καὶ

2155 1949 2379 2010 τούτους
2408 1948 2672 2016 ἀπότεμε.
2711 1946 2822 2000 Καὶ
2851 1947 2954 2018 δρα
2991 1945 3092 2018 τὴν
3128 1947 3384 2018 ἔμφασιν.
3419 1947 3495 1999 Οὐ
3523 1945 3634 2016 7&9
3665 1941 3742 1996 εἷ-

2157 2051 2280 2096 πεν,
2316 2030 2610 2101 Ἀπόστηθι
2630 2045 2647 2062 ⁶
2665 2029 2803 2084 ἀλλὰ
2829 2031 2920 2084 τὸν
2949 2031 3118 2085 πολὺν
3144 2030 3420 2102 χωρισμὸν
3442 2029 3742 2100 ἐμφαίνων,

2160 2118 2396 2182 Ἕξελε,
2423 2117 2578 2186 φησί,
2605 2114 2704 2168 καί
2736 2113 2897 2179 ,βάλε
2917 2115 3037 2169 ἀπὸ
3077 2115 3217 2170 σοῦ.
3243 2110 3376 2169 Εἶτα
3404 2114 3591 2185 ἐπειδὴ
3621 2113 3746 2167 dm-

2156 2201 2338 2271 τόμως
2368 2199 2642 2264 ἐκέλευσε,
2662 2198 2905 2252 δείκνυσι
2937 2197 3092 2271 [226]
3120 2198 3215 2253 καὶ
3244 2190 3307 2252 τὸ
3337 2199 3525 2270 κέρδος
3556 2197 3746 2252 ἐκατέ-

2159 2283 2354 2357 ρωθεν,
2385 2283 2495 2336 ἀπό
2521 2299 2580 2335 τε
2606 2283 2715 2335 τῶν
2748 2281 2992 2350 ἀγαθῶν,
3028 2281 3138 2336 ἀπό
3162 2299 3219 2337 τε
3249 2282 3359 2336 τῶν
3401 2280 3588 2336 κακῶν
3622 2283 3745 2334 ἐπι-

2160 2367 2340 2437 μένων
2363 2369 2430 2438 τῇ
2460 2366 2773 2437 μεταφορᾷ·
2811 2364 3103 2436 Σιίμφέρει
3131 2363 3240 2436 γάρ
3271 2381 3390 2430 σοι,
3425 2365 3609 2435 φησὶν,
3645 2365 3745 2418 ἵνα

2156 2451 2452 2519 ἀπόληται
2471 2450 2541 2504 ἓν
2560 2449 2680 2504 τῶν
2697 2449 2902 2521 μελῶν
2920 2466 3058 2515 σου,
3078 2450 3176 2506 καί
3202 2451 3288 2520 μὴ
3309 2450 3460 2504 ὅλον
3479 2449 3546 2504 τὸ
3575 2448 3743 2519 σῶμά

2155 2554 2272 2592 σου
2298 2535 2511 2605 ,ϐληθῇ
2537 2537 2624 2602 εἰς
2662 2534 2937 2606 γέενναν.
2980 2536 3148 2590 Ὅταν
3188 2536 3324 2606 μήτε
3356 2534 3547 2588 ἐαυτὸν
3577 2533 3600 2565 ³
3628 2535 3741 2588 δια-

2158 2620 2328 2694 σώζῃ,
2369 2622 2463 2674 καὶ
2504 2621 2563 2674 σὲ
2598 2619 3011 2694 προσαπολλύει,
3055 2621 3183 2675 ποία
3218 2620 3598 2690 φιλανθρωπία
3633 2620 3739 2690 ἀμ-

2156 2704 2418 2775 φοτέρους
2443 2703 2957 2769 καταποντίζεσθαι,
2978 2703 3099 2769 ἐξὸν
3122 2703 3497 2776 χωρισθέντων
3524 2702 3627 2756 κάν
3645 2703 3738 2755 ’ἐνα

2157 2787 2433 2858 σωθῆναι;
2480 2787 2544 2839 Τί
2579 2783 2672 2841 οὖν
2719 2789 2749 2840 ὀ
2789 2787 3001 2852 Παῦλος
3043 2787 3248 2852 είλετο,
3277 2788 3460 2856 φησὶν,
3495 2786 3739 2856 ἀνάθεμα

2154 2870 2407 2938 γενέσθαι
2433 2887 2447 2935 ;
2479 2870 2592 2940 Οὐχ
2626 2868 2766 2923 ὥστε
2803 2871 2970 2941 μηδὲν
3003 2872 3278 2942 κερδᾶναι,
3305 2869 3420 2924 ἀλλ’
3447 2869 3588 2922 ὥστε
3623 2870 3731 2924 ἑτέ·

2157 2970 2283 3024 ρους
2316 2956 2576 3025 σωθῆναι.
2615 2954 2881 3009 Ἐνταῦθα
2905 2956 2961 3009 δὲ
2985 2955 3312 3027 ἀμφοτέρων
3332 2957 3366 3026 ἡ
3396 2953 3569 3025 βλάϐη
3601 2953 3740 3022 γίνε-

2151 3054 2274 3090 ται⁸
2308 3037 2498 3108 διόπερ
2543 3038 2644 3091 οὐκ
2683 3033 2872 3102 εἶπεν,
2918 3039 3166 3104 Ἕξελε,
3191 3029 3401 3109 μόνον,
3444 3037 3582 3091 ἀλλά
3626 3037 3738 3099 καὶ,

2151 3119 2308 3174 Βάλε
2330 3121 2447 3175 άπὸ
2474 3121 2614 3188 σοῦ,
2635 3122 2778 3177 ῶστε
2807 3121 2829 3154 ⁸
2861 3122 3059 3194 μηκέτι
3097 3121 3416 3192 λαμϐάνειν,
3441 3118 3536 3174 ἐὰν
3565 3119 3741 3174 τοιοῦ-

2151 3220 2240 3267 τος
2282 3203 2439 3276 μένῃ.
2483 3203 2640 3258 Οῦτω
2672 3204 2782 3277 γὰρ
2826 3201 3078 3259 κάκεῖνον
3123 3205 3369 3276 μείζονος
3415 3203 3742 3270 ἀπαλλάξεις

2151 3286 2520 3358 ἐγκλήματος,
2546 3287 2641 3340 καὶ
2671 3289 2864 3342 σαυτὸν
2893 3288 3168 3352 ἀπωλείας
3189 3285 3599 3358 ἐλευθερώσεις.
3627 3287 3742 3340 ’Ίνα

2151 3371 2208 3424 δὲ
2234 3371 2330 3423 καὶ
2353 3371 2688 3442 σαφέστερον
2720 3371 2836 3444 ἴδῃς
2869 3371 2962 3425 τοῦ
2991 3373 3157 3442 νόμου
3185 3371 3247 3424 τὸ
3266 3370 3475 3442 κέρδος,
3497 3373 3546 3424 εί
3574 3370 3740 3432 δοκεῖ,

2151 3453 2244 3506 καὶ
2279 3453 2372 3506 ἐπὶ
2401 3453 2654 3524 σώματος
2686 3455 2808 3508 καθ’
2834 3455 3090 3508 ὑπόθεσιν
3119 3452 3463 3524 ἐξετάσωμεν
3495 3454 3556 3507 τὸ
3587 3456 3741 3527 εἰρηο

2155 3539 2337 3608 μένον.
2363 3539 2427 3592 Εἰ
2458 3538 2568 3610 γάρ
2618 3540 2833 3610 αἵρεσις
2876 3539 3190 3610 προύκειτο,
3229 3540 3324 3593 καὶ
3361 3538 3574 3610 ἀνάγκη
3603 3535 3673 3611 ἦν
3706 3540 3738 3610 ἦ

2150 3621 2242 3675 τὸν
2285 3621 2564 3692 ὀφθαλμὸν
2615 3622 2808 3693 ἔχοντα
2861 3621 3200 3694 ἐμϐληθῆναι
3258 3624 3339 3687 εἰς
3373 3623 3592 3694 ὄρυγμα
3647 3625 3743 3678 καὶ

2152 3705 2472 3768 ἀπολέσθαι,
2518 3706 2551 3777 ἢ
2594 3705 2846 3773 ἐξελόντα
2879 3706 2942 3758 τὺ
2974 3705 3159 3760 λοιπὸν
3203 3704 3376 3760 σῶσαι
3414 3706 3596 3778 σῶμα,
3632 3702 3743 3779 ἄρα

2149 3789 2250 3842 οὐκ
2274 3788 2341 3842 ἂν
2367 3789 2427 3840 τὸ
2458 3788 2711 3859 δεύτερον
2732 3789 2927 3856 ἐδέξω;
2958 3790 3127 3843 Παντί
3155 3807 3256 3842 που
3295 3789 3454 3861 δῆλόν
3477 3791 3644 3845 ἐστιν.
3664 3793 3739 3844 Οὐ

2149 3871 2258 3943 γὰρ
2286 3871 2570 3942 μισοῦντος
2592 3869 2660 3944 ἦν
2684 3871 2841 3926 τοῦτο
2869 3873 2959 3925 τὸν
2983 3871 3280 3944 ὀφθαλμὸν,
3309 3873 3446 3927 ἀλλά
3466 3873 3528 3926 τὸ
3555 3873 3740 3927 λοιπὸν

2150 3953 2433 4024 φιλοῦντος
2481 3956 2660 4027 σῶμα.
2699 3955 2872 4009 Τοῦτο
2901 3955 2967 4027 δὴ
3007 3957 3099 4010 καὶ
3145 3956 3234 4009 ἐπ’
3277 3955 3490 4028 ἀνδρῶν
3521 3955 3737 4024 λογίζου

2149 4039 2245 4093 καὶ
2268 4040 2564 4109 γυναικῶν.
2603 4041 2666 4093 Εἰ
2695 4041 2803 4111 γάρ
2827 4042 2854 4092 ὀ
2883 4039 3136 4110 βλάπτων
3157 4057 3213 4092 σε
3246 4043 3311 4112 τῇ
3340 4039 3493 4112 φιλίᾳ
3519 4041 3742 4107 ἀνίατος

2151 4124 2303 4194 μένοι
2325 4123 2368 4188 ⁸,
2399 4124 2503 4177 καὶ.
2531 4124 2590 4176 σὲ
2609 4123 2784 4194 λύμης
2815 4122 3112 4188 ἀπαλλάξει
3137 4123 3316 4194 πάσης
3339 4125 3737 4195 ἐκκοπτόμενος

2147 4205 2291 4260 οὕτω
2335 4209 2392 4270 ⁸,
2450 4207 2543 4260 καὶ
2599 4206 2761 4271 αὐτὸς
2812 4206 2922 4260 τῶν
2969 4206 3233 4279 μειζόνων
3295 4206 3737 4279 ἀπαλλαγήσεται

2147 4290 2532 4360 ἐγκλημάτων,
2567 4291 2750 4344 οὐκέτι
2783 4290 2922 4360 μετά
2947 4290 3057 4344 τῶν
3080 4289 3246 4344 αὐτοῦ
3273 4289 3459 4346 κακῶν
3508 4291 3602 4344 καὶ
3637 4293 3738 4361 τῆς

2150 4373 2251 4444 σῆς
2283 4374 2564 4439 ἀπωλείας
2589 4375 2680 4429 τὸν
2711 4375 2868 4443 λόγον
2891 4375 3127 4446 ὑπέχων.
3160 4370 3312 4440 Εἶδες
3335 4375 3354 4406 ⁷
3375 4375 3508 4446 ὅσης
3535 4375 3738 4446 ἡμερόο

2145 4475 2307 4528 τητος
2339 4460 2367 4512 ὀ
2394 4459 2558 4530 νόμος
2581 4460 2741 4530 γέμει
2779 4460 2872 4512 καὶ¹
2912 4458 3276 4532 κηδεμονίας;
3309 4459 3405 4512 καὶ
3436 4460 3470 4530 ἡ
3501 4457 3735 4513 δοκοῦσα

2148 4543 2298 4611 παρά
2327 4545 2440 4606 τοῖς
2468 4543 2684 4608 πολλοῖς
2713 4544 2989 4615 ἀποτομία
3018 4539 3178 4609 εἶναι,
3207 4542 3382 4613 πόσην
3399 4543 3732 4596 ἐνδείκνυται

2146 4625 2560 4697 φιλανθρωπίαν
2585 4645 2599 4694 ;
2639 4628 3012 4682 Ἀκουέτωσαν
3040 4629 3245 4682 τούτων
3272 4630 3320 4682 οἱ
3343 4627 3479 4700 πρὸς
3511 4627 3578 4681 τά
3606 4627 3733 4681 θέας

2143 4728 2250 4783 τρα
2285 4711 2606 4775 σπεύδοντες
2628 4750 2642 4774 ,
2685 4711 2777 4764 καί
2811 4712 3032 4783 μοιχοὺς
3066 4712 3294 4776 ἐαυτοὺς
3328 4712 3448 4765 καθ’
3495 4713 3732 4783 ἑκάστην

2145 4793 2426 4858 ποιοῦντες
2461 4795 2560 4867 τὴν
2609 4797 2844 4868 ἡμέραν.
2876 4797 2938 4849 Εἰ
2978 4795 3087 4866 γάρ
3123 4795 3215 4848 τὸν
3257 4795 3603 4850 οἰκειωθέντα
3634 4797 3730 4852 ἐπὶ

2145 4875 2318 4949 βλάϐη
2349 4879 2636 4933 ἐκκόπτειν
2659 4881 2688 4932 ὀ
2716 4879 2876 4950 νόμος
2906 4879 3137 4943 κελεύει,
3155 4880 3277 4934 τίνα
3304 4879 3372 4934 ἂν
3400 4880 3570 4950 ἔχοιεν
3596 4880 3734 4934 ἀπο⁹

2143 4961 2330 5028 λογίαν
2362 4963 2412 5015 οἰ
2437 4963 2564 5026 τοὺς
2589 4964 2800 5016 οὐδέπω
2827 4965 3152 5033 γενομένους
3182 4964 3494 5036 γνωρίμους
3515 4963 3601 5017 διά
3628 4964 3732 5034 τῆς

2143 5046 2262 5098 ἐκεῖ
2287 5045 2572 5118 διατριϐῆς
2617 5047 2739 5099 καθ’
2775 5048 3016 5118 ἐκάστην
3056 5048 3435 5118 ἐπισπώμενοι
3465 5046 3560 5117 τὴν
3591 5047 3726 5117 ήμὲο

2143 5146 2267 5199 ραν,
2299 5129 2393 5182 καὶ
2429 5129 2631 5200 μυρίας
2674 5132 3173 5197 κατασκευάζοντες
3206 5133 3419 5194 ἐαυτοῖς
3456 5129 3734 5193 ἀπωλείας

2139 5214 2426 5284 ἀφορμάς;
2455 5215 2530 5268 Οὐ
2553 5215 2662 5287 γάρ
2686 5217 2846 5288 μόνον
2873 5215 3188 5282 ἀκολάστως
3216 5217 3343 5272 ἰδεῖν
3367 5219 3428 5271 οὐ
3458 5227 3734 5288 συγχωρεῖ

2139 5295 2360 5350 λοιπόνο
2407 5297 2525 5350 ἀλλ’
2577 5300 2766 5372 ἐπειδὴ
2807 5300 2908 5371 τὴν
2941 5301 3005 5354 ἐκ
3048 5301 3142 5355 τοῦ
3191 5301 3516 5374 πράγματος
3558 5299 3734 5366 εδειξε

2140 5379 2368 5452 βλάϐην,
2407 5383 2502 5436 καὶ
2543 5383 2804 5437 ἐπιτείνει
2845 5383 2938 5437 τὸν
2969 5383 3132 5454 νόμον
3175 5384 3410 5456 προῖὼν,
3437 5384 3734 5438 ἐκκόπτειν

2139 5463 2378 5518 κελεύων
2410 5466 2504 5518 καὶ
2527 5467 2859 5538 ἀποτέμνειν
2884 5469 2978 5522 καὶ
3005 5467 3194 5540 πόρρω
3217 5486 3320 5523 που
3354 5469 3586 5540 βάλλειν.
3609 5470 3732 5524 Καὶ

2137 5547 2307 5601 ταῦτα
2353 5549 2381 5601 6
2415 5549 2641 5621 μυρίους
2669 5553 2798 5621 περί
2834 5552 3056 5623 ἀγάπης
3087 5555 3316 5624 κινήσας
3350 5554 3538 5623 λόγους
3564 5570 3732 5624 νομο-

2388 5641 2481 5698 Sic
2537 5644 2606 5700 A.
2662 5643 2728 5699 C.
2780 5643 2879 5716 Ερ.
2930 5645 3303 5716 ἀπάντωνίΕ.
3359 5647 3456 5703 Ge.
3511 5646 3733 5716 ἀνθρώ-

449 5781 895 5884 ἀποτεινομένου]
923 5786 1016 5837 καὶ
1035 5785 1194 5840 ἀποτ.
1233 5784 1297 5838 Ι).
1374 5785 1417 5817 ⁸⁷
1441 5785 1646 5866 ἐκεῖνον
1663 5781 1727 5834 Α.
1761 5781 1822 5836 F.
1902 5781 1947 5865 ’ξ
1977 5780 2278 5906 ὀφθαλμός]
2314 5785 2437 5864 adg.
2479 5801 2573 5839 σου
2595 5790 2660 5843 Α.
2692 5787 2754 5841 C.
2787 5786 2847 5840 E.
2927 5787 2972 5817 θ’
2986 5785 3178 5859 δεξιόν]
3198 5780 3324 5842 Eadd.
3356 5786 3720 5858 ὀφθαλμόνΔ.

449 5849 638 5906 ἑθηκεὶ
670 5853 880 5906 τεθεικε
913 5852 972 5906 Β.
1002 5853 1100 5906 En.
1125 5851 1329 5906 εἶπεΛ.
1411 5856 1426 5887 ¹
1461 5852 1638 5906 unum]
1674 5853 1798 5905 add.
1821 5849 2024 5904 τιθεναι
2053 5855 2116 5906 Α.
2173 5853 2212 5906 “.
2237 5852 2434 5906 δεξιουί
2474 5858 2601 5906 add.
2627 5857 2770 5906 ἔνειν
2804 5857 2844 5906 Β
2941 5857 2960 5886 ³
2995 5857 3228 5906 βλάπτῃ]
3269 5857 3360 5906 Sic
3388 5857 3446 5906 Β.
3471 5858 3533 5906 C-
3555 5857 3718 5906 vulgo

449 5849 638 5934 έθηκει
670 5869 700 5906 τ

451 5910 699 6007 βλάπτει.
717 5920 960 6007 τούτοιςλ
986 5910 1262 6007 τοδτΟνΛΛ.
1291 5925 1355 5980 C.
1433 5910 1688 6007 ι”ὲοίυτῆςί
1713 5921 1770 5975 Β.
1799 5921 1857 5974 F.
1888 5937 2024 6007 p.np.
2057 5910 2460 6007 προσαπόλλυσι
2485 5910 2636 5981 ΑίΒ.

767 5849 894 5936 εἰκε
913 5852 972 5936 Ιξ.
1002 5853 1100 5936 ΕΡ.
1125 5851 1248 5936 εἷπε
1265 5858 1331 5936 Al:
1411 5852 1643 5936 ¹χώρᾳ1
1674 5849 2029 5936 αξίιικτιθέναι

2151 5849 2212 5908 C.
2237 5849 2436 5936 δεξιοῦ]
2474 5858 2613 5936 αμόᾷ
2627 5857 2770 5936 ἔχειν
2803 5857 2853 5936 Β.
2893 5927 2916 5936 _
2941 5857 2960 5886 ³
3269 5849 3446 5936 ξίολβ.
3471 5849 3718 5936 C_.'vu_lgo

2842 5926 3048 6000 ἓῶστε]
3080 5928 3155 6000 ῶς
3180 5926 3248 5986 Κ.
3274 5931 3335 5987 C.
3372 5930 3435 5985 Ε.
3508 5928 3530 5961 ⁸
3562 5926 3713 6000 μένει

449 5988 594 6045 ΔΛ).
669 5992 690 6024 ⁸
717 5991 881 6066 οὕτω]
905 5988 1059 6058 οὗτος
1081 6000 1145 6050 Λ.
1175 5995 1240 6052 C.
1269 6007 1320 6052 et
1349 6012 1496 6053 corr.
1530 5995 1588 6050 Β.
1626 5988 1768 6047 οὕτω
1792 5988 1904 6048 om;
1939 5988 1998 6046 Ρ.

2151 5991 2308 6064 Εἶδες]
2351 5993 2482 6053 Vide
2519 5997 2654 6054 Edd.
2689 5996 2846 6072 ὅσης]
2876 5988 3050 6070 πόσης
3081 5988 3144 6052 Ε.
