4052 6436
264 388 365 444 ΞΚἿ

269 519 331 563 us
353 501 428 558 rei
452 499 651 557 fuerint
677 488 1135 555 I'ornicationibus,
1165 488 1402 560 quotidie
1425 490 1544 542 illas
1567 502 1688 542 cum
1719 503 1849 542 con-

267 594 591 665 cupiscentia
630 589 918 644 intuentes.
946 581 1176 653 Ideoque
1202 582 1390 637 beatus
1423 578 1524 635 Iob
1569 579 1707 633 hanc
1745 578 1848 632 sibi

270 689 437 757 legem
467 699 497 738 a
528 679 789 754 principio
825 675 1025 747 posuit,
1071 688 1130 729 se
1173 672 1371 742 ubique
1407 669 1666 727 cohibens
1696 684 1727 724 a
1757 669 1850 724 tali

268 775 572 849 spectaculo
591 771 729 844 (Job
757 771 848 826 Si.
883 768 972 839 9).
1000 765 1130 822 Nam
1157 774 1304 820 certe
1329 772 1452 834 post
1473 771 1747 832 aspectum
1785 775 1853 815 ne

270 867 460 923 fruaris
502 865 594 918 illa
637 876 797 933 quam
825 874 1006 922 amas,
1033 856 1207 927 majus
1235 864 1318 909 est
1341 863 1613 910 certamen
1640 871 1656 908 :
1680 866 1853 921 neque

269 969 465 1015 tantam
493 955 566 1010 ab
593 963 810 1024 aspectu
851 949 1176 1022 percipimus
1218 946 1568 1016 voluptatem,
1600 951 1853 1014 quantam

267 1047 636 1120 acupiditatis
680 1051 966 1113 augmento
1016 1039 1324 1110 experimur
1374 1037 1698 1108 perniciem,
1729 1034 1855 1090 dum

270 1139 404 1195 hosti
432 1135 802 1192 fortitudinem
839 1132 1187 1193 accersimus,
1214 1139 1274 1184 et
1299 1128 1516 1183 diabolo
1559 1127 1733 1196 majus
1763 1140 1860 1180 no-

269 1230 422 1285 cendi
447 1227 684 1299 spatium
726 1234 781 1280 et
824 1224 999 1278 locum
1043 1221 1271 1276 damus:
1302 1229 1360 1274 ut
1388 1235 1561 1290 neque
1590 1219 1857 1289 possimus

271 1325 341 1378 illi
365 1321 646 1383 resistere,
671 1327 951 1390 postquam
983 1316 1036 1368 in
1063 1314 1248 1369 intima
1269 1313 1448 1368 cordis
1473 1312 1622 1366 illum
1649 1311 1862 1366 induxi-

274 1432 408 1480 mus,
436 1425 490 1468 et
518 1419 764 1483 apertum
806 1410 907 1480 ipsi
945 1408 1180 1462 animum
1228 1405 1600 1476 expandimus.
1658 1403 1862 1459 Idcirco

275 1511 345 1564 ait
371 1525 386 1562 :
410 1505 530 1562 Noli
556 1503 812 1559 mmchari
840 1500 1009 1555 oculis
1030 1541 1046 1566 ,
1075 1506 1131 1553 et
1149 1498 1330 1553 animo
1361 1512 1466 1550 non
1484 1494 1860 1550 mmchaberis.

277 1601 368 1655 Est
385 1598 538 1654 enim
564 1604 620 1650 et
658 1595 792 1648 alius
819 1589 1112 1662 aspiciendi
1157 1588 1349 1644 modus
1369 1627 1385 1654 ,
1417 1599 1474 1641 ιιι
1502 1587 1633 1641 casti
1661 1586 1864 1640 scilicet

276 1691 555 1761 aspiciunt.
591 1687 822 1757 Ideoque
849 1699 958 1739 non
989 1682 1302 1754 simpliciter
1328 1691 1600 1750 aspectum
1629 1679 1862 1745 sustulit,

277 1783 366 1838 sed
407 1789 690 1852 aspectum
718 1793 839 1832 cum
873 1774 1323 1845 concupiscentia.
1380 1772 1490 1826 Nisi
1516 1771 1657 1827 enim
1685 1771 1737 1824 id
1762 1770 1866 1826 sibi

275 1875 549 1938 voluisset,
612 1871 838 1927 dixisset
889 1868 1092 1938 utique,
1138 1866 1238 1934 Qui
1297 1864 1514 1933 respicit
1549 1863 1864 1925 mulierem,

278 1965 590 2038 simpliciter
616 1982 631 2017 :
659 1977 768 2017 non
794 1960 872 2015 sic
894 1969 1073 2014 autem
1099 1957 1271 2021 dixit,
1300 1957 1416 2022 sed,
1450 1955 1548 2023 Qui
1570 1953 1870 2024 respexerit

279 2059 340 2113 ad
374 2052 887 2125 concupiscendum,
914 2050 1004 2120 qui
1030 2047 1352 2118 respexerit,
1382 2057 1440 2100 ut
1467 2053 1739 2114 aspectum
1770 2042 1869 2097 de-

282 2152 456 2206 lectet.
497 2146 623 2203 Non
645 2145 794 2201 enim
824 2143 946 2198 ideo
975 2141 1070 2196 tibi
1099 2140 1240 2194 Deus
1267 2139 1451 2193 oculos
1476 2137 1657 2201 dedit,
1681 2145 1739 2189 ut
1766 2133 1872 2189 illis

282 2239 345 2295 ad
365 2237 770 2294 tornicationem
793 2231 1145 2288 inducendam
1169 2229 1356 2294 utaris,
1381 2228 1476 2282 sed
1501 2237 1558 2282 ut
1581 2230 1700 2295 ejus
1719 2240 1873 2281 crea-

288 2343 428 2388 turas
495 2331 713 2394 videns,
762 2329 1076 2384 Creatorem
1123 2326 1356 2380 mireris.
1413 2323 1871 2393 Quemadmodum

286 2438 406 2495 ergo
471 2423 592 2478 ﬁeri
644 2429 821 2492 potest
861 2427 921 2474 ut
983 2427 1191 2475 temere
1258 2416 1508 2473 irascaris
1557 2433 1571 2470 :
1619 2415 1694 2469 ita
1760 2414 1873 2468 lieri

287 2524 453 2587 potest
478 2524 538 2570 ut
574 2525 783 2570 temere
823 2511 1074 2582 aspicias,
1095 2524 1219 2566 cum
1274 2521 1470 2578 nempe
1515 2507 1582 2561 ad
1615 2505 1874 2576 concupi-

289 2609 534 2664 scentiam
591 2603 889 2676 aspexeris.
933 2602 990 2658 Si
1032 2602 1178 2657 enim
1221 2599 1490 2669 respicere
1538 2607 1592 2652 et
1620 2597 1874 2652 delectari

291 2700 432 2766 velis,
455 2698 668 2770 respice
693 2711 916 2751 uxorem
945 2703 1117 2760 tuam,
1147 2692 1402 2762 illamque
1429 2700 1690 2762 perpetuo
1716 2705 1872 2746 ama:

293 2792 426 2846 nulla
446 2792 495 2845 id
519 2791 612 2845 lex
638 2787 908 2858 prohibet.
932 2785 986 2841 Si
1009 2799 1136 2840 vero
1156 2785 1388 2839 alienam
1411 2784 1636 2838 formam
1663 2783 1878 2838 curiose

297 2884 475 2937 mtneri
511 2881 782 2944 volueris,
804 2886 860 2933 et
881 2877 1026 2931 illam
1054 2875 1226 2941 laedis,
1246 2875 1350 2928 alio
1377 2874 1563 2930 oculos
1589 2883 1874 2940 avertens;

295 2985 342 3030 et
390 2975 524 3029 hanc
578 2988 742 3043 quam
793 2970 1056 3041 respicis,
1088 2969 1134 3024 si
1164 2968 1349 3024 illicite
1398 2967 1540 3022 illam
1573 2967 1875 3038 contingas.

300 3067 507 3121 Etiamsi
535 3065 686 3120 enim
725 3046 874 3116 illam
918 3075 1080 3115 manu
1123 3075 1231 3114 non
1259 3059 1550 3130 contigeris
1571 3098 1586 3123 ,
1617 3068 1674 3112 at
1709 3059 1880 3114 oculis

297 3157 586 3228 eontigisti;
645 3153 874 3224 ideoque
924 3150 1056 3206 illud
1107 3165 1206 3221 pro
1249 3149 1515 3205 adulterio
1563 3157 1878 3219 reputatur,

298 3257 348 3304 et
399 3256 518 3304 ante
583 3245 905 3316 supplicium
972 3241 1104 3298 illud
1157 3242 1482 3297 destinatum
1509 3281 1525 3308 ,
1567 3239 1714 3295 aliud
1772 3254 1878 3294 non

303 3341 410 3395 leve
453 3338 776 3409 supplicium
826 3334 1051 3391 inducit.
1093 3333 1224 3388 Nam
1254 3332 1487 3386 tumultu
1516 3339 1571 3386 et
1597 3328 1880 3402 perturba-

301 3431 433 3487 tione
457 3431 639 3486 omnia
667 3427 920 3484 interiora
944 3427 1150 3498 replet;
1174 3439 1366 3496 magna
1389 3423 1539 3478 adest
1567 3431 1880 3493 tempestas,

302 3525 639 3591 gravissimus
681 3520 870 3584 dolor,
913 3533 1014 3574 nec
1042 3518 1266 3573 meliore
1310 3515 1617 3570 conditione
1645 3513 1752 3572 erit
1791 3513 1884 3568 ille

302 3616 385 3686 qui
405 3615 517 3671 htec
545 3615 777 3686 patitur,
805 3628 963 3684 quam
992 3611 1030 3668 ii
1053 3611 1143 3682 qui
1168 3609 1399 3665 vinculis
1423 3617 1479 3663 et
1505 3607 1713 3663 catenis
1754 3621 1885 3662 con-

305 3709 464 3763 stricti
485 3716 633 3764 sunt.
662 3707 728 3762 Et
757 3706 876 3770 illa,
910 3720 1030 3776 qua:
1074 3704 1238 3759 telum
1271 3702 1486 3769 emisit,
1515 3716 1660 3772 saepe
1685 3700 1882 3767 avolat,

307 3798 592 3870 vulnusque
617 3805 797 3853 tamen
825 3805 1025 3852 manet.
1048 3793 1161 3850 Imo
1175 3809 1307 3849 vero
1327 3807 1434 3848 nou
1459 3792 1548 3847 illa
1570 3791 1731 3848 telum
1753 3792 1888 3847 emi-

305 3889 386 3955 sit,
407 3891 498 3946 sed
527 3900 582 3946 tu
615 3889 731 3957 ipse
762 3888 854 3943 tibi
882 3887 1094 3942 letalem
1124 3886 1334 3956 plagam
1363 3883 1598 3939 indixisti
1617 3924 1635 3950 ,
1666 3883 1757 3954 qui
1783 3883 1886 3938 im-

308 3981 489 4050 pudice
507 3981 737 4036 intuitus
764 3994 843 4035 es.
879 3978 948 4033 Et
974 3977 1092 4032 haec
1116 3977 1238 4031 dico
1256 4015 1274 4043 ,
1301 3985 1362 4030 ut
1388 3975 1607 4045 pudicas
1633 3974 1702 4029 ab
1727 3988 1888 4029 accu-

306 4075 502 4130 satione
531 4074 790 4131 eximam.
823 4071 880 4128 Si
926 4085 1028 4142 qua
1073 4083 1203 4125 vero
1245 4082 1367 4125 sese
1408 4067 1481 4122 ita
1525 4075 1784 4132 exornat,
1830 4075 1890 4122 ut

305 4164 810 4224 obviorum'oculos
823 4162 886 4219 ad
911 4176 971 4218 se
995 4167 1294 4226 convertat,
1321 4159 1532 4215 etiamsi
1558 4158 1765 4213 nullum
1793 4157 1890 4212 ob-

305 4259 440 4315 vium
462 4257 798 4321 conradet-it,
831 4263 1100 4310 extremas
1128 4252 1276 4307 dabit
1303 4265 1510 4321 poenas.
1537 4249 1888 4305 Pharmacum

307 4350 439 4404 enim
486 4347 803 4421 apparavit,
851 4355 907 4402 et
959 4344 1108 4399 virus
1149 4344 1491 4415 composuit,
1540 4342 1642 4398 etsi
1691 4342 1889 4397 nemini

313 4441 546 4508 poculum
603 4437 932 4512 porrexerit;
963 4437 1072 4491 imo
1115 4436 1390 4506 porrexit,
1438 4433 1541 4489 etsi
1597 4448 1755 4489 nemo
1802 4434 1892 4504 qui

311 4531 535 4600 biberet,
568 4530 880 4588 accesserit.
926 4527 1066 4597 Quid
1091 4527 1259 4596 ergo?
1283 4541 1411 4581 num
1438 4525 1600 4580 etiam
1640 4524 1894 4580 mulieres

310 4623 632 4695 alloquitur?
683 4621 816 4691 Quia
861 4621 1010 4691 leges
1061 4619 1257 4690 ubique
1304 4631 1621 4673 communes
1676 4617 1892 4684 statuit,

311 4716 508 4772 etiamsi
533 4717 682 4772 viros
707 4723 912 4769 tantum
937 4711 1134 4781 alloqui
1161 4709 1424 4776 videatur,
1455 4709 1616 4779 capiti
1643 4709 1893 4780 loquens,

313 4820 644 4864 communem
676 4807 774 4862 toti
799 4805 1014 4876 corpori
1051 4803 1471 4859 admonitionem
1515 4801 1738 4874 profert.
1786 4801 1899 4857 Mu-

313 4895 490 4955 lierem
517 4913 752 4969 namque
775 4906 832 4952 et
862 4898 1036 4952 virum
1065 4910 1229 4950 unum
1274 4894 1424 4950 novit
1449 4909 1570 4949 esse
1595 4893 1816 4959 animal,
1845 4901 1899 4948 et

315 5001 566 5061 nunquam
607 5005 776 5060 genus
818 4988 946 5044 illud
982 4986 1187 5042 dividit.

380 5081 440 5139 ὃ.
466 5081 658 5139 Contra
684 5082 861 5136 luxum
880 5080 1167 5135 mulierum.
1195 5077 1389 5133 Eorum
1407 5079 1494 5148 qui
1524 5095 1615 5132 nos
1638 5077 1897 5131 scandati-

319 5181 430 5226 δοκι
470 5170 783 5226 conuersatio
817 5169 1081 5242 fugienda,
1121 5168 1509 5240 qualescumque
1549 5169 1668 5222 sint.
1715 5166 1902 5221 Contra

313 5259 626 5318 tantm-unt
643 5259 1180 5333 spectacula.——Quod
1200 5260 1245 5314 si
1269 5260 1402 5314 velis
1419 5260 1832 5328 increpationem
1851 5259 1902 5313 in

323 5349 438 5434 illas
461 5353 721 5422 prolatam
747 5353 1024 5422 speciatim
1057 5351 1262 5415 audire,
1295 5349 1483 5406 Isaiam
1514 5350 1639 5406 audi
1664 5351 1904 5421 pluribus

325 5437 378 5494 in
406 5441 528 5499 illas
566 5443 906 5500 invehentem
924 5483 942 5511 ,
972 5441 1445 5514 traducentemque
1489 5442 1723 5513 ipsarum
1753 5442 1905 5498 habi-

328 5539 460 5603 tum,
495 5548 796 5608 aspectum,
831 5536 1124 5601 incessum,
1158 5535 1368 5592 tunicas
1398 5535 1544 5590 humi
1573 5535 1904 5606 detinentes,

331 5620 656 5685 lascivientes
673 5627 860 5700 pedes,
874 5626 1010 5683 colla
1025 5626 1189 5682 tracta
1211 5625 1435 5684 mollitie
1454 5627 1532 5698 (a)
1545 5624 1697 5700 (Isai.
1716 5630 1768 5684 5.
1791 5629 1904 5702 l6).

390 5759 408 5791 ⁸
441 5757 553 5821 Alii,
584 5765 636 5813 ut
657 5761 916 5813 hominm.

393 5821 465 5884 (a)
499 5827 579 5877 Hic
601 5824 741 5877 Isaia:
763 5824 900 5877 locus
911 5823 984 5875 sic
1003 5822 1214 5876 habetur
1236 5825 1284 5874 in
1299 5829 1428 5886 LXX,
1453 5823 1594 5876 Isaia:
1613 5825 1666 5887 5,
1691 5823 1750 5876 16
1773 5837 1786 5875 :
1814 5833 1910 5880 Pro

1397 372 1463 430 IN
1499 368 1906 432 MATTIIEUM
1945 370 2174 432 "OMIL.
2219 375 2382 432 XVII.

3443 379 3549 433 ἷξε

1955 489 2095 544 Audi
2132 505 2254 544 cum
2283 492 2374 546 illo
2398 491 2612 547 beatum
2634 491 2855 548 Paulum
2881 493 3077 550 multas
3103 492 3236 566 ipsis
3259 493 3406 566 leges
3431 510 3546 550 sta-

1957 589 2214 647 tuentem,
2239 592 2294 638 et
2316 584 2384 640 de
2417 585 2670 651 vestibus,
2707 586 2856 643 etde
2878 588 3054 644 aureis
3073 587 3370 654 ornatibus,
3397 598 3452 644 et
3480 592 3550 644 de

1955 677 2328 732 calamistratis
2351 678 2581 748 capillis,
2623 679 2768 734 etde
2796 680 3035 744 lascivia,
3058 691 3113 736 et
3141 681 3210 737 de
3236 681 3356 737 aliis
3393 683 3549 738 simi-

1959 768 2097 824 libus
2123 767 2264 823 hunc
2289 784 2473 824 sexum
2507 771 2850 827 vehementer
2879 773 3255 843 corripientem
3298 775 3376 847 (I.
3407 773 3547 829 Tim.

1957 859 2013 913 2.
2038 859 2116 932 9).
2145 859 2390 916 Christus
2416 863 2579 917 etiam
2621 863 2674 917 in
2702 865 3046 934 sequentibus
3073 867 3404 936 arnigmatice
3447 865 3552 920 hoc

1962 953 2134 1022 ipsum
2176 953 2441 1019 declarat;
2484 969 2606 1009 cum
2633 957 2776 1012 enim
2813 957 2964 1022 dicit,
3005 957 3170 1024 Erue,
3205 957 3458 1014 exscinde
3497 958 3551 1012 id

1960 1045 2101 1114 quod
2131 1054 2183 1099 te
2217 1046 2561 1109 scandalizat,
2610 1048 2745 1102 iram
2786 1049 3044 1104 adversus
3087 1050 3208 1105 illas
3232 1050 3550 1105 concitatam

1962 1137 2197 1194 exhibet.
2241 1139 2368 1195 Ideo
2404 1141 2677 1208 subjunxit
2720 1160 2735 1197 :
2773 1141 2864 1196 29.
2917 1139 2980 1197 Si
3022 1142 3199 1196 oculus
3229 1151 3344 1196 tuus
3381 1142 3558 1197 dexter

1965 1231 2279 1286 scandalizat
2293 1240 2359 1298 te,
2380 1248 2496 1286 erue
2513 1249 2646 1299 eum,
2666 1242 2713 1287 et
2737 1233 2930 1304 projire
2953 1234 3042 1287 abs
3063 1243 3127 1287 te.
3152 1232 3231 1290 Nc
3242 1233 3386 1289 enim
3407 1233 3555 1290 dice-

1965 1337 2086 1389 res,
2126 1323 2262 1391 Quid
2306 1339 2459 1395 ergo,
2492 1325 2536 1379 si
2563 1335 2785 1396 cognata
2816 1340 2933 1381 mea
2971 1327 3080 1381 sit?
3115 1327 3263 1399 quid,
3304 1327 3351 1384 si
3381 1327 3558 1398 aliqua

1967 1416 2095 1471 mihi
2135 1417 2524 1473 necessitudine
2539 1418 2763 1488 juncta?
2787 1418 2910 1473 ideo
2931 1419 3046 1474 haec
3072 1419 3332 1490 praecipit,
3361 1435 3468 1473 non
3488 1418 3560 1474 de

1967 1510 2221 1564 membris
2248 1510 2490 1580 loquens,
2521 1509 2660 1565 absit
2687 1530 2700 1565 :
2733 1525 2991 1582 nusquam
3017 1511 3158 1565 enim
3184 1510 3316 1566 dixit
3333 1509 3558 1565 crimina

1969 1600 2035 1654 ad
2065 1615 2278 1655 carnem
2327 1603 2624 1671 pertinere;
2664 1602 2760 1657 sed
2796 1604 3066 1658 accusatio
3099 1617 3314 1673 pravam
3345 1616 3561 1673 semper

1975 1691 2302 1750 voluntatem
2328 1703 2553 1764 spectat.
2583 1693 2768 1765 Neque
2796 1695 2937 1750 enim
2968 1695 3154 1750 oculus
3182 1703 3305 1751 tuus
3332 1703 3437 1760 est,
3461 1695 3556 1764 qui

1970 1786 2138 1850 videt,
2169 1786 2264 1842 sed
2297 1800 2448 1841 mens
2474 1796 2527 1840 et
2551 1785 2820 1856 cogitatio.
2842 1785 2998 1856 Smpe
3026 1800 3255 1856 namque
3278 1785 3435 1842 nobis
3455 1787 3563 1840 alio

1972 1879 2271 1944 conversis,
2311 1892 2407 1934 eos
2438 1878 2530 1949 qui
2559 1885 2854 1948 praesentes
2887 1887 3012 1931 sunt
3038 1893 3144 1932 non
3169 1876 3316 1931 videt
3334 1877 3560 1933 oculos:

1973 1972 2155 2042 itaque
2201 1979 2371 2025 totum
2415 1985 2521 2025 non
2564 1977 2647 2025 est
2695 1968 2832 2024 illius
2860 1977 3000 2024 actui
3046 1968 3475 2024 adscribendum.
3507 1968 3562 2022 Si

1975 2065 2117 2118 cnim
2166 2063 2234 2118 de
2282 2062 2539 2119 membris
2581 2062 2908 2132 loqueretur,
2954 2076 3059 2116 non
3101 2061 3169 2117 de
3215 2075 3322 2116 uno
3363 2060 3567 2117 diceret

1976 2155 2154 2219 oculo,
2186 2169 2359 2226 neque
2401 2154 2646 2210 dextrum
2677 2155 2853 2210 solum
2899 2154 3186 2226 posuisset,
3232 2153 3327 2209 sed
3355 2154 3564 2209 ambos.

1977 2246 2108 2301 Nam
2135 2247 2225 2317 qui
2258 2263 2289 2302 a
2316 2247 2507 2302 dextro
2537 2246 2948 2311 scandalizatur,
2981 2246 3211 2316 idipsum
3241 2245 3381 2301 haud
3406 2245 3569 2301 dubie

1979 2339 2211 2408 patietur
2233 2353 2262 2390 a
2291 2338 2528 2392 sinistro.
2555 2337 2663 2392 Cur
2699 2351 2830 2408 ergo
2851 2336 3099 2392 dextrum
3132 2336 3343 2391 oculum
3367 2337 3566 2407 posuit,

1980 2439 2034 2484 et
2056 2443 2273 2484 manum
2298 2427 2532 2498 adjecit?
2561 2427 2628 2484 Ut
2657 2428 2834 2483 discas
2861 2443 2969 2482 non
2995 2427 3062 2482 de
3082 2427 3338 2482 membris
3363 2441 3569 2481 sermo-

1980 2537 2102 2577 nem
2131 2535 2274 2586 esse,
2303 2521 2398 2576 sed
2427 2521 2495 2576 de
2534 2521 2600 2576 iis
2623 2521 2711 2590 qui
2736 2521 2892 2576 nobis
2913 2520 3145 2576 amicitia
3173 2519 3487 2590 junguntur.
3512 2519 3570 2574 Si

1979 2615 2282 2686 quempiam
2305 2616 2376 2670 ita
2398 2629 2566 2680 amas,
2598 2615 2788 2684 inquit,
2827 2621 2887 2667 ut
2907 2627 3028 2667 eum
3058 2612 3263 2668 dexteri
3289 2613 3430 2666 oculi
3453 2611 3573 2667 loco

1982 2725 2170 2781 ponas,
2194 2719 2285 2764 aut
2306 2709 2378 2763 ita
2403 2707 2495 2762 tibi
2524 2707 2709 2762 utilem
2739 2715 2913 2777 putas,
2937 2713 2996 2760 ut
3011 2719 3109 2775 pro
3135 2719 3293 2759 manu
3315 2704 3462 2759 illum
3483 2703 3571 2759 ha-

1981 2804 2130 2868 beas,
2173 2803 2217 2856 si
2261 2800 2408 2856 lzedit
2433 2801 2664 2856 animam
2703 2807 2885 2865 tuam,
2915 2807 2972 2853 et
3012 2797 3156 2852 hunc
3191 2795 3464 2853 abscinde.
3508 2797 3574 2852 Et

1981 2898 2088 2953 vim
2127 2896 2255 2952 dicti
2294 2893 2586 2966 perpende.
2620 2893 2734 2947 Non
2777 2895 2924 2947 enim
2967 2892 3123 2958 dixit,
3173 2890 3448 2958 Abscede;
3476 2891 3572 2948 sed

1983 2991 2269 3046 maximam
2291 2989 2682 3058 separationem
2708 2986 2970 3052 indicans,
2995 2984 3150 3050 Erue,
3176 2985 3363 3056 inquit,
3383 2995 3436 3041 et
3454 3002 3575 3056 pro-

1973 3083 2081 3155 jice
2105 3083 2192 3137 abs
2231 3091 2295 3135 te.
2327 3079 2529 3135 Deinde
2552 3082 2674 3151 quia
2717 3094 2907 3134 severe
2935 3087 3287 3148 praeceperat,
3325 3079 3576 3149 utrinque

1985 3176 2192 3230 lucrum
2219 3188 2340 3229 esse
2367 3171 2544 3238 docet,
2587 3181 2640 3226 et
2666 3187 2730 3226 ex
2757 3171 2912 3227 bonis
2936 3180 2991 3226 et
3015 3186 3079 3224 ex
3109 3171 3285 3237 malis,
3311 3171 3362 3226 in
3387 3171 3576 3228 eadem

1985 3265 2296 3335 metaphora
2321 3265 2576 3320 insistens
2603 3281 2618 3318 :
2646 3261 2872 3333 Expedit
2899 3263 3033 3318 enim
3060 3263 3170 3328 tibi,
3199 3263 3388 3334 inquit,
3416 3273 3471 3317 ut
3491 3281 3579 3332 pe-

1983 3367 2092 3413 reat
2132 3373 2290 3411 unum
2336 3357 2674 3412 meminerunt
2715 3364 2937 3422 tuarum,
2967 3365 3017 3408 et
3055 3371 3158 3408 non
3197 3364 3358 3408 totum
3394 3371 3578 3427 corpus

1986 3461 2128 3506 tuum
2153 3453 2384 3506 mittatur
2403 3450 2456 3504 in
2484 3452 2786 3522 gehennam.
2810 3446 2943 3502 Cum
2972 3448 3115 3502 enim
3142 3463 3316 3519 neque
3341 3448 3578 3518 seipsum

1985 3554 2183 3609 servet,
2211 3553 2266 3599 et
2297 3553 2351 3601 te
2374 3558 2555 3600 secum
2586 3541 2796 3614 perdat,
2835 3556 2952 3612 qua:
2977 3539 3278 3596 humanitas
3303 3550 3446 3596 esset
3464 3555 3581 3594 am-

1988 3639 2058 3695 bo
2081 3637 2330 3709 perdere,
2370 3651 2491 3692 cum
2533 3635 2691 3690 liceat
2729 3634 2796 3688 iis
2823 3632 3087 3704 separatis
3116 3647 3280 3686 unum
3325 3632 3581 3687 servare?

1988 3732 2102 3787 Cur
2119 3732 2260 3786 enim
2285 3731 2480 3786 Paulus
2497 3727 2717 3799 optabat
2740 3727 3026 3783 anathema
3047 3740 3169 3782 esse
3192 3723 3370 3799 (Rom.
3399 3727 3450 3781 9.
3483 3723 3540 3797 5)
3558 3727 3584 3778 ?

1989 3823 2105 3881 Non
2128 3824 2199 3880 ita
2227 3832 2284 3878 ut
2307 3821 2441 3877 nihil
2463 3820 2586 3876 inde
2611 3819 2744 3874 lucri
2764 3818 3042 3874 accederet
3063 3819 3101 3884 ί,
3127 3818 3222 3872 sed
3247 3829 3305 3873 ut
3323 3817 3460 3872 alios
3477 3831 3582 3872 ser-

1991 3924 2160 3970 varet.
2195 3915 2290 3969 llic
2315 3922 2492 3968 autem
2524 3912 2797 3980 utriusque
2825 3910 3078 3964 damnum
3107 3917 3192 3964 est
3217 3926 3232 3962 :
3260 3917 3584 3980 quapropter

1991 4024 2099 4064 non
2127 4007 2260 4062 dixit
2282 4015 2506 4070 uultum,
2540 4002 2714 4069 Erue;
2750 4001 2850 4056 sed
2873 4002 3055 4066 etiam,
3085 4002 3277 4071 projice
3301 3999 3392 4055 abs
3415 4009 3482 4065 te,
3511 4001 3584 4055 ita

1993 4111 2050 4155 ut
2075 4113 2362 4168 numquam
2403 4104 2637 4166 repetas,
2680 4094 2724 4148 si
2768 4093 2890 4147 talis
2929 4093 3204 4147 manserit.
3232 4092 3323 4147 Sic
3346 4092 3489 4147 enim
3530 4103 3586 4146 et

1994 4192 2142 4248 illum
2168 4189 2355 4259 majori
2393 4187 2616 4243 crimine
2655 4185 2924 4242 liberabis.
2950 4193 3004 4240 et
3031 4184 3258 4254 teipsum
3293 4198 3322 4237 a
3350 4182 3586 4254 pernicie

1994 4283 2210 4354 eripies.
2256 4281 2326 4338 Ut
2349 4288 2526 4335 autem
2567 4279 2762 4333 clarius
2805 4277 2937 4347 legis
2963 4277 3244 4332 utilitatem
3274 4276 3585 4348 perspicias,

1996 4376 2041 4431 si
2069 4375 2261 4445 placet,
2286 4373 2339 4428 in
2363 4385 2591 4440 corpore
2610 4368 2842 4439 exempli
2863 4383 3025 4424 causa
3047 4367 3097 4421 id
3125 4367 3268 4438 quod
3289 4367 3486 4423 dictum
3507 4378 3590 4422 est

1997 4469 2360 4540 exploremus.
2403 4464 2461 4521 Si
2492 4466 2634 4521 enim
2663 4463 2812 4532 optio
2836 4463 3078 4526 daretur,
3109 4476 3172 4516 ac
3205 4475 3426 4516 necesse
3448 4469 3592 4516 esset

1999 4571 2090 4618 aut
2117 4561 2333 4617 oculum
2364 4557 2651 4614 habentem
2677 4555 2870 4626 conjici
2898 4560 2954 4611 in
2983 4555 3179 4610 fossam
3201 4565 3256 4610 et
3280 4554 3476 4625 perire,
3497 4565 3590 4610 aut

2001 4655 2095 4710 illo
2119 4661 2293 4718 eruto,
2330 4651 2600 4721 reliquum
2644 4662 2839 4718 corpus
2863 4646 3065 4702 servari
3104 4661 3119 4700 :
3165 4659 3344 4700 annon
3384 4654 3592 4716 postre-

2003 4761 2147 4800 mum
2191 4743 2414 4799 malles?
2441 4742 2496 4796 ld
2542 4739 2742 4796 nemini
2785 4753 2892 4793 non
2932 4736 3269 4794 manifestum
3308 4746 3411 4792 est.
3460 4737 3592 4792 lllud

2002 4840 2144 4894 enim
2173 4852 2277 4892 non
2305 4846 2446 4892 esset
2479 4836 2692 4891 oculum
2733 4833 2930 4899 odisse,
2964 4831 3059 4888 sed
3100 4831 3364 4902 reliquum
3398 4845 3593 4901 corpus

2004 4946 2202 4986 amare.
2243 4929 2358 4985 Hoc
2389 4943 2554 4999 porro
2573 4935 2629 4983 et
2650 4926 2719 4982 de
2739 4925 2868 4980 viris
2894 4925 3066 4996 cogita
3091 4933 3146 4979 et
3165 4923 3234 4980 de
3259 4924 3590 4980 mulieribus.

2005 5021 2137 5076 Nam
2167 5023 2210 5075 si
2236 5021 2301 5086 is,
2327 5019 2417 5090 qui
2446 5027 2498 5075 te
2519 5017 2664 5073 laedit
2686 5015 2938 5078 amando,
2967 5013 3277 5070 incurabilis
3302 5023 3502 5081 manet,
3542 5026 3600 5071 et

2005 5113 2050 5167 si
2076 5111 2344 5168 abscissus
2383 5111 2474 5176 sit,
2507 5121 2559 5166 te
2581 5109 2649 5164 ab
2669 5108 2813 5163 omni
2841 5107 3078 5178 pernicie
3104 5107 3349 5163 liberabit
3383 5124 3400 5162 :
3443 5107 3520 5163 sic
3548 5118 3604 5163 et

2009 5204 2123 5273 ipse
2158 5218 2189 5257 a
2229 5200 2520 5272 majoribus
2572 5200 2828 5269 eripietur
2864 5198 3200 5266 criminibus,
3242 5213 3414 5270 neque
3459 5198 3601 5254 ultra

2008 5313 2127 5354 cum
2157 5305 2494 5367 peccatorum
2519 5308 2737 5349 suorum
2766 5293 2994 5356 ratione,
3017 5293 3276 5348 rationem
3295 5293 3459 5348 etiam
3477 5306 3602 5362 ιδεμ

2009 5388 2166 5444 niciei
2193 5396 2296 5442 tuae
2332 5386 2572 5442 daturus.
2605 5383 2742 5439 Vide
2768 5392 2966 5454 quanta
3005 5383 3412 5440 mansuetudine
3445 5384 3600 5454 plena

2011 5481 2100 5538 lex
2135 5490 2237 5547 est,
2279 5487 2474 5551 quanta
2513 5475 2880 5549 providentia?
2907 5487 2957 5531 et
2988 5491 3107 5546 quae
3142 5493 3172 5529 a
3217 5473 3400 5530 multis
3437 5473 3599 5528 nimia

2011 5651 2070 5689 eo
2097 5637 2226 5702 quod
2265 5634 2462 5707 eleuata:
2490 5639 2602 5686 sunt
2625 5631 2747 5706 ﬁlia;
2780 5633 2909 5692 Sion,
2931 5637 2984 5702 et
3008 5629 3370 5716 ambulauerunt
3406 5631 3606 5721 extenso

2013 5700 2154 5770 collo,
2177 5696 2708 5770 ctputtbusocutorum
2727 5695 3023 5770 abantem
3038 5707 3226 5766 incessu
3246 5694 3422 5759 pedum
3440 5691 3578 5743 trahe

2013 5763 2125 5830 bant
2142 5759 2346 5830 twticas,
2369 5767 2415 5811 et
2435 5757 2742 5830 lascivich
2763 5757 2966 5830 pedibus
2987 5757 3105 5830 suis.

2081 5829 2096 5858 ⁸
2131 5817 2346 5885 Quidam,
2371 5835 2465 5874 non
2479 5820 2549 5873 ita
2570 5826 2621 5872 ut
2643 5817 2880 5873 neminem
2895 5817 3022 5869 lucri
3042 5819 3238 5881 faceret,
3257 5824 3354 5868 etc.
