4052 6452
504 339 612 393 239

500 455 760 512 severitas
777 467 897 509 esse
919 448 1143 517 videtur,
1162 457 1410 520 quantam
1439 449 1658 506 exhibet
1673 449 2086 520 benignitatem?

1229 336 1285 390 S.
1327 335 1607 392 JOANNIS
1641 333 2123 394 CIIRYSOSTOMI
2161 336 2480 394 ARCHIEP.
2512 338 3042 404 CONS‘IANTINOP.

3686 364 3790 427 260

2204 450 2306 518 Qui
2332 451 2594 508 dimissam
2621 456 2841 526 duxerit,
2873 462 3168 529 attrahatur,
3198 482 3416 526 uxorem
3443 475 3526 530 vel
3571 477 3786 537 invitam

501 547 626 604 llarc
649 546 866 602 audiant
893 545 925 598 ii
953 544 1040 614 qui
1068 543 1134 597 ad
1165 542 1365 640 theatra
1381 550 1784 640 properatin-et
1811 557 1932 640 sese
1957 558 2088 612 quo—
2193 543 2439 640 pudicam
2469 547 2718 615 reddens,
2745 560 2799 606 et
2822 552 2889 607 ad
2909 554 3072 611 alium
3097 558 3267 616 virum
3291 564 3491 623 aditum
3516 571 3617 640 ipsi
3643 577 3784 634 clau-

501 642 626 696 tidie
653 639 891 695 mmehos
913 645 1183 707 praestant.
1201 634 1332 689 Nam
1350 635 1393 688 si
1416 635 1800 690 consuetudine
1815 635 2081 704 junctum,

495 733 588 788 sed
617 733 953 795 damnosum,
984 729 1067 783 lex
1085 728 1236 796 jubet
1264 726 1596 788 abscindere,
1627 741 1786 796 quam
1817 726 2084 796 purgatio-

496 842 614 880 nem
643 825 871 882 habeant
889 822 979 891 qui
1006 820 1238 876 nondum
1262 820 1360 875 sibi
1385 827 1559 882 notos,
1579 819 1648 874 ibi
1675 817 2079 884 commorando,

493 916 725 988 quotidie
757 916 1090 986 pertrahunt,
1119 923 1172 967 et
1201 919 1481 967 sexcentas
1507 910 1606 966 sibi
1635 919 1946 981 comparant
1987 925 2082 964 ex-

489 1011 609 1065 cidii
648 1011 842 1066 ansas?
873 1009 985 1063 Non
1023 1007 1186 1062 modo
1214 1007 1355 1062 enim
1382 1005 1648 1075 impudice
1672 1005 1941 1075 reapicere
1969 1019 2079 1059 non

487 1101 764 1165 concedit;
809 1100 901 1156 sed
943 1099 1064 1170 quia
1094 1097 1313 1167 hujusce
1341 1097 1418 1151 rei
1447 1096 1699 1151 damnum
1735 1095 2073 1162 monstravit,

487 1197 655 1266 legem
689 1197 907 1251 ulterius
937 1192 1192 1256 extendit,
1223 1191 1537 1248 abscindere
1562 1191 1772 1262 iubens,
1813 1191 2074 1262 longeque

485 1291 747 1361 projicere
783 1304 796 1340 :
829 1296 886 1342 et
927 1287 1042 1341 haec
1089 1287 1178 1342 ille
1208 1286 1323 1356 lege
1363 1285 1569 1350 statuit,
1619 1286 1706 1353 qui
1747 1285 1815 1339 de
1851 1285 2072 1342 caritate

483 1382 778 1435 sexcenties
825 1379 1073 1448 loquutus
1116 1385 1219 1441 est,
1262 1385 1318 1430 ut
1348 1376 1593 1445 utrinque
1622 1377 1738 1444 ejus
1784 1377 2065 1445 providen—

481 1476 605 1527 tiam
636 1473 877 1537 ediscas,
924 1478 978 1524 ct
1018 1469 1286 1536 quomodo
1323 1469 1557 1538 undique
1603 1469 1880 1526 utilitatem
1922 1477 2065 1524 tuam

477 1565 732 1634 requirat.
781 1562 870 1617 3|.
901 1559 1107 1616 Dictum
1141 1571 1212 1616 est
1241 1569 1405 1612 autem
1435 1575 1454 1612 :
1486 1559 1796 1630 Quicumque
1823 1559 2067 1614 dimiserit

474 1675 682 1712 uxorem
722 1671 886 1718 suam,
935 1653 1015 1707 det
1058 1654 1136 1708 illi
1174 1651 1398 1706 libellum
1425 1651 1624 1720 repudii
1655 1649 1829 1720 (Deut.
1865 1652 1955 1706 Ἡ.
1984 1653 2060 1724 1).

472 1751 559 1806 32.
593 1750 706 1821 Ego
728 1758 893 1804 autem
909 1748 1022 1801 dico
1050 1747 1186 1806 vobis
1208 1763 1226 1798 :
1257 1744 1566 1813 Quicumque
1587 1745 1830 1798 dimiserit
1856 1761 2064 1800 uxorem

470 1866 636 1914 suam,
663 1854 874 1915 excepta
902 1860 1055 1899 causa
1081 1841 1428 1913 fornicationis
1445 1880 1462 1906 ,
1490 1840 1611 1911 facit
1641 1857 1749 1898 eam
1775 1841 2012 1895 mox/tari
2037 1858 2058 1896 .'

468 1952 517 1996 et
535 1942 620 2012 qui
645 1940 905 1994 dimissam
927 1935 1148 1999 duxerit,
1178 1937 1474 1989 mmcliatur.

538 2037 592 2090 4.
617 2032 902 2102 Repudium
917 2029 1154 2088 adulterii
1169 2028 1373 2097 species.
1403 2025 1506 2080 Cur
1524 2023 1748 2079 libellum
1763 2023 1965 2093 repudii
1979 2023 2060 2078 lea:

467 2136 604 2182 uetus
623 2125 919 2196 permiserit.
937 2121 1130 2176 --Non
1158 2120 1303 2189 prius
1330 2117 1397 2174 ad
1428 2117 1676 2173 ulteriora
1701 2115 2056 2188 progreditur,

465 2219 565 2276 nisi
586 2219 761 2288 priora
789 2217 953 2287 probe
973 2213 1366 2284 expurgaverit.
1388 2211 1523 2266 Ecce
1549 2209 1690 2265 enim
1717 2209 1874 2263 aliam
1899 2207 2056 2265 nobis

463 2325 650 2365 rursus
690 2307 923 2364 ostendit
965 2305 1214 2361 adulterii
1241 2303 1497 2374 speciem.
1527 2301 1782 2368 Quianam
1809 2310 1892 2355 est
1921 2299 2054 2355 illa?

461 2402 571 2456 Lex
601 2411 715 2456 erat
741 2408 910 2464 vetus,
948 2413 1099 2464 eum,
1125 2397 1217 2468 qui
1243 2409 1578 2465 quacumque
1617 2409 1684 2448 ex
1710 2407 1870 2454 causa
1917 2407 2052 2446 uxo-

459 2511 575 2552 rem
604 2509 752 2548 suam
791 2493 1016 2558 odisset,
1048 2491 1190 2546 illam
1236 2488 1538 2564 repudiare,
1565 2496 1619 2543 et
1656 2486 1815 2542 aliam
1855 2486 2052 2542 ducere

459 2605 570 2644 non»
607 2585 896 2657 prohiberi.
925 2583 1108 2652 Neque
1152 2581 1284 2641 illud
1321 2591 1498 2635 tamen
1529 2579 1844 2648 simpliciter
1871 2577 2051 2634 facere

457 2685 543 2740 lex
566 2682 808 2754 jubebat,
849 2678 941 2733 sed
975 2687 1095 2748 post
1119 2677 1301 2733 datum
1342 2674 1494 2730 uxori
1535 2673 1770 2729 libellum
1817 2670 2047 2742 repudii,

457 2778 528 2831 ita
559 2781 617 2828 ut
640 2789 744 2827 non
771 2779 953 2842 posset
982 2769 1172 2824 iterum
1199 2766 1266 2820 ad
1287 2766 1436 2820 illum
1456 2774 1748 2829 revertere,
1775 2773 1834 2818 nt
1858 2763 2048 2818 saltem

455 2863 778 2922 matrimonii
825 2861 993 2932 figura
1023 2867 1282 2914 maneret.
1315 2857 1422 2912 Nisi
1448 2857 1590 2912 enim
1622 2855 1722 2910 hoc
1758 2856 2048 2926 praecepis-

455 2971 556 3025 set,
599 2969 652 3012 et
693 2959 736 3012 si
778 2957 1012 3014 licuisset
1031 2954 1171 3010 illam
1197 2950 1478 3020 repudiare
1506 2960 1561 3005 et
1597 2949 1753 3004 aliam
1780 2949 2044 3018 accipere,

454 3051 753 3119 deindeque
783 3048 1018 3118 priorem
1055 3046 1334 3108 reducere,
1364 3057 1554 3111 magna
1587 3043 1757 3096 futura
1803 3041 2046 3096 confusio

454 3151 592 3207 erat,
636 3141 886 3196 omnibus
936 3137 1140 3193 alienas
1181 3151 1377 3192 uxores
1419 3134 1643 3190 alternis
1687 3135 1895 3190 vicibus
1939 3134 2046 3191 fre-

453 3244 679 3307 quenter
701 3232 1116 3302 accipientibus,
1152 3227 1578 3296 adulteriumque
1617 3227 1958 3282 manifestum
1989 3226 2044 3286 id

454 3341 674 3398 prorsus
715 3324 922 3380 fuisset.
971 3321 1308 3391 Quapropter
1337 3334 1441 3374 non
1474 3334 1690 3388 parvam
1719 3319 2042 3375 consolatio-

453 3434 574 3475 nem
599 3414 938 3487 excogitavit,
981 3413 1216 3468 Iibellnm
1247 3426 1438 3479 nempe
1466 3409 1690 3480 repudii.
1723 3409 1836 3466 Hoc
1882 3426 2040 3480 porro

451 3511 647 3566 factum
671 3520 754 3564 est
781 3506 847 3562 ad
875 3506 1034 3562 aliam
1062 3504 1228 3560 multo
1257 3502 1515 3571 majorem
1555 3501 1821 3560 vitandam
1850 3503 2038 3576 ncqui-

453 3603 602 3656 tiam.
645 3597 703 3655 Si
725 3600 867 3653 enim
906 3611 1131 3656 exesam
1178 3594 1522 3663 praecepisset
1565 3594 1815 3658 retineri,
1864 3594 1910 3648 is
1948 3595 2038 3665 qui

449 3690 636 3746 oderat
656 3687 938 3744 occidisset
962 3703 976 3738 :
1005 3685 1126 3740 talis
1145 3684 1340 3754 quippe
1367 3691 1484 3737 erat
1506 3681 1809 3742 intimorum
1831 3684 1976 3738 natio
1995 3685 2035 3742 ⁸.

449 3781 581 3838 Nam
611 3781 701 3851 qui
731 3794 800 3834 ne
827 3778 953 3833 ﬁliis
975 3778 1189 3846 quidem
1219 3775 1526 3844 parcebant.
1562 3774 1845 3844 prephetas
1876 3777 2040 3830 inter-

447 3876 715 3940 ﬁciebant,
755 3873 1173 3942 sanguinemque
1200 3877 1258 3922 ut
1283 3883 1474 3939 aquam
1515 3867 1824 3934 fundebant,
1869 3869 2036 3926 multo

447 3968 622 4022 minus
663 3964 916 4021 uxoribus
947 3963 1326 4034 pepercissent.
1373 3959 1496 4015 Ideo
1535 3960 1677 4030 quod
1715 3961 1892 4016 minus
1918 3971 2036 4022 erat

445 4060 709 4132 permisit,
737 4058 958 4130 utquod
981 4057 1150 4128 majus
1173 4064 1288 4114 erat
1317 4055 1675 4115 exscinderet.
1707 4056 1861 4122 Quod
1889 4057 2032 4114 enim

445 4151 560 4206 haec
584 4151 668 4205 lex
697 4165 800 4205 non
827 4165 859 4204 e
887 4147 1168 4218 prmeipnis
1190 4153 1355 4212 esset,
1385 4144 1507 4206 audi
1529 4145 1654 4216 quid
1675 4145 1928 4202 Servatur
1953 4147 2034 4202 di-

441 4251 530 4297 cat
561 4259 576 4294 :
609 4239 813 4310 Moyses
856 4239 925 4292 ad
970 4239 1212 4294 duritiam
1258 4237 1425 4292 cordis
1473 4239 1623 4292 vestri
1671 4239 1776 4298 Itan:
1827 4241 2032 4310 scripsit

437 4334 657 4411 (Matth.
698 4333 787 4389 l9.
829 4333 905 4402 8),
943 4348 1008 4386 ne
1052 4332 1194 4386 intus
1235 4331 1561 4402 mactaretis,
1601 4331 1693 4386 sed
1741 4332 2026 4403 cjiceretis.

435 4428 572 4496 Quia
600 4439 727 4483 vero
750 4424 837 4478 ille
862 4423 991 4480 iram
1020 4437 1233 4476 onmem
1254 4421 1488 4489 sustulit,
1516 4437 1623 4488 non
1645 4423 1845 4479 cwdem
1869 4425 2028 4502 modo

434 4529 642 4585 vetans,
675 4518 768 4574 sed
812 4517 948 4574 iram
983 4515 1140 4572 etiam
1166 4512 1454 4576 excludens
1483 4531 1496 4570 :
1523 4513 1679 4572 facile
1705 4514 1843 4572 hanc
1868 4517 2027 4572 indu-

431 4612 506 4667 cit
533 4611 726 4682 legem.
759 4609 988 4680 Ideoque
1018 4605 1255 4678 priorum
1285 4619 1500 4674 semper
1526 4607 1808 4668 verborum
1838 4611 2026 4670 memi-

431 4703 528 4768 nit,
567 4712 624 4758 ut
649 4701 917 4763 ostendat,
947 4716 1010 4756 se
1048 4714 1154 4756 non
1182 4698 1451 4752 contraria
1479 4698 1613 4760 illis,
1655 4697 1748 4754 sed
1786 4714 2024 4756 consona

427 4795 608 4851 dicere
636 4814 649 4849 :
677 4795 766 4850 illa
787 4795 1102 4862 extendens,
1130 4808 1235 4848 non
1259 4800 1539 4860 evertens;
1568 4791 1882 4860 emendans,
1913 4808 2022 4848 non

428 4888 660 4942 solvens.
694 4886 968 4956 Perpende
991 4896 1169 4940 autem
1199 4885 1347 4940 illum
1374 4898 1592 4954 semper
1616 4884 1683 4938 ad
1715 4885 1885 4939 virum
1908 4901 2022 4940 ser-

427 4993 641 5032 monem
687 4978 910 5036 referre.
953 4978 1055 5045 Qui
1104 4977 1328 5040 dimittit,
1363 4976 1558 5046 inquit,
1603 4991 1811 5034 uxorem
1851 4993 2017 5041 suam,

429 5069 549 5137 facit
580 5085 689 5123 eam
730 5069 972 5122 machari
995 5085 1014 5132 ;
1062 5080 1106 5121 et
1145 5068 1234 5139 qui
1287 5069 1547 5122 dimissam
1593 5065 1759 5129 ducit,
1803 5069 2022 5121 niteo/ta-

426 5171 527 5214 tur.
578 5161 668 5215 Ille
709 5161 887 5226 enim,
920 5170 972 5215 et
1011 5162 1054 5215 si
1088 5162 1304 5215 alteram
1341 5175 1444 5215 non
1474 5160 1717 5228 duxerit,
1770 5159 1874 5218 hoc
1903 5158 2020 5229 ipso

427 5267 486 5308 se
547 5252 786 5308 criminis
847 5267 1000 5310 reum
1054 5253 1362 5319 constituit,
1426 5251 1567 5319 quod
1620 5267 1739 5306 eam
1805 5253 2010 5307 adulte-

424 5358 540 5400 ram
587 5345 741 5402 faciat
768 5361 781 5403 :
807 5345 894 5400 hic
925 5361 1075 5409 vero,
1105 5344 1245 5415 quod
1285 5344 1514 5406 alienam
1557 5348 1735 5412 ducat,
1771 5348 2014 5404 moechus

423 5449 478 5492 et
524 5439 637 5504 ipse
679 5438 753 5492 iit.
794 5437 872 5492 Ne
924 5436 1054 5492 mihi
1101 5435 1244 5491 enim
1296 5436 1464 5506 diuis,
1518 5437 1611 5492 Ille
1665 5439 2012 5507 ejecit:natu

424 5531 592 5598 ejecta
625 5530 795 5585 adhuc
824 5538 1007 5585 manet
1034 5529 1294 5598 ejicientis
1327 5546 1479 5585 uxor.
1516 5531 1716 5587 Deinde
1745 5547 1814 5587 ne
1845 5542 2012 5588 totum

423 5618 718 5687 conjiciens
746 5619 800 5674 in
827 5618 1162 5689 ejicientem,
1197 5621 1617 5688 arrogantiorem
1649 5621 1850 5678 faceret
1877 5639 2010 5680 uxo-

341 5704 345 5707 ⁷
423 5723 558 5766 rem.
609 5709 776 5776 ipsam
802 5712 1044 5780 accipere
1068 5710 1265 5766 volenti
1305 5711 1521 5782 januam
1567 5714 1766 5772 claudit
1804 5716 2010 5787 dicens,

486 5806 505 5831 ι
541 5797 652 5852 Alii,
677 5800 795 5852 tales
817 5799 994 5865 quippe
1015 5807 1156 5852 eram
1173 5802 1456 5854 ludam-um
1475 5820 1650 5859 mores.

2191 633 2344 700 dens,
2386 652 2485 692 nec
2514 642 2826 709 permittens
2862 645 3148 706 simultatis
3187 669 3370 710 ansam
3407 633 3668 728 pra-bere.
3694 633 3784 726 Illa

2191 741 2418 826 namque
2442 744 2562 786 cum
2589 733 2852 800 didicerit,
2883 753 3100 808 prorsus
3132 752 3492 809 necessarium
3520 772 3664 826 esse,
3694 775 3780 820 aut

2187 818 2359 915 virum
2388 822 2477 892 qui
2504 821 2603 878 sibi
2631 826 2700 880 ab
2723 828 2877 883 initio
2916 842 3061 887 sorte
3097 839 3390 907 contigerat
3419 843 3618 905 habere
3635 818 3662 915 ς’
3693 818 3779 909 aut

2184 909 2282 1010 sie
2307 911 2471 1010 domo
2496 916 2583 970 illa
2610 920 2934 987 egrediatur,
2959 925 3160 981 nullum
3187 931 3286 985 sibi
3325 935 3468 993 aliud
3495 909 3778 1010 superesse

2183 1001 2465 1094 refugium,
2512 1007 2592 1062 vel
2621 1009 2783 1064 invita
2813 1025 3034 1083 cogetur
3065 1021 3343 1092 eonjugem
3371 1001 3577 1088 amare
3596 1001 3775 1094 suum.

2181 1092 2238 1148 Si
2271 1109 2398 1152 vero
2427 1097 2558 1153 nihil
2583 1100 2680 1169 ipsi
2706 1102 2805 1157 hac
2833 1104 2901 1161 de
2927 1123 2984 1160 re
3008 1107 3272 1180 loquatur,
3307 1132 3374 1172 ne
3401 1123 3610 1178 mireris
3644 1143 3658 1179 :
3692 1092 3772 1182 in;

2179 1185 2382 1246 ﬁrmior
2407 1192 2550 1283 enim
2593 1195 2786 1253 mulier
2810 1209 2912 1254 est.
2940 1201 3273 1274 Quapropter
3309 1211 3398 1268 illa
3423 1213 3665 1283 dimissa,
3695 1225 3773 1278 vi-

2178 1292 2269 1334 ros
2295 1282 2454 1336 minis
2483 1286 2734 1342 terrendo
2778 1291 3056 1347 mulierem
3089 1313 3302 1367 quoque
3327 1307 3595 1362 emendat.
3632 1282 3701 1367 Ut
3726 1315 3770 1369 si

2174 1372 2295 1440 quis
2325 1374 2491 1432 liliutn
2522 1378 2726 1435 habens
2769 1383 3046 1451 lascivum,
3082 1389 3181 1444 illo
3200 1391 3442 1463 dimisso,
3471 1400 3576 1456 illis
3606 1403 3768 1460 inter-

2173 1463 2424 1560 .minetur,
2455 1470 2546 1535 qui
2589 1471 2747 1526 talem
2781 1474 2954 1543 ipsum
2984 1477 3296 1547 effecerunt,
3330 1495 3583 1560 vetetque
3611 1510 3678 1551 ne
3703 1496 3770 1552 il-

2172 1552 2280 1613 lum
2313 1558 2449 1613 ultra
2478 1561 2692 1645 adeant,
2722 1565 2807 1620 vel
2837 1571 3177 1626 conveniant.
3204 1574 3356 1640 Quod
3381 1579 3427 1632 si
3450 1552 3552 1637 hoc
3574 1598 3768 1642 onero-

2170 1659 2287 1702 sum
2317 1650 2581 1720 videatur,
2611 1654 2663 1709 in
2694 1667 2928 1712 mentem
2955 1676 3142 1718 revoca
3171 1665 3259 1720 illa
3289 1684 3408 1738 quae
3437 1687 3596 1742 supra
3623 1677 3765 1736 dicta

2168 1751 2330 1838 sunt,
2358 1758 2478 1798 cum
2518 1746 2702 1803 beatos
2730 1750 3055 1818 praedicaret
3090 1757 3403 1826 audientes;
3447 1779 3668 1838 remque
3711 1781 3764 1827 et

2166 1834 2478 1904 possiliilent
2505 1845 2560 1894 et
2590 1838 2795 1894 facilem
2840 1841 3099 1900 invenies.
3131 1847 3275 1904 Mitis
3297 1855 3460 1918 enim,
3489 1834 3762 1929 masne...

2166 1942 2366 2021 pauper
2387 1929 2596 1998 spiritu,
2625 1941 2679 1986 et
2705 1933 3030 2003 misericors,
3053 1942 3323 2008 quomodo
3353 1961 3570 2003 uxorem
3602 1968 3763 2021 repu-

2163 2017 2442 2074 diabitiet
2484 2023 2573 2092 qui
2620 2022 2755 2078 alios
2780 2027 3110 2094 reconciliat,
3157 2046 3264 2100 quo
3295 2046 3449 2102 pacto
3485 2017 3762 2102 dissidebit

2162 2125 2282 2168 cum
2309 2112 2535 2183 conjuge
2559 2115 2688 2170 sua?
2714 2115 2828 2172 Non
2857 2117 2956 2174 hoc
2976 2134 3106 2175 vero
3132 2132 3354 2190 tantum,
3381 2129 3474 2184 sed
3497 2131 3602 2188 alio
3631 2151 3764 2204 quo-

2160 2217 2266 2272 que
2301 2205 2459 2259 modo
2486 2206 2656 2277 legem
2696 2206 2821 2266 fecit
2849 2207 3042 2266 levem.
3071 2213 3203 2270 Nam
3233 2218 3485 2290 relinquit
3510 2224 3558 2278 ei
3591 2241 3756 2283 unum

2161 2295 2368 2364 repudii
2399 2297 2636 2365 modum,
2670 2299 2873 2366 dicens,
2904 2302 3133 2374 Excepta
3165 2323 3320 2368 causa
3357 2311 3712 2385 fornicationis
3743 2345 3762 2391 ;

2158 2385 2421 2455 siquidem
2470 2387 2522 2441 in
2567 2389 2754 2445 eadem
2800 2402 3000 2461 perstat
3043 2395 3223 2453 decori
3252 2401 3478 2458 ratione.
3519 2406 3575 2461 Si
3610 2383 3760 2468 enini

2150 2477 2402 2548 jnssisset
2441 2497 2563 2537 cum
2605 2484 2846 2552 pluribus
2887 2487 3112 2544 mixtam
3161 2494 3423 2561 retinere,
3465 2513 3652 2555 rursus
3697 2505 3752 2558 in

2154 2571 2475 2628 adulterium
2521 2590 2607 2632 res
2650 2579 3082 2636 convertebatur.
3117 2582 3302 2646 Viden’
3323 2591 3594 2658 quomodo
3638 2593 3754 2650 hinc

2154 2680 2276 2722 cum
2308 2669 2575 2736 prioribus
2597 2674 2930 2736 consonent?
2957 2674 3058 2743 Qui
3087 2677 3231 2736 enim
3263 2695 3487 2738 uxorem
3518 2685 3750 2744 a'ienam

2154 2757 2436 2828 impudicis
2489 2763 2665 2820 oculis
2703 2779 2808 2820 non
2838 2767 3076 2836 respicit,
3125 2786 3229 2825 non
3273 2770 3656 2842 fornicabitur;
3705 2781 3749 2835 si

2153 2867 2260 2907 non
2294 2852 2620 2920 Iornicetnr,
2658 2856 2775 2912 viro
2817 2859 3159 2928 repudiandae
3197 2866 3380 2920 uxoris
3413 2881 3524 2923 suae
3561 2884 3746 2927 ansam

2151 2957 2261 3002 non
2289 2945 2566 3012 prtebebit.
2596 2947 2720 3006 Ideo
2745 2949 2911 3006 libere
2937 2953 3271 3026 constringit,
3301 2965 3358 3012 et
3386 2959 3633 3016 timorem
3661 2964 3748 3021 lir-

2151 3045 2282 3111 mat,
2322 3052 2572 3108 magnum
2613 3041 2728 3096 viro
2758 3043 3075 3113 periculum,
3119 3047 3163 3101 si
3181 3041 3404 3117 'ejiciat.-
3428 3052 3744 3112 intentans:

2151 3144 2274 3183 nam
2303 3130 2668 3188 fornicationis
2695 3134 2838 3189 illius
2857 3151 2980 3192 sese
3007 3154 3158 3194 reum
3192 3143 3490 3198 constituit.
3526 3146 3741 3204 Etenim

2149 3237 2217 3277 ne
2243 3237 2367 3277 cum
2396 3225 2566 3292 audis,
2603 3227 2742 3282 Erue
2767 3229 3004 3296 oculum,
3029 3241 3182 3300 putes
3213 3233 3264 3288 id
3295 3237 3456 3292 etiam
3486 3238 3557 3294 de
3581 3256 3746 3298 uxore

2147 3312 2275 3380 dici,
2302 3324 2602 3384 opportune
2628 3318 2764 3372 hanc
2791 3321 3089 3378 cantionem
3124 3325 3326 3380 induxit
3359 3345 3372 3379 :
3406 3343 3516 3384 uno
3537 3340 3741 3389 tantum

2147 3404 2328 3469 modo,
2351 3421 2452 3461 nec
2475 3407 2582 3462 alio
2604 3410 2792 3478 quovis
2812 3412 3128 3479 permittens
3148 3415 3294 3470 illam
3325 3419 3628 3488 repudiare.
3653 3424 3743 3481 55.

2145 3497 2343 3553 Iterum
2371 3500 2585 3555 audistis
2615 3503 2735 3572 quia
2766 3505 2958 3558 dictum
2980 3515 3052 3560 est
3083 3509 3304 3578 antiquis
3343 3526 3362 3564 .'
3391 3510 3512 3568 Non
3543 3517 3744 3585 pejcrn-

2143 3589 2218 3645 bis
2247 3607 2266 3644 :
2295 3591 2472 3646 reddes
2493 3604 2659 3646 autem
2684 3592 2905 3650 Domino
2922 3597 3220 3665 juramenta
3242 3609 3349 3654 tua.
3387 3603 3476 3659 54.
3504 3603 3617 3677 Ego
3652 3623 3742 3660 au-

2145 3690 2242 3736 tem
2263 3682 2377 3735 dico
2405 3684 2558 3750 vobis,
2583 3701 2685 3739 non
2700 3687 2882 3755 jura're
2909 3690 3132 3745 omnino.
3166 3691 3274 3748 Cur
3301 3709 3406 3754 non
3434 3699 3615 3754 Statim
3647 3715 3740 3756 ve-

2143 3771 2222 3826 nit
2257 3772 2324 3828 ad
2351 3773 2570 3839 furtum,
2615 3777 2708 3832 sed
2746 3778 2813 3832 ad
2859 3778 3045 3837 falsum
3094 3785 3477 3855 testimonium,
3511 3791 3741 3863 illudque

2141 3865 2448 3924 mandatum
2467 3870 2793 3937 praeterivit?
2811 3871 3074 3938 Quoniam
3098 3877 3188 3945 qui
3204 3875 3433 3944 furatur,
3453 3881 3740 3952 aliquando

2133 3955 2312 4027 jumt;
2363 3959 2454 4028 qui
2506 3974 2636 4015 vero
2677 3976 2856 4032 neque
2891 3962 3077 4033 jurare
3117 3982 3289 4037 neque
3324 3973 3543 4029 mentiri
3571 3976 3736 4044 novit,

2139 4049 2307 4102 multo
2345 4049 2513 4120 magis
2543 4065 2573 4106 a
2603 4050 2746 4109 furto
2769 4053 3080 4116 abstinebit.
3113 4057 3296 4128 Itaque
3323 4077 3421 4132 per
3447 4063 3549 4120 hoc
3575 4067 3732 4124 etiam

2138 4138 2268 4194 illud
2297 4150 2570 4209 peccatum
2590 4144 2783 4199 evertit
2811 4163 2824 4200 :
2855 4161 2975 4201 nam
2999 4152 3330 4212 mendacium
3357 4172 3425 4210 ex
3451 4159 3594 4215 furto
3621 4161 3735 4216 ori.-

2137 4240 2242 4286 tur.
2272 4231 2408 4299 Quid
2437 4242 2616 4289 autem
2645 4245 2759 4299 est.
2795 4235 2997 4294 Reddet
3039 4238 3262 4296 Domino
3280 4245 3576 4315 jurantenta
3609 4252 3736 4306 tua!

2134 4321 2190 4378 Id
2215 4333 2318 4387 est,
2347 4323 2542 4382 iurans
2569 4340 2754 4381 verum
2781 4327 2948 4385 dices.
2979 4329 3092 4402 Ego
3120 4345 3286 4389 autem
3306 4338 3421 4393 dico
3448 4340 3608 4406 vobis,
3631 4359 3730 4398 non

2122 4416 2306 4485 jurare
2333 4416 2560 4471 omnino.

2203 4506 2315 4562 5-6.
2339 4506 2542 4564 Deinde
2558 4512 2806 4581 utmagis
2836 4513 3111 4584 magisque
3139 4527 3349 4574 avertat
3390 4535 3507 4588 eos,
3539 4538 3608 4580 ne
3635 4540 3736 4594 per

2130 4599 2299 4654 Deum
2332 4599 2534 4668 jurent,
2565 4602 2659 4662 ait.
2701 4601 2881 4673 Neque
2907 4622 2996 4675 per
3019 4607 3220 4674 celum,
3251 4611 3371 4678 quia
3396 4612 3610 4668 thronus
3637 4614 3734 4671 Ι)ίὶ

2131 4700 2204 4744 est
2237 4707 2256 4744 :
2295 4691 2382 4747 35.
2431 4708 2588 4761 neque
2613 4710 2700 4762 per
2734 4703 2940 4760 terram,
2969 4698 3093 4768 quia
3133 4702 3410 4756 scabellusn
3441 4716 3518 4758 es!
3546 4707 3733 4776 pedum

2127 4785 2274 4854 ejus;
2302 4800 2461 4854 neque
2489 4801 2577 4853 per
2600 4784 2904 4854 Jerusalem,
2933 4789 3055 4857 quia
3075 4790 3252 4844 ciuitas
3277 4802 3348 4848 est
3375 4797 3548 4866 magni
3576 4799 3728 4869 regis.

2131 4876 2207 4930 Ex
2239 4875 2510 4944 prophetis
2538 4875 2714 4931 adhuc
2735 4877 2992 4948 loquitur,
3021 4889 3077 4936 et
3099 4883 3333 4938 ostendit
3357 4900 3417 4941 se
3455 4902 3564 4942 non
3589 4890 3730 4944 auti-

2127 4971 2248 5040 quis
2267 4970 2572 5036 adversari;
2604 4987 2725 5025 nam
2749 4973 2800 5026 iu
2831 4988 2982 5030 more
3009 4975 3116 5031 illis
3141 4986 3257 5033 erat
3285 4994 3384 5050 per
3433 4981 3551 5038 haec
3573 4984 3724 5055 jura-

2123 5080 2208 5129 re,
2229 5066 2357 5119 etin
2380 5065 2484 5119 line
2505 5065 2660 5135 hujus
2681 5066 2953 5137 Evangelii
2979 5068 3120 5125 hunc
3135 5069 3299 5128 fuisse
3319 5090 3524 5132 morem
3541 5087 3726 5133 osten-

2124 5155 2222 5210 dit.
2247 5155 2326 5210 Tu
2364 5170 2496 5211 vero
2537 5155 2669 5211 milii
2709 5157 2990 5217 considera
3021 5161 3160 5216 unde
3189 5165 3412 5219 extollat
3435 5167 3726 5225 elementa.

2125 5243 2240 5298 Non
2266 5260 2332 5301 ex
2362 5246 2573 5315 propria
2603 5255 2818 5314 natura;
2847 5250 2943 5305 sed
2973 5265 3040 5304 ex
3066 5251 3158 5306 Dei
3188 5267 3314 5325 erga
3344 5257 3608 5313 elementa
3637 5263 3722 5316 al-

2120 5334 2265 5392 lectu
2295 5335 2529 5392 demisse
2553 5348 2608 5391 ct
2627 5338 2922 5395 secundum
2947 5352 3164 5411 captum
3185 5357 3426 5402 nostrum
3443 5364 3717 5417 expresso.

2118 5429 2254 5497 Quia
2271 5429 2414 5484 enim
2435 5429 2601 5483 multa
2623 5439 2741 5485 erat
2759 5431 3074 5489 idololatria:
3096 5439 3356 5507 tyrannis,
3380 5455 3448 5496 ne
3469 5442 3724 5497 videren-

2119 5531 2205 5578 tur
2229 5525 2499 5579 elementa
2524 5539 2592 5577 ex
2619 5538 2680 5580 se
2706 5523 3017 5582 honoranda
3047 5543 3191 5595 esse,
3217 5533 3354 5587 hanc
3382 5548 3541 5602 quam
3575 5535 3723 5590 dixi-

2115 5630 2236 5670 mus
2261 5631 2479 5671 causam
2507 5617 2702 5685 posuit,
2737 5632 3029 5688 rursusque
3057 5621 3126 5675 ad
3151 5621 3246 5677 Dei
3270 5624 3491 5694 gloriam
3541 5635 3723 5682 trans-

2119 5710 2230 5764 ivit.
2258 5708 2440 5779 Neque
2483 5707 2628 5763 enim
2673 5708 2824 5774 dixit,
2859 5709 2990 5778 Quia
3034 5712 3314 5781 pulchrum
3361 5731 3722 5787 magnumque

2115 5802 2306 5860 caelum
2339 5811 2443 5867 est,
2492 5815 2687 5871 neque,
2719 5800 2854 5868 Quia
2884 5802 3024 5858 utilis
3069 5814 3245 5873 terra;
3287 5806 3410 5875 sed,
3439 5806 3568 5874 Quia
3615 5800 3719 5856 Dei
