4052 6486
209 421 306 480 259

209 535 373 592 θετεῖ.
392 534 483 587 ἵνα
514 531 861 605 ἑκατέρωθεν
887 530 1053 587 αὐτοῦ
1081 532 1261 606 μάθῃς
1286 532 1384 605 τὴν
1398 535 1680 607 πρόνοιαν,
1701 538 1798 592 καὶ

210 619 325 683 πῶς
354 616 700 688 πανταχόθεν
724 616 786 668 τό
815 632 897 669 σοι
924 616 1202 688 συμφέρον
1231 616 1402 688 ζητεῖ.
1441 618 1677 688 Ἐρρέθη
1698 619 1794 673 δέ·

211 706 316 769 ’ος
340 703 417 756 ἂν
449 700 739 769 ἀπολύσῃ
772 697 891 768 τὴν
914 699 1173 769 γυναῖκα
1205 701 1418 764 αὐτοῦ,
1445 701 1599 755 δότω
1643 700 1799 770 αὐτῇ

212 787 448 844 Βιϐλίον
470 783 878 839 ἀποστασίου.
920 782 1063 854 Ἐγὼ
1087 783 1158 837 δὲ
1187 782 1345 855 λέγω
1373 784 1537 855 ὑμῖν,
1572 784 1665 839 ὅτι
1695 786 1801 852 Ὃς

204 872 281 927 ἂν
306 870 598 937 ἀπολύσῃ
622 866 737 936 τὴν
756 867 1014 938 γυναῖκα
1038 869 1250 931 αὑτοῦ,
1290 867 1587 938 παρεκτὸς
1611 869 1801 940 λόγου

204 957 513 1024 πορνείας,
561 951 725 1007 ποιεῖ
756 953 953 1021 αὐτὴν
989 950 1383 1023 μοιχευθῆναι
1404 971 1420 988 ·
1470 952 1571 1009 καὶ
1619 953 1689 1022 ὃς
1725 953 1805 1009 ἂν

204 1038 677 1110 ἀπολελυμένην
702 1035 971 1108 γαμήσῃ,
1004 1036 1306 1108 μοιχᾶται.

276 1125 338 1178 δ’.
366 1122 444 1177 Οὐ
476 1121 741 1192 πρότερον
761 1119 854 1172 ἐπὶ
874 1119 944 1175 τὰ
967 1120 1280 1193 ἔμπροσθεν
1303 1121 1570 1193 πρόεισιν,
1598 1120 1707 1185 ἕως
1735 1120 1805 1175 τά

206 1210 455 1283 πρότερα
484 1206 772 1281 ἐκκαθάρῃ
798 1204 1002 1270 καλῶς.
1040 1205 1172 1261 ’1δού
1200 1205 1309 1279 γὰρ
1334 1207 1430 1261 καὶ
1468 1205 1657 1278 ἕτερον
1697 1206 1806 1259 δεί-

205 1310 400 1350 κνυσιν
428 1293 562 1364 ἡμῖν
601 1289 624 1322 ⁸
660 1289 912 1361 μοιχείας
946 1284 1106 1353 εἶδος.
1140 1290 1207 1344 Τί
1237 1290 1296 1344 δέ
1323 1288 1487 1344 τοῦτό
1516 1291 1668 1357 ἐστι;
1695 1289 1806 1343 Νό-

208 1396 312 1452 μος
347 1372 417 1449 ἦν
453 1375 707 1446 κείμενος
728 1371 977 1438 παλαιὸς,
1016 1373 1105 1427 τὸν
1153 1372 1419 1445 μισοῦντα
1447 1373 1546 1445 τὴν
1569 1375 1807 1441 γυναῖκα

202 1464 308 1535 τὴν
331 1460 526 1518 ἐαυτοῦ
551 1458 611 1524 ἐξ
634 1457 961 1530 οἱασδήποτε
986 1457 1190 1522 αἰτίας,
1235 1459 1312 1530 μὴ
1360 1457 1669 1513 κωλύεσθαι
1715 1458 1809 1512 ἐκ·

206 1547 451 1609 ϐάλλειν,
477 1542 573 1598 καὶ
626 1540 823 1613 ἐτέραν
852 1540 967 1593 ἀντ’
1004 1540 1223 1611 ἐκείνης
1255 1541 1519 1622 είσάγειν.
1563 1542 1638 1595 Οὐ
1701 1539 1807 1612 μὴν

206 1631 373 1688 τοῦτο
404 1627 595 1692 ἁπλῶς
626 1628 800 1680 ποιεῖν
835 1627 864 1679 6
908 1625 1070 1698 νόμος
1101 1624 1258 1699 [227]
1308 1627 1620 1692 ἐκέλευσεν,
1670 1625 1810 1679 ἀλλὰ

206 1715 371 1770 δόντα
401 1711 603 1783 βιϐλίον
629 1708 964 1764 ἀποστασίου
993 1711 1060 1781 τῇ
1092 1713 1334 1778 γυναικὶ,
1370 1708 1513 1763 ὥστε
1550 1709 1625 1781 μὴ
1668 1705 1808 1764 εἶναι

207 1800 412 1872 κυρίαν
435 1795 598 1853 πάλιν
626 1793 715 1848 ἐπ’
736 1794 900 1847 αὐτὸν
933 1793 1274 1859 ἐπανελθεῖν,
1296 1794 1385 1849 ἵνα
1409 1794 1512 1850 κᾶν
1539 1794 1601 1847 τὸ
1622 1794 1809 1866 σχῆμα

209 1886 355 1958 μένῃ
382 1880 477 1936 τοῦ
509 1880 713 1950 γάμου.
766 1878 828 1932 Εἰ
872 1877 983 1950 γάρ
1031 1878 1106 1949 μὴ
1155 1877 1316 1933 τοῦτο
1365 1878 1653 1947 ἐπέταξεν⁹
1696 1878 1810 1958 άλλ⁹

207 1970 344 2038 ἐξῆν
379 1963 666 2021 ἐκϐάλλειν
688 1961 952 2033 τεναύτὴν
995 1962 1088 2015 καὶ
1116 1961 1313 2034 ἐτέραν
1337 1961 1660 2033 λαμϐάνειν,
1696 1957 1813 2015 εἷτα

206 2054 309 2124 τὴν
349 2049 622 2121 προτέραν
649 2047 945 2114 ἐπανάγειν
970 2046 1014 2110 ³,
1037 2044 1207 2118 πολλὴ
1230 2048 1263 2117 ἡ
1298 2045 1562 2117 σύγχυσις
1590 2044 1814 2115 ἔμελλεν

208 2134 381 2199 εἶναι,
410 2130 652 2202 συνεχῶς
683 2129 783 2196 τὰς
817 2128 1065 2200 ἀλλήλων
1097 2128 1489 2200 λαμϐανόντων
1530 2127 1811 2188 ἁπάντων.

207 2219 308 2274 καὶ
346 2215 566 2290 μοιχεία
598 2213 659 2268 τὸ
688 2214 927 2286 πρᾶγμα
955 2212 1142 2267 λοιπὸν
1167 2208 1236 2285 ἦν
1266 2213 1464 2286 σαφής.
1501 2213 1702 2283 Διόπερ
1754 2211 1814 2264 οὐ

210 2302 427 2375 μικράν
465 2298 730 2371 ἐπενόησε
761 2296 1122 2368 παραμυθίαν
1155 2297 1218 2351 τὸ
1250 2296 1454 2368 βιϐλίον
1474 2297 1570 2350 τοῦ
1604 2297 1647 2328 ⁸ο
1683 2297 1818 2350 ἀπο-

212 2384 466 2440 στασίου.
500 2382 748 2451 Ἐγένετο
773 2380 829 2435 δὲ
849 2380 1023 2435 ταῦτα
1062 2381 1129 2434 δι’
1155 2379 1350 2452 ἑτέραν
1379 2378 1558 2451 πολλῴ
1594 2380 1817 2451 μείζονα

211 2470 442 2525 κακίαν.
475 2468 539 2522 EI
572 2467 682 2539 γάρ
732 2463 1014 2536 ἠνάγκασε
1062 2464 1158 2519 καὶ
1199 2465 1536 2536 μισουμένην
1568 2463 1817 2534 κατέχειν

213 2555 392 2621 ἔνδον,
431 2551 666 2623 ἔσφαξεν
695 2550 764 2604 ἂν
806 2551 835 2603 6
879 2548 1054 2621 μισῶν
1076 2566 1091 2581 ·
1127 2547 1369 2603 τοιοῦτον
1399 2548 1509 2620 γὰρ
1544 2548 1655 2602 τῶν
1683 2549 1815 2602 Ἰου-

211 2640 388 2695 δαίων
420 2637 485 2690 τὸ
518 2635 692 2700 ἔθνος.
730 2636 793 2689 Οἱ
825 2632 936 2704 γάρ
980 2631 1188 2687 παίδων
1229 2632 1306 2704 μή
1356 2633 1687 2704 φειδόμενοι,
1725 2632 1819 2687 καὶ

214 2724 512 2797 προφήτας
542 2717 919 2790 ἀναιροῦντες,
952 2716 1048 2770 καὶ
1076 2714 1154 2780 ὡς
1175 2715 1322 2787 ὕδωρ
1349 2709 1489 2786 αἷμα
1513 2715 1816 2785 ἐκχέοντες,

216 2798 408 2878 πολλῷ
440 2802 640 2877 μᾶλλον
674 2800 954 2871 γυναικῶν
982 2800 1084 2855 οὐκ
1114 2799 1183 2854 ἂν
1205 2800 1511 2870 ἐφείσαντο.
1542 2801 1643 2853 Διὰ
1663 2800 1821 2853 τοῦτο

216 2890 285 2945 τὺ
319 2889 542 2945 ἔλαττον
573 2884 945 2957 συνεχώρησε,
995 2883 1057 2937 τὸ
1101 2883 1288 2956 μεῖζον
1320 2884 1627 2939 ἐκκόπτων.
1667 2884 1822 2937 Ἐπεὶ

214 2976 307 3030 ὃτι
342 2974 405 3027 οὐ
440 2970 857 3044 προηγούμενος
893 2968 930 2999 ¹¹
966 2962 1123 3032 οὗτος
1161 2969 1191 3021 ὁ
1230 2967 1395 3039 νόμος
1448 2963 1540 3038 ἦν,
1586 2966 1821 3022 ἄκουσον

221 3056 397 3113 αὐτοῦ
424 3056 695 3124 λέγοντος·
720 3051 983 3121 Μωῦοιῆς
1016 3051 1166 3120 πρὸς
1198 3050 1313 3120 τὴν
1331 3050 1821 3120 σκληροκαρδίαν

220 3140 400 3211 ὑμῶν
432 3141 620 3194 ταῦτα
645 3136 935 3209 ἔγραψεν.
970 3136 1059 3190 ἵνα
1096 3136 1172 3208 μή
1202 3136 1350 3191 ἐνδον
1378 3137 1674 3209 σφάττητε,
1707 3134 1821 3191 ἀλλ’

223 3228 339 3293 ἔξω
365 3224 689 3295 ἐκϐάλλητε.
728 3222 947 3295 Ἐπειδὴ
995 3222 1052 3276 δέ
1087 3221 1251 3286 αὐτὸς
1299 3223 1400 3294 τὴν
1440 3221 1611 3294 ὀργὴν
1642 3222 1824 3275 πᾶσαν

224 3308 465 3370 ἀνεῖλεν.
503 3310 622 3380 οὐχὶ
664 3309 755 3364 τὸν
790 3309 951 3378 φόνον
988 3307 1171 3379 μόνον,
1216 3307 1353 3361 ἀλλὰ
1401 3308 1495 3361 καὶ
1541 3308 1604 3361 τὸ
1635 3306 1825 3371 ἁπλῶς

229 3393 539 3465 θυμοῦσθαι
584 3392 857 3456 κωλύσας,
896 3394 1014 3462 μετ’
1055 3390 1307 3455 εὐκολίας
1346 3392 1442 3444 καὶ
1486 3388 1676 3444 τοῦτον
1719 3392 1829 3445 εἰσ-

225 3476 263 3531 ά
284 3491 360 3544 ίει
396 3473 487 3526 τὸν
516 3471 700 3543 νόμον.
725 3472 825 3525 Διὰ
854 3470 1012 3525 τοῦτο
1037 3472 1132 3525 καὶ
1165 3470 1274 3525 τῶν
1312 3471 1591 3543 προτέρων
1613 3472 1700 3524 ἀεὶ
1724 3474 1826 3544 ρη-

231 3557 427 3629 μάτων
455 3555 885 3627 ἀναμιμνήσκει,
915 3555 1004 3609 ἵνα
1035 3554 1185 3627 δείξῃ
1206 3555 1288 3608 δτι
1308 3555 1408 3608 οὐκ
1435 3552 1653 3609 ἐναντία
1680 3554 1828 3609 ἐκείο

227 3659 371 3705 νοις,
400 3639 533 3693 ἀλλά
581 3637 950 3709 συμϐαίνοντα
975 3637 1125 3706 λέγει
1144 3656 1157 3669 ·
1215 3639 1500 3692 ἐπιτείνων
1535 3638 1698 3701 αὐτὰ,
1726 3639 1829 3692 οὐκ

228 3723 581 3795 ἀνατρέπων·
615 3721 711 3775 καὶ
736 3720 1138 3792 διορθούμενος,
1166 3722 1228 3775 οὐ
1268 3721 1431 3775 λύων.
1473 3722 1616 3795 Ὅρα
1644 3722 1701 3776 δὲ
1730 3723 1829 3776 αὐ-

225 3810 326 3863 τὸν
350 3803 630 3876 πανταχοῦ
679 3804 756 3875 τῷ
807 3804 961 3875 ἀνδρὶ
1004 3804 1405 3875 διαλεγόμενον.
1444 3806 1506 3859 Ὀ
1546 3808 1656 3876 γὰρ
1687 3807 1831 3862 ἀπο-

226 3893 425 3954 λύων,
478 3892 630 3960 φησὶ,
690 3888 806 3957 τὴν
862 3888 1118 3959 γυναῖκα
1163 3888 1373 3952 αὐτοῦ,
1428 3890 1588 3944 ποιεῖ
1634 3890 1831 3960 αὐτὴν

225 3974 650 4048 μοιχευθῆναι·
695 3974 795 4027 καί
831 3977 864 4028 ό
911 3972 1117 4043 γαμῶν
1153 3973 1646 4042 ἀπολελυμένην,
1703 3993 1830 4038 μοι.

230 4059 440 4130 χιῑται.
473 4059 531 4111 ’0
568 4059 666 4129 μὲν
696 4056 827 4128 γάρ,
861 4056 963 4110 κᾶν
997 4056 1192 4130 ἑτέραν
1226 4058 1301 4128 μὴ
1332 4057 1494 4127 λάϐῃ,
1528 4058 1704 4128 τούτῳ
1735 4059 1833 4111 αὐ-

231 4144 315 4214 τῷ
375 4141 713 4213 κατέστησεν
774 4140 965 4196 ἐαυτὸν
1016 4139 1364 4210 ἐγκλήματος
1411 4142 1454 4171 ⁸³
1509 4139 1830 4208 ὑπεύθυνον,

236 4227 529 4299 μοιχαλίδα
555 4227 787 4298 ποιήσας
828 4224 1076 4296 ἐκείνην·
1109 4225 1139 4277 ὀ
1169 4224 1247 4288 δὲ,
1294 4224 1374 4295 τῷ
1401 4224 1500 4297 τὴν
1545 4224 1832 4295 ἀλλοτρίαν

229 4312 448 4370 λαϐεῖν,
514 4310 698 4380 μοιχὸς
747 4309 939 4377 γέγονε
995 4307 1178 4362 πάλιν.
1237 4307 1330 4378 Μὴ
1381 4308 1490 4379 γάρ
1535 4325 1624 4379 μοι
1672 4308 1833 4363 τοῦτο

234 4395 428 4467 εἴπῃς,
458 4394 538 4446 ὅτι
568 4391 825 4458 ἐξέϐαλεν
856 4392 1081 4455 ἐκεῖνος·
1120 4390 1216 4444 καὶ
1244 4390 1355 4463 γάρ
1388 4391 1714 4462 ἐκϐληθεῖσα
1746 4391 1834 4462 μέ-

235 4494 324 4530 νει
348 4472 449 4530 τοῦ
498 4475 853 4538 ἐκϐάλλοντος
896 4474 941 4505 ’³
971 4469 1108 4528 οὖσα
1140 4475 1299 4546 γυνή.
1338 4472 1493 4537 Εἶτα,
1536 4475 1627 4529 ἵνα
1662 4476 1737 4546 μὴ
1773 4474 1833 4527 τὸ

236 4561 361 4614 δλον
390 4560 486 4613 ἐπὶ
526 4559 618 4613 τὸν
663 4558 994 4612 ἐκϐάλλοντα
1027 4557 1211 4629 ῥίψας,
1235 4556 1637 4629 αὐθαδεστέραν
1669 4557 1826 4629 ἐργά-

244 4662 403 4716 σηται
452 4644 551 4716 τὴν
603 4645 858 4713 γυναῖκα,
915 4643 1009 4695 καὶ
1052 4644 1151 4704 τὰς
1203 4640 1298 4696 τοῦ
1346 4641 1639 4713 δεχομένου
1696 4640 1834 4712 μετά

237 4728 419 4783 ταῦτα
459 4726 789 4782 ἀπέκλεισεν
833 4728 971 4798 αὐτῇ
1012 4726 1205 4798 θύρας,
1242 4727 1322 4798 τῷ
1371 4729 1468 4799 μὲν
1512 4730 1707 4792 εἰπεῖν,
1736 4730 1834 4794 Ὃς

234 4811 321 4867 ἂν
347 4810 823 4883 ἀπολελυμένην
848 4810 1115 4880 γαμήσῃ,
1148 4809 1448 4881 μοιχᾶται,
1473 4812 1573 4883 τὴν
1600 4815 1835 4880 γυναῖκα

233 4895 338 4949 καὶ
384 4893 625 4948 ἄκουσαν
669 4888 1041 4965 σωφρονίζων,
1091 4896 1185 4947 καὶ
1221 4893 1319 4966 τὴν
1356 4895 1494 4967 πρὸς
1545 4895 1755 4960 πάντας
1794 4896 1835 4928 ’⁸

233 4976 613 5049 ἀποτειχίζων
645 4976 851 5030 εἴσοδον
877 4978 1040 5048 αὐτῇ,
1071 4978 1167 5031 καὶ
1197 4979 1297 5032 οὐκ
1321 4979 1636 5051 ἐπιτρέπων
1663 4980 1836 5051 ἀφορ-

239 5062 356 5131 μὰς
420 5060 682 5131 παρέχειν
734 5059 1118 5133 μικροψυχίας.
1166 5061 1235 5114 Ἥ
1288 5062 1396 5133 γὰρ
1459 5062 1706 5134 μαθοῦσα
1755 5064 1837 5117 ὅτι

235 5144 397 5199 πᾶσα
424 5143 663 5215 ἀνάγκη,
701 5142 854 5213 ἢτδν
893 5143 950 5211 ἐξ
983 5144 1160 5215 ἀρχῆς
1199 5144 1554 5216 κληρωθέντα
1598 5145 1763 5216 ἔχειν,
1798 5149 1832 5218 ἢ

198 5229 344 5311 ιτῆς
394 5226 574 5298 οἰκίας
624 5226 968 5280 ἐκπεσοῦσαν
1016 5228 1255 5299 ἐκείνης.
1322 5229 1595 5300 μηδεμίαν
1641 5229 1839 5302 ἑτέραν

168 5314 209 5373 -ι
233 5314 394 5385 ἔχειν
424 5310 772 5383 καταφυγὴν,
794 5312 891 5366 καὶ
913 5312 1121 5367 ἄκουσα
1152 5314 1485 5384 ἠναγκάζετο
1520 5315 1767 5387 στέργειν
1799 5317 1842 5347 ³⁵

192 5398 339 5477 )τδν
371 5396 641 5450 σύνοικον.
673 5396 739 5450 Εί
771 5395 828 5449 δέ
871 5396 1038 5467 μηδὲν
1070 5397 1207 5466 αὐτῇ
1243 5397 1372 5467 περὶ
1419 5396 1625 5451 τούτων
1665 5399 1842 5453 διαλέο

1379 422 1445 477 ΙΝ
1488 414 1907 483 ΜΑΤΤΗιΕυΜ
1945 422 2186 480 HOMIL.
2225 419 2385 476 XVII.

3384 422 3487 480 360

1901 534 1999 606 τήν
2028 533 2201 605 αὐτῆς
2252 529 2562 604 διορθοῦται
2619 529 2913 605 ρᾳθυμίαν.
2947 531 3162 604 ’Ὠσπερ
3206 530 3275 588 ἂν
3316 534 3491 600 εἴτις

1899 617 2067 671 παῖδα
2104 615 2313 670 ἄσωτον
2340 614 2499 687 ἔχων,
2525 616 2731 670 ἐκεῖνον
2761 614 2944 685 ἀφεὶς,
2970 617 3082 679 τοῖς
3111 615 3356 671 ποιοῦσιν
3386 617 3485 672 αὐ·
3542 642 3548 649 ·

1900 700 1992 755 τὸν
2021 698 2264 755 τοιοῦτον
2302 696 2646 772 ἐπιπλήττοι,
2694 698 2970 764 κάκείνοις
3022 700 3358 773 ἀπαγορεύοι
3415 700 3493 773 μή

1903 782 2279 853 συγγίνεσθαι,
2315 783 2451 854 μηδέ
2483 781 2809 855 πλησιάζειν
2840 783 3012 855 αὐτῷ.
3058 784 3122 839 Εἰ
3148 785 3207 838 δέ
3235 784 3495 857 φορτικὸν

1901 866 2081 930 τοῦτο,
2107 860 2496 938 ἀναμνήσθητι
2539 883 2631 939 μοι
2662 866 2773 921 τῶν
2807 865 3120 939 ἔμπροσθεν
3162 868 3492 941 εἰρημένων,

1901 951 1990 1021 ἐφ’
2016 945 2101 1015 οἷς
2148 949 2457 1023 ἐμακάρισε
2489 951 2617 1016 τοὺς
2651 951 2973 1019 ἀκούοντας,
3027 950 3182 1025 [228]
3227 953 3325 1006 καὶ
3373 951 3497 1021 ὕψει

1904 1034 2041 1090 πολὺ
2079 1034 2304 1089 δυνατὸν
2332 1035 2430 1089 καὶ
2450 1028 2673 1090 εὔκολον
2697 1037 2781 1091 δν.
2820 1036 2879 1091 ’0
2916 1035 3028 1108 γάρ
3061 1038 3257 1108 πρᾶος,
3284 1037 3383 1091 καὶ
3415 1038 3495 1090 εξ-

1907 1119 2222 1194 ρηνοποιδς,
2262 1119 2359 1173 καὶ
2384 1119 2600 1191 πτωχὸς
2637 1118 2717 1191 τῷ
2759 1119 3058 1192 πνεύματι,
3098 1119 3196 1176 καὶ
3225 1120 3495 1192 ἐλεήμων,

1905 1204 2024 1269 πῶς
2050 1203 2276 1259 ἐκϐαλεῖ
2298 1202 2399 1275 τὴν
2423 1207 2658 1273 γυναῖκα
2679 1220 2694 1271 ;
2724 1206 2754 1258 6
2775 1204 2819 1238 “
2836 1204 3057 1275 ἐτέρους
3088 1204 3498 1268 καταλλάττων,

1907 1287 2026 1351 πῶς
2069 1287 2234 1351 αὐτὸς
2274 1286 2654 1341 διαστασιάσει
2703 1287 2841 1359 πρὸς
2889 1286 2991 1359 τὴν
3042 1287 3241 1342 ἐαυτοῦ
3292 1288 3372 1353 ιτς
3423 1286 3501 1340 Οὐ

1905 1371 2079 1443 ταύτῃ
2138 1370 2196 1425 δὲ
2251 1370 2433 1441 μόνον,
2488 1369 2630 1427 ἀλλὰ
2679 1372 2775 1426 καὶ
2831 1372 3007 1443 ἑτέρῳ
3054 1373 3242 1446 τρόπῳ
3298 1371 3501 1442 κοῦφον

1907 1455 2132 1527 ἐποίησε
2167 1453 2259 1508 τὸν
2283 1455 2469 1526 νόμον.
2503 1456 2614 1509 Καὶ
2637 1454 2747 1527 γὰρ
2774 1456 2871 1509 καὶ
2896 1455 3073 1527 τούτῳ
3094 1455 3502 1526 καταλιμπάνει

1906 1539 2108 1610 τρόπον
2140 1538 2238 1593 ἕνα
2270 1538 2540 1607 ἀφέσεως,
2577 1539 2773 1602 είπὼν,
2802 1540 3109 1609 Παρεκτός
3134 1541 3324 1612 λόγου
3353 1555 3500 1607 πορ-

1906 1622 2102 1688 νείας·
2135 1621 2261 1675 ἐπεὶ
2292 1621 2458 1674 πάλιν
2500 1624 2581 1685 είς
2622 1621 2684 1675 τὸ
2733 1621 2866 1675 αὐτὸ
2906 1623 3248 1695 περιίστατο.
3294 1623 3359 1678 Εἰ
3391 1622 3504 1694 γὰρ

1909 1705 2166 1760 ἐκέλευσε
2200 1704 2298 1759 καὶ
2328 1705 2543 1767 πολλοῖς
2591 1705 2992 1776 συγγινομένην
3034 1709 3292 1778 κατέχειν
3331 1707 3502 1769 ἔνδον,

1912 1788 2075 1843 πάλιν
2107 1791 2189 1853 είς
2219 1788 2467 1859 μοιχείαν
2497 1788 2559 1841 τὺ
2591 1790 2825 1860 πρᾶγμα
2855 1790 3227 1861 κατέστρεφεν
3258 1791 3324 1846 ⁸⁸.
3341 1790 3504 1862 Ὁρᾷς

1915 1871 2033 1937 πῶς
2067 1871 2436 1943 συμϐαίνοντα
2469 1873 2512 1903 ¹⁶
2541 1872 2720 1927 ταῦτα
2746 1874 2862 1936 τοῖς
2901 1872 3251 1946 έμπροσθεν;
3290 1873 3350 1927 ὐ
3392 1872 3506 1944 γὰρ

1915 1957 1994 2028 μὴ
2021 1956 2235 2027 βλέπων
2257 1956 2450 2027 ἐτέραν
2478 1959 2715 2027 γυναῖκα
2748 1957 3073 2023 ἀκολάστοις
3098 1958 3419 2031 ὀφθαλμοῖς,
3443 1959 3506 2013 οὐ

1916 2041 2234 2113 πορνεύσει·
2276 2041 2352 2112 μὴ
2383 2040 2665 2114 πορνεύων
2695 2041 2777 2108 δὲ,
2799 2043 2860 2096 οὐ
2892 2042 3121 2114 παρέξει
3152 2042 3233 2115 τῷ
3275 2043 3433 2116 ἀνδρὶ
3459 2044 3508 2076 ³⁸

1915 2124 2170 2198 ἀφορμὴν
2196 2126 2448 2180 ἐκϐαλεῖν
2473 2127 2574 2197 τὴν
2601 2126 2799 2182 ἐαυτοῦ
2832 2130 3087 2197 γυναῖκα.
3117 2128 3218 2182 Διὰ
3253 2128 3320 2201 δὴ
3349 2125 3511 2183 τοῦτο

1916 2207 2102 2263 λοιπὸν
2123 2210 2168 2240 ³³
2206 2209 2347 2281 μετὰ
2375 2209 2559 2274 ἁδείας
2593 2210 2941 2281 ἐπισφίγγει,
2966 2211 3174 2266 καὶτὸν
3195 2211 3360 2281 φόϐον
3388 2213 3511 2266 ἐπι-

1916 2293 2160 2363 τειχίζει,
2195 2294 2369 2364 μέγαν
2400 2294 2656 2347 ἐπισείων
2680 2294 2759 2364 τῷ
2793 2294 2950 2367 ἀνδρὶ
2978 2294 3072 2349 τὸν
3102 2296 3367 2358 κίνδυνον,
3392 2297 3509 2365 εἴγε

1917 2376 2171 2431 ἐκϐάλοι·
2217 2377 2318 2447 τῆς
2361 2376 2472 2449 γὰρ
2510 2376 2757 2448 μοιχείας
2797 2377 2898 2448 τῆς
2949 2378 3165 2450 ἐκείνης
3207 2379 3512 2434 ὑπεύθυνον

1918 2460 2112 2514 ἐαυτὸν
2140 2463 2184 2493 ¹¹
2225 2463 2389 2516 ποιεῖ.
2429 2462 2544 2515 Ἵνα
2583 2460 2693 2533 γάρ
2745 2461 2820 2532 μὴ
2861 2460 3123 2527 ἀκούσας,
3160 2463 3371 2528 Ἕξελε
3402 2463 3513 2519 τὸν

1919 2546 2252 2616 ὀφθαλμὸν,
2268 2544 2497 2620 νομίσῃς
2515 2546 2610 2599 καὶ
2626 2563 2692 2598 πε
2702 2547 2755 2617 ρὶ
2770 2548 3029 2615 γυναικὸς
3044 2546 3215 2601 ταῦτα
3232 2547 3511 2618 λέγεσθαι,

1919 2627 2197 2700 εὐκαίρως
2248 2629 2499 2700 ἐπήγαγε
2561 2629 2664 2699 τὴν
2711 2629 3092 2702 ἐπιδιόρθωσιν
3152 2630 3378 2699 ταύτην,
3431 2632 3515 2686 ἐνι

1920 2711 2109 2782 τρόπῳ
2148 2711 2295 2783 μόνῳ
2330 2711 2636 2784 συγχωρῶν
2677 2711 2962 2766 ἐκϐάλλειν
2997 2714 3189 2785 αὐτὴν,
3243 2714 3415 2786 ἐτέρῳ
3456 2714 3516 2768 δέ

1919 2794 2117 2851 οὐδενί.
2147 2794 2337 2850 Πάλιν
2359 2795 2685 2864 ἠκούσατε.
2718 2796 2805 2850 ὅτι
2829 2796 3040 2865 ἐρρέθη
3069 2797 3194 2864 τοῖς
3219 2798 3512 2867 ἀρχαίοις·

1926 2881 2049 2934 Οὐκ
2074 2879 2500 2948 ἐπιορκήσεις·
2550 2881 2891 2948 ἀποδώσεις
2929 2882 2997 2935 δὲ
3026 2882 3107 2948 τῷ
3142 2884 3337 2951 Κυρίῳ
3373 2883 3518 2951 τοὺς

1922 2961 2145 3032 ὅρκους
2178 2980 2316 3020 σου.
2335 2963 2479 3033 Ἐγὼ
2501 2963 2570 3017 δὲ
2593 2964 2751 3033 λέγω
2777 2966 2940 3034 ὑμῖν.
2968 2967 3055 3036 μὴ
3098 2967 3315 3036 ὀμόσαι
3339 2966 3515 3034 ὅλως.

1926 3047 2089 3111 Τίνος
2119 3046 2307 3103 ἐνεκεν
2336 3047 2437 3101 οὐκ
2470 3047 2674 3110 εὐθέως
2705 3043 2870 3120 ἦλθεν
2896 3048 2991 3101 ἐπὶ
3017 3049 3116 3121 τὴν
3145 3049 3375 3121 κλοπὴν,
3403 3049 3520 3105 ἀλλ’

1930 3133 2027 3188 ἐπὶ
2053 3133 2154 3205 τὴν
2178 3132 2678 3205 ψευδομαρτυρίαν,
2715 3133 2962 3206 ὑπερϐάς
2994 3135 3212 3206 ἐκείνην
3245 3136 3344 3209 τὴν
3377 3137 3523 3190 ἐντο-

1926 3214 2030 3288 λήν
2053 3234 2068 3281 ς
2094 3217 2220 3270 Ὅτι
2259 3220 2288 3271 6
2322 3218 2421 3288 μὲν
2466 3218 2738 3282 κλέπτων,
2775 3216 2924 3270 ἔστιν
2955 3219 3043 3271 ὅτε
3090 3220 3185 3273 καὶ
3216 3217 3409 3290 ὀμνύει
3436 3222 3482 3253 ⁸³
3504 3237 3518 3252 ·

1928 3302 1958 3356 6
1999 3302 2058 3358 δέ
2103 3305 2244 3375 μήτε
2283 3302 2533 3373 ὀμνύναι,
2589 3305 2728 3375 μήτε
2779 3303 3073 3373 ψεύδεσθαι
3128 3304 3306 3367 είδὼς.
3344 3304 3525 3375 πολλῷ

1933 3389 2135 3460 μᾶλλον
2178 3389 2277 3457 οὐχ
2310 3388 2601 3459 αἱρήσεται
2651 3387 2927 3441 κλέπτειν.
2963 3388 3126 3441 ’Ὡστε
3179 3388 3267 3442 διά
3315 3389 3526 3461 ταύτης

1930 3471 2191 3543 κάκείνην
2219 3471 2483 3543 ἀνέτρεψε
2505 3469 2603 3541 τὴν
2632 3470 2929 3541 ἁμαρτίαν·
2976 3471 3036 3524 τὸ
3059 3471 3169 3545 γὰρ
3191 3472 3388 3542 ψεῦδος
3416 3473 3526 3528 ἀπὸ

1927 3555 2024 3610 τοῦ
2058 3554 2332 3610 κλέπτειν.
2381 3555 2448 3607 Τί
2492 3554 2552 3608 δέ
2594 3554 2766 3618 ἐστιν,
2801 3553 3158 3621 Ἆποδώσεις
3208 3554 3291 3621 τῷ
3329 3557 3528 3624 Κυρίῳ

1930 3640 2074 3706 τοὺς
2113 3639 2336 3708 ὅρκους
2382 3654 2539 3702 σου;
2594 3638 2912 3703 Τουτέστιν,
2949 3637 3300 3711 ’Δληθεύσεις
3331 3642 3525 3711 ὀμνύς.

1944 3722 2089 3794 Ἐγὼ
2120 3723 2189 3776 δὲ
2217 3722 2374 3792 λέγω
2412 3722 2576 3792 ὑμῖν,
2601 3721 2689 3791 μὴ
2729 3723 2945 3792 ὀμόσαι
2977 3722 3154 3790 ὅλως.

1974 3815 2067 3863 -ε’.
2093 3804 2228 3863 Εἶτα
2259 3807 2570 3880 περαιτέρω
2600 3808 2799 3871 αὐτοὺς
2829 3806 3060 3876 ἀπάγων
3089 3807 3187 3861 τοῦ
3215 3809 3358 3863 κατὰ
3389 3807 3528 3865 Θεοῦ

1934 3890 2190 3960 ὀμνύναι,
2227 3891 2383 3961 φησί·
2410 3888 2575 3957 Μήτε
2605 3889 2758 3943 κατὰ
2801 3889 2907 3944 τοῦ
2942 3891 3226 3955 οὐρανοῦ,
3262 3892 3351 3946 ὅτι
3392 3895 3526 3961 θρό-

1932 3992 2042 4039 νος
2071 3974 2205 4029 ἐστὶ
2238 3974 2344 4028 τοῦ
2377 3974 2546 4029 Θεοῦ·
2570 3973 2724 4043 μήτε
2758 3974 2827 4026 ἐν
2855 3972 2932 4040 τῇ
2954 3973 3055 4043 γῇ,
3079 3973 3169 4028 ὅτι
3193 3977 3532 4032 ὑποπόδιόν

1933 4055 2066 4111 ἐστι
2099 4056 2219 4112 τῶν
2245 4056 2449 4111 ποδῶν
2476 4056 2664 4110 αὐτοῦ
2683 4074 2697 4087 ·
2742 4056 2898 4125 μήτε
2929 4055 3081 4110 κατὰ
3113 4057 3527 4126 Ἰερουσαλὴμ,

1935 4142 2026 4196 ὅτι
2062 4145 2244 4210 πόλις
2277 4140 2410 4195 ἐστέ
2436 4140 2546 4194 τοῦ
2589 4140 2860 4211 μεγάλου
2897 4140 3201 4207 ,βασιλέως
3227 4159 3240 4171 ·
3275 4142 3385 4196 ἀπὸ
3421 4143 3531 4197 τῶν

1939 4225 2295 4298 προφητικῶν
2343 4225 2424 4278 ἔτι
2481 4224 2876 4295 φθεγγόμενος,
2933 4224 3027 4278 καὶ
3064 4225 3281 4292 δεικνὺς
3337 4228 3531 4283 ἑαυτὸν

1939 4310 2040 4363 οὐκ
2069 4308 2482 4380 ἐναντιούμενον
2507 4312 2621 4372 τοῖς
2650 4308 2921 4371 παλαιοῖς·
2959 4309 3053 4362 καὶ
3087 4309 3198 4381 γὰρ
3234 4311 3364 4376 ἐθος
3388 4307 3534 4384 εἶχον

1939 4394 2081 4449 κατὰ
2112 4394 2317 4449 τούτων
2364 4393 2615 4465 ὀμνύναι·
2672 4394 2766 4447 καὶ
2800 4393 3041 4447 δείκνυσι
3090 4394 3229 4466 πρὸς
3265 4395 3345 4467 τῷ
3388 4398 3534 4452 τέλει

1936 4479 2031 4532 τοῦ
2061 4478 2396 4547 Εὐαγγελίου
2436 4476 2597 4531 τοῦτο
2623 4477 2686 4530 τὸ
2724 4476 2866 4541 ἔθος.
2907 4477 2977 4531 Σὺ
3010 4477 3067 4530 δέ
3104 4496 3195 4549 μοι
3233 4479 3332 4534 θέα
3369 4481 3535 4537 πόθεν

1938 4563 2158 4633 ἐπαίρει
2187 4563 2256 4616 τά
2287 4564 2559 4633 στοιχεῖα·
2596 4563 2698 4616 οὐκ
2742 4562 2852 4614 άπὸ
2884 4561 2987 4632 τῆς
3037 4563 3246 4627 οἰκείας
3295 4565 3530 4632 φύσεως,

1938 4647 2053 4700 ἀλλ’
2084 4645 2193 4700 άπὸ
2220 4646 2321 4716 τῆς
2349 4647 2444 4699 τοῦ
2471 4645 2606 4700 Θεοῦ
2634 4643 2772 4717 πρὸς
2801 4645 2941 4698 αὐτὰ
2981 4646 3220 4716 σχέσεως
3261 4647 3359 4718 τῆς
3392 4650 3534 4704 κατά

1941 4731 2353 4799 συγκατάϐασιν
2384 4731 2702 4801 εἰρημένης.
2749 4728 2966 4800 Ἐπειδὴ
3010 4729 3119 4801 γὰρ
3169 4731 3336 4804 πολλὴ
3367 4734 3399 4803 ἡ
3434 4734 3535 4805 τῆς

1943 4814 2387 4884 εἰδωλολατρείας
2417 4813 2672 4887 τυραννὶς
2699 4808 2788 4884 ἦν,
2834 4812 2923 4866 ἵνα
2950 4812 3026 4884 μὴ
3053 4812 3179 4885 δόξῃ
3200 4813 3272 4868 τά
3297 4819 3537 4888 στοιχεῖα

1942 4898 2010 4951 δι’
2041 4897 2212 4952 ἐαυτά
2240 4893 2382 4951 εἶναι
2430 4897 2608 4968 τίμια,
2650 4895 2856 4966 ταύτην
2887 4895 3102 4950 τέθεικε
3132 4897 3230 4968 τὴν
3256 4898 3439 4954 αίτίαν
3468 4903 3537 4973 ἢν

1944 4983 2268 5053 εἰρήκαμεν,
2299 4983 2334 5053 ἢ
2365 4982 2412 5015 ³⁸
2441 4981 2601 5035 πάλιν
2624 4981 2705 5043 είς
2734 4979 2833 5051 τὴν
2865 4977 2959 5032 τοῦ
2983 4978 3117 5034 Θεοῦ
3141 4979 3299 5046 δόξαν
3335 4984 3540 5040 διέϐαι-

1946 5082 2055 5119 νεν.
2081 5064 2216 5119 Οὐδὲ
2251 5065 2361 5137 γάρ
2389 5060 2565 5119 εἶπεν·
2604 5062 2822 5135 Ἐπειδὴ
2861 5062 3024 5125 καλὸς
3057 5065 3152 5118 καὶ
3181 5065 3355 5137 μέγας
3393 5072 3422 5124 ὁ
3449 5072 3540 5124 οὗ.

1945 5149 2126 5221 ρανός·
2175 5150 2319 5214 οὐδὲ,
2362 5149 2578 5222 Ἐπειδὴ
2631 5148 2875 5221 χρησίμη
2926 5150 2959 5220 ή
3005 5149 3102 5221 γῆ·
3140 5149 3281 5216 ἀλλ’,
3317 5153 3538 5227 Ἐπειδὴ

1944 5235 2039 5287 τοῦ
2070 5233 2206 5287 Θεοῦ
2239 5237 2269 5287 ὀ
2296 5234 2398 5305 μέν
2429 5236 2544 5288 ἐστι
2574 5233 2783 5305 θρόνος,
2814 5235 2846 5303 ἡ
2877 5232 2955 5301 δὲ,
2992 5233 3303 5298 ὑποπόδιον,
3336 5256 3542 5291 παν-,ια⁹

1946 5317 2105 5389 χόθεν
2133 5318 2333 5383 αὐτοὺς
2353 5318 2446 5371 ἐπί⁸
2467 5317 2558 5370 τὸν
2583 5317 2864 5388 Δεσπότην
2893 5317 3169 5372 συνωθῶν.
3197 5319 3362 5387 Μήτε
3393 5325 3545 5376 κατὰ

1948 5399 2057 5469 τῆς
2106 5400 2379 5471 κεφαλῆς
2430 5415 2570 5464 σου,
2608 5399 2796 5472 φησὶν,
2829 5401 2919 5455 ὅτι
2971 5403 3044 5456 οὐ
3089 5401 3351 5458 δύνασαι
3394 5405 3544 5473 μίαν

230 5496 427 5550 γεται,
461 5479 539 5551 μὴ
568 5477 881 5551 θαυμάσῃς·
925 5478 1319 5550 ἀσθενέστερον
1352 5482 1463 5553 γὰρ
1491 5483 1524 5552 ή
1558 5482 1716 5553 γυνή.
1745 5482 1846 5535 Διὰ
1949 5486 2125 5554 τρίχα
2153 5485 2390 5553 λευκὴν
2431 5483 2704 5554 ποιῆσαι,
2754 5485 2793 5555 ἣ
2834 5485 3156 5555 μέλαιναν.
3190 5487 3362 5541 Πάλιν
3388 5487 3541 5560 [229]

228 5563 408 5617 τοῦτο
441 5561 615 5635 αὐτὴν
660 5563 841 5632 ἀφεὶς,
882 5564 941 5615 ἐν
972 5565 1037 5634 τῇ
1086 5564 1227 5616 κατά
1251 5562 1359 5617 τῶν
1404 5564 1615 5635 ἀνδρῶν
1645 5565 1844 5639 ἀπειλῇ

228 5752 308 5805 Ε.
338 5746 419 5822 τῷ
444 5746 752 5875 ἐξιλήματι
783 5751 840 5804 Β.
932 5751 976 5782 ¹³
1006 5746 1325 5815 ἐκϐαλόντος
1344 5746 1404 5806 Β.
1441 5746 1592 5806 ιλἘ.
1617 5763 1671 5808 el
1699 5770 1753 5824 p.

225 5823 441 5875 ἕτερον
511 5819 634 5875 ιδοα
657 5820 728 5875 Α.
758 5819 801 5875 C
855 5820 994 5875 πρὸς
1018 5821 1206 5875 ἕτερον
1230 5821 1398 5875 ἄνδρα
1438 5825 1619 5875 πᾶσαν
1655 5823 1715 5875 Ε.

225 5819 446 5900 ἕτεροι
460 5819 634 5890 ἄνδρα
657 5820 728 5878 Α.
758 5819 801 5876 C
855 5820 994 5893 πρὸς
1018 5821 1206 5892 ἕτερον
1230 5821 1426 5903 ἄνδρα-
1438 5825 1619 5877 πᾶσαν
1655 5819 1715 5878 EI

226 5886 475 5963 ἑαυτου]
504 5889 701 5963 ἐαυτὸν
730 5889 789 5945 Β.
816 5889 878 5945 F.
905 5899 956 5946 el
984 5891 1200 5947 cnrr.D.
1235 5893 1429 5946 ἑαυτου
1460 5911 1542 5961 pr.
1575 5893 1640 5950 D.

226 6034 351 6089 Ge.

1797 5827 1839 5857 ιι
1867 5827 2081 5898 στέγειν
2115 5830 2180 5882 Α,
2309 5826 2371 5882 C.
2400 5826 2640 5898 ἔχειν
2673 5826 2734 5882 F.

1752 5896 1796 5926 ¹’⁸
1818 5896 2184 5968 κατέστρεψεν
2211 5897 2270 5968 [λ
2304 5897 2366 5951 Ε.
2398 5897 2459 5953 F.

227 5978 365 6043 o_m.
402 5960 561 6043 .Iq
597 5962 813 6043 «fieri:
833 5963 1279 6043 ἀφορμήν-ιςςιιελ.
1317 5965 1400 6043 ﬂ“
1435 5960 1769 6043 ).0t7:_6v_p051
1775 5968 1820 6043 _6

1924 5960 2231 6043 πςᾼιξοίῖυοοι
2258 5967 2318 6020 D.
2348 5960 2942 6043 Olllilllln6_5jI)f._BIf_lI.

1953 5567 2187 5622 ἐνταῦθα
2217 5570 2278 5623 οὐ
2308 5569 2601 5640 θαυμάζων
2629 5569 2721 5623 τὸν
2750 5569 3055 5642 ἄνθρωπον,
3084 5569 3341 5640 ἀπήγαγε
3370 5570 3417 5603 ³⁸
3447 5569 3543 5623 τοῦ

317 5680 343 5711 ⁸
362 5677 522 5762 ήμξν]
548 5674 693 5762 95w;
712 5679 877 5762 πάλιν
1010 5680 1057 5762 _'
1079 5681 1573 5762 ἐπαναγαγεῖν-Ἐξ
1596 5681 1732 5740 Edd.
1814 5685 1855 5716 ¹⁰
1876 5684 2085 5762 τοῦλτδ
2110 5685 2166 5742 F.
2200 5686 2285 5762 _“
2309 5687 2738 5762 προηγουμένως
2756 5687 2824 5762 Α1
2848 5687 2913 5762 B_._
2937 5684 3015 5762 CL
3027 5686 3090 5744 Ε.
3169 5689 3544 5762 ’ξ-ἐγκλήματι

1787 5770 1842 5828 p.
1871 5756 2173 5828 ἐκϐαλόντα
2326 5756 2552 5828 ᾼίδ

2591 5757 2826 5830 πάντας]
2860 5758 2951 5813 Sic
2976 5757 3078 5826 Ep.
3108 5766 3162 5813 el
3193 5757 3372 5817 Versa.
3391 5757 3546 5832 ’πρὸς

2594 5846 2640 5880 ιν
2673 5826 2734 5882 F.
2815 5832 2859 5861 ¹⁸
2886 5828 2949 5883 6f
2973 5829 3068 5882 καὶ
3097 5830 3127 5882 6
3155 5827 3292 5883 Edd.
3372 5832 3415 5862 ¹⁷
3445 5832 3544 5883 τὶν

2542 5846 2640 5898 (ειν
2673 5828 2734 5882 F.
2808 5828 2859 5861 π
2886 5828 2949 5901 6}
2973 5829 3068 5882 καὶ
3097 5830 3127 5882 6
3155 5828 3292 5885 Edd.
3372 5832 3415 5862 ¹⁷
3445 5828 3544 5903 τὴν

2542 5899 2583 5930 ¹⁹
2603 5899 2960 5973 συμϐαίνουσι
2986 5900 3061 5973 Α.
3079 5897 3146 5973 F.
3198 5901 3265 5973 _’°
3286 5900 3370 5973 τῷ
3391 5903 3547 5973 ἀνδρὶ

3024 5972 3067 6001 ’⁵
3091 5971 3254 6025 αὐτὸν
3283 5971 3345 6026 F.
3374 5971 3547 6042 ipsum

457 6031 501 6116 1'
531 6032 745 6116 διιεῖῑαι
777 6031 832 6084 Β·
873 6031 948 6112 F;
1079 6033 1187 6116 ﬁlii
1227 6032 1285 6116 εἰ·
1317 6031 1451 6116 9"":-
1484 6035 1577 6116 διαὶ
1616 6031 1744 6116 Si":
1775 6036 1818 6089 Β

1947 6108 1959 6116 _
1988 6039 2032 6069 ’⁸
2064 6040 2317 6116 άπήγαγε
2346 6039 2440 6116 ’φῦ
2469 6039 2631 6116 κατά]
2657 6039 2750 6116 §ic
2771 6039 2833 6094 C.
2867 6040 2929 6116 υτ
2966 6039 3027 6094 Ε.
3060 6058 3151 6110 per
3185 6054 3343 6113 caput
3363 6031 3548 6114 iitum:

211 6103 434 6159 vetari!
451 6100 549 6157 Ge.
568 6100 831 6172 ἐπήγαγε
856 6102 951 6155 τοῦ
976 6100 1214 6157 κατὸῖᾹ.
1238 6102 1408 6176 Vulgn
1427 6106 1620 6177 legitur
1647 6107 1820 6179 ἐπήγα

1924 6108 1973 6163 :6
1997 6108 2129 6180 μηδέ
2152 6100 2443 6182 (μὴ’ΒἜ.)
2475 6100 2636 6178 κατὰῖ
2658 6109 2871 6166 favente
2902 6113 3055 6167 Arm.

568 6222 843 6282 ΡΑτιιοι..
881 6221 998 6282 (In.
1050 6225 1138 6283 ΙΝ
1156 6226 1169 6280 ί
1184 6225 1233 6284 I.

3181 6224 3249 6286 l2
