4052 6434
179 403 278 459 261

178 514 312 572 illud
355 511 581 569 thronus
609 516 714 572 est,
758 504 873 559 lucc
907 500 1219 564 scabellum,
1262 496 1496 567 undique
1526 495 1671 566 ipsos
1707 494 1776 549 ad

184 608 469 663 Dominum
500 599 853 670 compellens.
884 595 972 653 36.
1006 593 1182 663 Neque
1211 607 1300 661 per
1321 600 1475 659 caput
1502 598 1665 654 tuum,
1695 588 1779 641 in-

177 702 320 772 quit,
363 698 482 769 quia
508 711 612 749 non
649 702 790 762 potes
817 705 976 747 unum
995 685 1240 757 capillum
1278 682 1448 737 album
1476 684 1664 772 facerm
1694 689 1781 772 aut

178 771 405 863 nigrum.
449 787 660 843 Rursus
701 798 805 836 non
835 779 1105 834 hominem
1147 774 1440 836 admirans,
1469 771 1779 840 subjunxit,

179 859 358 952 neque
396 895 490 953 per
526 885 687 945 caput
719 873 834 942 ejus
865 865 1326 951 essejuraudum,
1363 862 1601 953 alioquin
1638 859 1782 916 enim

177 976 298 1045 ipse
318 973 483 1026 homo
508 967 760 1023 adoratus
787 962 1003 1022 fuisset;
1026 955 1120 1014 scd
1136 955 1358 1028 gloriam
1387 953 1495 1008 Deo
1520 952 1779 1016 referens,

179 1078 235 1123 ct
255 1063 572 1125 ostendens,
611 1068 664 1113 te
698 1073 764 1112 ne
802 1053 1015 1125 quidem
1045 1050 1117 1104 tui
1152 1048 1433 1104 dominum
1471 1059 1613 1109 esse,
1655 1058 1782 1112 ergo

182 1175 361 1230 neque
384 1158 811 1227 juramentorum
857 1164 949 1216 per
988 1151 1149 1212 caput
1170 1141 1512 1198 emissurum.
1554 1136 1610 1192 Si
1638 1135 1781 1230 enim

179 1227 342 1308 nemo
376 1248 537 1302 lilium
578 1258 732 1297 stunu
762 1238 917 1294 alteri
955 1235 1178 1297 dederit,
1229 1231 1396 1286 multo
1434 1230 1611 1283 minus
1642 1227 1784 1281 Deus

178 1358 314 1412 opus
346 1351 505 1393 suum
548 1334 640 1389 tibi
668 1329 947 1387 concedet.
992 1326 1209 1382 Etiamsi
1240 1323 1385 1378 enim
1425 1330 1584 1390 eaput
1634 1330 1779 1373 tuum

178 1436 272 1501 sit,
307 1430 407 1488 sed
436 1427 657 1483 alterius
692 1431 776 1479 est
816 1419 1082 1491 possessio
1116 1435 1129 1470 :
1164 1424 1475 1483 tantumque
1512 1414 1665 1467 abest
1712 1425 1781 1465 ne

182 1527 435 1582 dominus
464 1521 582 1587 cjus
625 1517 721 1579 sis,
762 1523 820 1569 ut
850 1528 916 1568 ne
961 1510 1239 1565 minimum
1269 1505 1482 1575 quidem
1516 1503 1686 1567 possis
1730 1503 1779 1555 iu

181 1620 277 1673 illo
306 1612 544 1686 operari.
573 1609 687 1664 Non
719 1606 860 1661 enim
881 1602 1031 1667 dixit,
1059 1601 1172 1655 Non
1197 1607 1347 1669 potes
1374 1595 1669 1667 producere
1692 1610 1784 1647 ea-

180 1710 405 1779 pillum;
453 1702 573 1768 sed,
624 1699 805 1769 Neque
854 1695 971 1766 ejus
1017 1691 1325 1764 qualitatem
1366 1699 1592 1744 mutare.
1644 1686 1781 1755 Quid

180 1802 364 1871 igitur,
393 1797 438 1850 si
471 1795 611 1863 quis,
644 1790 873 1861 inquies,
900 1788 1262 1857 juramentum
1288 1782 1483 1852 exigat,
1519 1789 1572 1833 ct
1598 1792 1784 1833 neces-

177 1894 396 1947 sitatem
424 1883 678 1942 inducat?
718 1881 811 1937 Dei
840 1881 1001 1934 timor
1041 1875 1358 1932 necessitate
1387 1873 1458 1927 sit
1495 1872 1779 1942 potentior.

179 1984 310 2038 Nam
353 1980 400 2035 si
436 1978 572 2032 velis
617 1967 924 2042 hujusmodi
949 1983 1138 2024 causas
1182 1966 1437 2036 olijicere,
1485 1963 1685 2016 nullum
1717 1978 1784 2017 ex

182 2071 468 2144 praeceptis
513 2064 777 2124 servabis.
820 2062 952 2118 Nam
982 2072 1033 2115 et
1078 2059 1145 2114 de
1193 2073 1360 2112 uxore
1405 2056 1643 2109 dicturus
1680 2070 1740 2110 es
1768 2072 1794 2116 :_

179 2164 316 2234 Quid
349 2162 535 2232 igitur,
564 2159 609 2213 si
639 2156 867 2226 litigiosa
895 2162 949 2207 et
986 2160 1293 2220 sumptuosa
1324 2148 1431 2203 sit?
1463 2147 1529 2202 Et
1551 2146 1620 2202 de
1651 2162 1785 2201 ocu-

182 2259 231 2311 lo
251 2256 450 2310 dextro
484 2269 496 2303 :
527 2247 662 2316 Quid
687 2246 867 2317 igitur,
890 2240 1169 2311 sidiligam
1185 2246 1410 2298 eum.et
1438 2234 1595 2291 urar?
1626 2235 1689 2290 Et
1717 2235 1786 2290 de

182 2346 460 2416 impudico
487 2349 704 2411 aSpectu
731 2356 744 2390 :
778 2336 916 2405 Quid
947 2335 1125 2406 igitur,
1159 2347 1226 2386 an
1260 2346 1474 2402 possum
1499 2346 1603 2384 non
1630 2330 1780 2399 vitie-

183 2440 277 2494 re?
308 2438 381 2492 Et
402 2436 473 2491 de.
497 2435 574 2489 ira
602 2433 652 2487 in
677 2430 893 2485 fratrem
921 2446 934 2481 :
963 2426 1099 2494 Quid
1129 2425 1307 2495 igitur,
1337 2422 1380 2476 si
1404 2436 1642 2491 praeceps
1663 2421 1785 2487 sim,

182 2544 233 2587 cl
265 2532 506 2599 linguam
537 2538 721 2581 tcncre
752 2537 857 2577 non
883 2517 1121 2590 possim?
1158 2516 1222 2571 Et
1250 2515 1328 2570 sic
1359 2530 1578 2585 prorsus
1607 2514 1787 2569 omnia

183 2639 342 2693 supra
374 2612 812 2675 dicta’calcahis.
858 2613 1015 2682 Atqui
1058 2612 1109 2665 in
1144 2609 1345 2678 legibus
1388 2606 1634 2661 humanis
1676 2608 1790 2658 lucc

183 2712 486 2769 obtendere
528 2724 633 2762 non
678 2705 844 2769 ausis,
888 2717 1063 2772 neque
1106 2702 1309 2765 dicere,
1355 2697 1493 2766 Quid
1525 2698 1699 2767 igitur,
1744 2696 1787 2750 si

183 2808 309 2873 hoc,
356 2805 440 2860 vel
485 2801 656 2857 illud?
690 2797 785 2853 sed
835 2812 931 2852 seu
968 2805 1158 2865 sponte
1187 2807 1280 2846 seu
1327 2792 1522 2846 invitus
1563 2805 1626 2846 ea
1671 2805 1790 2859 quae

183 2900 385 2968 scripta
427 2905 555 2951 sunt
592 2892 809 2963 accipis.
856 2888 1103 2957 Alioquin
1144 2895 1321 2940 autem
1368 2898 1658 2954 numquam
1684 2884 1790 2937 vim

185 2990 635 3047 necessitatemve
680 2983 918 3057 patieris.
972 2978 1107 3033 Nam
1138 2978 1225 3047 qui
1265 2976 1620 3031 beatitudines
1645 2973 1792 3045 prius

181 3083 494 3141 euuntiatas
518 3077 736 3140 audivit,
764 3091 827 3130 ac
847 3074 1079 3143 scipsmn
1113 3072 1180 3124 ita
1210 3069 1529 3138 composuit,
1562 3076 1620 3123 ut
1637 3067 1791 3122 Chri-

183 3188 299 3230 stus
315 3174 503 3245 jussit,
534 3169 730 3224 nullam
758 3183 785 3220 a
817 3166 1008 3237 quovis
1036 3163 1253 3217 homine
1275 3158 1580 3230 hujusmodi
1604 3174 1793 3215 ncces-

183 3269 402 3321 sitatem
429 3263 682 3333 patietur,
717 3273 838 3313 cum
868 3255 939 3309 sit
967 3253 1104 3325 apud
1133 3267 1322 3308 onmes
1352 3249 1697 3305 admirandus
1737 3260 1793 3304 et

183 3354 537 3412 honorabilis.
564 3353 649 3406 57.
683 3350 765 3405 Sit
786 3357 951 3401 autem
974 3360 1136 3400 sermo
1162 3354 1338 3409 vester,
1361 3352 1453 3406 est,
1482 3352 1788 3409 est,et.tton,

184 3466 284 3502 nou
318 3463 337 3501 :
368 3444 508 3516 quod
542 3451 709 3496 autem
749 3442 887 3493 ultra
920 3436 1241 3508 adjunqitur,
1274 3452 1337 3489 ea:
1363 3434 1497 3490 utalo
1534 3451 1625 3489 est.
1654 3433 1791 3500 Quid

183 3540 344 3611 igitur
367 3547 821 3604 supervacaneum
845 3529 969 3584 illud
993 3539 1090 3592 est,
1113 3529 1269 3587 ultra.
1294 3526 1383 3580 Est
1403 3536 1449 3580 et
1474 3526 1620 3588 non?
1638 3525 1795 3581 Jura—

186 3641 455 3692 mentum,
485 3645 588 3682 non
610 3635 787 3680 autem
819 3622 1131 3694 perjurium.
1161 3620 1274 3675 Hoc
1290 3621 1435 3676 enim
1462 3620 1515 3674 iu
1541 3617 1792 3675 confesso

180 3732 288 3790 est,
321 3734 381 3777 et
406 3734 566 3775 nemo
590 3728 672 3775 est
695 3718 820 3786 quin
864 3714 1132 3777 didicerit,
1161 3728 1190 3767 a
1219 3713 1361 3768 malo
1385 3727 1525 3777 esse,
1555 3727 1656 3767 nec
1697 3726 1792 3768 su-

183 3826 580 3885 pervacaneum
625 3824 764 3873 esse,
807 3807 900 3863 sed
930 3806 1257 3861 contrarium
1291 3822 1304 3858 :
1338 3819 1793 3875 supervacaneum

185 3915 370 3959 autem
413 3912 515 3962 est.
543 3899 687 3970 quod
729 3898 868 3954 ultra
898 3906 952 3952 et
979 3910 1101 3950 cum
1138 3893 1493 3950 redundantia
1521 3894 1791 3964 adjicitur,

185 3998 406 4068 taleque
439 4006 520 4051 est
545 3994 927 4065 juramentum.
968 3988 1232 4058 Quidnam
1262 4004 1393 4042 vero
1417 3986 1545 4043 dicit
1580 4003 1611 4042 a
1653 3988 1797 4043 malo

186 4092 349 4147 esse?
373 4099 430 4145 ct
457 4090 501 4143 si
531 4104 558 4142 a
601 4087 744 4142 malo
771 4094 909 4151 erat,
931 4099 1027 4139 cur
1066 4081 1354 4152 jubebatur
1382 4081 1434 4135 in
1464 4080 1621 4151 lege?
1650 4080 1794 4151 ΙιΙίμ-

189 4199 310 4239 sum
341 4183 504 4236 etiam
527 4180 596 4236 de
635 4195 801 4234 uxore
825 4178 1009 4233 dices:
1042 4176 1153 4230 Cur
1168 4174 1278 4246 jam
1321 4174 1602 4230 fornicatio
1630 4191 1794 4244 repu-

191 4286 338 4331 tatur
384 4275 434 4329 id
477 4272 617 4343 quod
657 4273 783 4327 olim
813 4266 1260 4340 permittebatur?
1295 4265 1432 4335 Quid
1472 4266 1539 4320 ad
1568 4267 1682 4320 haec
1711 4267 1795 4319 di-

190 4366 424 4422 cendum
442 4365 464 4418 ?
484 4364 607 4418 llaec
629 4372 754 4417 tunc
772 4361 912 4416 dicta
937 4359 1100 4414 fuisse
1121 4356 1414 4413 secundum
1434 4356 1794 4412 infirmitatem

193 4471 384 4513 eorum
412 4457 503 4525 qui
524 4456 672 4525 leges
696 4452 1030 4522 accipiebant
1055 4468 1067 4504 :
1101 4465 1222 4503 nam
1254 4462 1307 4504 et
1335 4449 1523 4504 nidore
1551 4450 1796 4505 victima-

198 4565 312 4604 rum
344 4547 450 4606 coli
480 4545 752 4616 indignum
779 4540 1066 4599 admodum
1098 4540 1206 4596 Deo
1232 4550 1332 4606 est,
1368 4540 1509 4596 sicut
1536 4540 1800 4597 balbutire

203 4641 474 4713 indignum
505 4637 841 4709 philosopho.
893 4633 1226 4689 Adulterium
1254 4649 1383 4705 ergo
1419 4650 1561 4689 nunc
1589 4644 1803 4704 reputa-

199 4744 286 4788 tur
310 4731 478 4796 illud;
520 4738 579 4785 et
603 4744 634 4783 a
662 4729 805 4784 malo
832 4737 916 4781 est
942 4725 1143 4795 jurare,
1167 4724 1382 4796 quando
1408 4734 1561 4777 aucta
1592 4731 1650 4779 et
1676 4739 1799 4795 per-

198 4826 336 4880 fecta
381 4822 550 4878 virtus
593 4828 694 4875 est.
723 4817 779 4874 Si
819 4832 949 4873 vero
997 4817 1081 4871 hac
1103 4815 1173 4871 ab
1224 4816 1373 4870 initio
1411 4816 1606 4870 diaboli
1656 4816 1801 4887 leges

198 4916 449 4980 fuissent,
480 4927 585 4965 non
615 4909 796 4981 utique
824 4918 1026 4964 tantum
1057 4906 1429 4977 profecissent.
1453 4903 1665 4961 Etenim
1699 4908 1800 4962 nisi

198 5007 291 5061 illa
319 5003 675 5075 punivissent,
703 5017 810 5056 non
843 5001 914 5055 ita
941 4996 1097 5053 facile
1120 4997 1236 5052 hanc
1264 5012 1406 5055 nunc
1427 5009 1647 5069 accepta
1674 4998 1802 5053 fuis-

200 5106 340 5155 sent.
368 5093 489 5150 Noli
529 5095 687 5165 igitur
718 5107 904 5148 eorum
950 5091 1225 5159 requirere
1271 5090 1541 5156 virtutem,
1589 5090 1803 5160 quando

195 5204 390 5246 eorum
426 5200 559 5241 usus
599 5184 889 5255 prmterivit
921 5200 935 5237 :
977 5190 1105 5237 tunc
1132 5182 1275 5237 enim
1322 5192 1530 5252 tempus
1560 5182 1612 5238 id
1654 5192 1805 5256 pete-

196 5284 327 5346 bat;
358 5280 468 5333 iuio
496 5292 645 5344 vero,
675 5278 719 5331 si
744 5277 846 5341 vis,
879 5274 1039 5330 etiam
1069 5290 1230 5330 nunc.
1264 5272 1398 5329 Nam
1421 5290 1606 5330 eorum
1636 5277 1805 5331 virtus

197 5370 507 5427 ostenditur
555 5384 622 5424 ex
668 5383 736 5423 eo
783 5367 900 5436 ipso
943 5380 1049 5435 quo
1092 5365 1260 5436 magis
1306 5377 1610 5421 accusatur.
1649 5367 1801 5435 Quod

196 5464 347 5521 enim
378 5463 494 5517 haec
537 5461 661 5516 talia
691 5475 833 5514 nunc
871 5459 1172 5519 videantur.
1204 5471 1390 5512 eorum
1431 5459 1661 5513 maxima
1692 5461 1805 5513 laus

194 5566 307 5611 est.
335 5552 446 5612 Nisi
493 5552 636 5609 enim
671 5568 766 5607 nos
809 5550 1030 5620 pulchre
1064 5549 1394 5614 nutrivissct,
1424 5559 1479 5605 et
1506 5549 1572 5605 ad
1603 5550 1804 5619 majora

201 5644 518 5715 recipienda
552 5642 776 5698 idoneos
814 5640 1155 5703 reddidisset,
1194 5654 1299 5694 non
1329 5640 1453 5695 talia
1494 5640 1799 5695 viderentur

198 5753 347 5795 esse.
398 5733 859 5806 Quemadmodutu
909 5730 1319 5794 mamilla,ch
1364 5745 1518 5786 suum
1571 5731 1808 5802 implevit

200 5831 458 5897 ofﬁcium,
493 5838 548 5884 et
576 5826 642 5882 ad
685 5824 1053 5897 pcrfcctiorem
1104 5837 1341 5877 mensam
1390 5838 1521 5892 pucr
1554 5823 1802 5890 mittitur,

1344 384 1408 439 IN
1446 379 1855 438 ΜΑΤΤΙΙᾸΞυΜ
1893 379 2125 437 llUMIL.
2166 380 2331 440 XVII.

3374 386 3482 442 282

1890 493 2107 551 demum
2130 497 2333 553 inutilis
2360 496 2592 564 videtur;
2621 507 2868 569 parentes
2894 500 3134 571 vero,qui
3162 499 3308 559 illam
3338 519 3475 571 prius

1884 601 2055 656 puero
2086 592 2441 644 necessariam
2470 604 2593 645 esse
2617 591 2904 659 putabant,
2937 591 3084 647 mille
3110 603 3292 657 postea
3337 596 3479 651 illam

1876 662 2223 721 irrisionibus
2248 670 2878 739 prosequuntur;multi
2935 680 3117 726 autem
3176 687 3285 726 non
3341 688 3465 726 ver-

1876 755 1961 811 bis
1999 758 2176 812 solum
2230 759 2377 815 illam
2414 764 2728 829 traducunt,
2761 763 2858 818 sed
2885 764 3048 817 etiam
3079 764 3283 819 amaris
3316 764 3462 818 illam

1877 848 2480 922 oblinmttmtguentis;
2521 856 2647 910 utsi
2681 871 2786 909 non
2829 855 3041 925 possint
3070 856 3228 910 verba
3262 857 3467 926 impor-

1876 949 2069 994 tunum
2137 940 2462 998 huiusmodi
2511 948 2666 1017 pueri
2716 946 2966 1002 allectum
3017 963 3317 1012 removere,
3375 966 3462 1004 res

1874 1027 2006 1098 ipsae
2044 1028 2375 1087 desiderium
2426 1044 2698 1090 avertant.
2742 1037 2759 1069 ¹
2805 1037 2899 1092 Sic
2951 1037 3205 1092 Christus
3244 1054 3272 1091 a
3319 1040 3462 1091 malo

1873 1117 1988 1171 ham
2014 1133 2134 1172 esse
2163 1119 2326 1184 dixit,
2374 1135 2479 1173 non
2509 1129 2569 1173 ut
2615 1120 2927 1176 ostenderet
2967 1132 3201 1176 veterem
3229 1120 3399 1192 legem
3428 1137 3460 1176 a

1872 1209 2084 1265 diabolo
2111 1210 2391 1280 prodiisse.
2421 1212 2515 1265 sed
2544 1221 2600 1266 ut
2628 1211 2997 1267 vehementius
3017 1227 3049 1267 a
3070 1210 3466 1289 veterinilitate

1872 1312 2171 1359 revocaret.
2203 1303 2270 1357 Et
2303 1303 2579 1375 discipulis
2604 1304 2822 1374 quidem
2870 1304 2987 1361 bzcc
3013 1306 3183 1370 dicit;
3239 1305 3333 1361 sed
3373 1305 3467 1361 .lu-

1871 1394 2000 1449 daeis
2019 1394 2248 1464 stnpidis
2270 1404 2325 1450 et
2364 1395 2416 1450 in
2449 1395 2635 1450 iisdem
2670 1396 3164 1476 perseverantibus,
3197 1411 3296 1451 ceu
3328 1413 3467 1468 qua.

1872 1489 1991 1541 dam
2015 1488 2389 1553 amaritudine,
2416 1489 2739 1560 captivitatis
2780 1499 2925 1545 metu
2956 1488 3144 1546 urbem
3192 1489 3468 1546 circumli-

1875 1580 2036 1633 nitam
2091 1578 2420 1634 inaccessam
2466 1580 2716 1635 reddidit.
2748 1581 2880 1648 Quia
2909 1597 3037 1636 vero
3063 1596 3130 1636 ne
3155 1579 3208 1635 id
3242 1582 3460 1652 quidem

1875 1674 2043 1741 potuit
2071 1673 2216 1743 ipsos
2242 1673 2474 1728 retinere
2499 1713 2514 1737 ,
2540 1672 2633 1726 sed
2656 1688 2773 1727 eam
2796 1686 2984 1727 rursus
3011 1672 3193 1729 videre
3212 1672 3470 1743 optabant

1873 1766 2024 1833 quasi
2051 1764 2198 1833 pueri
2230 1763 2296 1817 ad
2324 1763 2612 1817 matnillam
2657 1772 3036 1831 accurrentes,
3079 1763 3294 1820 demum
3321 1764 3469 1820 illam

1875 1853 2181 1918 occultavit,
2212 1853 2299 1909 illa
2327 1854 2440 1923 ipsa
2468 1853 2667 1921 diruta,
2696 1864 2746 1909 et
2777 1854 3046 1926 plerisque
3067 1870 3257 1910 eorum
3288 1856 3472 1926 procul

1877 1945 2122 1999 abductis
2160 1963 2172 1999 :
2206 1943 2655 2016 quemadmodum
2707 1945 2919 2015 plurimi
2966 1945 3197 2011 vitulus,
3225 1961 3255 1999 a
3300 1946 3477 2001 vaccis

1876 2037 2137 2092 abductos
2163 2036 2504 2108 inclusosque
2523 2080 2538 2101 ,
2575 2045 2816 2106 tempore
2838 2034 3229 2105 assuefaciunt;
3260 2045 3318 2092 ut
3343 2052 3372 2090 a
3399 2037 3479 2091 la-

1876 2130 1978 2185 ctis
1998 2130 2385 2185 consuetudine
2411 2129 2721 2184 abscedant.
2749 2128 2881 2184 Nam
2906 2130 2951 2184 si
2981 2128 3180 2186 diaboli
3208 2136 3361 2185 vetus
3390 2130 3479 2186 lex

1879 2230 2055 2290 esset,
2100 2238 2206 2276 non
2253 2223 2321 2277 ah
2365 2222 2664 2279 idololatria
2693 2222 3037 2287 abduxisset,
3073 2223 3183 2278 imo
3208 2233 3395 2279 contra
3423 2224 3475 2278 in

1879 2314 2021 2369 illam
2049 2311 2372 2383 coniecisset
2404 2331 2417 2368 :
2452 2313 2503 2368 id
2551 2314 2695 2369 enim
2738 2312 2957 2368 volebat
3008 2313 3277 2369 diabolus.
3323 2313 3479 2370 Nunc

1878 2414 2056 2460 autem
2079 2405 2409 2460 contrarium
2438 2419 2656 2472 prorsus
2677 2402 2921 2458 videmus
2941 2419 2971 2457 a
2993 2404 3163 2460 veteri
3181 2405 3298 2476 lege
3312 2404 3475 2461 eftici.

1878 2498 1949 2552 Et
1972 2497 2144 2568 ipsum
2175 2514 2387 2569 quoque
2412 2497 2771 2568 juramentum
2796 2496 2919 2553 ideo
2944 2497 2996 2552 in
3024 2499 3188 2554 veteri
3218 2505 3476 2555 statutum

1881 2589 1998 2655 fuit,
2031 2605 2100 2645 ne
2129 2605 2226 2659 per
2254 2590 2393 2645 idola
2419 2589 2686 2660 jurareut.
2724 2586 2944 2656 Intrate,
2974 2589 3164 2659 inquit,
3194 2606 3285 2661 per
3314 2588 3479 2645 Deum

1880 2697 2050 2738 rerum
2078 2686 2218 2754 (.Ier.
2243 2685 2299 2752 4,
2321 2681 2358 2736 ‘2
2379 2686 2416 2752 ).
2444 2680 2559 2737 Non
2587 2682 2747 2751 igitur
2772 2696 2934 2752 parva
2962 2680 3206 2751 quaedam
3232 2682 3322 2739 lex
3350 2683 3482 2739 cll'e-

1881 2779 1973 2839 cit,
2003 2774 2099 2829 sed
2125 2789 2314 2844 magna
2347 2772 2548 2842 utique.
2582 2771 2715 2826 Nam
2755 2771 2821 2826 ad
2852 2771 3081 2827 solidum
3110 2771 3291 2829 cibum
3328 2788 3483 2830 acce-

1882 2867 2047 2930 dere,
2078 2865 2129 2920 id
2175 2865 2476 2921 Servatoris
2514 2863 2612 2918 fuit
2634 2878 2789 2936 opus.
2823 2862 2963 2931 Quid
3008 2862 3209 2935 igitur?
3248 2879 3427 2921 annon
3449 2880 3483 2921 τι

1886 2959 2028 3013 malo
2048 2967 2131 3013 est
2154 2957 2370 3027 jurare?
2397 2957 2439 3010 Α
2469 2954 2613 3011 malo
2654 2962 2739 3011 est
2762 2955 2978 3026 utique;
3020 2954 3117 3011 sed
3164 2971 3307 3012 nunc
3359 2967 3486 3030 post

1886 3057 2085 3104 tantam
2116 3047 2543 3119 philosophiam;
2591 3055 2721 3103 tunc
2767 3056 2949 3103 autem
2989 3045 3231 3104 minime.
3261 3048 3329 3103 Et
3351 3064 3486 3119 quo-

1887 3140 2083 3208 modo,
2140 3139 2380 3211 inquies,
2428 3140 2657 3210 idipsum
2702 3140 2875 3211 possit
2918 3153 3043 3194 esse
3081 3154 3225 3195 nunc
3248 3139 3483 3207 bonum,

1887 3247 2030 3288 nunc
2068 3232 2290 3286 minimc
2342 3230 2578 3286 bonum?
2624 3231 2740 3301 Ego
2767 3240 2946 3287 autem
2968 3247 3001 3287 e
3026 3234 3301 3288 contrario
3325 3231 3449 3288 dico
3466 3275 3484 3300 ,

1885 3324 2157 3393 quomodo
2201 3338 2307 3378 non
2353 3324 2423 3378 sit
2463 3331 2519 3377 et
2561 3323 2757 3378 bonum
2802 3333 2859 3379 et
2901 3338 3009 3378 non
3055 3322 3292 3388 bonum.
3324 3324 3487 3380 rebus

1885 3416 2134 3471 omnibus
2158 3416 2237 3471 sic
2261 3415 2633 3479 clamantibus,
2666 3414 2870 3470 artibus
2887 3457 2904 3483 ,
2935 3415 3196 3472 fructibus
3218 3458 3233 3483 ,
3260 3417 3490 3489 aliisque

1887 3509 2182 3564 omnibus?
2205 3510 2440 3564 Primum
2470 3509 2521 3563 id
2553 3508 2734 3564 videas
2755 3509 2808 3563 iu
2841 3517 3029 3564 natura
3063 3518 3247 3566 nostra
3271 3511 3487 3567 contio»-

1888 3616 2033 3673 gerc.
2063 3600 2273 3657 Gestari
2299 3602 2442 3656 enim
2471 3604 2523 3655 in
2553 3601 2723 3671 prima
2750 3610 2910 3656 atate
2935 3600 3132 3657 bonum
3155 3613 3268 3667 est,
3301 3615 3487 3674 postea

1890 3709 2024 3748 vero
2052 3694 2411 3765 perniciosum
2436 3710 2451 3759 ;
2490 3694 2804 3765 prmmansis
2827 3695 2901 3749 uti
2928 3692 3062 3751 cibis
3090 3696 3142 3750 iu
3169 3697 3345 3767 primo
3369 3699 3491 3753 vice

1893 3796 2136 3857 tempore
2166 3787 2386 3854 bonum,
2438 3798 2622 3857 postea
2669 3800 2797 3842 vero
2827 3784 3052 3843 horrore
3083 3788 3296 3859 plenum
3317 3807 3332 3856 ;
3355 3790 3492 3847 lacte

1892 3882 1961 3936 ali
1988 3891 2045 3937 et
2087 3881 2153 3935 ad
2183 3896 2470 3937 mammam
2511 3881 2799 3950 confugere
2821 3880 2975 3935 initio
3002 3878 3130 3937 utile
3154 3891 3239 3937 est
3264 3891 3319 3938 et
3343 3884 3490 3938 salu-

1894 3983 2045 4037 tare,
2099 3980 2286 4042 postea
2335 3986 2462 4026 vero
2515 3971 2876 4041 perniciosum
2922 3978 2979 4027 et
3017 3973 3256 4028 noxium.
3304 3972 3496 4031 Vidcn’

1892 4063 2164 4132 quomodo
2204 4061 2406 4118 etcdem
2449 4076 2537 4117 res
2570 4062 2865 4117 secundum
2895 4072 3138 4134 tempora
3164 4063 3321 4120 bona:
3349 4067 3490 4131 sint,

1893 4165 1949 4211 et
1976 4163 2160 4225 postea
2192 4171 2296 4210 non
2321 4153 2454 4210 tales
2494 4153 2978 4227 appareantiNam
3019 4155 3225 4225 puerile
3274 4157 3493 4227 pallium

1894 4256 2109 4317 gestare
2139 4260 2305 4316 puero
2331 4244 2547 4316 quidem
2584 4245 2890 4313 honestum,
2943 4246 3065 4302 viro
3109 4256 3288 4303 autem
3316 4258 3494 4317 turpe.

1899 4337 2060 4393 Visne
2084 4337 2247 4392 etiam
2295 4351 2361 4391 ex
2392 4335 2676 4390 contrariis
2704 4335 2931 4403 idipsum
2957 4336 3167 4394 discere
3190 4380 3206 4406 ,
3228 4341 3500 4410 quomodo

1900 4445 2020 4497 qua:
2050 4428 2166 4482 viro
2195 4434 2508 4497 competunt
2531 4469 2544 4488 .
2574 4440 2739 4496 puero
2770 4437 2893 4498 apta
2920 4441 3025 4482 nou
3058 4428 3205 4483 sint?
3231 4429 3306 4484 Da
3334 4445 3502 4499 puero

1900 4519 2116 4588 pallium
2141 4516 2313 4583 virile,
2337 4516 2463 4571 hinc
2484 4517 2743 4586 plurimus
2765 4526 3019 4588 sequetur
3037 4519 3198 4585 risus,
3221 4520 3504 4590 majusque

1901 4612 1954 4664 in
2005 4608 2302 4665 incedendo
2326 4607 2647 4679 periculum,
2680 4609 2751 4663 ita
2783 4624 2926 4680 saepe
2953 4611 3057 4665 huc
3084 4610 3211 4666 illuc
3241 4622 3500 4666 vertetur.

1901 4701 1976 4756 Da
1998 4701 2157 4756 etiam
2181 4699 2253 4755 illi
2273 4699 2452 4754 civilia
2476 4700 2684 4769 negotia
2702 4700 2997 4767 tractanda,
3016 4701 3099 4757 vel
3121 4710 3503 4769 mercaturam,

1902 4794 1987 4850 vel
2017 4793 2232 4850 serendi
2263 4791 2605 4860 metendique
2624 4800 2895 4859 artem,et
2914 4792 3198 4847 ridiculum
3223 4793 3325 4847 hoc
3352 4793 3502 4848 vidc-

1907 4889 2068 4943 bitur.
2099 4887 2167 4942 Et
2194 4901 2290 4941 cur
2320 4886 2435 4940 haec
2463 4885 2624 4941 dico?
2651 4884 2786 4940 Nam
2816 4884 3014 4949 aedes,
3041 4899 3203 4955 quam
3229 4885 3509 4943 inventum

1904 4994 2025 5035 csse
2042 4976 2239 5033 diaboli
2256 4977 2308 5031 in
2325 4974 2571 5031 confesso
2587 4973 2923 5044 apudomnes
2934 4981 3040 5042 est,
3054 4985 3358 5045 opportuno
3377 4986 3513 5032 tem-

1909 5086 2039 5141 pore
2066 5068 2237 5136 facta,
2270 5064 2673 5122 interfectorem
2705 5064 2965 5121 Phineem
2992 5065 3279 5123 sacerdotii
3307 5067 3513 5125 honore

1906 5161 2180 5217 decoravit
2228 5157 2428 5232 (Num.
2481 5155 2609 5229 25).
2647 5155 2801 5224 Quod
2846 5157 2989 5212 enim
3041 5157 3219 5214 caedes
3264 5158 3334 5213 sit
3379 5173 3512 5230 opus

1909 5254 2143 5315 diaboli,
2186 5252 2309 5307 audi
2348 5248 2621 5322 quomodo
2661 5249 2808 5305 dicat
2856 5248 3015 5316 ipse:
3055 5247 3157 5305 Vos
3182 5265 3338 5319 Opera
3357 5252 3518 5320 patris

1911 5346 2061 5402 vestri
2076 5344 2228 5400 vultis
2250 5345 2418 5413 {acere
2434 5359 2453 5396 :
2467 5341 2558 5396 ille
2581 5340 2839 5397 homicida
2856 5350 2963 5396 erat
2987 5358 3021 5395 α
3046 5342 3296 5414 principio
3319 5339 3515 5413 (Joan.

1907 5440 1967 5493 8.
1990 5438 2079 5493 41.
2107 5436 2178 5491 44
2198 5435 2239 5504 ).
2271 5433 2377 5490 Sed
2405 5431 2670 5489 homicida
2696 5432 2797 5488 fuit
2821 5432 2983 5488 etiam
3008 5431 3259 5499 Phiuces,
3283 5426 3515 5501 Etrepn.

1986 5637 2002 5667 ⁸
2037 5631 2132 5685 His
2158 5630 2328 5682 verbis
2368 5637 2531 5683 notam
2575 5631 2942 5682 arithmeticam
2985 5629 3017 5679 6
3050 5627 3330 5691 przelixerat
3375 5623 3516 5673 Mnu-

1924 5693 2240 5759 tefalconius,
2272 5694 2388 5759 hinc
2408 5706 2669 5759 perperam
2703 5706 2882 5759 novum
2902 5691 3104 5741 ordiens
3134 5692 3512 5759 paragraphum.

1926 5757 2040 5808 Non
2112 5754 2428 5818 tolerandum
2474 5754 2569 5806 hoc
2608 5754 2881 5818 apodoseos
2926 5769 2953 5803 a
3003 5754 3192 5815 promisi
3244 5754 3515 5800 divortium

1927 5820 2263 5870 correximus.
2295 5817 2433 5867 Enn.
