4052 6428
609 409 658 436 Or
683 410 710 436 ¹¹Ϊ

613 439 674 459 δ⁴ι

607 534 762 576 totum
813 534 882 577 est
937 526 984 578 ei
1014 524 1081 578 ad
1128 522 1376 590 iustitimn
1431 519 1617 596 (Psal.
1668 519 1797 584 £05,
1833 520 1977 592 3|),
2007 519 2192 589 inquit.

606 614 872 668 Abraham
901 630 1028 669 vero
1059 630 1166 670 non
1190 613 1458 670 homicida
1487 613 1661 668 solum
1681 656 1696 679 ,
1747 612 1842 669 sed
1890 612 2050 667 etiam
2104 611 2195 664 lilii

606 707 919 761 interfector
960 707 1166 773 factus,
1219 705 1362 777 quod
1409 706 1562 776 pejus
1593 714 1738 762 erat.
1773 705 1850 760 sic
1876 704 2045 774 magis
2087 701 2199 756 Deo

603 797 819 866 placuit.
856 799 1044 852 Petrus
1071 814 1201 853 vero
1249 797 1513 866 duplicem
1544 795 1746 849 cmdem
1779 793 1932 860 fecit,
1962 802 2196 846 attamen

598 889 875 956 spirituale
918 900 1032 944 erat
1086 889 1137 943 id
1169 889 1310 959 quod
1350 887 1545 942 factum
1575 886 1700 957 est(
1729 886 1839 938 Act.
1860 885 1952 956 ὅ).
1984 882 2059 938 Ne
2091 885 2193 936 ita-

597 998 702 1050 que
731 982 1049 1052 simpliciter
1080 998 1166 1038 res
1197 981 1586 1047 examizzcmus,
1637 978 1731 1034 sed
1782 983 1942 1034 etiam
1986 986 2197 1046 tempus

605 1085 660 1126 et
689 1089 906 1128 causam
937 1083 992 1129 et
1012 1074 1338 1128 voluntatem
1367 1080 1420 1126 et
1444 1085 1793 1142 personarum
1817 1068 2193 1134 diﬂ'ercntiam,

594 1175 648 1218 ot
681 1165 768 1220 illa
817 1167 995 1220 omnia
1035 1181 1156 1237 qua:
1200 1181 1304 1220 una
1347 1172 1676 1220 concurrunt
1718 1171 1968 1217 accurate
2007 1160 2194 1231 esplo-

597 1274 778 1311 remus
833 1276 847 1312 :
905 1273 1080 1327 neque
1147 1257 1291 1312 enim
1353 1265 1524 1325 potest
1577 1257 1776 1310 veritas
1826 1255 1933 1308 alio
2005 1253 2192 1323 attingi

593 1350 1263 1420 modo:studeamusque,
1315 1351 1360 1405 si
1405 1350 1629 1404 velimus
1682 1363 1904 1418 regnum
1955 1347 2190 1417 assequi.

590 1458 748 1512 supra
781 1453 961 1499 vetera
990 1447 1254 1513 przeeepta
1275 1442 1474 1512 aliquid
1503 1441 1735 1512 operari,
1779 1441 1902 1509 quia
1928 1455 2035 1494 non
2067 1455 2186 1509 pos-

590 1548 776 1587 sumus
805 1533 961 1588 aliter
981 1533 1214 1589 c'elcstia
1259 1533 1527 1588 obtinere.
1555 1532 1686 1587 Nam
1717 1531 1764 1586 si
1793 1531 1859 1586 ad
1886 1546 2189 1586 mensuram

588 1635 790 1679 tantum
815 1633 1056 1680 veterum
1089 1623 1496 1694 perveniamus,
1525 1633 1676 1679 extra
1701 1623 1883 1678 limina
1909 1623 2187 1677 stabimus.

589 1715 707 1770 Nisi
721 1717 852 1770 enim
875 1716 1201 1770 abundaverit
1222 1715 1427 1788 justitia
1457 1724 1616 1769 vestra
1647 1715 1764 1784 plus
1805 1730 1958 1783 quam
2001 1713 2191 1766 scriba-

587 1825 695 1860 nun
725 1817 771 1861 et
799 1807 1202 1872 Pharisaeorum,
1229 1823 1328 1860 non
1353 1805 1604 1860 intrabitis
1631 1807 1684 1860 in
1713 1821 1927 1876 regnum
1945 1806 2188 1859 ctelorum

586 1897 798 1970 (Matth.
824 1900 878 1954 5.
912 1899 1040 1969 9.0).
1075 1901 1324 1952 Attamen
1355 1906 1474 1969 post
1500 1896 1972 1953 comminationcm
2003 1895 2188 1965 hujus-

585 1991 732 2045 modi
763 1991 982 2062 quidam
1013 1999 1139 2046 sunt
1165 1990 1253 2060 qui
1284 2005 1390 2045 non
1422 1989 1582 2044 modo
1606 1989 1869 2060 justitiam
1903 1987 2046 2042 illam
2078 2002 2185 2040 non

584 2091 863 2152 superant,
907 2081 1001 2137 sed
1054 2082 1210 2152 longe
1267 2091 1388 2154 post
1433 2083 1578 2136 illam
1632 2079 2028 2150 relinquuntur.
2067 2077 2184 2132 Non

583 2175 744 2230 modo
771 2176 913 2230 enim
957 2175 1260 2245 juramenta
1313 2189 1418 2228 non
1445 2171 1672 2243 fugiunt,
1715 2170 1811 2227 sed
1840 2171 2003 2225 etiam
2035 2169 2184 2240 peje-

582 2277 700 2322 rant
722 2284 740 2334 ;
766 2285 871 2324 non
899 2267 1060 2324 modo
1105 2266 1433 2337 impudicum
1464 2273 1740 2334 aspectum
1766 2279 1873 2317 non
1904 2261 2143 2317 devitant
2165 2302 2182 2327 ,

580 2359 673 2412 sed
698 2359 860 2412 etiam
895 2358 946 2412 in
993 2357 1167 2427 ipsum
1200 2367 1406 2426 turpem
1433 2365 1610 2410 actum
1643 2361 1949 2425 proruunt,
1977 2354 2184 2422 aliaque

577 2449 756 2504 omnia
801 2448 1310 2519 probibitaimpuue
1357 2447 1783 2503 audent:umnu
1828 2454 2031 2500 tantum
2087 2459 2183 2498 ett--

575 2552 882 2612 spectantes
908 2541 1151 2611 supplicii
1179 2539 1321 2596 diem
1341 2582 1357 2606 ,
1381 2539 1597 2612 quando
1629 2554 1724 2609 pro
1748 2538 2044 2594 sceleribus
2070 2537 2182 2592 suis

577 2647 853 2692 extremas
880 2635 1084 2690 dabunt
1123 2649 1311 2704 ptenas
1340 2651 1358 2689 :
1389 2633 1534 2704 quod
1578 2648 1742 2687 unum
1774 2631 2065 2700 repositum
2099 2639 2182 2684 est

576 2732 639 2784 iis
659 2731 747 2799 qui
771 2731 824 2784 in
847 2728 1080 2799 nequitia
1100 2729 1260 2782 vitam
1281 2726 1503 2782 obeunt.
1535 2725 1608 2780 De
1633 2725 1737 2779 illis
1761 2725 1956 2795 quippe
1978 2723 2176 2793 despc-

575 2822 796 2875 ramlum
824 2829 928 2886 est,
959 2831 1012 2876 et
1042 2818 1171 2873 nihil
1199 2819 1343 2873 aliud
1374 2817 1824 2888 etSpeetatidutu,
1866 2832 2029 2887 quam
2054 2831 2181 2885 sup-

573 2914 810 2982 plicium.
833 2911 932 2980 Qui
957 2911 1104 2968 enim
1125 2910 1211 2964 bic
1229 2910 1405 2964 adhuc
1431 2917 1741 2978 supersunt,
1777 2907 1932 2962 facile
1956 2915 2181 2976 possunt

576 3015 630 3060 ct
652 3019 906 3078 pugnare,
938 3012 994 3056 et
1024 3003 1261 3067 vincere,
1292 3011 1345 3056 et
1381 3001 1649 3055 coronari.

642 3095 696 3148 7.
731 3092 946 3148 Mortalis
968 3092 1252 3148 exhortatio
1296 3091 1359 3146 de
1381 3089 1664 3160 ebieganda
1702 3091 2060 3144 consuetudine
2091 3093 2177 3160 iu-

571 3187 739 3241 randi.
768 3185 950 3240 Prom
966 3185 1344 3240 consuetudinis
1368 3184 1690 3239 eliminandat
1712 3183 2064 3238 modus.—Ne
2081 3185 2178 3238 ita-

573 3295 674 3350 que
687 3279 956 3344 concidas,
973 3279 1042 3332 mi
1065 3279 1245 3344 homo,
1262 3294 1435 3348 neque
1453 3279 1645 3332 bonam
1676 3278 1818 3332 illam
1844 3278 2174 3333 alacritatem

568 3368 800 3421 amittas.
848 3364 1027 3436 Neque
1052 3363 1195 3418 cnim
1218 3379 1446 3418 onerosa
1486 3371 1611 3417 sunt
1649 3377 1710 3417 ea
1742 3379 1860 3432 qua:
1893 3363 2171 3431 jubeutur.

566 3450 716 3516 Quis,
763 3465 967 3520 quaso,
999 3447 1151 3504 labor
1177 3449 1229 3503 in
1254 3448 1468 3504 vitando
1490 3447 1831 3516 juramcnto?
1859 3464 1984 3501 num
2014 3463 2174 3516 pecu-

569 3545 778 3598 uiarum
813 3545 1050 3611 impensa
1081 3541 1206 3596 est?
1234 3558 1358 3596 num
1388 3541 1554 3597 sudor
1573 3549 1627 3596 et
1658 3543 1940 3596 aerumna?
1969 3539 2175 3596 Sufficit

567 3647 772 3690 tantum
805 3637 966 3699 velle,
998 3645 1052 3690 ct
1080 3645 1251 3690 totum
1281 3635 1471 3689 factum
1495 3644 1594 3690 est.
1627 3635 1681 3689 Si
1725 3650 1852 3690 vero
1881 3646 2173 3688 consuetu-

567 3730 750 3785 dinem
789 3730 923 3784 mibi
956 3728 1201 3798 objicias,
1232 3728 1303 3783 ob
1346 3727 1447 3781 hoc
1475 3728 1646 3797 ipsum
1689 3727 1922 3780 maxime
1948 3727 2069 3781 dico
2097 3727 2172 3780 fa-

565 3823 720 3877 cilem
770 3837 892 3877 esse
921 3818 1383 3877 emendationem.
1417 3819 1547 3872 Nam
1591 3818 1635 3872 si
1665 3820 1715 3871 in
1761 3817 1917 3870 aliam
1949 3827 2000 3871 te
2039 3832 2170 3871 con-

565 3913 898 3968 suetudinem
944 3910 1257 3974 transferas,
1299 3910 1411 3979 jam
1439 3919 1606 3963 totum
1640 3906 1932 3979 perfecisti.
1984 3907 2168 3978 Cogita

563 4009 706 4064 enim
739 4005 936 4060 multos
963 4003 1102 4077 apud
1124 4004 1347 4075 gentiles
1370 4017 1514 4068 esse,
1537 4001 1626 4071 qui
1651 3998 1788 4055 balbi
1816 4015 1936 4055 cum
1965 4009 2167 4067 essent,

566 4101 734 4157 multo
762 4099 937 4153 studio
968 4096 1325 4152 otl’endentem
1353 4096 1586 4164 linguam
1615 4103 2001 4156 correxerunt;
2033 4093 2168 4147 alios

565 4197 654 4264 qui
693 4209 812 4249 cum
867 4193 1119 4248 luuncros
1151 4190 1461 4260 frequenter
1489 4197 1544 4242 ct
1574 4187 1881 4242 indecenter
1907 4186 2170 4256 agitarent

568 4294 954 4352 moverentque
979 4324 992 4340 .
1023 4283 1265 4351 apposito
1295 4281 1508 4350 gladio,
1537 4272 1730 4333 dehinc
1757 4278 1825 4332 ab
1875 4277 1976 4331 hoc
2001 4276 2165 4332 absti-

567 4387 816 4432 nuerunt.
840 4376 973 4444 Quia
1009 4376 1150 4429 enim
1181 4371 1472 4441 Scripturis
1501 4387 1606 4424 non
1635 4370 2014 4438 obtemperatis
2038 4410 2053 4432 ,
2099 4369 2167 4422 ah

565 4482 909 4524 externorum
941 4465 1199 4533 exemplis
1225 4480 1320 4518 vos
1345 4463 1635 4517 admonere
1659 4477 1842 4531 cogor.
1868 4459 1979 4515 Hoc
1999 4461 2161 4515 etiam

565 4563 706 4617 Deus
731 4555 934 4616 Judaais
961 4558 1187 4612 faciebat
1217 4557 1300 4612 bis
1320 4557 1498 4612 verbis
1526 4575 1538 4610 :
1567 4554 1711 4610 Abite
1751 4555 1802 4608 in
1830 4555 2024 4609 insulas
2045 4555 2163 4608 Clie-

563 4657 694 4719 tiim,
723 4664 770 4708 et
798 4653 848 4707 in
891 4651 1054 4706 Cedar
1075 4647 1252 4702 mittite
1273 4666 1292 4703 :
1321 4659 1366 4703 et
1395 4648 1570 4702 discite
1594 4649 1637 4701 si
1669 4646 1968 4700 nmtaverint
1993 4657 2163 4716 gentes

563 4752 684 4805 deos
709 4764 829 4802 suos
858 4763 878 4800 :
905 4757 948 4799 et
977 4743 1075 4815 ipsi
1101 4761 1198 4796 non
1243 4752 1360 4795 sunt
1407 4742 1476 4794 dii
1507 4738 1654 4810 (Jer.
1684 4739 1738 4793 2.
1771 4738 1858 4794 10.
1887 4739 1946 4792 ‘ll
1975 4738 2014 4808 ).
2050 4736 2160 4790 Imo

563 4841 628 4896 ad
658 4839 1041 4895 irrationabilia
1069 4851 1212 4906 saepe
1241 4835 1436 4897 mittit,
1471 4833 1656 4887 dicens
1689 4850 1703 4887 :
1749 4829 1886 4883 Vade
1935 4830 2004 4882 od
2049 4829 2157 4898 for-

566 4933 770 4993 micam,
800 4930 961 4999 piger,
989 4937 1038 4982 et
1076 4925 1319 4981 tumulare
1361 4924 1466 4977 vias
1495 4923 1626 4993 ejus,
1655 4931 1701 4975 et
1743 4919 1869 4973 vade
1907 4919 1974 4971 ad
2011 4935 2158 4986 apem

563 5022 580 5089 ί
608 5021 758 5074 Prov.
785 5019 839 5074 6.
871 5019 962 5088 6).
1017 5018 1127 5072 lloc
1176 5019 1353 5085 itaque
1379 5023 1434 5068 ct
1481 5027 1580 5083 ego
1607 5026 1750 5067 nunc
1793 5010 1945 5064 vobis
1991 5008 2108 5063 dico
2142 5025 2156 5062 :

563 5109 913 5163 Considerate
951 5107 1258 5164 Grzrcorum
1307 5103 1673 5175 philosoiihos,
1717 5111 1772 5156 et
1821 5112 1942 5156 tunc
1977 5099 2157 5154 scietis

562 5210 764 5273 quanto
804 5201 908 5254 sint
936 5199 1079 5266 digni
1109 5199 1374 5269 supplicio
1403 5198 1436 5250 ii
1459 5196 1548 5267 qui
1579 5194 1788 5249 divinas
1812 5192 1958 5264 leges
1985 5203 2155 5246 trans-

562 5292 879 5362 grediuntur
909 5307 922 5344 :
954 5305 1072 5344 eum
1119 5289 1191 5343 illi
1247 5305 1342 5359 pro
1371 5287 1599 5341 humana
1632 5286 1733 5339 hac
1771 5283 2050 5337 honestate
2077 5284 2155 5337 la-

562 5385 724 5440 bores
749 5384 1060 5438 innumeros
1086 5381 1422 5450 pertulerint,
1456 5395 1552 5432 vos
1577 5393 1705 5432 vero
1727 5392 1794 5430 ne
1817 5391 1912 5444 pro
1932 5373 2158 5429 ctelesti-

565 5477 663 5531 bus
688 5475 904 5546 quidem
925 5472 1080 5526 bonis
1099 5472 1114 5502 ⁸
1137 5486 1315 5539 parem
1332 5469 1588 5524 exhibere
1609 5467 1937 5536 diligentiam
1959 5465 2152 5518 velitis.

563 5567 618 5623 Si
674 5582 834 5636 porro
881 5572 1002 5634 post
1065 5563 1178 5616 lure
1217 5561 1452 5625 dixeris,
1509 5574 1666 5628 posse
1713 5556 2154 5612 consuetudinem

559 5659 879 5729 intercipere
907 5661 1068 5714 etiam
1096 5658 1216 5710 illos
1240 5656 1330 5720 qui
1374 5655 1661 5708 admodum
1713 5649 1814 5706 sibi
1853 5659 2070 5716 cavent,
2104 5651 2154 5704 id

560 5754 718 5808 etiam
748 5767 847 5820 ego
877 5750 1078 5812 fateor;
1111 5765 1275 5802 imum
1301 5747 1351 5800 id
1385 5747 1578 5816 adjicio
1607 5764 1618 5798 :
1646 5754 1700 5798 ut
1732 5743 1886 5798 facile
1912 5741 2158 5810 intercipi

631 5927 648 5956 ι
685 5922 799 5983 Alii,
820 5938 876 5972 ne
897 5938 993 5987 pro
1013 5926 1150 5980 cadis
1166 5923 1376 5984 quidem.

681 410 713 462 ὅ
1358 408 1413 463 S.
1453 405 1731 462 JUANNIS
1767 402 2241 461 CIIRYSUS'IOMI
2283 402 2600 460 ARCIIIEI’.
2645 404 3182 462 CONSTANTINOP.

3801 421 3900 474 :‘Jii

2309 528 2461 588 potes
2485 559 2500 582 ,
2537 515 2614 572 ita'
2646 516 2802 573 facile
2827 527 2980 589 potes
3012 529 3062 574 te
3087 520 3398 578 emendare.
3437 523 3493 580 Si
3535 525 3682 581 enim
3713 529 3908 584 multos

2309 611 2403 663 tibi
2425 611 2570 664 domi
2591 611 2842 666 custodes
2872 621 3096 679 statuas,
3129 627 3343 669 servum
3365 616 3634 683 videlicet,
3659 634 3904 681 uxorem,

2305 705 2556 771 amicum,
2587 705 2655 759 ab
2683 705 2932 760 omnibus
2965 709 3148 776 pulsus
3177 717 3336 779 atque
3383 713 3648 782 agitatus,
3697 713 3852 770 facile
3877 733 3906 769 a

2308 810 2471 864 prava
2523 797 2908 852 consuetudine
2935 797 3186 852 absisles.
3234 800 3289 854 Si
3322 815 3417 870 per
3460 803 3647 858 decem
3694 805 3816 859 dies
3839 807 3906 861 ita

2303 885 2509 953 agendo
2557 902 2902 955 perseveres,
2953 903 3056 942 non
3110 891 3215 945 erit
3265 891 3604 950 diuturniore
3662 904 3907 966 tempore

2303 991 2470 1046 Opus;
2494 978 2587 1032 sed
2620 978 2709 1031 tibi
2741 994 2826 1033 res
2869 981 2920 1032 in
2968 990 3080 1032 tuto
3111 982 3280 1051 posita
3311 985 3414 1037 erit
3438 1027 3452 1048 ,
3495 988 3904 1042 consuetudinis

2302 1067 2518 1136 Optimze
2542 1067 2790 1123 firmitate
2809 1069 2920 1138 jam
2945 1071 3149 1126 radices
3182 1072 3450 1130 mittente.
3478 1076 3608 1130 Cum
3638 1090 3772 1147 ergo
3792 1093 3905 1134 cm-

2302 1159 2447 1227 peris
2475 1159 2524 1212 id
2555 1161 2848 1230 corrigere,
2880 1163 3088 1216 etiamsi
3121 1164 3288 1218 semel
3316 1173 3407 1219 aut
3427 1166 3508 1221 bis
3525 1166 3698 1238 legem
3731 1180 3901 1224 trans-

2305 1251 2586 1320 grediaris,
2618 1253 2827 1306 etiamsi
2861 1262 2941 1306 ter
2969 1254 3335 1326 vigesiesquc,
3365 1245 3432 1311 ne
3477 1257 3738 1328 desperes
3771 1264 3897 1316 :sed

2300 1360 2537 1414 resurgo,
2583 1345 2936 1416 eamdemque
2960 1363 3144 1402 curam
3170 1349 3402 1420 suscipe,
3437 1351 3702 1423 planeque
3730 1368 3890 1424 supe-

2299 1437 2462 1492 rabis.
2496 1438 2675 1508 Neque
2700 1439 2841 1494 enim
2874 1441 2988 1496 leve
3007 1443 3204 1496 malum
3226 1453 3307 1498 est
3329 1444 3642 1514 perjurium.
3666 1446 3721 1503 Si
3753 1450 3893 1504 enim

2294 1530 2476 1600 jnrare
2503 1548 2531 1584 a
2575 1532 2717 1585 malo
2746 1544 2850 1595 εει,
2881 1534 3124 1603 pejerare
3153 1545 3354 1605 quanto
3381 1538 3642 1608 supplicio
3668 1542 3772 1595 erit
3798 1543 3893 1596 ob-

2299 1624 2550 1678 noxium?
2578 1623 2702 1679 lltec
2730 1624 2868 1679 dicta
2903 1625 3192 1680 laudastis?
3217 1627 3322 1682 Sed
3347 1629 3644 1699 plausibus,
3667 1633 3892 1687 tumultu

2295 1725 2348 1770 et
2374 1717 2551 1770 sooitu
2580 1731 2685 1770 non
2714 1731 2849 1786 opus
2879 1726 2958 1771 est
3003 1717 3156 1771 mihi.
3191 1717 3363 1773 Unum
3417 1720 3538 1774 volo
3575 1731 3808 1787 tantum,
3838 1734 3893 1779 ut

2294 1822 2416 1860 cum
2443 1807 2621 1876 quiete
2649 1816 2704 1862 et
2727 1807 2902 1878 sagaci
2927 1807 3223 1862 attentione
3253 1824 3370 1878 quae
3400 1809 3652 1866 dicuntur
3677 1813 3890 1869 audien-

2296 1904 2406 1961 tes,
2457 1894 2597 1951 dicta
2628 1898 3021 1967 exsequamini.
3068 1899 3179 1954 lloc
3224 1899 3352 1954 mihi
3383 1901 3602 1971 plausus
3638 1914 3698 1958 et
3727 1904 3886 1962 laudis

2293 1988 2413 2045 loco
2434 1999 2535 2044 est.
2560 1989 2615 2045 Si
2642 2006 2770 2047 vero
2791 2005 2854 2046 ea
2879 2007 2999 2061 qua:
3016 1991 3267 2047 dicuntur
3286 1993 3494 2063 audias,
3519 2005 3575 2050 et
3601 2012 3712 2052 non
3735 1997 3884 2054 facias

2291 2097 2351 2134 ea
2385 2098 2502 2152 qua:
2529 2082 2732 2149 laudas,
2765 2083 2938 2153 majus
2967 2084 3069 2137 crit
3112 2085 3451 2154 supplicium,
3498 2089 3714 2156 gravior
3734 2105 3882 2144 accu-

2292 2176 2430 2230 satio
2451 2219 2466 2239 .
2496 2176 2754 2246 nobisque
2780 2177 2951 2247 pudor
2977 2186 3031 2232 et
3059 2177 3256 2232 irrisio.
3294 2177 3409 2233 Non
3451 2183 3593 2234 enim
3625 2184 3878 2236 theatrum

2290 2279 2414 2323 sunt
2444 2269 2728 2332 b:rc,non
2765 2268 3032 2339 tragcedos
3085 2283 3226 2324 nunc
3283 2273 3557 2339 spectatis,
3614 2283 3674 2327 ut
3721 2275 3871 2329 solum

2290 2361 2572 2430 plaudatis.
2618 2359 2975 2429 Magisterium
3003 2370 3084 2415 est
3111 2358 3198 2415 hic
3223 2361 3516 2429 spirituale.
3544 2361 3869 2434 Quap:opt--r

2289 2468 2455 2506 unum
2483 2451 2717 2506 studium
2745 2460 2848 2517 est,
2878 2461 2933 2505 ut
2957 2467 3076 2522 qua:
3096 2452 3347 2506 dicuntur
3367 2467 3528 2521 apere
3548 2456 3876 2524 compleatis,

2289 2533 2353 2597 et
2399 2543 2767 2598 obedientiam
2815 2543 2981 2612 gestis
3028 2545 3482 2598 commonstretis.
3545 2545 3699 2601 Tune
3748 2549 3877 2602 enim

2287 2638 2465 2691 omnia
2491 2635 2766 2705 assequnti
2785 2636 2986 2690 erimus
3017 2653 3030 2688 :
3072 2645 3126 2689 at
3151 2651 3292 2690 nunc
3320 2651 3454 2706 pene
3481 2636 3778 2707 desperare
3797 2655 3878 2692 eo.

2285 2745 2400 2800 gor.
2431 2728 2562 2783 Nam
2584 2740 2637 2783 et
2664 2729 2908 2799 privatim
2937 2744 3033 2784 eos
3055 2770 3068 2792 ,
3101 2729 3188 2799 qni
3222 2743 3308 2783 me
3330 2740 3726 2798 convenerunt,
3773 2730 3879 2784 hac

2287 2836 2508 2876 monere
2539 2837 2644 2874 non
2689 2820 2915 2882 cessavi,
2947 2829 3002 2874 et
3033 2820 3181 2873 vobis
3219 2819 3272 2873 in
3301 2834 3586 2874 commune
3611 2821 3874 2891 loquutus,

2287 2913 2416 2968 nihil
2450 2925 2625 2968 tamen
2656 2912 2779 2966 hinc
2819 2911 3021 2966 fructus
3051 2913 3307 2966 hactenus
3341 2922 3650 2981 perceptum
3681 2914 3832 2967 video
3863 2932 3873 2965 :

2285 3006 2380 3062 sed
2404 3021 2497 3061 vos
2525 3005 2710 3075 primis
2723 3004 2898 3058 adhuc
2914 3003 3200 3060 clementis
3225 3003 3492 3059 luerentes
3513 3019 3677 3060 cerno
3701 3021 3717 3062 :
3739 3007 3875 3076 quod

2284 3111 2415 3152 sane
2443 3095 2734 3150 maximum
2788 3103 2967 3164 potest
3019 3093 3230 3149 docenti
3280 3093 3548 3148 fastidium
3600 3111 3875 3166 generare.

2285 3188 2419 3244 Vide
2441 3187 2598 3259 igitur
2617 3199 2669 3243 et
2684 3187 2907 3242 Paulum
2933 3186 2982 3241 id
3007 3186 3232 3241 moleste
3257 3185 3536 3251 ferentem,
3559 3186 3704 3257 quod
3732 3188 3876 3243 audi-

2285 3295 2427 3340 tores
2454 3283 2619 3336 multo
2639 3291 2882 3353 tempore
2910 3281 2959 3333 itt
2985 3279 3163 3350 priOre
3183 3279 3477 3349 disciplinae
3505 3279 3670 3350 gradu
3695 3295 3874 3337 mane-

2283 3385 2420 3430 rent.
2457 3371 2593 3427 Num
2618 3391 2730 3426 cum
2752 3371 3025 3436 deberetis,
3055 3371 3251 3441 inquit,
3281 3372 3510 3442 magistri
3542 3388 3650 3425 csse
3675 3384 3877 3444 propter

2281 3477 2507 3536 tempus,
2553 3481 2756 3520 rursum
2802 3463 3038 3535 indigetis
3067 3473 3122 3517 ut
3143 3463 3425 3517 doreamini
3449 3465 3489 3521 ί.
3510 3480 3748 3531 quamam
3776 3469 3876 3521 ele-

2279 3570 2449 3611 menta
2464 3556 2562 3610 sint
2581 3555 2819 3628 principii
2843 3555 3088 3608 sermonis
3112 3553 3207 3606 Dei
3230 3551 3416 3623 (Hebr.
3446 3553 3499 3608 5.
3530 3554 3648 3624 12).
3671 3554 3798 3611 Ideo
3818 3569 3870 3612 et

2280 3668 2380 3706 nos
2397 3654 2638 3721 lugemus
2653 3659 2706 3704 et
2720 3648 3038 3720 plangimus.
3067 3647 3145 3702 Ae
3165 3646 3211 3701 si
3235 3657 3644 3716 perseverantes
3675 3663 3775 3702 vos
3796 3650 3872 3704 vi-

2278 3746 2431 3812 dero,
2454 3759 2548 3798 vos
2565 3743 2780 3798 demum
2798 3755 3073 3795 sacrorum
3097 3737 3338 3792 liminum
3360 3739 3504 3792 aditu
3528 3739 3865 3806 iutcrdicam,

2279 3852 2378 3891 nec
2427 3852 2531 3888 non
2577 3832 2981 3904 participatione
3019 3831 3396 3885 immortalium
3454 3832 3871 3902 mysteriorum,

2277 3926 2725 4000 quemadmodum
2751 3923 3124 3991 fornicatores,
3155 3921 3452 3989 adulteros,
3479 3935 3531 3977 et
3561 3937 3656 3978 eos
3685 3928 3782 3995 qui
3809 3925 3871 3978 de

2275 4019 2511 4075 cwdibus
2534 4027 2872 4072 accusantur.
2915 4013 3103 4071 Melius
3127 4029 3355 4084 namque
3385 4024 3466 4068 est
3497 4028 3617 4068 eum
3664 4015 3873 4071 duohm

2275 4112 2358 4168 vel
2392 4111 2560 4165 tribus
2601 4110 2744 4178 leges
2795 4107 2885 4161 Dei
2932 4104 3340 4161 observantibus
3360 4113 3646 4160 consuetas
3677 4108 3872 4162 afferre

2276 4220 2484 4276 preces,
2532 4218 2690 4273 quam
2728 4212 2926 4254 aetum
2971 4211 3296 4267 congregare
3329 4196 3734 4266 improborum,
3783 4199 3871 4269 qui

2273 4309 2496 4354 cancros
2521 4298 2892 4363 corrumpunt.
2931 4289 3012 4346 Ne
3036 4291 3155 4361 quis
3177 4289 3348 4353 dives,
3376 4305 3442 4344 ne
3471 4290 3590 4359 quis
3614 4304 3646 4344 e
3669 4291 3870 4360 primo-

2273 4391 2420 4445 ribus
2444 4389 2676 4450 inlietur,
2707 4386 2787 4439 vel
2820 4383 3103 4454 supercilia
3128 4381 3358 4436 attollat.
3387 4380 3508 4438 Haec
3529 4381 3710 4434 omnia
3744 4382 3872 4438 mihi

2273 4482 2446 4536 fabula
2477 4490 2620 4544 sunt,
2655 4477 2839 4532 umbra
2868 4485 2922 4531 et
2949 4475 3241 4531 somnium.
3268 4471 3457 4528 Nullus
3481 4474 3626 4528 enim
3651 4489 3867 4536 eorum,

2270 4575 2356 4643 qui
2392 4587 2531 4626 nunc
2558 4567 2921 4640 opulentiores
2943 4578 3087 4632 sunt,
3110 4565 3238 4620 mihi
3264 4576 3389 4619 tunc
3416 4565 3859 4634 patrocinabitur,

2269 4683 2388 4719 cum
2417 4668 2710 4718 accusabor
2739 4673 2792 4716 et
2813 4661 3051 4716 rationes
3073 4658 3202 4714 dare
3227 4672 3409 4728 cogar,
3438 4657 3579 4728 quod
3610 4672 3718 4712 non
3748 4674 3867 4714 cum

2269 4759 2448 4814 debita
2477 4758 2813 4812 vehementia
2843 4756 2986 4826 leges
3010 4753 3103 4809 Dei
3132 4753 3534 4807 vindicaverim.
3559 4752 3670 4807 Hoc
3696 4755 3865 4820 enim,

2269 4853 2370 4907 hoc
2398 4863 2547 4907 certe
2567 4849 2939 4905 admiraudmn
2972 4847 3120 4901 illum
3150 4861 3332 4900 senem
3360 4887 3375 4912 ,
3407 4844 3522 4900 Heli
3553 4845 3700 4909 dico,
3744 4863 3867 4916 per-

2265 4946 2422 5011 didit,
2449 4945 2548 5000 etsi
2579 4940 3104 5011 irreprchensibilem
3131 4937 3356 4992 duxerat
3383 4939 3544 4991 vitam
3577 4957 3588 4991 :
3624 4945 3866 4993 attamen

2265 5041 2410 5111 quia,
2441 5053 2562 5091 cum
2591 5036 2930 5090 conculcatas
2975 5031 3070 5086 Dei
3099 5030 3244 5100 leges
3268 5029 3493 5095 videret,
3522 5029 3572 5082 id
3603 5029 3864 5099 neglexit,

2265 5150 2386 5186 cum
2417 5132 2540 5185 ﬁliis
2561 5127 2778 5200 punitus
2809 5133 2912 5190 est,
2961 5133 3016 5178 et
3052 5137 3213 5192 grave
3241 5121 3561 5191 supplicium
3589 5121 3782 5175 Subiit.
3813 5120 3863 5174 Si

2263 5235 2442 5281 autem
2470 5223 2558 5278 ubi
2593 5230 2737 5276 tanta
2775 5227 2980 5272 natura;
3024 5215 3269 5287 tyrannis
3295 5222 3449 5279 erat,
3499 5215 3572 5277 is,
3615 5213 3705 5283 qui
3763 5231 3862 5268 nou

2263 5318 2440 5373 debita
2491 5313 2776 5369 severitate
2811 5324 2932 5365 cum
2966 5308 3088 5361 filiis
3129 5305 3239 5360 suis
3283 5314 3366 5360 est
3390 5319 3543 5370 usus,
3573 5305 3642 5358 ita
3669 5319 3863 5374 graves

2261 5410 2408 5465 dedit
2434 5420 2642 5478 poenas,
2673 5419 2774 5474 qua
2805 5417 2903 5457 nos
2929 5399 3082 5456 venia
3126 5398 3445 5453 donabimur
3469 5397 3537 5452 ab
3565 5397 3652 5451 illa
3681 5408 3861 5469 tyran-

2263 5503 2386 5558 nide
2415 5499 2643 5563 liberati,
2675 5497 2762 5566 qui
2807 5504 2984 5550 tamen
3011 5493 3188 5546 omnia
3216 5492 3524 5546 adulatione
3553 5495 3857 5562 corrumpi-

2262 5594 2417 5652 mus?
2444 5593 2522 5648 Ne
2560 5591 2739 5659 itaque
2767 5598 2822 5642 et
2867 5601 2966 5642 nos
2990 5595 3044 5640 et
3067 5599 3161 5639 vos
3188 5587 3331 5654 ipsos
3361 5584 3616 5652 pet-datis,
3644 5583 3832 5638 obtem

2262 5695 2476 5759 perate,
2504 5683 2733 5740 obsecro
2761 5721 2774 5745 ,
2807 5688 2864 5734 ut
2891 5680 3200 5732 innumeros
3231 5674 3382 5728 vobis
3406 5675 3784 5742 exploratores
3813 5688 3856 5727 rt

2261 5780 2556 5837 munitores
2598 5775 3002 5836 consdtueutes,
3056 5787 3083 5822 a
3108 5770 3533 5839 jumm-ntorum
3565 5780 3856 5824 CORSIIC’HI—

2326 5912 2348 5940 ι
2383 5905 2497 5965 Alii,
2523 5913 2720 5953 rursum
2743 5895 2968 5964 indigetis
2992 5902 3223 5958 tempore,
3243 5899 3291 5944 ut
3314 5888 3602 5942 (fateamini.
