4052 6466
258 374 365 432 265

256 495 388 549 diue
435 468 759 552 liberet-sini,
805 501 860 561 ut
904 491 1030 546 hinc
1080 500 1385 561 pergentes,
1436 491 1595 545 aliain
1637 506 1851 559 quoque

258 591 512 640 vu‘ttttent
530 600 659 639 cum
681 585 933 639 facilitate
959 598 1148 655 magna
1192 583 1494 653 impleatis,
1554 592 1610 636 et
1657 582 1851 636 futuris

258 676 511 732 fruamini
542 674 699 731 bonis
729 691 885 746 :qutc
941 691 1039 731 nos
1067 690 1256 730 omnes
1295 675 1508 746 assequi
1539 675 1848 744 contingat,

1382 371 1447 426 tu
1485 369 1892 426 ιιΑττηΑεωι
1930 342 2156 425 notua.
2206 370 2386 427 X't'ltf.

3467 378 3577 430 eos

1958 488 2131 553 gratia
2160 502 2210 545 et
2240 490 2608 547 misericordia
2638 490 2846 548 Domini
2876 495 3040 549 nostri
3068 494 3195 552 Jcsu
3224 497 3443 564 Christi.
3476 507 3563 559 cui

1959 582 2135 651 gloria
2153 591 2209 637 ct
2235 583 2516 651 imperium
2541 599 2682 638 nunc
2700 594 2756 640 et
2783 599 3030 655 semper,
3065 598 3118 643 et
3151 588 3205 642 in
3231 591 3426 646 amcitia
3466 612 3569 650 ste-

1959 673 2224 727 culortun.
2262 675 2454 729 Anien.

3468 821 3538 828 -ι

1612 879 1962 942 HOMILIA
2004 830 2239 941 Xvnt.

258 1036 384 1090 Car.
412 1035 465 1089 5.
509 1051 561 1088 v.
585 1034 676 1090 58.
720 1034 946 1087 Audistis
984 1033 1105 1104 quia
1147 1030 1338 1084 dictum
1375 1040 1447 1084 est
1471 1046 1487 1083 :
1513 1027 1849 1096 Oculnmpro

324 1126 505 1192 oculo,
528 1134 579 1180 et
604 1124 804 1179 dentem
830 1140 923 1194 pro
950 1123 1120 1177 dente.
1151 1123 1239 1177 59.
1283 1119 1396 1192 Ego
1429 1130 1599 1173 autent
1625 1119 1739 1172 dico
1760 1132 1849 1170 vo-

325 1219 400 1273 bis
417 1259 433 1280 ,
475 1234 576 1271 non
619 1218 850 1271 resistere
899 1216 1033 1269 malo
1058 1215 1184 1269 :sed
1204 1217 1246 1268 si
1273 1214 1386 1285 quis
1413 1213 1710 1280 percusserit
1733 1211 1850 1264 tein

325 1310 587 1364 dexteram
625 1309 889 1363 maxillam
908 1348 924 1371 ,
958 1306 1127 1377 praebe
1146 1307 1195 1359 ei
1215 1315 1261 1360 et
1290 1307 1528 1360 alterum.
1549 1305 1640 1359 ω.
1670 1303 1736 1358 Et
1761 1319 1851 1357 ro-

326 1401 450 1456 lenti
488 1410 654 1456 tecum
690 1401 743 1453 in
775 1400 976 1471 judicio
1000 1398 1332 1462 contendere,
1370 1406 1417 1452 et
1458 1397 1680 1451 tunicam
1709 1406 1847 1449 tuum

322 1492 532 1557 tollere,
555 1490 754 1545 dimitte
782 1491 828 1545 ei
853 1500 903 1544 et
930 1489 1164 1560 pallium.

326 1586 376 1638 l.
422 1584 559 1649 Quid
570 1582 821 1654 signiﬁcet
842 1581 1026 1637 oculus
1038 1580 1393 1636 scandalizat“
1411 1621 1428 1646 ,
1450 1596 1596 1650 quem
1619 1578 1846 1633 Christus

254 1678 392 1744 jubet
419 1676 549 1730 erui.
590 1673 695 1730 Cur
717 1683 969 1743 precepts
995 1673 1120 1744 legis
1147 1673 1324 1728 ueteris
1357 1689 1460 1728 non
1500 1673 1573 1726 ita
1609 1670 1845 1726 sublimia

255 1776 434 1822 essent.
461 1796 532 1807 —-
561 1766 722 1822 Vides
754 1781 879 1822 eum
910 1780 1018 1821 non
1066 1765 1136 1822 de
1180 1765 1340 1821 oculo
1389 1766 1565 1834 priora
1606 1764 1840 1828 dixisse,

249 1874 372 1913 cum
415 1857 632 1928 juberet
671 1859 893 1913 oculum-
943 1873 1136 1913 crucre
1182 1858 1273 1929 qui
1326 1857 1480 1912 nobis
1521 1855 1842 1912 oll‘endiculo

249 1962 416 2014 esset,
448 1952 540 2006 sed
563 1951 628 2005 de
654 1967 719 2006 eo
738 1951 828 2022 qui
857 1965 952 2020 per
970 1950 1260 2004 amicitiam
1297 1964 1395 2003 uos
1424 1948 1675 2012 laederet,
1708 1957 1761 2003 et
1789 1948 1840 2001 in

253 2042 506 2111 perniciei
549 2041 858 2097 barathrum
899 2040 1229 2111 conjiceret?
1260 2039 1390 2094 Nam
1435 2040 1526 2109 qui
1579 2047 1721 2092 tanta
1754 2037 1841 2091 hic

253 2134 548 2208 hyperbole
572 2135 761 2198 utitur,
792 2150 965 2204 neque
1003 2133 1245 2197 alterius,
1291 2133 1381 2203 qui
1431 2132 1584 2187 nobis
1623 2131 1839 2186 oculum

246 2228 510 2293 eruis5et,
557 2227 776 2283 oculum
815 2242 1007 2283 eruere
1062 2226 1332 2297 permitti,
1381 2224 1652 2296 tummodo
1680 2240 1839 2280 suum

244 2333 441 2376 eruere
484 2318 601 2390 lege
641 2318 949 2375 sanxisset?
982 2318 1137 2386 Quod
1167 2320 1212 2375 si
1243 2319 1362 2390 quis
1387 2330 1623 2374 veterem
1658 2318 1827 2373 redar-

246 2422 377 2484 guat
407 2413 614 2485 legem,
662 2430 783 2484 qua:
819 2413 1007 2484 jubeat
1046 2430 1106 2469 se
1129 2414 1200 2469 ita
1229 2413 1449 2477 ulcisci,
1482 2413 1535 2468 is.
1550 2411 1838 2468 admodum

245 2506 379 2561 mihi
421 2505 634 2562 videtur
686 2507 999 2576 sapientiam
1021 2548 1040 2572 ,
1080 2522 1202 2576 qua:
1247 2506 1602 2576 lcgislatorem
1646 2505 1835 2568 decet,

244 2597 497 2666 ignorare
520 2640 537 2664 ,
572 2612 782 2654 necnon
830 2606 1131 2665 temporum
1172 2598 1437 2652 rationein
1468 2607 1523 2652 et
1553 2596 1833 2668 indulgen-

247 2677 336 2744 tia:
364 2690 673 2746 utilitatem.
707 2690 763 2745 Si
797 2690 1119 2761 cogitaveris
1158 2692 1302 2747 enim
1325 2733 1340 2757 ,
1390 2692 1607 2762 quinam
1654 2700 1837 2747 essent

245 2783 278 2837 ii
305 2782 399 2852 qui
426 2782 548 2837 talia
572 2781 859 2847 audirent,
884 2782 1156 2852 quomodo
1180 2782 1354 2838 affecti
1374 2825 1388 2847 ,
1411 2792 1464 2837 et
1490 2782 1706 2853 quando
1741 2784 1836 2836 hos

246 2874 395 2944 leges
426 2874 750 2945 acceperint,
792 2874 1112 2946 legislatoris
1131 2875 1446 2945 sapientiam
1474 2874 1697 2928 multum
1724 2874 1810 2928 lau

208 2967 427 3043 dabis,
477 2966 788 3038 videbisque
833 2983 997 3022 unum
1036 2976 1092 3024 et
1127 2968 1374 3023 eumdem
1418 2981 1538 3024 esse
1577 2968 1667 3039 qui
1722 2967 1831 3022 hare

244 3068 302 3116 et
347 3060 438 3115 illa
478 3060 759 3126 statuerit,
806 3070 864 3115 et
906 3058 1065 3114 valde
1092 3060 1294 3114 utiliter
1324 3069 1582 3129 utraque,
1615 3075 1679 3114 ac
1706 3074 1828 3114 con-

241 3153 454 3222 gruenti
500 3161 744 3222 tempore
782 3152 1078 3221 scripserit.
1109 3151 1245 3206 Nam
1266 3153 1321 3206 si
1341 3152 1409 3207 ab
1436 3152 1590 3207 initio
1621 3152 1736 3207 haec
1757 3151 1833 3208 sic

240 3244 351 3299 alta
382 3254 437 3299 ct
459 3243 707 3300 sublimia
741 3255 1008 3315 praecepta
1053 3245 1321 3300 intulisset
1338 3285 1371 3314 ,-
1399 3260 1573 3315 neque
1602 3245 1717 3301 haec
1741 3262 1833 3300 ne-

241 3351 348 3407 que
372 3336 464 3391 illa
489 3337 855 3408 recepissent;
888 3337 1002 3407 jam
1030 3353 1160 3393 vero
1183 3352 1308 3393 cum
1336 3346 1643 3407 opportuno
1682 3346 1828 3392 utra-

242 3448 347 3501 que
389 3440 636 3500 tempore
677 3429 964 3495 statuerit,
1014 3444 1109 3499 per
1148 3438 1374 3500 utraque
1426 3437 1593 3483 toturn
1646 3429 1831 3483 orbem

244 3524 504 3580 correxit.
544 3522 796 3593 Alioquin
836 3531 1020 3577 autem
1065 3520 1181 3577 ham
1204 3521 1399 3588 jussit,
1434 3535 1540 3574 non
1566 3528 1627 3574 ut
1647 3528 1836 3574 mutuo

246 3616 406 3672 nobis
450 3614 639 3670 oculos
679 3628 932 3670 eruamus
951 3655 967 3681 ,
997 3613 1091 3668 sed
1122 3622 1179 3668 ut
1206 3612 1385 3683 potius
1403 3626 1597 3667 manus
1624 3621 1835 3667 nostras

240 3708 632 3764 contineamus.
660 3706 792 3762 Nam
818 3705 1181 3778 rependendze
1207 3706 1340 3760 vicis
1365 3704 1835 3761 comminatioim-

241 3812 427 3872 petum
469 3798 762 3856 inferenda:
793 3798 1005 3870 injuria:
1031 3798 1294 3854 coercuit.
1326 3798 1501 3867 Atque
1532 3798 1603 3852 ita
1631 3797 1833 3852 sensim

240 3895 467 3951 multam
513 3893 831 3949 disseminat
880 3892 1271 3962 philosophiam
1316 3910 1332 3948 :
1383 3891 1597 3961 quando
1648 3892 1833 3946 laesum

240 4001 425 4057 parem
469 3984 768 4056 rependere
812 3985 982 4040 vicem
1026 3984 1221 4053 jubet;
1274 3998 1596 4054 quamquam
1628 3983 1833 4053 majore

242 4079 435 4149 dignus
465 4086 581 4134 erat
619 4078 882 4148 supplicio
920 4077 967 4132 is
1009 4093 1039 4132 a
1079 4093 1185 4148 quo
1223 4075 1477 4146 iniquitas
1528 4076 1831 4145 hujustnodi

243 4170 475 4241 cepisset
496 4169 776 4224 exordium
804 4186 820 4224 :
846 4167 979 4223 illud
1006 4168 1150 4224 enim
1183 4167 1453 4236 aequitatis
1482 4166 1623 4221 ratio
1645 4176 1830 4235 postu-

245 4260 411 4316 labat.
440 4259 546 4317 Sed
576 4260 699 4331 quia
725 4258 1110 4331 benignitatem
1148 4257 1362 4312 volebat
1390 4257 1602 4327 justitia
1628 4266 1837 4328 tempe-

244 4370 402 4419 rare,
435 4369 591 4415 eum,
635 4353 728 4424 qui
757 4354 992 4425 iniquius
1019 4368 1078 4409 se
1100 4360 1376 4424 gesserat,
1406 4351 1630 4416 minori,
1672 4366 1833 4421 quam

244 4445 572 4510 merebatur,
602 4443 824 4499 damnat
849 4444 1148 4514 supplicio,
1182 4442 1387 4499 docens
1410 4451 1468 4498 ut
1495 4442 1548 4497 in
1579 4442 1834 4513 patiendo

246 4554 495 4611 magnam
516 4552 797 4594 servemus
820 4537 1267 4593 moderationem.
1290 4535 1423 4592 Cum
1447 4550 1579 4607 ergo
1599 4536 1833 4606 priorem

242 4630 417 4701 legem
451 4630 792 4701 pretulisset,
824 4628 1079 4699 illamque
1118 4636 1285 4683 totam
1320 4626 1567 4697 legisset,
1600 4625 1836 4681 ostendit

244 4732 435 4795 postea
480 4738 589 4777 non
627 4720 849 4776 fratrem
874 4735 996 4776 esse
1032 4720 1122 4790 qui
1165 4719 1287 4774 talia
1335 4718 1658 4788 perpetravit
1681 4759 1696 4783 ,
1736 4716 1834 4772 sed

250 4814 539 4885 maligmun
554 4854 570 4876 ,
596 4812 823 4883 ideoque
847 4810 1159 4881 subjunxit:
1189 4809 1300 4879 Ego
1320 4818 1492 4864 autem
1519 4809 1633 4863 dico
1659 4807 1796 4863 vobis
1816 4849 1832 4873 ,

249 4924 353 4961 non
383 4906 616 4960 resistere
651 4903 808 4959 malo.
847 4901 968 4957 Non
1011 4902 1179 4964 dixit,
1210 4900 1328 4956 Non
1359 4900 1614 4955 resistere
1642 4898 1791 4954 fratri
1819 4916 1832 4951 :

249 4998 375 5063 sed,
403 4995 548 5051 Helo
568 5038 584 5063 ,
613 4993 907 5049 ostendens
934 4992 1025 5047 illo
1051 4992 1338 5061 instigante
1360 4991 1482 5046 talia
1513 4990 1832 5060 perpetrari,

249 5103 415 5162 atque
434 5089 517 5146 sic
545 5104 789 5160 magnam
811 5089 906 5143 irae
934 5095 1136 5157 partem
1157 5085 1419 5140 adversus
1435 5100 1557 5140 eum
1584 5083 1671 5153 qui
1699 5083 1748 5137 in
1750 5085 1835 5151 ju-

250 5186 388 5241 riam
436 5180 613 5238 intulit
650 5187 970 5249 conceptam
1006 5176 1204 5232 sedans
1247 5185 1303 5230 et
1344 5174 1659 5239 succidens,
1715 5188 1837 5227 eum

252 5293 473 5336 causam
503 5276 558 5331 in
584 5274 814 5330 alterum
842 5270 1116 5326 transfert.
1142 5267 1279 5336 Quid
1305 5268 1502 5339 igitur?
1529 5281 1707 5321 annon
1738 5264 1836 5319 tle-

250 5371 475 5434 betnus,
523 5365 762 5437 inquies,
806 5362 1059 5418 resistere
1095 5358 1272 5415 malo?
1314 5358 1567 5423 Dehetis,
1605 5356 1700 5412 sed
1731 5373 1839 5412 non

254 5464 361 5520 hoc
385 5462 546 5518 modo
570 5473 792 5520 :verum
815 5465 877 5511 ut
897 5458 1012 5526 ipse
1041 5454 1331 5525 praecepit:
1357 5461 1419 5507 ut
1440 5449 1646 5507 scilicet
1669 5451 1838 5520 parati

254 5558 424 5613 simus
452 5555 519 5611 ad
560 5550 894 5622 recipiendas
924 5549 1178 5620 injurias;
1202 5547 1281 5602 sic
1316 5548 1460 5602 enim
1491 5546 1641 5600 illum
1684 5560 1842 5614 supe-

252 5650 418 5707 rsbis.
439 5647 629 5716 Neque
666 5645 812 5700 enim
839 5645 962 5714 igne
987 5641 1123 5711 ignis
1157 5641 1535 5710 exstinguitur,
1559 5625 1653 5694 sed
1680 5653 1839 5707 aqua.

253 5742 323 5800 Ut
346 5750 525 5798 sinem
547 5739 747 5800 discas,
768 5736 929 5792 etiam
960 5735 1014 5789 in
1042 5733 1207 5790 veteri
1235 5734 1352 5803 lege
1367 5747 1491 5788 eum
1517 5731 1606 5801 qui
1632 5739 1843 5801 patere-

234 5844 339 5903 ,tur
389 5834 616 5897 vicisse,
645 5836 1069 5895 coronatumque
1107 5824 1304 5891 fuisse,
1348 5823 1400 5881 id
1438 5822 1721 5893 diligenter
1746 5837 1841 5878 cx-

1964 1025 2145 1094 plora,
2174 1035 2229 1077 (-t
2255 1025 2461 1080 videbis
2485 1042 2605 1078 cum
2640 1026 2797 1095 longe
2826 1024 3100 1080 anteferri.
3132 1026 3263 1080 Nam
3288 1028 3380 1097 qui
3413 1028 3507 1097 ιιι-ί(
3533 1045 3561 1082 r

1961 1133 2150 1172 manus
2194 1118 2405 1189 iniquas
2445 1119 2659 1184 intulit,
2707 1120 2842 1174 duos
2871 1120 2986 1188 ipse
3014 1120 3201 1175 oculos
3226 1121 3434 1177 eruisse
3458 1120 3555 1175 tle-

1964 1208 2338 1278 prehenditur,
2366 1219 2419 1264 ct
2443 1210 2670 1279 proximi
2698 1211 2780 1265 sui
2809 1222 2863 1265 et
2884 1228 3063 1266 suum.
3095 1211 3326 1283 Ideoque
3345 1212 3468 1282 jure
3490 1214 3558 1266 ah

1957 1303 2206 1357 omnibus
2246 1303 2373 1358 odio
2411 1303 2659 1372 habetur,
2690 1316 2746 1359 et
2772 1305 2916 1359 mille
2943 1305 3412 1363 criminationibus
3451 1308 3555 1362 ini-

1958 1393 2178 1462 petitur.
2209 1394 2312 1462 Qui
2334 1410 2463 1451 vero
2494 1396 2654 1451 lzesus
2694 1407 2811 1462 cst,
2859 1405 3215 1467 praeterquam
3251 1397 3394 1473 quod
3436 1400 3554 1470 pari

1958 1500 2115 1553 paena
2150 1485 2473 1552 vindicatur,
2523 1486 2658 1542 nihil
2699 1486 2824 1542 mali
2861 1488 3060 1543 intulit.
3096 1488 3326 1560 Ideoque
3352 1491 3553 1545 multos

1955 1575 2118 1630 habet
2163 1590 2256 1630 seu
2299 1578 2772 1633 commiseratione
2816 1578 3086 1646 dolentes,
3118 1590 3301 1650 utpote
3334 1597 3500 1651 purus
3528 1625 3542 1648 ,

1952 1668 2164 1722 etiamsi
2204 1669 2335 1724 ultio
2369 1669 2506 1724 facta
2542 1672 2722 1726 fuerit.
2765 1670 3056 1728 Calatnitas
3088 1688 3182 1743 par
3202 1684 3284 1728 est
3307 1674 3358 1729 in
3383 1675 3546 1730 utris.-

1950 1775 2057 1827 que
2081 1801 2094 1821 ,
2147 1760 2317 1829 gloria
2357 1776 2487 1815 vero
2530 1776 2636 1816 non
2683 1778 2778 1832 par
2815 1762 2955 1832 apud
3000 1761 3166 1818 Deum
3197 1773 3251 1819 et
3277 1764 3547 1821 homines.

1949 1854 2290 1925 Quapropter
2328 1870 2504 1924 neque
2538 1855 2819 1911 calamitas
2845 1856 3099 1927 deinceps
3129 1872 3225 1927 par
3252 1865 3353 1912 est.
3388 1859 3544 1914 l‘rin-

1947 1946 2090 2016 ripio
2132 1948 2313 2017 itaque
2339 1947 2508 2012 dixit,
2541 1948 2641 2015 Qui
2666 1949 2905 2004 irascitur
2926 1950 3078 2021 fratri
3104 1966 3198 2005 suo
3227 1952 3337 2005 sine
3358 1969 3544 2019 causa,

1946 2051 1995 2094 et
2014 2041 2102 2111 qui
2125 2041 2273 2095 illum
2299 2041 2501 2110 fatuum
2532 2043 2784 2113 appellat,
2824 2060 2942 2099 reus
2983 2044 3080 2098 erit
3110 2044 3355 2115 gehennae
3378 2048 3546 2118 ignis,

1947 2132 2036 2190 hic
2064 2149 2194 2190 vero
2221 2134 2481 2205 majorem
2508 2136 2670 2191 etiam
2712 2137 2940 2209 requirit
2966 2136 3400 2208 philosophiam,
3437 2157 3566 2195 non.

1950 2227 2114 2283 modo
2139 2228 2420 2298 quiescere
2444 2228 2641 2298 jubcns
2666 2244 2794 2284 eum
2826 2230 2916 2300 qui
2948 2229 3073 2284 talia
3106 2231 3417 2300 passussit,
3450 2233 3563 2287 sed.

1946 2320 2109 2375 etiam
2135 2336 2256 2374 cum
2286 2321 2527 2376 credente
2565 2322 2751 2377 ollicio
2783 2332 3025 2388 certare,
3076 2322 3282 2392 ipsique
3315 2325 3542 2379 alteram

1952 2413 2225 2468 maxillam
2268 2413 2531 2484 prmbere.
2576 2414 2686 2469 Hoc
2731 2425 2911 2470 autem
2952 2415 3114 2479 dicit,
3164 2431 3270 2470 non
3314 2431 3411 2484 pro
3452 2418 3549 2471 illo

1948 2507 2154 2578 injuria:
2181 2523 2381 2579 genere
2409 2517 2616 2564 tantunt
2646 2510 2820 2581 legem
2862 2510 3042 2566 ferens
3063 2551 3076 2568 .
3124 2512 3217 2567 sed
3259 2511 3324 2567 ad
3377 2512 3545 2567 talem

1945 2600 2001 2655 in
2029 2601 2149 2657 aliis
2176 2602 2427 2658 omnibus
2449 2602 2791 2658 tolerantiam
2818 2617 2918 2659 nos
2945 2602 3251 2659 instituens.

2014 2691 2070 2746 2.
2113 2693 2343 2748 Christus
2366 2693 2503 2760 quod
2522 2693 2586 2748 de
2611 2693 2830 2765 colapho
2867 2695 2992 2749 dicit
3029 2697 3098 2749 ad
3133 2713 3333 2752 onmem
3355 2705 3538 2753 contn-

1944 2783 2148 2839 meliam
2178 2783 2420 2838 extendit.
2453 2784 2702 2839 Patiendo
2728 2788 2927 2840 vincere
2945 2796 3159 2856 Oportet.
3184 2816 3254 2827 —
3274 2788 3541 2856 Quemad-

1945 2875 2161 2931 modum
2186 2877 2330 2931 enitn
2358 2891 2479 2931 cum
2522 2877 2682 2942 dicit,
2732 2877 2833 2945 Qui
2871 2887 3012 2932 vocat
3050 2882 3261 2948 fratrem
3284 2884 3539 2951 etiamfa-

1944 2977 2120 3032 tuum,
2149 2980 2264 3020 reus
2288 2967 2380 3021 erit
2411 2967 2652 3040 geltennce
2673 2969 2805 3039 ignis
2826 3010 2842 3035 ,
2874 2984 2978 3023 non
3007 2968 3076 3024 de
3107 2968 3212 3024 hoc
3241 2985 3346 3024 uno
3373 2970 3540 3027 verbo

1944 3058 2047 3115 hoc
2070 3057 2232 3125 dicit,
2260 3057 2357 3114 sed
2377 3058 2446 3114 de
2466 3059 2706 3129 qualibet
2726 3060 3049 3115 contumelia
3076 3076 3092 3118 :
3123 3061 3190 3114 ita
3216 3060 3301 3116 hic
3326 3077 3539 3133 quoque

1945 3152 2120 3223 legem
2164 3153 2389 3219 statuit,
2425 3167 2530 3206 non
2560 3160 2767 3208 tantum
2796 3160 2863 3207 ut
2878 3154 3122 3224 colaphis
3147 3155 3271 3209 (εωεί
3293 3196 3309 3220 ,
3343 3156 3392 3209 id
3426 3156 3536 3210 for-

1944 3244 2067 3299 titer
2096 3244 2352 3309 feramus,
2382 3244 2479 3298 sed
2507 3254 2563 3298 ttt
2584 3245 2797 3314 quidvis
2827 3245 2972 3299 aliud
3001 3246 3297 3314 patientes,
3330 3263 3397 3301 ne
3428 3256 3540 3302 tur-

1944 3334 2149 3391 bemur.
2194 3336 2482 3405 Propterea
2520 3347 2574 3391 et
2611 3336 2681 3391 ibi
2713 3347 3012 3391 extremam
3038 3338 3228 3408 selegit
3257 3338 3533 3407 injuriant,

1942 3438 1996 3481 et
2035 3426 2121 3481 hic
2160 3443 2325 3494 eam,
2361 3443 2481 3498 quae
2523 3429 2789 3493 probrosa
2813 3438 2867 3483 et
2890 3429 3276 3484 contumeliosa
3306 3431 3538 3487 maxime

1941 3520 2245 3585 videbatur,
2291 3521 2523 3575 maxilla:
2554 3520 2980 3590 percussionem.
3010 3518 3066 3575 ld
3096 3536 3226 3576 vero
3246 3521 3440 3589 jussit.
3481 3534 3537 3577 et

1942 3613 2293 3681 percutientis
2330 3624 2386 3668 et
2428 3614 2666 3682 percussi
2703 3614 2964 3668 rationem
3006 3613 3228 3669 habens.
3263 3613 3396 3669 Nam
3442 3616 3534 3686 qui

1942 3703 2135 3774 injuria
2165 3704 2424 3772 afﬁcitur,
2450 3705 2582 3759 nihil
2611 3720 2673 3760 se
2702 3720 2863 3776 grave
2902 3721 3117 3775 passum
3156 3707 3530 3773 arbitrabitur,

1940 3797 2019 3852 sic
2047 3796 2379 3867 philosophia
2429 3797 2781 3867 pra-munitus
2809 3816 2822 3851 :
2854 3814 3028 3869 neque
3065 3799 3210 3854 enim
3255 3809 3531 3857 contume-

1944 3889 2028 3943 lia:
2051 3904 2266 3945 sensum
2291 3889 2455 3944 ullum
2485 3889 2723 3953 habebit,
2755 3899 2815 3944 ut
2840 3892 2933 3960 qui
2965 3900 3139 3949 certet
3168 3894 3346 3962 potius
3373 3909 3535 3963 quam

1944 3982 2313 4049 percutiatur;
2338 3983 2433 4051 qui
2463 3997 2592 4036 vero
2620 3981 2868 4051 injuriant
2913 3982 3104 4048 infert,
3135 3984 3341 4054 pudore
3369 3984 3539 4041 suffu-

1942 4087 2036 4128 sus
2064 4088 2181 4126 non
2202 4072 2496 4127 secundum
2525 4073 2810 4142 colaphum
2846 4074 3139 4144 impinget,
3178 4076 3387 4130 etiamsi
3422 4075 3545 4132 fera.

1941 4164 2130 4235 quavis
2161 4163 2390 4220 ferocior
2419 4165 2526 4229 sit;
2551 4165 2659 4218 imo
2684 4164 2851 4227 etiam
2873 4164 2941 4219 dc
2972 4166 3151 4234 priore
3173 4180 3293 4220 sese
3316 4165 3535 4225 danmaa

1942 4257 2037 4311 bit.
2082 4255 2220 4311 Nihil
2248 4255 2392 4310 enim
2419 4256 2489 4310 ita
2523 4255 2778 4312 laedentes
2800 4255 3048 4322 cohibet,
3083 4267 3140 4311 ut
3163 4273 3283 4312 cum
3311 4259 3419 4313 lzesi
3451 4260 3534 4314 in—

1937 4348 2134 4418 juriam
2166 4346 2409 4403 modeste
2433 4346 2648 4412 ferunt;
2695 4363 2869 4418 neque
2911 4348 3072 4403 modo
3119 4350 3323 4405 retinet
3360 4351 3532 4421 impe-

1945 4452 2096 4507 tum,
2139 4456 2209 4497 ue
2236 4440 2460 4496 ulterius
2500 4441 2843 4510 procedatur,
2892 4440 2989 4496 sed
3030 4441 3194 4496 etiam
3241 4442 3292 4495 id
3332 4443 3533 4508 et'ticit,

1943 4540 2004 4588 ut
2026 4532 2096 4588 de
2128 4531 2268 4588 facto
2289 4548 2350 4588 se
2377 4533 2666 4602 poeniteat,
2694 4543 2748 4587 et
2774 4533 2864 4587 alii
2901 4533 3326 4590 tnoderationem
3355 4535 3530 4590 admi-

1941 4634 2125 4680 rantes
2145 4622 2435 4688 secedant;
2468 4624 2607 4689 imo,
2638 4639 2813 4689 neque
2840 4624 3015 4678 solum
3040 4624 3242 4680 amicos
3270 4641 3335 4681 cx
3365 4627 3534 4682 inimi-

1941 4720 2057 4782 cis,
2104 4718 2201 4775 sed
2250 4717 2543 4772 familiares
2588 4717 2763 4793 reddit
2802 4726 2857 4772 et
2895 4733 3117 4773 servos:
3147 4719 3319 4784 sicut,,
3346 4736 3379 4773 c
3406 4735 3534 4774 con-

1943 4825 2138 4876 verso,
2169 4809 2303 4864 ultio
2328 4819 2545 4880 sumpta
2584 4809 2854 4863 contraria
2899 4809 3079 4863 omnia
3120 4810 3286 4877 parit,
3330 4821 3536 4864 utrum-

1943 4917 2048 4973 que
2100 4902 2422 4966 dedecorat,
2476 4909 2535 4956 et
2584 4900 2821 4971 pejorent
2873 4898 3072 4965 efﬁcit,
3135 4900 3394 4970 majorem
3442 4903 3536 4957 irae

1946 4992 2216 5049 flammam
2245 4991 2446 5047 excitat
2465 5032 2481 5059 ,
2511 5007 2576 5046 ac
2608 5006 2754 5060 saipe
2782 4991 2930 5045 crede
2975 4990 3293 5046 terminatur
3332 4994 3532 5050 malum

1946 5085 2011 5140 ad
2068 5084 2322 5140 ulteriora
2374 5097 2741 5153 progressum.
2804 5081 3005 5137 Idcirco
3065 5098 3379 5151 percussum
3429 5103 3534 5140 non

1947 5176 2109 5233 modo
2124 5175 2280 5246 jubet
2311 5190 2415 5230 non
2457 5173 2654 5239 irasci,
2700 5174 2793 5228 sed
2834 5175 2995 5227 etiam
3040 5176 3394 5244 percutientis
3438 5177 3536 5231 int.-

1951 5268 2105 5335 plere.
2142 5265 2482 5336 cupiditatem
2538 5265 2806 5335 praecipit,
2856 5273 2915 5320 ut
2953 5282 3021 5320 nc
3047 5266 3274 5322 videaris
3302 5269 3534 5339 priorem

1950 5358 2158 5428 plagam
2206 5356 2402 5410 invitus
2436 5355 2732 5424 accepisse.
2756 5357 2847 5410 Sic
2874 5358 3018 5410 enim
3052 5356 3414 5427 impudentem
3443 5376 3535 5428 op.-

1951 5452 2260 5520 portuniore
2295 5448 2449 5518 plaga
2478 5457 2767 5517 percutere
2809 5448 3043 5518 poteris,
3091 5465 3252 5519 quam
3290 5449 3337 5504 si
3377 5465 3540 5504 manu

1952 5541 2348 5612 percussisses,
2380 5547 2437 5594 et
2465 5538 2832 5607 impudentem
2861 5545 3279 5595 ntansuetiorem
3310 5539 3539 5595 efﬁcies.

1953 5633 2054 5700 Qui
2082 5629 2295 5686 uoluerit
2320 5639 2484 5684 tecum
2502 5630 2700 5702 judicio
2723 5630 3025 5693 contendere
3042 5670 3056 5696 ,
3087 5642 3133 5686 et
3156 5631 3378 5687 tunicam
3398 5644 3534 5686 tuam

1951 5722 2159 5789 tollere,
2198 5722 2396 5776 dimitte
2426 5720 2506 5775 illi
2545 5730 2593 5776 et
2638 5722 2872 5792 pallium.
2902 5720 3089 5793 Neque
3113 5721 3260 5779 enim
3287 5726 3341 5779 in
3372 5723 3539 5795 plagis

1952 5815 2352 5881 tantummodo,
2401 5811 2496 5870 sed
2534 5815 2697 5870 etiam
2728 5814 2779 5869 in
2808 5815 3047 5885 pecuniis
3076 5815 3187 5872 vult
3215 5816 3375 5874 talem
3405 5815 3537 5873 tole-
