4052 6434
474 347 573 402 267

473 465 702 519 nuntiam
730 461 993 516 exhiberi.
1041 461 1165 514 Ideo
1209 471 1419 511 rursum
1457 453 1619 508 sunili
1663 451 1830 506 utitur
1869 447 2064 516 hyper-

476 557 620 610 bole.
664 555 810 611 Sicut
849 554 993 609 enim
1031 551 1137 604 illic
1161 549 1314 618 jubet
1353 544 1603 617 patiendo
1635 545 1848 596 vincere
1869 580 1882 600 .
1916 538 1986 590 ita
2013 543 2068 589 et

478 647 562 698 hic
591 647 641 699 in
665 643 1010 700 concedendo
1037 642 1185 711 plura
1211 680 1228 704 ,
1269 655 1430 709 quam
1472 645 1657 706 raptor
1698 629 2063 703 eitSpectabat.

485 738 672 792 Verum
702 737 802 790 hoc
843 752 948 790 non
987 734 1302 802 simpliciter
1344 732 1557 801 posuit,
1590 728 1683 783 sed
1713 741 1836 780 cum
1863 720 2068 777 addita-

479 838 678 881 mcnto.
722 827 837 881 Non
881 828 1024 881 enim
1072 826 1240 888 dixit,
1291 824 1363 877 Da
1400 822 1601 893 petenti
1645 819 1900 890 pallium,
1940 812 2067 877 Sed,

478 921 545 976 Ei
563 924 649 990 qui
672 921 883 974 voluerit
908 931 1068 972 tecum
1082 919 1286 989 judicio
1305 915 1643 976 contendere;
1673 915 1773 966 hoc
1794 920 1880 966 est
1899 951 1912 972 ,
1944 909 1991 962 si
2021 917 2072 962 te

475 1013 541 1066 ad
561 1012 822 1080 judicium
851 1013 1104 1075 traxerit,
1134 1027 1197 1063 ac
1227 1010 1434 1080 negotia
1460 1009 1551 1062 tibi
1573 1006 1841 1062 exhibeat.
1875 1006 2074 1072 Quem-

474 1104 768 1160 admodum
800 1119 929 1161 vero
956 1119 1077 1158 cum
1116 1103 1374 1169 dixisset,
1414 1101 1493 1157 Ne
1531 1116 1690 1155 voces
1735 1099 1968 1162 fatuum,
2017 1104 2074 1152 et

481 1213 552 1253 ne
574 1197 830 1253 irascaris
863 1197 980 1251 sine
1009 1211 1169 1252 causa
1192 1238 1208 1263 ,
1235 1197 1488 1265 deinceps
1517 1195 1664 1264 plura
1690 1192 1908 1263 exegit,
1949 1207 2072 1246 eum

479 1288 640 1360 jussit
668 1290 830 1342 etiam
859 1286 1136 1342 dexteram
1171 1288 1442 1341 maxillam
1479 1287 1724 1356 praebere
1753 1303 1767 1338 :
1801 1285 1871 1338 ita
1899 1292 1956 1338 et
1982 1283 2073 1338 hic

483 1398 605 1438 cum
637 1382 883 1446 dixisset,
913 1381 1046 1437 Esto
1081 1383 1424 1437 consentiens
1450 1396 1568 1436 cum
1606 1381 1914 1434 adversario
1945 1389 2070 1442 tuo,

483 1490 694 1529 rursum
721 1475 934 1544 gravius
973 1488 1300 1544 prmeeptum
1340 1475 1509 1528 addit.
1552 1474 1669 1528 Non
1719 1473 1862 1528 enim
1915 1473 2076 1526 niodo

479 1567 634 1637 jubet
663 1568 751 1621 illa
783 1567 917 1622 dare
953 1583 1071 1637 qua:
1122 1569 1209 1622 ille
1241 1569 1352 1622 vult
1391 1568 1603 1621 auferre
1624 1609 1640 1632 ,
1690 1568 1785 1622 sed
1817 1567 2073 1634 majorem

482 1661 645 1714 etiam
688 1661 1066 1716 liberalitatem
1095 1663 1372 1716 exhibere.
1421 1660 1559 1728 Quid
1604 1661 1804 1731 igitur?
1832 1661 2074 1731 inquies,

483 1751 733 1807 uudusne
753 1753 1077 1808 circuiturus
1110 1767 1228 1808 sum
1251 1753 1279 1806 ἲ
1305 1752 1588 1824 Nunquam
1627 1768 1871 1807 essemus
1914 1751 2039 1806 nudi
2061 1796 2074 1817 ,

484 1845 528 1896 si
551 1842 634 1897 his
650 1844 934 1914 przeceptis
954 1843 1240 1914 diligenter
1255 1843 1777 1913 obtemperaremus;
1801 1845 1893 1900 sed
1912 1845 2082 1899 multo

489 1935 731 2005 pluribus
760 1949 920 2007 quam
963 1936 1051 1990 alii
1097 1951 1286 1991 omnes
1324 1937 1562 1992 vestibus
1604 1937 1771 1991 induti
1815 1952 2079 1992 essemus.

489 2029 674 2084 Primo
709 2031 854 2084 enim
904 2045 1062 2084 nemo
1101 2030 1190 2085 tali
1243 2030 1423 2085 animo
1463 2030 1720 2101 prmditus
1768 2031 2038 2084 invaderet
2069 2050 2082 2086 :

489 2119 762 2186 secundo,
814 2121 858 2174 si
912 2121 1174 2192 quispiam
1217 2132 1527 2177 occurreret
1553 2123 1622 2176 ita
1647 2121 1794 2177 ferox
1837 2132 1890 2177 et
1931 2122 2087 2176 inhu-

493 2226 706 2277 manus,
749 2220 808 2266 ut
846 2227 917 2267 eo
961 2229 1129 2283 usque
1180 2213 1528 2284 procederet,
1579 2215 1745 2270 multo
1775 2214 1958 2284 plures
1996 2229 2085 2268 re-

494 2303 802 2373 perirentur
855 2304 946 2374 qui
1004 2313 1165 2358 tantae
1216 2305 1572 2375 philosophize
1615 2306 1793 2359 virum
1843 2322 1948 2359 non
1989 2321 2086 2360 ve-

491 2394 664 2450 stibus
679 2395 858 2454 modo.
879 2395 971 2449 sed
989 2405 1044 2449 et
1063 2410 1224 2450 carne
1241 2411 1358 2462 sua,
1379 2396 1428 2450 si
1443 2395 1555 2452 ﬁeri
1577 2407 1776 2466 posset,
1794 2397 2086 2466 aperirent.

563 2487 620 2542 5.
648 2485 704 2541 Si
733 2497 914 2541 autem
944 2489 1106 2542 etiam
1139 2497 1356 2557 propter
1386 2489 1544 2543 talem
1579 2488 1972 2559 philosophiam
2001 2506 2092 2544 nu-

495 2575 623 2630 dum
653 2577 903 2632 incedere
923 2586 1233 2647 oporteret,
1260 2592 1436 2649 neque
1465 2579 1522 2634 id
1547 2581 1708 2634 etiam
1740 2588 1897 2653 turpe
1923 2591 2092 2637 esset.

497 2667 629 2723 Nam
651 2677 706 2722 et
729 2668 898 2723 Adam
933 2668 1109 2724 nudus
1135 2679 1252 2724 erat
1278 2669 1328 2724 iu
1362 2672 1612 2741 paradiso
1631 2715 1646 2738 ,
1679 2688 1779 2729 nec
1805 2675 2092 2732 erubesce-

498 2763 590 2818 bat
616 2761 772 2831 (Gen.
803 2761 858 2816 2.
890 2761 1017 2832 25);
1043 2764 1206 2817 Isaias
1235 2764 1396 2818 etiam
1429 2766 1603 2820 nudus
1635 2776 1687 2820 et
1717 2767 2094 2835 discalceatus,

499 2853 808 2910 Judaeorum
838 2855 1078 2911 omnium
1109 2855 1575 2928 splendidissimus
1598 2857 1883 2931 erat(lsai.
1904 2859 1994 2917 9.0.
2014 2861 2094 2931 5);

501 2949 699 3018 Ioseph
741 2964 870 3004 vero
907 2965 1031 3004 eum
1063 2961 1262 3005 exutus
1301 2963 1420 3015 est,
1455 2962 1581 3006 tunc
1611 2954 1842 3008 maxime
1884 2954 2096 3010 claruit.

503 3041 690 3112 Neque
714 3041 859 3097 enim
891 3043 1091 3096 malum
1119 3053 1202 3097 est
1233 3043 1302 3096 ita
1341 3043 1528 3098 nudari
1553 3087 1567 3108 ,
1601 3044 1692 3098 sed
1723 3045 1794 3098 ita
1823 3045 1969 3099 indui
1990 3087 2005 3109 ,
2045 3056 2100 3101 ut

506 3147 648 3186 nunc
673 3147 772 3186 nos
802 3131 1075 3186 induimur
1101 3133 1434 3188 vestimentis
1459 3134 1732 3204 pretiosis.
1763 3133 1875 3190 Hoc
1901 3145 1954 3190 et
1985 3145 2097 3190 tur-

505 3237 575 3293 pe
602 3233 657 3278 et
677 3222 961 3278 ridiculum
991 3233 1090 3278 est.
1129 3223 1256 3280 Ideo
1282 3224 1401 3278 illos
1431 3224 1646 3295 quidem
1677 3225 1817 3281 Deus
1845 3225 2100 3293 laudavit;

508 3317 608 3370 hos
637 3331 767 3370 vero
797 3331 892 3386 per
917 3315 1204 3385 prophetas
1225 3325 1280 3371 et
1300 3332 1398 3387 per
1415 3318 1686 3386 apostolos
1705 3333 1849 3388 stupe
1875 3319 2101 3375 incusat.

509 3404 586 3462 Ne
614 3406 792 3476 itaque
820 3416 1083 3476 praecepta
1124 3406 1474 3476 impossibilia
1503 3423 1626 3463 esse
1671 3419 1939 3479 putemus.
1975 3411 2107 3478 Qua:

511 3499 695 3570 utique
721 3509 774 3554 et
805 3499 951 3555 utilia
980 3499 1135 3554 nobis
1162 3509 1317 3566 sunt,
1346 3509 1399 3555 et
1430 3501 1584 3557 valde
1612 3501 1785 3557 facilia
1807 3544 1827 3569 ,
1854 3504 1898 3558 si
1924 3505 2110 3575 vigilo-

513 3603 636 3646 mus
663 3605 677 3643 :
709 3599 1023 3660 tantumque
1049 3591 1525 3654 alteruntlncruin,
1557 3603 1614 3648 ut
1642 3611 1749 3649 non
1785 3612 1882 3651 nos
1911 3599 2108 3662 solum,

515 3683 609 3737 sed
637 3682 798 3736 etiam
829 3697 942 3747 eos,
969 3684 1058 3753 qui
1091 3698 1188 3737 nos
1207 3684 1422 3748 laedunt,
1454 3686 1685 3741 maxime
1703 3688 1908 3757 juveni.
1930 3689 1994 3743 Et
2012 3689 2113 3744 hoc

517 3784 601 3830 cst
623 3774 673 3828 in
702 3775 782 3830 eis
802 3775 1080 3838 eximium,
1103 3776 1246 3845 quod
1276 3776 1402 3830 dum
1433 3777 1658 3832 suadent
1687 3780 1861 3847 nobis,
1893 3792 1948 3836 ut
1975 3783 2112 3837 mala

520 3868 808 3939 patiamur,
837 3867 1024 3924 eadem
1055 3885 1217 3939 opera
1249 3885 1342 3924 eos
1362 3913 1376 3935 ,
1408 3871 1496 3940 qui
1525 3887 1624 3926 nos
1654 3872 1852 3927 lzedunt
1872 3915 1887 3938 ,
1919 3874 2117 3930 docent

523 3958 908 4030 philosophari.
971 3960 1102 4014 Dum
1159 3962 1301 4015 enim
1347 3961 1437 4017 ille
1495 3972 1643 4032 putat
1692 3980 1941 4035 magnum
1994 3981 2117 4023 esse

522 4053 695 4108 aliena
723 4050 956 4120 auferre,
991 4060 1046 4106 tu
1075 4068 1202 4107 vero
1227 4053 1466 4108 ostendis
1499 4055 1619 4124 ipsi,
1654 4056 1748 4110 tibi
1783 4058 1835 4111 in
1866 4070 2115 4129 promptu

523 4158 646 4199 esse
677 4144 762 4198 illa
791 4145 952 4199 etiam
992 4143 1123 4199 dare
1151 4161 1271 4214 qua:
1316 4146 1428 4213 ipse
1474 4163 1581 4201 non
1619 4149 1783 4217 petit,
1812 4160 1865 4204 et
1896 4165 2117 4220 pronam

525 4235 856 4290 alacritatem
895 4235 1013 4306 ejus
1045 4237 1238 4305 inopiae
1270 4237 1771 4310 philosophiamque
1807 4240 1924 4310 ejus
1966 4257 2123 4311 rapa-

526 4327 674 4382 citati
698 4327 958 4396 opponis,
983 4329 1262 4382 considera
1295 4339 1544 4398 quantam
1587 4331 1677 4385 ille
1725 4333 1981 4400 percipiet
2021 4334 2119 4388 do-

527 4422 783 4488 ctrinam,
820 4435 924 4473 non
956 4435 1020 4473 ex
1050 4421 1249 4486 verbis,
1281 4421 1376 4475 sed
1407 4436 1473 4475 ex
1506 4422 1759 4490 operibus
1787 4424 2027 4480 eruditus
2055 4425 2121 4480 ad

530 4511 1017 4584 parvipendendam
1037 4513 1345 4582 nequitiam,
1371 4523 1426 4567 et
1444 4515 1690 4568 virtutem
1711 4517 2120 4586 assequendam.

529 4605 646 4662 Non
687 4605 832 4661 enim
875 4607 987 4659 vult
1035 4605 1174 4659 Deus
1223 4615 1281 4659 ut
1317 4606 1470 4661 nobis
1497 4617 1702 4661 tantum
1748 4609 1905 4664 utiles
1933 4610 2120 4675 simus,

530 4696 626 4754 sed
647 4699 896 4754 omnibus
923 4697 1198 4768 proximis.
1220 4698 1276 4752 Si
1297 4698 1454 4768 igitur
1469 4697 1704 4764 dederis,
1728 4710 1782 4754 et
1801 4713 1906 4756 non
1924 4701 2127 4770 judicio

531 4789 910 4854 contenderis,
938 4790 1081 4859 quod
1121 4789 1215 4844 tibi
1243 4791 1371 4844 utile
1411 4801 1520 4845 erat
1557 4799 1758 4844 tantum
1791 4793 2124 4862 quzesivisti;

533 4883 577 4936 si
610 4898 738 4938 vero
757 4883 902 4938 aliud
927 4883 1070 4938 dono
1094 4882 1384 4946 addideris,
1409 4882 1557 4937 illum
1581 4882 1860 4938 meliorem
1880 4885 2126 4940 ell‘ectum

535 4976 780 5031 dimittis.
805 4976 1118 5046 Hujusmodi
1149 4987 1230 5031 est
1259 4976 1357 5041 sal,
1388 4985 1445 5030 ut
1473 4977 1585 5030 vult
1613 4977 1865 5031 Dominus
1894 4977 2131 5049 discipu-

537 5067 619 5122 los
659 5081 779 5120 esse
809 5083 822 5119 :
852 5067 992 5136 quod
1027 5077 1082 5122 et
1120 5069 1353 5136 scipsum
1396 5075 1613 5131 servat,
1654 5079 1708 5120 et
1747 5067 1849 5121 alia
1877 5083 2127 5140 corpora,

539 5160 855 5230 quibuscum
891 5159 1113 5212 mixtum
1141 5171 1245 5224 est,
1278 5159 1457 5212 lirmat
1483 5177 1496 5213 :
1527 5158 1646 5212 talis
1681 5167 1766 5213 est
1793 5160 1980 5214 oculus
2001 5202 2014 5225 ,
2040 5163 2130 5230 qui

540 5253 643 5310 sibi
674 5252 773 5322 ipsi
800 5251 943 5305 lucet
969 5259 1022 5305 et
1058 5252 1196 5305 aliis.
1229 5253 1361 5317 Quia
1391 5251 1550 5322 igitur
1573 5267 1758 5307 eorum
1784 5264 1834 5306 te
1857 5254 1972 5308 vice
1999 5270 2098 5308 con
2117 5287 2132 5296 -

544 5345 745 5409 stituit,
780 5343 1017 5397 lllumina
1043 5359 1164 5398 cuin
1190 5385 1204 5407 ,
1233 5344 1322 5412 qui
1356 5343 1406 5398 in
1439 5344 1673 5399 tenebris
1706 5343 1890 5410 sedet,
1921 5355 1975 5399 et
1999 5347 2134 5402 doce

543 5437 690 5489 illum
714 5475 728 5498 ,
759 5449 858 5488 nec
883 5433 1110 5504 primum
1140 5433 1352 5502 quidem
1381 5435 1621 5503 rapuisse
1647 5435 1926 5501 violenter,
1959 5453 2059 5492 nec
2085 5447 2136 5492 te

544 5525 1107 5581 la-sisseomnino.Sic
1135 5526 1349 5580 enimet
1370 5537 1423 5581 tu
1455 5529 1812 5583 venerabilior
1837 5529 2136 5601 clariorque

545 5619 653 5673 eris
673 5659 688 5679 ,
721 5619 766 5672 si
804 5618 1057 5673 ostendas
1080 5659 1096 5683 ,
1123 5617 1339 5672 dedisse
1369 5627 1419 5673 te
1439 5659 1454 5683 ,
1489 5635 1592 5674 non
1629 5628 1836 5690 raptum
1867 5621 2134 5676 amisisse.

548 5711 653 5764 Fac
669 5711 828 5776 igitur
849 5727 943 5780 per
969 5709 1432 5766 mansuetudinem
1456 5723 1620 5774 tuam,
1646 5722 1699 5766 ut
1721 5712 1835 5781 ejus
1859 5722 2136 5782 peccatum

547 5800 831 5856 liberalitas
857 5812 946 5856 tua
979 5805 1065 5859 sit.

1249 343 1286 395 S
1349 339 1624 396 JO.\NNIS
1661 327 2138 391 CIIRISOSTOMI
2187 328 2504 386 ABCIIIEP.
2548 331 3084 387 CONSTANTINOP.

3663 335 3766 392 268

2251 447 2508 512 Quantam
2555 447 2909 516 perfectionem
2951 461 3044 498 nos
3089 444 3308 500 docuerit
3348 445 3600 501 Christus.
3639 445 3764 501 Per-

2175 539 2292 607 fecti
2319 538 2412 591 viri
2435 538 2676 591 creantis
2705 539 2937 608 fortiores
2961 536 3270 590 evadunt.-—
3286 537 3342 590 Si
3366 553 3494 590 vero
3522 536 3622 592 Ιιο(
3647 553 3766 592 esse

2177 644 2431 696 magnum
2454 637 2628 696 putas,
2653 636 2924 695 exspecta,
2943 637 2991 680 et
3025 628 3168 681 clare
3195 626 3420 691 videbis,
3448 638 3498 680 te
3531 627 3768 681 nondum

2177 719 2242 772 ad
2273 717 2653 787 perfectionem
2679 718 2910 772 venisse.
2948 717 3063 772 Non
3091 718 3232 771 enim
3259 717 3343 772 hic
3371 719 3596 788 gradum
3629 720 3769 774 sistit

2178 811 2224 866 is
2247 811 2336 881 qui
2371 811 2639 882 patientia:
2661 811 2805 880 leges
2831 811 2996 874 dedit,
3027 812 3120 865 sed
3151 812 3373 868 ulterius
3403 813 3665 880 procedit.
3699 814 3767 867 ita

2177 905 2364 959 dicens
2394 922 2407 958 :
2437 905 2527 959 Μ.
2563 906 2626 959 Si
2657 907 2772 976 quis
2810 916 2858 958 te
2892 906 3233 974 angariarerit
3270 905 3566 958 milliarium
3591 923 3768 972 unum,

2179 996 2320 1050 uade
2342 1013 2456 1049 cum
2496 995 2589 1050 illo
2622 1006 2667 1049 et
2695 997 2817 1049 duo.
2858 996 3099 1050 \‘idistin’
3124 995 3473 1064 philosophiae
3499 996 3799 1072 excellen-j

2182 1087 2350 1142 tiam?
2378 1087 2506 1142 Post
2533 1088 2710 1142 datam
2744 1087 2980 1142 tunicam
3003 1097 3056 1142 et
3087 1088 3328 1156 pallium,
3357 1089 3399 1143 si
3430 1087 3607 1142 adhuc
3631 1089 3773 1143 nudo

2180 1194 2409 1249 corpore
2438 1179 2512 1234 uti
2542 1179 2663 1234 velit
2695 1179 3034 1234 adversarius
3059 1181 3125 1234 ad
3157 1179 3395 1235 laborem
3420 1192 3474 1234 et
3502 1182 3772 1235 iniseriam

2182 1271 2456 1327 ferendam
2478 1313 2492 1337 ,
2525 1288 2595 1329 ne
2624 1274 2701 1328 sic
2723 1273 2937 1344 quidem
2966 1275 3114 1328 illum
3138 1289 3393 1330 coercere
3421 1284 3657 1345 oportet,
3691 1276 3776 1330 in-

2181 1366 2316 1436 quit.
2358 1365 2548 1420 Omnia
2595 1367 2740 1421 enim
2782 1381 2881 1421 nos
2923 1367 3282 1422 communiter
3317 1369 3428 1421 vult
3476 1368 3772 1437 possidere,

2182 1471 2409 1526 corpora
2429 1499 2444 1522 ,
2478 1457 2732 1526 pecunias
2752 1500 2766 1522 ,
2795 1469 2851 1512 et
2870 1459 3054 1528 egenis
3083 1459 3284 1528 pariter
3309 1459 3669 1530 injuriamqne
3695 1463 3777 1514 in-

2185 1550 2480 1605 ferentibus
2511 1553 2596 1606 ila
2631 1553 2869 1621 przchere
2899 1570 2912 1605 :
2944 1552 3046 1606 hoc
3082 1553 3227 1609 enim
3269 1553 3626 1617 fortitudinis,
3654 1554 3778 1607 illud

2187 1643 2527 1713 benignitatis
2554 1651 2658 1698 est.
2694 1643 2818 1697 ldeo
2845 1643 3057 1698 dicebat
3091 1662 3104 1698 :
3137 1644 3200 1700 Si
3223 1645 3335 1711 quis
3361 1653 3408 1698 te
3436 1645 3779 1714 angariaverit

2187 1738 2484 1790 milliarium
2513 1753 2668 1789 unum
2687 1778 2699 1799 ,
2731 1737 2859 1790 unde
2891 1753 3006 1790 cum
3041 1739 3132 1790 illo
3158 1747 3207 1793 et
3243 1737 3348 1791 duo
3368 1780 3382 1804 ,
3414 1738 3704 1793 sublimius
3733 1748 3780 1793 te

2189 1849 2400 1890 rursum
2435 1835 2647 1904 erigens
2667 1876 2681 1897 ,
2711 1843 2870 1904 atque
2898 1833 3142 1888 eamdem
3194 1833 3360 1902 ipsam
3410 1833 3780 1888 liberalitatem

2188 1927 2475 1982 ostendere
2505 1927 2722 1996 jubens.
2755 1926 2809 1982 Si
2846 1926 2990 1980 enim
3019 1926 3108 1980 illa
3129 1968 3142 1989 ,
3175 1941 3294 1994 qua:
3325 1926 3377 1978 in
3417 1925 3686 1994 principio
3710 1927 3784 1978 di-

2191 2020 2352 2074 cebat
2375 2061 2391 2086 ,
2421 2019 2503 2073 his
2529 2020 2686 2089 longe
2718 2019 2922 2072 minora
2943 2060 2957 2081 ,
2991 2026 3067 2071 tot
3094 2025 3270 2072 tamen
3301 2017 3666 2072 beatitudines
3692 2017 3780 2068 lia-

2193 2111 2387 2176 beant,
2415 2111 2587 2181 cogita
2619 2121 2816 2180 quanta
2842 2125 2962 2164 sors
2996 2109 3110 2164 lure
3137 2109 3340 2177 majora
3373 2118 3668 2178 oper-antes
3691 2124 3783 2163 ex-

2194 2213 2438 2273 spectet.
2487 2214 2649 2272 atque
2702 2203 2861 2256 etiam
2911 2202 3097 2271 quales
3149 2201 3223 2254 illi
3273 2200 3353 2255 vel
3399 2210 3522 2254 ante
3570 2202 3785 2270 pra-mia

2194 2294 2458 2360 evadant,
2495 2296 2544 2349 in
2570 2297 2804 2349 humano
2833 2303 2887 2349 et
2922 2291 3157 2363 passibili
3188 2307 3415 2363 corpore
3447 2293 3788 2363 impassihili-

2197 2396 2360 2441 tatem
2407 2401 2620 2440 onmem
2650 2385 2989 2440 exhibentes.
3018 2385 3149 2439 Cum
3180 2384 3322 2439 enim
3366 2400 3542 2454 neque
3584 2387 3790 2438 calum-

2199 2481 2338 2541 niis.
2384 2494 2556 2548 neque
2602 2480 2810 2549 plagis,
2859 2494 3034 2548 neque
3085 2479 3428 2548 pecuniarum
3483 2477 3790 2548 direptivuc

2200 2571 2564 2637 mei-demitur,
2607 2586 2776 2640 neque
2819 2570 2912 2623 ulli
2955 2571 3029 2624 rei
3072 2570 3234 2624 simili
3279 2585 3532 2639 umquam
3579 2571 3790 2629 cedant.

2201 2663 2308 2715 imo
2331 2663 2504 2730 potius
2525 2661 2777 2715 :rrumuis
2805 2659 3052 2714 fortiores
3079 2661 3324 2725 evadant,
3354 2663 3637 2717 considera
3661 2678 3792 2734 qua-

2205 2755 2268 2809 lis
2297 2755 2472 2808 auima
2498 2769 2686 2808 eorum
2718 2753 2998 2808 efﬁciatur.
3033 2755 3322 2824 Propterea
3353 2757 3494 2825 quod
3527 2759 3580 2810 iu
3606 2759 3790 2828 plagis.

2203 2846 2342 2916 quod
2372 2847 2421 2900 in
2450 2847 2688 2917 pecuniis
2711 2846 2880 2916 jubet,
2903 2846 3004 2902 hoc
3025 2857 3076 2902 et
3101 2847 3153 2902 iu
3180 2847 3277 2902 hac
3305 2863 3364 2901 re
3382 2863 3596 2917 quoque
3622 2851 3797 2906 facere

2206 2945 2477 3011 praecepit.
2527 2941 2662 3006 Quid
2713 2942 2923 3012 l0quor,
2967 2942 3158 3011 inquit,
3206 2942 3274 2996 de
3319 2943 3682 3007 contumeliis,
3731 2945 3801 3000 de

2209 3033 2490 3102 pecuniis?
2532 3032 2588 3087 Si
2620 3032 2779 3086 etiam
2820 3033 2938 3102 ipso
2986 3049 3213 3102 corpore
3274 3044 3365 3089 tuo
3414 3037 3487 3089 uti
3544 3035 3681 3093 velit
3734 3039 3796 3092 ad

2209 3123 2446 3177 laborem
2474 3133 2530 3177 et
2556 3124 2987 3194 defatigationem
3017 3167 3031 3190 ,
3064 3125 3298 3195 illudque
3340 3129 3538 3199 injuste
3557 3170 3572 3192 ,
3613 3142 3800 3184 rursus

2210 3221 2446 3284 vincito,
2495 3229 2549 3274 et
2592 3219 2732 3274 illius
2772 3221 3006 3290 iniquam
3055 3221 3401 3292 cupiditatem
3450 3232 3797 3292 exsuperata.

2213 3314 2505 3384 Attgariare
2534 3312 2678 3368 enim
2699 3321 2781 3368 est
2819 3313 3000 3383 inique
3022 3314 3257 3377 trahere.
3290 3321 3345 3368 et
3367 3313 3485 3368 sine
3503 3313 3614 3368 ulla
3642 3331 3801 3384 pror-

2213 3422 2306 3460 sus
2331 3408 2536 3460 ratione
2563 3407 2670 3462 vim
2701 3405 2922 3460 inferre.
2959 3411 3205 3461 Attamen
3237 3405 3303 3460 ad
3327 3406 3430 3462 hoc
3455 3407 3615 3462 etiam
3645 3423 3803 3478 para-

2218 3511 2300 3555 tus
2325 3512 2461 3561 e-to.
2495 3511 2550 3556 ut
2576 3501 2804 3572 amplius
2837 3502 3076 3571 patiaris,
3101 3518 3260 3574 quam
3293 3502 3386 3558 ille
3415 3505 3541 3559 velit
3565 3506 3802 3576 exigere.

2216 3594 2306 3648 42.
2336 3593 2532 3648 I’etenti
2557 3605 2603 3647 te
2628 3595 2712 3658 da,
2739 3603 2784 3647 et
2806 3594 3053 3648 volentem
3081 3611 3112 3646 a
3139 3603 3186 3650 te
3202 3596 3444 3662 mutuari,
3467 3613 3530 3650 ne
3544 3598 3807 3654 averseris.

2220 3686 2344 3741 llzec
2369 3687 2572 3741 minora
2598 3686 2699 3740 illis
2717 3698 2873 3747 sunt;
2907 3687 3000 3741 sed
3031 3702 3097 3742 ne
3119 3687 3329 3742 mireris
3362 3703 3376 3742 :
3405 3689 3482 3743 sic
3507 3689 3651 3744 enim
3674 3690 3812 3744 solet

2221 3793 2434 3846 semper
2464 3776 2668 3839 facere.
2711 3779 2917 3848 magnis
2960 3793 3118 3847 parva
3159 3780 3412 3834 miscens.
3442 3779 3499 3835 Si
3543 3795 3670 3835 vero
3699 3781 3815 3836 hate

2223 3870 2428 3924 minora
2459 3871 2566 3924 sint
2597 3869 2719 3936 illis,
2748 3871 2968 3924 audiant
2997 3871 3086 3940 qui
3119 3871 3292 3926 aliena
3318 3871 3552 3940 rapiunt,
3577 3873 3670 3943 qui
3695 3889 3812 3928 me-

2223 3961 2507 4017 retricibus
2544 3977 2641 4017 sua
2683 3962 3001 4032 largiuntur,
3035 3971 3090 4016 et
3125 3961 3326 4032 duplex
3367 3963 3466 4018 sibi
3513 3973 3702 4034 parant
3735 3964 3818 4018 in-

2224 4053 2470 4109 cendium
2497 4094 2513 4118 ,
2561 4063 2615 4108 et
2660 4069 2756 4123 per
2802 4054 3042 4123 iniquum
3089 4053 3290 4108 aditum
3317 4096 3330 4117 ,
3361 4063 3416 4109 et
3445 4069 3539 4124 per
3573 4066 3818 4123 sumptus

2228 4147 2574 4216 perniciosos.
2605 4145 2842 4200 Mutuum
2871 4155 3048 4200 autem
3089 4146 3173 4200 hic
3211 4161 3316 4199 non
3349 4147 3647 4200 usurarium
3687 4147 3820 4201 illud

2230 4239 2405 4293 [mnus
2431 4238 2719 4308 appellant,
2745 4238 2836 4292 sed
2867 4253 3018 4292 usum
3047 4239 3344 4308 simplicem
3397 4238 3535 4292 Alibi
3575 4253 3706 4293 vero
3737 4239 3819 4292 id-

2231 4332 2402 4399 ipsum
2437 4331 2699 4392 intendit,
2738 4331 2942 4396 dicens,
2983 4330 3088 4386 illis
3116 4330 3351 4385 dandum
3380 4345 3535 4396 esse,
3565 4347 3594 4385 a
3625 4333 3822 4402 quibus

2232 4422 2363 4476 nihil
2391 4431 2706 4492 recepturos
2736 4438 2834 4476 nos
2862 4438 3162 4491 speramus.
3191 4422 3278 4476 45.
3317 4423 3542 4476 Audistis
3580 4425 3699 4492 quia
3742 4425 3814 4477 di.

2231 4523 2368 4566 ctum
2397 4524 2470 4567 est
2494 4530 2513 4567 :
2537 4513 2730 4584 Diliges
2758 4515 3044 4584 proximum
3080 4523 3221 4567 tuum
3246 4555 3258 4576 ,
3285 4525 3330 4566 et
3360 4515 3476 4567 odio
3498 4514 3696 4576 habebis
3718 4516 3818 4568 inio

2233 4607 2419 4659 inicum
2465 4619 2626 4659 tuum.
2665 4607 2752 4660 44.
2798 4605 2910 4676 Ego
2933 4617 3101 4659 autent
3131 4607 3244 4659 dico
3273 4607 3409 4660 vobis
3432 4625 3450 4660 :
3481 4605 3685 4676 Diligite
3721 4609 3824 4659 ini-

2235 4700 2391 4751 micas
2413 4707 2619 4758 vestros,
2641 4707 2685 4750 et
2711 4709 2849 4750 orate
2877 4714 2968 4766 pro
2998 4697 3420 4750 calumniantibus
3447 4708 3492 4751 et
3522 4715 3826 4768 persequen-

2235 4791 2365 4844 tibus
2393 4807 2521 4855 vos;
2569 4790 2842 4842 benedicite
2886 4789 3295 4842 mulediccntibus
3332 4791 3469 4842 vobis
3492 4830 3505 4851 ,
3551 4789 3825 4858 benefacile

2236 4885 2298 4937 iis
2323 4883 2408 4951 qui
2436 4901 2521 4936 vos
2559 4881 2771 4935 oderunt
2793 4923 2807 4944 ,
2841 4881 2932 4935 45.
2963 4891 3015 4933 ut
3061 4882 3170 4934 sitis
3211 4881 3401 4935 similes
3441 4881 3612 4935 Patris
3657 4886 3858 4948 seum;

2237 4975 2324 5044 qui
2348 4981 2420 5027 est
2445 4977 2496 5026 in
2524 4973 2662 5026 aclis
2684 5013 2700 5039 ,
2730 4973 2816 5043 qui
2843 4973 2998 5026 solent
3023 4990 3169 5026 suum
3195 4973 3318 5026 oriri
3347 4973 3468 5042 facit
3495 4991 3646 5042 super
3673 4975 3828 5029 bonos

2239 5075 2286 5118 et
2336 5065 2526 5128 malos,
2577 5074 2624 5116 et
2670 5065 2800 5133 pluit
2827 5081 2978 5133 super
3009 5066 3176 5134 justas
3203 5075 3249 5118 et
3273 5066 3508 5135 injustas.
3541 5066 3672 5121 Vide
3693 5085 3826 5137 quo-

2241 5159 2400 5213 modo
2429 5159 2668 5212 ultimam
2697 5158 2957 5211 bonorum
2981 5157 3291 5211 eorunidcm
3320 5159 3514 5226 posuit.
3542 5159 3828 5230 Propterea

2240 5252 2384 5305 enim
2424 5251 2620 5312 docet,
2651 5265 2754 5301 non
2788 5249 2947 5302 modo
2973 5248 3212 5318 colaphis
3237 5248 3505 5304 euidentes
3536 5250 3705 5312 ferre,
3737 5254 3830 5306 sed

2243 5341 2403 5395 etiam
2421 5340 2696 5394 dexteram
2715 5339 2983 5393 maxillam
3011 5339 3250 5408 praebere
3273 5380 3287 5404 ,
3325 5355 3498 5410 neque
3525 5350 3728 5395 tantum
3752 5352 3834 5397 tu-

2243 5435 2378 5488 niere
2404 5432 2620 5501 pallium
2645 5429 2899 5499 adjicere,
2923 5431 3017 5484 sed
3051 5444 3173 5484 cum
3203 5432 3512 5500 angariante
3553 5433 3620 5485 ad
3666 5449 3832 5488 unum

2245 5524 2550 5579 milliarium
2596 5538 2690 5591 per
2717 5522 2824 5575 duo
2855 5521 3098 5576 milliaria
3137 5522 3422 5586 incedere,
3464 5532 3520 5577 ut
3557 5523 3703 5592 quod
3747 5525 3832 5580 his

2248 5618 2407 5688 longe
2434 5616 2606 5684 majus
2632 5624 2749 5669 erat
2786 5629 2907 5668 eum
2936 5616 3082 5669 omni
3115 5613 3367 5668 facilitate
3394 5615 3714 5684 susciperes.
3768 5618 3833 5671 lit

2246 5710 2394 5779 quid,
2419 5709 2646 5775 inquies,
2671 5707 2754 5760 his
2776 5707 2948 5777 majus
2967 5707 3092 5761 est?
3124 5705 3274 5759 Illum
3295 5708 3386 5778 qui
3408 5709 3517 5762 haec
3546 5706 3706 5762 faciat
3729 5724 3835 5760 non

2247 5804 2521 5859 inimicum
2561 5802 2757 5856 habere
2791 5819 2802 5854 :
2835 5803 2943 5854 into
2973 5811 3027 5856 ιτ
3054 5800 3250 5869 aliquid
3288 5801 3432 5854 aliud
3478 5800 3670 5871 majus.
3718 5801 3832 5856 Non

2279 6424 2308 6425 κν
