4052 6420
356 343 463 396 ⁷⁸271

370 458 718 514 ὺὲιὶιγηοηηρ
741 468 788 513 et
812 457 1067 529 publicani
1107 458 1199 509 hoc
1228 453 1469 524 faciunt?
1511 454 1621 507 lloc
1662 462 1715 505 et
1762 449 1956 505 Paulus

368 552 445 606 ait
468 568 482 604 :
511 550 753 605 Nondum
780 566 936 617 usque
960 549 1028 601 ad
1052 548 1347 617 sanguinem
1371 546 1621 598 restitistis
1647 552 1821 595 contra
1844 557 1957 611 pec«

368 653 541 698 catum
581 651 859 714 pugnantes
887 642 904 712 (
934 639 1091 693 Hebr.
1111 638 1197 692 12.
1226 639 1260 693 4
1281 639 1320 707 ).
1351 637 1406 693 Si
1441 638 1598 707 igitur
1620 635 1720 689 hoc
1748 633 1956 696 feceris,

371 750 495 789 cum
522 736 629 789 Deo
658 742 803 796 stas;
857 734 901 786 si
933 732 1047 785 lucc
1092 731 1377 798 reliqueris
1407 769 1422 795 ,
1477 744 1599 782 cum
1638 725 1955 797 publicanis.

375 826 560 881 \'iden‘
589 825 856 895 quomodo
888 840 992 877 non
1027 832 1169 876 tanta
1194 823 1263 875 sit
1287 831 1677 890 jmeceptorum
1699 818 1960 887 magnitu-

370 920 461 984 do,
485 931 676 987 quauta
708 934 1054 988 personarum
1082 915 1376 970 differentia
1400 916 1423 967 ?
1452 914 1529 967 Ne
1561 914 1736 981 itaque
1755 910 1959 979 cogite-

370 1026 489 1064 mus
514 1009 730 1064 difficile
755 1019 1077 1079 pratccptum
1109 1024 1248 1071 esse,
1274 1007 1366 1061 sed
1394 1004 1696 1061 mercedem
1730 1005 1781 1057 in
1813 1018 1960 1056 men-

371 1111 477 1156 tcm
510 1116 844 1167 revocemus,
872 1089 1378 1169 considercmttsque
1407 1099 1489 1151 cui
1511 1097 1714 1151 similes
1758 1094 1958 1149 efficia-

370 1210 511 1257 mur,
543 1193 587 1247 si
618 1204 760 1248 recte
786 1210 883 1247 nos
906 1193 1249 1263 gesserimus,
1284 1200 1339 1244 et
1364 1189 1557 1259 quibus
1585 1201 1951 1255 exa-qnemur,

370 1287 414 1339 si
438 1301 740 1356 peccemus.
762 1284 999 1339 Fratrem
1032 1285 1208 1353 itaque
1248 1281 1402 1351 jubet
1444 1279 1815 1343 reconciliari,
1860 1291 1959 1331 nec

371 1378 521 1447 prius
549 1377 860 1441 abscedere,
892 1376 1063 1431 donec
1084 1374 1414 1429 inimicitiam
1444 1372 1749 1426 auferamus
1774 1386 1789 1435 ;
1836 1384 1957 1423 cum

369 1478 548 1523 autem
576 1468 645 1523 de
667 1468 916 1522 omnibus
937 1466 1171 1525 disserit.
1198 1482 1301 1519 non
1325 1466 1463 1519 ultra
1496 1479 1592 1517 nos
1624 1462 1716 1517 tali
1748 1461 1959 1529 subjicit

371 1560 696 1623 necessitati,
725 1558 818 1614 sed
843 1570 1023 1613 nostra
1057 1568 1259 1612 tantum
1288 1557 1533 1627 requirit,
1575 1556 1783 1624 hocque
1806 1562 1959 1623 pacto

371 1653 540 1723 legem
574 1652 781 1706 facilem
832 1653 1016 1707 efficit.
1047 1652 1181 1720 Quia
1229 1652 1373 1705 enim
1427 1650 1601 1715 dixit,
1663 1647 1958 1717 Persequnti

369 1754 485 1797 sunt
514 1748 807 1816 prophetas,
839 1746 927 1815 qui
965 1755 1081 1798 ante
1119 1761 1203 1798 vos
1230 1752 1393 1804 erant,
1426 1758 1491 1797 ne
1522 1752 1799 1812 propterea
1830 1741 1959 1809 ipsis

370 1836 565 1891 infensi
591 1847 804 1901 eSsent,
836 1838 987 1906 jubet
1017 1853 1121 1892 non
1155 1837 1314 1891 modo
1342 1838 1460 1890 illos
1488 1836 1603 1890 lucc
1624 1846 1842 1904 agentes
1875 1845 1956 1889 to-

369 1930 565 1992 lerare,
597 1929 691 1985 sed
722 1931 883 1985 etiam
911 1929 1154 2000 diligere.
1188 1929 1370 1984 Vidcn’
1400 1928 1670 1998 quomodo
1700 1929 1830 1980 iram
1857 1968 1870 1990 ,
1904 1936 1959 1981 et

368 2024 859 2093 concupiscentiam
908 2024 1020 2077 sive
1067 2039 1374 2093 corporum,
1407 2023 1519 2076 sive
1573 2022 1914 2090 pecuniarum
1942 2063 1954 2085 ,

369 2115 484 2169 sive
508 2115 710 2184 gloriae,
735 2115 848 2169 sive
876 2130 1055 2170 rerum
1078 2115 1143 2169 ad
1174 2123 1486 2183 prtesentem
1518 2113 1678 2167 vitam
1710 2125 1956 2181 Spectan-

372 2208 501 2260 tium
532 2206 788 2261 radicitus
807 2204 1056 2260 auferat?
1084 2205 1196 2260 lloc
1217 2206 1357 2260 enim
1383 2204 1506 2259 fecit
1531 2204 1599 2259 ab
1622 2206 1793 2269 initio,
1816 2205 1955 2257 mul-

372 2308 531 2367 toque
560 2298 727 2365 magis
757 2313 917 2351 nunc.
949 2296 1083 2351 Nam
1112 2296 1201 2368 qui
1233 2312 1453 2367 pauper,
1503 2297 1594 2366 qui
1650 2297 1793 2350 mitis
1848 2304 1949 2362 est,

367 2390 454 2455 qui
487 2389 650 2459 luget,
684 2390 815 2444 iram
849 2405 1067 2459 prorsus
1106 2400 1325 2445 evacuat
1351 2408 1365 2456 ;
1392 2391 1481 2461 qui
1504 2390 1682 2459 justus
1709 2399 1763 2444 et
1790 2391 1953 2445 mise-

368 2485 535 2536 ricors
560 2524 574 2543 ,
614 2482 959 2552 pecuniarum
987 2482 1337 2551 cupiditatem
1380 2481 1647 2547 excludit;
1685 2481 1955 2553 quicnrde

367 2572 626 2633 mundus,
657 2590 685 2624 a
717 2573 1147 2641 concupiscentia
1176 2574 1312 2627 mala
1338 2574 1473 2628 liber
1499 2584 1611 2635 est;
1644 2575 1732 2644 qui
1766 2589 1952 2645 perse-

365 2666 678 2734 qttutiouem
711 2667 908 2736 patitur
933 2677 987 2722 et
1017 2666 1239 2736 injurias
1264 2666 1510 2727 sustinet,
1563 2668 1772 2722 etiamsi
1814 2668 1953 2721 male

364 2755 582 2822 audiat,
635 2757 977 2825 pra-sentiunt
1053 2757 1290 2809 omnium
1362 2771 1539 2810 rerum
1587 2766 1951 2825 contemptum

364 2845 589 2909 obtinet,
624 2855 782 2915 atque
810 2861 838 2899 a
870 2847 1006 2900 fastu
1036 2857 1091 2901 et
1116 2862 1246 2899 vana
1275 2847 1440 2915 gloria
1464 2847 1737 2901 liberatur.
1787 2847 1953 2902 Audi-

362 2947 482 2991 tore
515 2938 677 3006 igitur
698 2939 767 2993 ab
791 2940 939 2993 hisce
960 2939 1187 2994 vinculis
1220 2940 1432 3005 soluto,
1464 2949 1520 2995 et
1543 2941 1609 2995 ad
1658 2942 1951 2995 certamina

364 3030 619 3091 inuncta,
664 3046 848 3086 rursus
876 3031 1157 3085 aliomodo
1200 3042 1393 3086 etcum
1425 3032 1612 3102 majori
1660 3033 1939 3103 diligentia

366 3120 484 3174 lucc
517 3121 640 3175 vitia
662 3122 865 3176 evellit.
892 3122 1060 3177 Orsus
1091 3123 1232 3177 enim
1261 3124 1329 3177 ab
1361 3124 1438 3179 ira
1459 3164 1475 3188 ,
1530 3124 1794 3194 hujusque
1840 3127 1952 3179 vitii

365 3212 547 3265 nervis
571 3215 791 3268 omnino
820 3214 1042 3269 succisis
1068 3232 1082 3280 ;
1122 3225 1400 3285 postquam
1432 3216 1595 3281 dixit,
1626 3218 1725 3284 Qui
1771 3218 1954 3271 irasci-

364 3313 453 3357 tur
478 3305 625 3358 fratri
655 3320 756 3359 suo
778 3347 793 3370 ,
818 3314 873 3359 et
900 3306 989 3375 qui
1020 3305 1221 3360 fatuum
1252 3316 1426 3370 vocat,
1458 3315 1512 3362 et
1540 3308 1629 3377 qui
1652 3324 1771 3362 raca
1803 3308 1950 3375 dicit,

367 3399 615 3467 puniatur
641 3417 654 3454 :
687 3409 743 3454 et
769 3400 858 3470 qui
890 3399 1046 3454 offert
1080 3400 1277 3455 donum
1299 3441 1314 3463 ,
1373 3417 1438 3454 ne
1470 3401 1615 3470 prius
1639 3400 1861 3456 accedat
1886 3401 1953 3456 ad

366 3503 608 3545 mensam
634 3532 648 3556 ,
680 3506 839 3561 quam
860 3492 1073 3546 solverit
1099 3491 1426 3545 inimicitiam
1449 3510 1463 3545 :
1508 3502 1563 3547 et
1588 3492 1677 3562 qtti
1703 3492 1955 3548 adversa-

364 3581 502 3635 rium
531 3580 708 3647 habet,
737 3582 1039 3651 priusquam
1062 3583 1319 3652 judicium
1366 3582 1562 3650 videat,
1594 3585 1820 3638 amicum
1853 3586 1951 3639 sibi

364 3691 489 3730 eum
535 3690 601 3730 ex
650 3676 864 3730 inimico
891 3676 1083 3740 faciat,
1138 3676 1204 3729 ad
1253 3677 1739 3744 concupiscentiam
1772 3693 1955 3733 rursus

368 3770 579 3825 transit.
609 3770 675 3824 Et
709 3769 833 3840 quid
861 3769 974 3823 ait?
1007 3769 1103 3837 Qui
1135 3770 1348 3839 respicit
1378 3770 1657 3839 impudicis
1678 3773 1865 3836 oculis,
1900 3780 1958 3826 ut

364 3862 614 3917 ltitechus
632 3863 915 3931 puniatur;
943 3861 1032 3932 qui
1065 3861 1436 3916 offcndiculum
1473 3863 1667 3929 patitur
1683 3863 1749 3915 ab
1778 3863 1952 3932 impu-

367 3954 483 4008 dica
512 3954 765 4019 muliere,
818 3963 909 4007 aut
937 3969 966 4007 a
1007 3954 1149 4019 viro,
1196 3964 1287 4007 aut
1311 3969 1339 4007 a
1363 3955 1610 4024 quopiam
1638 3954 1743 4008 alio
1769 3972 1953 4010 eorum

366 4045 455 4111 qui
483 4044 582 4100 sibi
608 4044 1181 4113 uecessitudinejuncti
1206 4053 1351 4108 sunt,
1394 4044 1493 4098 hos
1514 4060 1703 4099 omnes
1735 4047 1946 4115 penitus

367 4138 662 4201 abscindat;
687 4139 775 4207 qui
806 4139 923 4208 lege
942 4139 1193 4193 connubii
1216 4154 1434 4193 uxorem
1457 4138 1635 4201 habet,
1666 4156 1952 4210 numquam

370 4229 517 4283 illam
541 4228 816 4297 repmliet,
847 4244 949 4284 nec
970 4229 1035 4282 ad
1067 4230 1223 4283 aliam
1254 4230 1522 4299 respiciat.
1548 4231 1650 4285 Per
1679 4230 1793 4285 hinc
1814 4234 1953 4285 enim

370 4322 525 4374 make
541 4320 987 4389 concupiscentia:
1014 4321 1220 4375 radices
1244 4321 1459 4376 evulsit.
1478 4322 1677 4378 Deinde
1709 4325 1957 4394 pecunia-

371 4426 488 4465 rum
520 4425 757 4464 amorem
806 4419 1039 4476 coercet,
1066 4411 1263 4481 jubens
1309 4428 1481 4483 neque
1511 4407 1725 4483 jurare,
1785 4432 1958 4486 neque

372 4501 607 4567 mentiri,
650 4518 822 4572 neque
852 4502 1087 4557 tunicam
1115 4503 1348 4558 retinere
1368 4546 1383 4570 ,
1416 4520 1519 4574 qua
1548 4507 1670 4577 quis
1690 4506 1954 4567 induitur:

373 4596 480 4649 ituo
518 4594 676 4649 etiam
709 4595 909 4650 volenti
958 4595 1180 4665 pallium
1222 4595 1452 4663 offerre,
1494 4606 1549 4652 ct
1590 4601 1832 4670 corporis
1875 4604 1955 4657 sui

371 4706 621 4759 operam:
654 4690 799 4745 omni
828 4690 1004 4744 studio
1033 4692 1375 4762 pecuniarum
1422 4710 1657 4749 amorem
1687 4694 1953 4752 auferens.

442 4781 495 4836 6.
512 4782 758 4837 Cacumen
781 4783 977 4837 virtutis
1002 4793 1072 4837 est
1098 4800 1190 4853 pro
1210 4785 1424 4837 inimicis
1450 4786 1817 4841 oram—Post
1846 4788 1960 4842 Iure

370 4880 551 4923 autem
575 4876 752 4925 omnia
776 4876 1089 4944 variamque
1109 4877 1368 4931 horumce
1392 4886 1782 4945 praeceptorum
1802 4892 1959 4931 coro-

371 4977 520 5024 nam,
547 4964 854 5033 subjttngit:
902 4966 1064 5020 Orate
1090 4983 1185 5036 pro
1231 4967 1677 5020 calumniantibus
1726 4983 1836 5030 vos,
1891 4966 1959 5021 ad

368 5069 685 5123 supremum
722 5058 1077 5124 philosophiae
1105 5074 1365 5113 cacumen
1396 5056 1959 5124 attollens.Quemad-

374 5145 591 5199 tnodmn
622 5145 765 5199 enim
793 5145 1048 5214 colaphos
1101 5149 1209 5216 pati
1244 5149 1416 5218 majus
1462 5159 1576 5216 est,
1628 5167 1785 5219 quain
1841 5166 1960 5207 esse

374 5240 582 5304 mitem,
615 5248 666 5293 et
700 5239 916 5308 pallium
946 5256 1065 5295 cum
1090 5242 1262 5296 tunica
1291 5242 1559 5297 dimittere
1586 5243 1960 5313 prarstautius,

371 5346 531 5400 quam
561 5330 959 5384 misericordem
991 5346 1107 5385 cs~e
1137 5347 1150 5393 ;
1176 5342 1230 5385 et
1258 5332 1479 5401 injurias
1508 5333 1668 5396 ferre,
1696 5350 1853 5402 quam
1876 5334 1963 5403 ju-

371 5432 512 5475 stum
535 5436 675 5487 esse;
693 5424 942 5494 ctalapas
971 5424 1107 5477 ferre
1128 5436 1181 5477 et
1208 5425 1271 5477 ad
1295 5425 1623 5495 sequendum
1641 5427 1779 5496 cogi,
1805 5444 1962 5496 quam

374 5518 650 5584 pacificum
703 5533 858 5572 esse:
893 5519 969 5572 sic
996 5519 1335 5591 persequeuti
1377 5536 1435 5573 se
1479 5519 1799 5575 benedicere
1849 5537 1967 5591 per-

374 5608 561 5662 fectius
586 5618 670 5663 est
697 5624 855 5679 quam
886 5609 1312 5678 persecutionem
1341 5608 1468 5677 pati.
1494 5609 1654 5666 Vides
1696 5612 1967 5682 quomodo

379 5702 630 5769 paulatim
685 5718 783 5757 nos
838 5702 902 5755 ad
945 5703 1090 5771 ipsos
1145 5703 1400 5757 ctelorum
1448 5702 1683 5760 fornices
1718 5705 1966 5760 attollat?

376 5791 624 5861 Quonam
656 5792 815 5865 igitur
838 5793 981 5863 digni
1023 5794 1280 5863 supplicio
1322 5809 1527 5863 sumus,
1556 5796 1645 5866 qui
1686 5796 1752 5851 ad
1801 5797 1964 5851 Deum

1142 340 1200 392 S.
1240 337 1513 393 JO.\NNIS
1551 329 2021 391 CIIRYSOSTOMI
2062 329 2373 387 Alttlllllil’.
2416 333 2944 391 CONSTANTINOP.

3552 340 3645 395 ‘3"!

2067 446 2379 502 imitandum
2405 449 2636 502 suttltum
2688 466 2885 518 ponere
2908 450 3067 519 jussi,
3122 467 3187 503 tte
3212 450 3501 519 publicanis
3536 459 3646 524 qui-

2064 541 2187 595 dem
2212 558 2367 611 pares
2416 540 2551 595 forte
2608 543 2813 596 simus?
2865 544 2922 596 Si
2982 544 3122 597 enim
3176 545 3383 599 amicos
3430 546 3646 617 diligere

2067 634 2513 703 publicanorum,
2566 647 2903 703 peccatorum
2956 646 3113 707 atque
3152 638 3487 695 ethnicorum
3555 644 3645 697 sit:

2067 724 2281 793 quando
2319 740 2386 779 uc
2451 726 2499 778 id
2532 727 2743 793 quidem
2776 727 2998 781 facimus
3032 732 3050 801 (
3082 746 3187 784 non
3239 734 3380 785 enim
3430 735 3648 788 facimus

2066 814 2279 883 quando
2329 815 2483 869 laude
2514 816 2826 871 ﬂorentibus
2853 817 3111 875 fratribus
3143 822 3484 893 invidemus).
3516 842 3645 895 qua~

2068 924 2170 959 non
2202 907 2446 963 dabimus
2479 924 2683 977 poenas,
2707 912 2794 980 qui
2825 912 3024 967 scribas
3044 932 3292 982 superare
3314 917 3467 985 jussi,
3492 922 3643 975 etiam

2067 999 2295 1051 ethnicis
2314 999 2591 1056 inferiores
2622 1004 2845 1057 smnus?
2870 1006 3172 1071 Quomodo,
3205 1023 3408 1076 qtneso,
3430 1024 3639 1078 regnum

2068 1088 2397 1143 videbimus?
2423 1092 2690 1160 quomodo
2734 1109 2889 1149 sacra
2921 1097 3009 1150 illa
3036 1097 3303 1152 adibimus
3334 1101 3587 1154 vestibula
3621 1144 3633 1161 .

2069 1195 2176 1232 non
2204 1181 2452 1236 meliores
2480 1184 2818 1252 publicanis?
2870 1185 3001 1241 Illud
3028 1190 3168 1241 enim
3195 1190 3546 1246 sobiudicavit
3568 1194 3644 1247 his

2068 1274 2261 1337 verbis,
2290 1274 2472 1329 Nonne
2493 1287 2538 1330 et
2564 1277 2817 1346 publicani
2845 1280 2939 1333 hoc
2961 1284 3192 1352 faciunt?
3212 1282 3266 1337 In
3294 1300 3400 1352 quo
3425 1288 3643 1343 maxime

2067 1364 2184 1433 ejus
2210 1365 2451 1419 doctrina
2475 1377 2557 1421 est
2594 1367 2929 1433 admiranda,
2963 1372 3102 1440 quod
3133 1388 3253 1427 cum
3281 1374 3476 1445 ubique
3518 1392 3644 1446 prte-

2068 1457 2167 1507 tnia
2223 1457 2575 1511 certaminum
2654 1461 3150 1527 superabundanter
3200 1474 3398 1533 ponat,
3452 1468 3643 1525 scilicet

2069 1546 2233 1598 Deum
2282 1548 2485 1612 videre,
2518 1565 2741 1619 regnum
2770 1553 3020 1607 caelorum
3056 1556 3352 1614 hereditate
3372 1563 3607 1628 accipere
3626 1603 3640 1622 .

2068 1636 2207 1691 filios
2236 1638 2325 1693 Dei
2358 1640 2493 1706 fieri,
2527 1642 2575 1695 ei
2607 1642 2807 1697 similes
2846 1660 2985 1713 esse,
3018 1648 3439 1705 misericordiam
3473 1668 3644 1708 consc-

2064 1729 2153 1800 qui
2180 1771 2195 1797 ,
2223 1732 2645 1789 consolationem
2672 1736 2934 1805 accipere,
2977 1738 3029 1792 in
3057 1741 3203 1795 czelis
3229 1758 3474 1811 magnam
3501 1760 3644 1813 repoc

2066 1825 2222 1876 sitam
2268 1823 2466 1880 habere
2504 1827 2850 1893 mercedem;
2898 1830 2943 1884 si
2988 1832 3202 1900 quando
3233 1835 3464 1888 tristium
3504 1851 3643 1890 men-

2069 1916 2143 1969 tio
2164 1915 2407 1970 habcnda
2434 1918 2524 1982 sit,
2575 1918 2627 1971 id
2687 1923 2899 1990 parcius
2942 1921 3098 1989 facit;
3147 1922 3409 1993 gehenuze
3456 1930 3643 1996 quippe

2068 2022 2262 2062 nomen
2294 2010 2463 2064 semel
2488 2019 2689 2065 tantum
2721 2013 2770 2065 in
2803 2023 2882 2067 tot
2900 2016 3239 2071 sermonibus
3268 2019 3482 2085 posuit;
3518 2028 3571 2073 et
3596 2022 3642 2073 itt

2061 2102 2178 2153 aliis
2211 2100 2526 2169 quibusdam
2587 2102 2903 2170 remissius,
2950 2104 3213 2161 hortando
3272 2124 3441 2177 magis
3494 2128 3641 2180 quam

2061 2193 2454 2259 comminando,
2472 2195 2767 2251 auditorem
2785 2198 2997 2268 corrigit
3014 2199 3198 2255 dicens
3213 2218 3225 2252 :
3240 2200 3423 2258 Nonne
3434 2215 3480 2258 et
3498 2206 3629 2272 puin
3640 2240 3645 2245 η

2060 2284 2176 2336 cani
2192 2283 2285 2336 Itoc
2301 2285 2618 2357 faciunt?et,
2634 2288 2695 2343 Si
2713 2287 2792 2341 sal
2806 2288 3114 2357 infamatum
3130 2293 3301 2361 fuerit;
3316 2303 3394 2359 et,
3413 2294 3646 2349 Minimas

2060 2374 2314 2427 vocabitur
2334 2375 2383 2429 in
2404 2392 2558 2446 regno
2574 2378 2834 2432 caelorum.
2860 2380 2952 2433 Est
2966 2380 3126 2434 etiam
3140 2396 3260 2436 cum
3278 2394 3491 2452 peccata
3510 2389 3646 2454 ponit

2061 2480 2158 2534 pro
2175 2467 2368 2535 poenis,
2383 2468 2627 2538 supplicii
2648 2471 2858 2540 pondus
2877 2472 3107 2527 auditori
3140 2474 3642 2545 subiutclligendutu

2060 2558 2361 2627 proferens;
2382 2570 2569 2615 utcum
2586 2563 2734 2616 dicit:
2759 2562 3042 2618 Matt/tatus
3062 2576 3133 2620 est
3150 2583 3260 2619 eam
3280 2568 3331 2620 in
3358 2572 3508 2623 corde
3531 2587 3639 2633 suo;

2058 2661 2132 2715 et,
2154 2650 2254 2717 Qui
2274 2651 2497 2719 dimittit,
2528 2653 2650 2722 facit
2677 2670 2788 2708 eam
2810 2658 3083 2724 ntwcltart';
3108 2669 3183 2723 et,
3211 2659 3365 2726 Quod
3393 2662 3470 2716 Itis
3490 2663 3643 2717 abun-

2059 2743 2264 2796 dantius
2290 2754 2383 2809 est,
2410 2761 2442 2798 a
2472 2747 2607 2801 man
2641 2758 2733 2802 est.
2766 2749 2899 2805 Nam
2932 2761 3114 2806 mente
3145 2754 3388 2821 praeditis
3411 2772 3509 2826 pro
3526 2772 3643 2827 sup-

2060 2835 2199 2903 plicii
2230 2836 2445 2895 nomine
2490 2837 2687 2893 sufficit
2712 2841 2779 2895 ad
2806 2842 3236 2899 emendationem
3290 2849 3500 2916 peccati
3532 2866 3638 2903 ma-

2057 2927 2299 2995 gnitudo.
2328 2928 2686 2997 Quamobrem
2736 2932 2822 2989 hic
2870 2952 3083 3005 quoque
3112 2937 3357 2993 ethnicos
3385 2952 3441 2996 et
3472 2942 3637 3012 publi-

2058 3033 2221 3073 canos
2249 3020 2298 3074 in
2332 3022 2563 3077 medium
2591 3023 2839 3093 adducit,
2871 3042 2936 3082 ex
2970 3044 3210 3095 persona:
3234 3032 3541 3087 conditione
3566 3034 3638 3087 di.

2057 3112 2321 3182 scipnlum
2353 3114 2555 3183 pudore
2575 3114 2833 3171 afficiens.
2848 3118 2999 3185 Quod
3019 3131 3073 3174 et
3094 3120 3287 3176 Paulus
3317 3122 3549 3179 faciebat
3574 3126 3639 3179 di-

2057 3220 2219 3259 cens:
2254 3205 2426 3260 Nolite
2451 3208 2743 3262 contristari
2762 3209 2890 3263 sicut
2915 3220 2962 3264 et
2989 3213 3179 3279 caeteri,
3236 3215 3323 3281 qui
3357 3233 3502 3287 spem
3542 3234 3634 3271 non

2058 3299 2275 3365 habent;
2314 3310 2388 3367 et,
2438 3301 2585 3356 Sicut
2633 3312 2844 3373 gentes,
2894 3320 3009 3373 quae
3044 3307 3279 3376 ignorant
3330 3306 3497 3363 Deum
3547 3312 3637 3382 (l.

2059 3392 2239 3445 Thess.
2278 3393 2331 3447 4.
2387 3392 2471 3447 12.
2502 3393 2607 3465 5).
2659 3394 2728 3449 Et
2775 3396 3068 3452 ostendens
3116 3412 3176 3453 se
3224 3398 3355 3453 nihil
3412 3403 3482 3455 ita
3529 3403 3637 3457 exi-

2058 3485 2222 3538 mium
2268 3493 2469 3553 petere,
2498 3485 2592 3540 sed
2612 3486 2769 3551 paulo
2810 3488 3039 3559 amplius
3083 3489 3242 3545 solito
3264 3534 3279 3557 ,
3315 3492 3432 3547 ait:
3467 3492 3642 3549 Nonne

2056 3586 2105 3628 et
2149 3578 2332 3629 ethnici
2377 3576 2471 3629 hoc
2516 3579 2757 3647 faciunt?
2789 3580 3037 3636 Attamen
3080 3596 3185 3634 non
3234 3583 3318 3637 hic
3358 3588 3521 3641 finem
3560 3586 3638 3641 di-

2062 3669 2216 3723 cendi
2252 3670 2395 3732 facit,
2443 3671 2536 3725 sed
2581 3672 2633 3725 in
2677 3677 2892 3742 prmmia
2920 3683 2973 3728 et
3011 3674 3063 3728 in
3095 3674 3285 3729 bonam
3313 3693 3469 3747 spem
3542 3677 3644 3731 de-

2056 3762 2183 3818 sinit
2210 3762 2294 3817 his
2310 3762 2523 3817 verbis:
2554 3762 2643 3818 48.
2674 3763 2848 3817 Estote
2883 3782 3002 3836 ergo
3032 3768 3278 3836 perfecti,
3311 3769 3443 3822 sicut
3468 3780 3516 3823 et
3548 3769 3641 3822 Pa-

2061 3866 2135 3910 ter
2176 3867 2334 3911 vester
2388 3855 2621 3911 mlestis.
2672 3858 2931 3929 Saepeque
2976 3860 3229 3915 caelorum
3275 3878 3473 3919 nomen
3517 3866 3641 3918 ubi—

2058 3966 2165 4019 que
2216 3949 2563 4018 disseminat,
2609 3965 2639 4004 a
2688 3951 2807 4007 loco
2854 3952 3013 4007 etiam
3069 3969 3258 4008 sensus
3304 3970 3491 4011 eorum
3527 3958 3640 4011 eri—

2059 4060 2207 4115 gens.
2241 4043 2508 4099 llactenus
2530 4045 2671 4099 enim
2702 4043 3021 4100 infirmiores
3051 4046 3451 4117 crassioresque
3474 4059 3638 4103 erant.

2060 4138 2251 4193 Omnia
2292 4138 2449 4208 igitur
2487 4154 2605 4207 qua:
2648 4136 2786 4190 dicta
2829 4146 2955 4190 sunt
2990 4148 3167 4191 mente
3210 4139 3507 4205 volventes,
3534 4156 3638 4192 nta-

2060 4246 2218 4302 gnam
2244 4231 2406 4285 etiam
2430 4244 2558 4299 erga
2591 4228 2837 4282 inimicos
2853 4228 3131 4282 caritatem
3163 4227 3550 4285 exhibeamus:
3592 4239 3645 4285 et

2062 4325 2339 4381 ridiculam
2364 4323 2505 4377 illam
2526 4321 2968 4377 consuetudinem
2996 4320 3289 4390 ejiciamus,
3323 4339 3483 4392 quam
3516 4323 3645 4376 nnti-

2063 4420 2100 4472 ti
2129 4434 2195 4473 ex
2224 4418 2308 4481 iis,
2332 4414 2421 4486 qui
2449 4415 2623 4468 minus
2666 4414 2874 4468 ratione
2899 4413 3099 4477 valent,
3124 4413 3389 4469 sustinent
3410 4457 3425 4482 ,
3452 4429 3644 4484 exspe-

2061 4522 2268 4568 ctantes
2313 4520 2368 4565 ut
2412 4510 2501 4580 qui
2532 4508 2741 4563 obviam
2774 4508 2993 4562 veniunt
3021 4524 3077 4563 se
3107 4507 3252 4577 prius
3297 4508 3567 4563 salutent:
3596 4506 3644 4561 id

2062 4604 2203 4675 quod
2234 4603 2455 4658 multam
2512 4600 2895 4657 beatitudinem
2969 4600 3211 4655 continet
3268 4600 3637 4670 negligentes;

2063 4698 2205 4769 quod
2231 4706 2408 4751 autem
2449 4694 2730 4749 ridiculum
2779 4701 2863 4747 est
2896 4693 3190 4763 exigentes.
3247 4690 3357 4758 Qua
3409 4707 3537 4762 ergo
3584 4690 3648 4743 de

2063 4806 2223 4846 causa
2248 4805 2353 4844 non
2390 4787 2536 4841 illum
2559 4786 2707 4857 prior
2728 4786 2973 4839 salutas?
3015 4785 3149 4851 Quia
3179 4786 3282 4839 hoc
3329 4792 3605 4853 exspectat
3630 4822 3646 4846 ,

2065 4883 2295 4955 inquies.
2337 4882 2494 4950 Atqui
2534 4879 2653 4934 ideo
2701 4878 2932 4931 maxime
2958 4876 3213 4933 festinare
3252 4877 3564 4947 oportebat,
3596 4883 3650 4928 ut

2068 4986 2124 5031 tu
2161 4990 2414 5031 coronam
2442 4974 2737 5042 acciperes.
2767 4971 2905 5035 Non,
2972 4971 3183 5039 inquies
3213 4986 3228 5034 ;
3283 4971 3405 5039 quia
3432 4969 3532 5022 hoc
3575 4968 3648 5036 ip-

2066 5086 2184 5125 sum
2227 5070 2315 5124 ille
2341 5067 2609 5139 quzesivil.
2659 5064 2726 5119 Et
2748 5064 2872 5134 quid
2941 5064 3041 5118 hac
3094 5064 3326 5117 amentia
3372 5057 3652 5117 deterius?

2067 5161 2201 5228 Quia
2234 5160 2372 5213 enim
2399 5159 2448 5213 id
2484 5158 2571 5213 ille
2596 5157 2863 5228 quarsivit,
2892 5156 3067 5226 inquis
3095 5198 3110 5219 ,
3151 5166 3201 5208 tit
3236 5154 3495 5209 mercedis
3528 5152 3649 5206 mihi

2069 5256 2223 5310 fieret
2243 5254 2473 5314 occasio,
2508 5251 2633 5306 nolo
2661 5249 2798 5304 hanc
2825 5250 3064 5319 arripere
3093 5248 3427 5303 occasionem
3459 5246 3555 5316 (a).
3584 5246 3649 5297 At

2134 5432 2206 5497 (α)
2244 5436 2374 5479 Hunc
2397 5428 2555 5497 locum
2574 5440 2628 5497 in
2660 5434 2771 5476 nota
2797 5425 3105 5497 explicantes
3135 5432 3214 5472 PP.
3248 5421 3549 5497 Benedictiui
3583 5425 3650 5497 sic

2068 5486 2255 5543 habent
2279 5506 2291 5540 :
2318 5491 2438 5551 Quia
2473 5489 2526 5540 id
2566 5486 2940 5551 illaut
2960 5486 3081 5551 mihi
3101 5487 3339 5551 mercedis
3577 5494 3651 5551 es.-

2070 5542 2171 5617 set;
2198 5555 2264 5619 id_
2285 5542 2379 5610 est,
2399 5559 2466 5619 ut.
2492 5565 2568 5602 me
2591 5549 2751 5619 primo
2782 5549 3038 5619 satutante,
3063 5548 3165 5611 ipse
3190 5546 3456 5619 reddendtz
3485 5542 3652 5619 sgitth

2070 5601 2617 5681 nieiceﬁdenttrib'ueret',
2649 5611 2905 5681 notabant:
2925 5601 3145 5681 arripere
3167 5608 3494 5681 occasionem;
3514 5601 3653 5681 WE?

2071 5681 2231 5742 potius
2252 5678 2511 5742 crederem
2534 5667 2615 5726 hic
2645 5675 2724 5736 agi
2745 5674 2821 5742 de
2859 5667 3094 5742 mercede
3128 5684 3275 5728 quam

2070 5728 2429 5791 mansuetudini
2460 5745 2589 5806 Deus
2606 5728 2844 5806 promisit.
2871 5737 2962 5806 Hic;
2976 5735 3105 5783 enim
3130 5728 3653 5806 sensusmagisobvius

2074 5813 2168 5865 est,
2196 5803 2295 5851 imo
2318 5810 2371 5851 et
2393 5801 2548 5861 magis
2570 5798 2741 5850 rationi
2763 5797 3290 5847 cmtsentaneus.9'lutr.
