4052 6442
278 456 396 510 975

282 574 334 627 si
383 572 475 626 ille
517 580 567 624 te
605 570 752 640 prior
779 569 1014 632 salutet,
1045 568 1175 622 nihil
1228 567 1319 622 Iihi
1362 568 1480 637 plus
1515 568 1616 622 erit
1660 559 1702 621 si
1745 566 1890 622 salu-

283 673 408 718 tem
448 663 680 725 reddas:
731 663 775 716 si
831 678 958 716 vero
1007 671 1058 714 tu
1093 660 1238 730 prior
1266 675 1519 730 properes
1549 659 1614 713 ad
1651 658 1889 713 salutan.

287 757 451 820 dum,
478 754 675 808 fastum
720 755 840 822 ejus
880 753 1207 822 intercepisti
1235 793 1248 815 ,
1301 760 1356 804 et
1405 751 1608 820 largum
1651 764 1716 803 ex
1763 749 1881 817 ejus

281 847 602 918 arrogantia
647 846 874 900 fructum
929 845 1217 899 messuisti.
1259 844 1541 912 Quomodo
1584 843 1744 912 igitur
1783 857 1888 896 non

284 948 556 992 extremae
621 939 908 992 dementiae
955 936 1155 998 fuerit,
1207 951 1327 989 cum
1377 951 1441 990 ex
1498 935 1656 988 nudis
1707 933 1889 988 verbis

285 1041 504 1085 tantum
561 1045 755 1099 capere
809 1028 1036 1082 fructum
1121 1029 1430 1092 valeamus,
1491 1027 1695 1080 lucrum
1769 1041 1890 1094 per-

280 1127 445 1185 dere,
477 1135 533 1178 et
561 1139 684 1176 cum
712 1121 862 1176 illum
884 1121 1270 1189 improheums,
1305 1121 1356 1174 in
1389 1119 1576 1173 eadem
1607 1117 1886 1173 incidere?

281 1218 342 1271 Si
376 1217 523 1271 enim
555 1216 700 1268 illum
735 1214 855 1267 ideo
892 1214 1076 1280 culpas
1101 1211 1241 1281 quod
1272 1211 1416 1280 prior
1435 1210 1662 1263 aliorum
1693 1209 1892 1263 saluta-

289 1310 500 1361 tionem
552 1315 858 1376 exspectet,
910 1320 1006 1358 cur
1061 1304 1286 1357 imitaris
1317 1301 1367 1356 id
1400 1301 1540 1370 quod
1575 1300 1884 1370 improbas;

285 1415 345 1456 et
379 1401 524 1471 quod
547 1403 744 1454 malum
775 1414 896 1454 esse
917 1399 1070 1459 dicis,
1114 1397 1213 1450 hoc
1242 1406 1298 1448 ut
1325 1397 1520 1449 bonum
1575 1393 1886 1447 :rmularis?

289 1495 488 1549 Viden'
519 1493 645 1547 nihil
677 1491 890 1546 stultius
937 1506 1055 1546 esse
1079 1489 1294 1543 homine
1315 1489 1366 1541 in
1390 1487 1619 1555 nequitia
1647 1485 1890 1540 virente?

285 1585 661 1655 Quamobrem
710 1583 938 1639 obsecro
961 1624 976 1647 ,
1009 1587 1145 1637 hanc
1187 1579 1483 1649 improbam
1511 1587 1564 1631 et
1608 1576 1886 1630 ridiculam

283 1681 740 1734 consuetudinem
789 1678 1068 1749 fugiamus.
1116 1675 1211 1730 Hic.
1235 1676 1431 1743 quippe
1478 1671 1694 1726 morbus
1743 1671 1890 1725 mille

285 1774 562 1827 amicitias
591 1771 799 1834 evertit,
836 1771 1136 1839 multasque
1164 1768 1372 1836 peperit
1400 1763 1728 1819 inimicitias.
1762 1763 1888 1816 Ideo

286 1882 392 1918 nos
417 1863 806 1935 prwveniatnus
824 1862 978 1915 alios.
1003 1860 1134 1914 Nam
1157 1860 1244 1928 qui
1264 1859 1515 1924 jubemur
1536 1856 1675 1910 ferre
1691 1865 1748 1908 ut
1773 1855 1887 1907 ala-

286 1964 372 2031 pis
404 1959 787 2029 percutiamur,
817 1955 916 2009 iter
945 1954 1113 2008 coacti
1141 1952 1514 2020 suscipiamus,
1540 1948 1802 2002 nudentur
1820 1946 1890 2000 ab

284 2051 548 2115 inimicis,
567 2064 668 2119 qua
695 2049 847 2102 venia
865 2046 1010 2116 digni
1036 2045 1257 2106 erimus,
1287 2045 1329 2096 si
1363 2043 1415 2096 in
1441 2041 1666 2110 simplici
1691 2040 1889 2095 saluta—

284 2149 440 2201 tione
480 2153 682 2199 tantam
706 2141 1054 2196 adhibeamus
1075 2135 1510 2193 coutentionem?
1535 2135 1884 2204 DeSpicimur,

283 2241 522 2310 inquies,
542 2239 973 2306 etconspuimur,
987 2250 1106 2288 eum
1125 2235 1227 2288 hoc
1245 2233 1340 2303 ipsi
1358 2230 1719 2287 concedimus.
1741 2229 1806 2283 Et
1823 2243 1889 2282 ne

283 2346 336 2387 te
351 2331 614 2401 despiciat
631 2330 808 2387 homo.
833 2329 996 2381 Deum
1012 2326 1237 2380 offendis
1253 2325 1276 2377 ’ἒ
1290 2341 1355 2378 ne
1371 2335 1420 2378 te
1435 2331 1742 2377 contemnat
1760 2335 1889 2375 con-

282 2439 481 2479 servus
505 2422 702 2481 furens,
742 2420 1021 2475 Domimun
1045 2418 1366 2481 contemnis,
1395 2415 1484 2483 qui
1508 2423 1648 2469 tanta
1681 2413 1772 2466 tibi
1806 2411 1891 2465 he-

287 2522 484 2576 nelicia
512 2516 842 2572 rontulit?Si
862 2516 1002 2570 enim
1017 2512 1304 2566 absurdum
1318 2520 1400 2564 est
1419 2521 1468 2563 te
1489 2510 1888 2577 aiqttalelncon-

287 2647 1624 2678 Μ*

1451 452 1519 507 ΙΝ
1559 448 1968 508 MAT‘I‘IUEUM
2011 450 2234 507 ilOlilL.
2280 445 2421 506 XIX.

3491 457 3593 511 274

2003 575 2260 629 temnere,
2279 567 2448 621 multo
2471 566 2638 636 magis
2655 565 2944 622 absurdum
2965 577 3314 623 contemnere
3331 577 3385 623 te
3401 569 3593 635 Deum,

1999 659 2088 727 qui
2123 669 2172 711 te
2195 657 2338 712 fecit.
2370 658 2449 711 Ad
2474 658 2586 713 hate
2612 658 2921 713 consideres
2951 659 3128 724 velim,
3152 674 3275 714 cum
3304 667 3356 715 te
3385 660 3474 715 ille
3496 660 3595 714 de-

1999 753 2190 820 spicit,
2223 761 2348 808 tunc
2363 752 2622 822 majorem
2655 753 2746 807 tibi
2782 752 3087 808 mercedem
3112 753 3422 808 conciliare.
3456 753 3591 808 Pro—

1997 856 2116 915 pter
2143 845 2306 898 Deum
2339 844 2482 900 enim
2513 845 2627 899 haec
2653 844 2874 914 pateris,
2902 846 3024 915 quia
3048 845 3194 916 leges
3214 845 3330 916 ejus
3373 842 3594 901 audisti.

2001 936 2112 991 Hoc
2157 948 2336 991 autem
2361 951 2469 1007 quo
2494 951 2600 992 non
2626 937 2830 992 honore
2875 937 3092 1006 dignum
3139 938 3243 992 sit?
3269 938 3461 1009 quibus
3486 953 3594 992 non

1997 1029 2388 1084 diadematibus
2404 1029 2429 1082 τ
2445 1028 2734 1100 Contingat
2771 1027 2901 1083 mihi
2925 1040 2980 1085 et
3005 1031 3342 1086 contumeliis
3369 1030 3509 1084 afﬁci
3537 1040 3594 1085 et

1997 1122 2270 1176 Contemni
2331 1131 2552 1190 propter
2595 1121 2786 1186 Deum,
2818 1121 2996 1191 potius
3037 1135 3198 1191 quam
3243 1122 3492 1176 honorari
3525 1122 3594 1175 ab

1997 1215 2244 1270 omnilms
2275 1215 2492 1284 regibus
2541 1231 2554 1267 :
2601 1215 2732 1270 nihil
2761 1215 2926 1278 enim,
2956 1215 3092 1270 nihil
3115 1215 3299 1286 utique
3329 1215 3452 1269 huic
3491 1216 3595 1268 ho-

1999 1309 2112 1362 nori
2144 1323 2238 1376 par
2266 1317 2367 1361 est.
2401 1306 2551 1360 Hunc
2591 1306 2768 1376 itaque
2787 1315 3163 1360 consectemur
3208 1317 3267 1360 ut
3293 1307 3383 1361 ille
3399 1304 3594 1375 jussit;

1998 1400 2367 1466 humanosque
2398 1397 2631 1451 honores
2662 1396 2808 1450 nihili
2831 1395 3111 1464 facientes,
3143 1396 3238 1452 sed
3273 1410 3453 1450 veram
3483 1395 3596 1462 phi-

2001 1491 2300 1562 losophiam
2330 1506 2424 1560 per
2471 1491 2646 1542 omnia
2680 1487 3030 1553 exhibentes,
3058 1489 3137 1543 sic
3170 1489 3333 1542 vitam
3377 1488 3596 1542 ordia-'-

1997 1600 2118 1638 mus
2173 1591 2432 1635 nostram.
2481 1579 2613 1634 Nam
2655 1580 2946 1634 cmlestium
2983 1595 3306 1635 coronarum
3346 1579 3456 1649 jam
3507 1579 3592 1632 hic

1997 1677 2230 1730 fructum
2280 1672 2660 1743 percipiemus,
2702 1673 2852 1740 quasi
2882 1671 3055 1741 angeli
3111 1687 3233 1725 cum
3282 1670 3591 1724 hominibus

1996 1777 2295 1831 versantes,
2331 1775 2600 1835 tamquam
2631 1765 2886 1834 angelice
2911 1769 3206 1832 potestates
3233 1761 3284 1814 in
3311 1771 3452 1815 terra
3483 1761 3591 1814 cir-

1997 1870 2312 1917 cumeuntes
2341 1901 2356 1928 ,
2390 1860 2536 1914 oniui
2582 1858 2873 1927 cupiditate
2911 1856 3166 1924 omnique
3194 1854 3594 1924 perturbatione

1994 1952 2230 2022 exempti
2259 1970 2272 2015 ;
2297 1962 2352 2005 et
2375 1965 2496 2005 cum
2518 1951 2604 2004 his
2624 1949 2872 2003 otnnibus
2893 1945 3176 2002 ineffabilia
3200 1961 3593 2015 consequemur

1995 2046 2134 2099 bona
2167 2064 2180 2100 :
2207 2059 2326 2115 quae
2349 2044 2548 2098 utinam
2574 2058 2672 2097 nos
2694 2056 2886 2096 omnes
2916 2039 3276 2110 adipiscamur
3302 2080 3316 2103 ,
3344 2038 3512 2108 gratia
3540 2046 3597 2090 et

1997 2139 2326 2208 benignitate
2381 2136 2588 2192 Domini
2641 2134 2810 2188 nostri
2857 2132 2985 2188 Jcsu
3015 2130 3238 2196 Christi,
3269 2130 3353 2185 cui
3400 2129 3590 2199 gloria,

1996 2234 2280 2303 imperium
2309 2241 2365 2287 et
2393 2230 2638 2286 adoratio
2663 2243 2787 2283 cum
2815 2225 3060 2298 principii
3097 2233 3321 2294 experte
3361 2222 3520 2277 Patre
3539 2230 3597 2275 et

1995 2335 2182 2382 sancto
2209 2326 2459 2395 bonoque
2486 2323 2710 2393 Spiritu,
2745 2334 2885 2375 nunc
2907 2327 2962 2374 et
2986 2331 3223 2387 semper,
3245 2325 3298 2370 et
3316 2316 3369 2369 in
3395 2313 3593 2370 stecula

1991 2418 2330 2474 S'JBCUIOI’UID.
2359 2419 2546 2470 Amen.

2183 2625 3595 2654 ..Μ

1653 2727 1998 2788 HOMILIA
2054 2726 2227 2786 XIX.

286 2889 422 2941 CAP.
469 2887 523 2940 6.
553 2903 602 2940 v.
641 2887 688 2939 1.
721 2884 972 2938 Attendile
1023 2898 1084 2936 ne
1137 2882 1507 2948 eicemosynam
1548 2887 1767 2931 restrain
1810 2878 1887 2947 fa-

359 2982 515 3034 ciatis
540 2996 711 3033 coram
739 2978 1044 3040 hominibus,
1077 2985 1129 3028 ut
1161 2973 1431 3028 videamini
1456 2971 1518 3024 ab
1544 2973 1636 3025 eis.
1715 2963 1724 2973 ’

362 3082 384 3126 1
401 3115 414 3126 .
436 3072 576 3126 l'mm
604 3072 766 3141 gloria
789 3071 969 3138 probos
986 3070 1135 3121 etiam
1154 3065 1699 3121 iuvadit.—0muium
1723 3062 1892 3117 maxi-

287 3184 381 3220 me
413 3167 747 3235 tyranuicum
768 3165 877 3234 jam
903 3164 1141 3217 eliminat
1160 3161 1322 3215 animi
1350 3160 1593 3214 morbum
1618 3199 1632 3222 ,
1661 3156 1885 3217 rabiem,

283 3259 535 3330 inquam.
566 3257 708 3309 illam
747 3264 800 3310 et
844 3253 1075 3308 furorem
1100 3253 1241 3308 circa
1264 3266 1452 3305 vanam
1479 3249 1700 3320 gloriam
1725 3289 1739 3308 ,
1772 3262 1890 3314 quae

285 3351 545 3404 homines
587 3351 745 3402 etiam
792 3346 958 3416 probe
1001 3354 1220 3414 agentes
1264 3342 1484 3397 invadit.
1539 3343 1582 3396 A
1631 3339 1889 3410 principio

281 3445 512 3516 quidem
544 3441 670 3496 nihil
701 3439 800 3495 hac
825 3439 892 3494 de
921 3456 978 3493 re
1001 3439 1250 3508 loquutus
1269 3446 1369 3492 est.
1399 3435 1530 3489 Nam
1559 3433 1886 3504 superﬂuum

285 3539 504 3604 fuisset,
537 3537 843 3606 priusquam
875 3533 1010 3586 hooa
1034 3546 1194 3601 opera
1217 3529 1376 3584 edere
1397 3527 1666 3589 suaderet,
1693 3525 1888 3579 docere

285 3629 569 3701 quomodo
600 3629 685 3682 illa
717 3626 955 3680 facienda
1001 3633 1057 3679 et
1096 3619 1340 3676 adeunda
1366 3628 1566 3674 essent.
1598 3619 1891 3686 Postquam

285 3734 471 3780 autem
494 3726 544 3778 in
566 3721 957 3792 philosophiam
985 3717 1207 3780 induxit,
1229 3729 1354 3770 tunc
1372 3715 1586 3770 demmn
1608 3728 1749 3778 eam,
1771 3725 1890 3781 quae

289 3817 642 3887 subrependo
667 3816 834 3885 ipsam
863 3815 1079 3868 inlicere
1109 3811 1268 3873 solet,
1299 3820 1501 3879 pestem
1527 3806 1737 3861 auferre
1766 3804 1890 3858 niti-

289 3926 402 3968 tur.
437 3912 618 3981 Neque
644 3909 785 3963 enitu
834 3919 1116 3976 utcumque
1142 3906 1374 3976 gignitur
1403 3903 1487 3956 hic
1516 3899 1764 3960 morbus,
1793 3897 1889 3953 sed

294 4017 580 4075 postquam
611 4002 774 4056 multa
803 4008 1063 4070 pra'cepta
1091 3996 1304 4066 egregie
1326 3993 1681 4062 implevimus.
1714 3989 1888 4057 Opor-

291 4097 438 4150 tebat
486 4097 643 4163 igitur
687 4095 832 4164 prius
878 4093 1122 4143 virtutem
1172 4089 1443 4149 inserere,
1493 4094 1547 4138 et
1589 4091 1712 4136 tunc
1739 4081 1887 4136 illum

289 4190 460 4244 animi
487 4186 735 4241 affectum
765 4183 976 4237 auferre
995 4225 1010 4248 ,
1056 4181 1142 4251 qui
1179 4180 1296 4250 ejus
1326 4178 1552 4232 fructum
1583 4174 1885 4231 labefactat.

237 4275 258 4320 -’
295 4288 374 4340 Ac
406 4284 524 4337 vide
551 4280 690 4335 unde
720 4279 994 4351 exotdium
1027 4283 1234 4330 sumat:
1267 4289 1295 4326 a
1323 4271 1546 4342 jejunio.
1578 4268 1820 4324 oratione
1837 4276 1891 4320 et

293 4381 660 4446 eleemosyna.
694 4373 750 4427 in
781 4373 864 4428 his
885 4371 1028 4427 enim
1059 4367 1292 4423 maxime
1333 4374 1478 4430 recte
1507 4363 1658 4418 factis
1685 4362 1886 4417 versari

294 4473 456 4526 solet.
477 4470 608 4524 Nam
637 4468 937 4522 Pharisaens
960 4464 1084 4518 inde
1109 4463 1321 4517 inflatus
1342 4458 1587 4514 dicebat:
1613 4457 1800 4528 Jejuno
1815 4455 1890 4508 bis

300 4573 350 4625 iii
382 4567 717 4624 hebdomade,
748 4564 967 4617 decimas
997 4560 1062 4614 do
1083 4559 1307 4612 omnium
1331 4571 1444 4626 qua:
1473 4552 1708 4623 possideo
1733 4549 1887 4622 (Luc.

244 4659 245 4662 “
301 4667 367 4718 te
385 4703 402 4727 ,
426 4662 488 4715 12
517 4670 532 4729 )
560 4678 572 4713 :
603 4661 656 4712 in
687 4659 798 4726 ipsa
820 4655 1062 4709 oratione
1090 4665 1276 4706 vanam
1303 4646 1552 4718 captabat
1573 4643 1819 4715 gloriam,
1838 4651 1894 4698 et

300 4758 366 4810 ad
397 4753 808 4808 ostentationem
842 4749 1175 4820 precabatur.
1202 4743 1333 4812 Quia
1363 4741 1505 4795 enim
1531 4737 1713 4793 nullus
1753 4735 1891 4790 alius

306 4851 492 4903 aderat
513 4889 527 4912 ,
557 4844 895 4914 publicanum
923 4837 1194 4895 indicabat
1213 4836 1397 4891 dicens
1425 4850 1440 4886 :
1468 4831 1592 4886 Non
1621 4846 1737 4884 sum
1761 4831 1892 4885 sicut

303 4943 470 4998 cancri
515 4939 776 4993 hominum
798 4979 811 4997 ,
862 4949 1019 5003 neque
1060 4932 1190 4984 sicut
1217 4930 1297 4984 hic
1328 4927 1626 4999 publicanus
1650 4922 1812 4996 (Ibid.
1836 4937 1886 4976 υ.

306 5035 363 5088 11
401 5035 440 5101 ).
461 5031 530 5086 Ει
549 5029 670 5084 vide
695 5024 967 5098 quomodo
987 5023 1240 5078 Servator
1260 5017 1504 5090 coeperit,
1529 5031 1592 5072 ac
1611 5017 1656 5072 si
1685 5015 1754 5072 de
1781 5014 1890 5070 fera

302 5131 476 5176 astuta
516 5135 582 5174 ac
609 5121 948 5188 deprehenso
971 5117 1171 5172 diliicili
1203 5125 1406 5186 ageret,
1428 5128 1552 5184 quae
1574 5130 1678 5168 non
1697 5115 1886 5167 admo-

301 5215 431 5269 dum
447 5213 660 5282 vigilem
675 5228 867 5281 capere
880 5220 1057 5282 posset
1088 5227 1101 5261 :
1125 5225 1249 5262 nam
1262 5209 1338 5262 ait
1359 5207 1428 5261 :A
1441 5206 1658 5260 (tendite
1676 5221 1738 5258 ne
1753 5203 1888 5258 eiec-

305 5322 578 5376 mosynam
598 5315 952 5369 vestram,etc.
969 5304 1060 5359 Sic
1073 5302 1336 5356 etPaulus
1349 5297 1788 5370 Philippensibus
1803 5297 1886 5351 di-

307 5400 412 5452 cit:
430 5397 611 5450 Videte
627 5395 1049 5466 canes(Phiiipp.
1071 5394 1220 5459 5,2).
1246 5393 1398 5447 Clam
1418 5391 1560 5444 enim
1587 5387 1887 5457 ingreditur

303 5489 691 5552 fera,etomnia
707 5489 823 5542 sine
835 5487 1059 5555 strepitu
1075 5487 1412 5554 inilat,atque
1423 5481 1606 5537 omnia
1618 5495 1738 5550 qua
1751 5479 1892 5533 intra

303 5585 440 5641 .iihil
456 5585 779 5637 sentientem
798 5591 924 5634 sunt
939 5579 1135 5634 aufert.
1151 5580 1287 5645 Quia
1312 5579 1474 5647 igitur
1493 5575 1787 5646 plurimum
1809 5575 1900 5629 fe-

303 5682 369 5732 cit
398 5678 467 5729 de
493 5674 832 5742 cleemosyua
878 5679 1182 5721 sermonem
1206 5705 1220 5729 ,
1264 5663 1541 5732 Deumque
1580 5661 1632 5715 in
1661 5661 1894 5716 medium

306 5767 550 5830 adduxit,
585 5762 684 5830 Qui
713 5759 868 5816 solem
887 5773 1034 5812 suum
1062 5755 1183 5808 oriri
1215 5753 1338 5825 facit
1362 5768 1514 5822 super
1541 5751 1702 5806 malos
1731 5762 1776 5805 et
1803 5752 1896 5804 bo-

306 5878 417 5920 nos,
451 5867 507 5911 et
536 5853 766 5922 undique
792 5851 855 5904 ad
885 5850 933 5904 id
960 5848 1272 5902 cohortatus
1290 5852 1392 5905 est.
1420 5853 1474 5897 et
1499 5843 1758 5897 donorum
1791 5843 1897 5896 lar-

307 5961 470 6025 gitate
497 5945 817 6009 conspicuos
857 5956 976 5998 esse
1008 5940 1168 5994 suasit
1197 5981 1212 6002 ,
1258 5939 1470 5991 dcnunn
1500 5935 1674 5988 omnia
1718 5937 1847 5989 luilit
1876 5976 1891 5991 .

1997 2888 2116 2942 qure
2155 2870 2279 2926 huic
2306 2869 2542 2939 pulchra:
2583 2869 2717 2924 oleae
2746 2881 2942 2922 nocere
2970 2873 3210 2936 possent.
3255 2864 3594 2935 Quapropter

1997 2967 2109 3020 ait:
2156 2963 2409 3018 Attendite
2433 2979 2495 3017 ne
2519 2965 2888 3032 eieemosynam
2931 2972 3148 3014 vestram
3186 2958 3387 3031 faciatis
3420 2975 3593 3012 coram

1999 3058 2305 3113 hominibus.
2333 3057 2466 3112 Nam
2494 3057 2582 3111 illa
2612 3056 2757 3124 prius
2785 3063 3100 3120 memorata,
3129 3054 3221 3107 Dei
3246 3061 3329 3107 est
3355 3052 3592 3108 eleemo-

1998 3169 2149 3225 syna.
2174 3150 2306 3206 Cum
2329 3165 2458 3205 vero
2476 3150 2720 3215 dixisset,
2754 3147 2834 3202 Ne
2858 3148 3062 3220 faciatis
3089 3161 3262 3200 coram
3286 3144 3592 3210 hominibus,

1998 3245 2294 3314 subjunxit,
2331 3242 2399 3298 Ut
2427 3243 2696 3297 videamini
2725 3243 2788 3295 ab
2817 3241 2909 3295 eis.
2943 3240 3011 3295 Et
3039 3239 3250 3294 videtur
3268 3238 3482 3308 quidem
3512 3236 3595 3291 id-

1998 3339 2170 3408 ipsum
2198 3337 2307 3406 jam
2335 3344 2458 3390 ante
2485 3335 2716 3389 dixisse:
2751 3333 2798 3387 si
2824 3333 2947 3402 quis
2967 3347 3096 3387 vero
3115 3331 3396 3401 diligenter
3419 3338 3597 3385 atten-

1996 3428 2108 3494 dal,
2138 3443 2242 3482 non
2273 3427 2502 3496 idipsum
2531 3435 2650 3480 est:
2681 3423 2778 3480 sed
2805 3421 2946 3478 aliud
2978 3423 3110 3489 hoc,
3143 3421 3284 3476 aliud
3313 3420 3442 3476 illud
3464 3428 3589 3476 est:

1999 3521 2331 3589 multamque
2359 3517 2579 3572 adhibet
2602 3516 2927 3578 cautionem,
2948 3512 3381 3583 ineifabilemque
3408 3513 3591 3580 provi-

1995 3614 2230 3670 dentiam
2252 3622 2414 3681 atque
2435 3609 2834 3680 indulgentiam.
2861 3609 3045 3663 Potest
3063 3605 3208 3663 enim
3228 3606 3275 3661 is
3299 3605 3388 3677 qui
3409 3620 3592 3661 coram

1999 3705 2305 3760 hominibus
2336 3703 2388 3757 id
2416 3703 2562 3768 facit,
2583 3717 2686 3756 non
2723 3710 2780 3756 ut
2805 3700 3051 3756 videatur
3085 3698 3136 3753 id
3159 3699 3335 3754 facere
3359 3717 3372 3752 :
3399 3707 3456 3753 et
3474 3714 3594 3753 rur-

1995 3816 2088 3856 sus
2105 3799 2193 3870 qui
2219 3813 2398 3854 coram
2427 3797 2478 3850 id
2507 3812 2611 3851 non
2631 3795 2773 3857 facit.
2797 3804 2856 3849 ut
2874 3793 3134 3856 videatur,
3161 3791 3356 3848 facere.
3387 3791 3590 3859 Quam-

1995 3894 2182 3949 obrem
2230 3909 2336 3946 non
2369 3890 2684 3960 simpliciter
2713 3904 2856 3951 rem,
2889 3887 2984 3942 sed
3015 3887 3343 3941 voluntatem
3389 3884 3472 3940 vel
3504 3899 3594 3953 pu-

1997 3989 2075 4042 nit
2099 3986 2186 4042 vel
2211 3994 2454 4039 coronat.
2482 3982 2593 4037 Nisi
2628 3982 2770 4035 enim
2807 3994 2870 4034 ea
2905 3978 3252 4034 adhiberetur
3278 3976 3550 4032 accuratio
3572 4018 3590 4040 ,

1996 4079 2098 4134 hoc
2142 4076 2342 4131 multos
2388 4074 2455 4129 ad
2500 4073 2899 4141 eleemosynam
2943 4069 3268 4140 erogandam
3315 4067 3594 4138 segniores

1994 4169 2338 4232 reddidisset,
2369 4167 2491 4236 quia
2515 4164 2566 4218 id
2601 4179 2704 4218 non
2734 4163 2930 4232 ubique
2949 4161 3087 4216 clam
3112 4159 3226 4214 ﬂeri
3250 4169 3444 4229 potest.
3469 4158 3592 4212 Ideo

1995 4264 2066 4319 ab
2097 4263 2195 4318 hac
2223 4271 2274 4316 te
2298 4259 2584 4314 absolvens
2621 4255 2964 4320 necessitate,
2997 4270 3104 4309 non
3137 4252 3227 4307 [iui
3249 4251 3462 4322 operis,
3494 4252 3590 4306 sed

1995 4352 2256 4431 voluntati
2287 4349 2527 4405 facientis
2552 4330 2580 4413 ,Χ
2595 4356 2652 4403 et
2679 4361 2893 4416 pinnam
2919 4355 2973 4400 et
2995 4343 3300 4401 mercedem
3329 4343 3589 4398 decernit.

1996 4448 2074 4504 Ne
2094 4447 2241 4503 dicas
2265 4444 2431 4508 enim,
2454 4441 2592 4509 Quid
2620 4441 2842 4495 interest
2862 4453 2980 4494 mea
3003 4439 3046 4492 si
3071 4437 3206 4492 alius
3231 4435 3404 4490 videat
3429 4436 3452 4489 ?
3472 4434 3592 4489 Non

1995 4542 2099 4596 hoc
2125 4554 2328 4611 quaero,
2363 4535 2556 4605 inquit,
2585 4532 2681 4589 sed
2724 4541 2958 4587 mentem
2990 4542 3134 4586 tuam
3179 4538 3234 4584 et
3264 4527 3481 4583 modum
3510 4526 3591 4581 fa-

1996 4636 2202 4692 cienda:
2248 4633 2346 4688 rei.
2396 4631 2644 4685 Animam
2687 4627 2885 4698 quippe
2931 4625 3045 4680 vult
3088 4624 3413 4686 efformare,
3444 4632 3498 4674 et
3524 4621 3594 4675 ab

1998 4729 2144 4784 omni
2175 4725 2364 4780 morbo
2393 4723 2646 4776 liberare.
2688 4719 2974 4787 Postquam
3015 4716 3178 4786 igitur
3208 4713 3398 4778 edixit,
3431 4728 3498 4766 ne
3523 4713 3592 4766 ad

1999 4820 2412 4875 ostentationem
2445 4814 2538 4868 fiat
2558 4854 2572 4878 ,
2621 4820 2677 4866 et
2702 4811 2955 4866 damnmn
2985 4808 3167 4862 docuit
3190 4818 3476 4875 emergens
3499 4845 3512 4867 ,
3545 4805 3592 4857 si

2000 4925 2202 4969 temere
2223 4920 2276 4966 et
2303 4905 2697 4965 inconsiderate
2719 4904 2829 4970 fiat,
2857 4915 3042 4956 rursus
3061 4899 3362 4953 auditorum
3385 4898 3595 4952 animos

1999 5009 2196 5080 erigit,
2236 5005 2451 5061 Patrem
2479 5010 2908 5057 commemorans
2940 5004 3102 5063 atque
3141 4993 3366 5058 crelum,
3398 5007 3466 5045 ne
3493 4990 3594 5045 da-

1999 5113 2184 5157 mnum
2207 5096 2379 5152 solum
2405 5099 2670 5164 tangeret,
2684 5089 2778 5146 sed
2797 5089 2955 5145 etiam
2975 5085 3150 5141 Patris
3169 5084 3424 5139 memoria
3439 5096 3597 5137 coer-

1998 5202 2162 5253 ceret.
2197 5189 2320 5245 Non
2351 5187 2594 5243 habebitis
2614 5227 2629 5251 ,
2662 5183 2834 5253 inquit
2860 5222 2874 5247 ,
2905 5178 3184 5234 mercedem
3215 5175 3353 5246 apud
3386 5172 3595 5227 Patrem

2000 5297 2217 5342 vestrum
2248 5284 2334 5354 qui
2363 5283 2415 5335 in
2442 5281 2580 5336 cwlis
2609 5285 2699 5332 est.
2725 5275 2909 5344 Neque
2935 5271 3021 5326 hic
3049 5269 3272 5342 gradum
3295 5268 3471 5333 sistit,
3499 5265 3596 5320 sed

2001 5381 2138 5434 ultra
2167 5375 2441 5447 procedit;
2467 5382 2821 5441 magnamque
2838 5366 2916 5421 eis
2937 5365 3096 5434 hujus
3123 5361 3234 5416 vitii
3259 5358 3596 5415 aversionem

2002 5469 2159 5526 indit.
2201 5461 2663 5534 Quemadmodum
2709 5459 2851 5514 enim
2889 5471 3048 5524 supra
3082 5451 3394 5523 publicanos
3421 5447 3597 5504 etimi-

2001 5575 2201 5633 cosqne
2227 5555 2443 5629 posuit,
2492 5563 2553 5608 ut
2600 5551 2910 5606 conditione
2948 5558 3299 5616 personarum
3344 5540 3468 5594 illos
3505 5539 3595 5608 qui

2003 5655 2119 5710 haec
2145 5652 2480 5708 imitarentur
2506 5645 2713 5716 pudore
2739 5641 2980 5697 afficeret
3007 5657 3020 5694 :
3050 5641 3118 5693 ita
3146 5637 3234 5692 hic
3261 5648 3474 5704 quoque
3503 5634 3598 5702 hy-

2003 5746 2236 5818 pocritas
2257 5749 2541 5796 memorat.
2569 5737 2623 5790 2.
2655 5735 2780 5790 Cum
2802 5732 2946 5802 facis,
2979 5729 3170 5800 inquit,
3196 5728 3596 5794 eieemosynam,

2004 5814 2107 5891 uoti
2140 5834 2255 5888 tuba
2281 5846 2460 5885 cauere
2488 5837 2604 5880 ante
2634 5837 2716 5887 te,
2763 5825 2892 5877 sicut
2934 5821 3214 5892 hypocritw
3242 5816 3455 5885 faciunt.
3489 5814 3602 5869 Iloc

2005 5933 2126 5984 dicit
2154 5973 2168 5988 .
2199 5944 2302 5982 non
2334 5923 2475 5994 quod
2507 5923 2577 5976 illi
2619 5921 2772 5975 tubas
2800 5917 3086 5977 haberent,
3118 5913 3211 5965 sed
3254 5920 3306 5962 ut
3338 5918 3589 5975 magnam
