4052 6442
409 419 517 477 275

414 534 675 590 insaniam
695 531 964 596 ostendat,
990 528 1088 584 hac
1107 527 1418 596 metaphora
1445 526 1564 581 illos
1583 526 1790 580 deridet
1818 535 1872 579 et
1892 533 2000 579 tra-

411 629 594 691 ducit;
644 636 802 695 atque
831 624 998 695 probe
1038 622 1347 698 hypocritas
1393 630 1565 674 vocat.
1601 619 1767 672 Larva
1807 619 2005 688 quippe

412 720 768 789 eleemosynae
811 725 963 771 erat:
996 729 1148 769 mens
1186 729 1314 767 vero
1344 713 1727 767 immanitatem
1766 711 2003 765 crudeli-

413 818 681 878 tatemque
725 806 1102 861 meditabatur.
1146 803 1263 859 Non
1306 805 1448 857 enim
1497 804 1549 857 id
1590 804 1818 873 agebant
1862 801 2005 871 quod

412 898 684 969 proximos
712 899 1118 957 miserarentur.
1148 896 1243 951 sed
1267 904 1323 948 ut
1351 896 1447 963 ipsi
1477 894 1643 964 gloria
1664 893 2002 947 fruerentur:

410 990 552 1059 quod
596 1000 853 1044 extremm
879 999 998 1044 erat
1022 987 1383 1053 crudelitatis,
1412 987 1518 1041 alio
1546 986 1685 1041 fame
1717 997 2003 1056 pereunte,

414 1081 674 1134 honorent
702 1090 919 1149 captare
945 1121 960 1138 .
995 1095 1098 1133 non
1143 1079 1259 1147 ejus
1297 1078 1487 1147 inopie
1521 1079 1823 1133 consulere.
1871 1077 2007 1131 Vera

414 1188 545 1243 ergo
571 1174 913 1243 eleemosyna
942 1181 1147 1226 nonest
1180 1172 1354 1242 largiri
1384 1181 1609 1237 tantum,
1638 1171 1731 1225 sed
1765 1182 1821 1225 ιιι
1850 1186 2010 1240 opor-

418 1275 494 1319 tet
520 1265 671 1329 darc,
700 1274 752 1320 et
779 1275 997 1337 propter
1026 1264 1257 1333 inapiam
1284 1263 1435 1319 dare.

486 1361 541 1414 2.
588 1360 870 1415 Ostentatio
909 1377 941 1412 α
976 1358 1178 1414 Christo
1214 1357 1467 1429 prohibita
1494 1373 1512 1410 :
1553 1356 1872 1411 Humilitatis
1895 1358 2010 1427 fru-

415 1464 544 1509 ctus.
582 1452 740 1508 Vana
767 1455 945 1525 gloria
973 1452 1232 1508 damnum.
1258 1483 1330 1496 σ-
1355 1453 1645 1521 Postquam
1687 1452 1845 1521 igitur
1880 1454 2011 1505 satis

420 1551 540 1606 illos
570 1551 801 1606 traduxit
827 1561 883 1605 et
921 1551 1155 1616 notavit,
1187 1558 1245 1603 ut
1275 1548 1570 1603 auditorem
1604 1547 1805 1617 pudore
1835 1547 2013 1600 afﬁce-

418 1653 534 1704 ret.
574 1645 685 1712 jam
727 1644 947 1711 corrigit
989 1651 1224 1698 mentem
1266 1641 1368 1694 hoc
1406 1640 1593 1694 morbo
1637 1639 2010 1694 laborantem:

418 1751 647 1804 eumque
677 1735 1002 1789 ostendisset
1036 1732 1308 1802 quomodo
1340 1748 1445 1784 non
1474 1731 1588 1785 ﬁeri
1617 1730 1860 1795 deberet,
1890 1747 2013 1783 rur-

419 1843 512 1882 sus
551 1827 821 1896 qttomodo
865 1827 977 1880 lieri
1018 1826 1214 1881 debeat
1241 1823 1498 1878 ostendit.
1537 1822 1815 1889 Quomodo
1858 1822 2016 1890 igitur

425 1922 538 1974 fieri
565 1920 766 1974 debet?
794 1921 846 1974 5.
881 1918 1087 1972 Nesciet
1112 1918 1318 1972 sinislra
1361 1929 1447 1971 tua
1490 1918 1613 1986 quid
1655 1918 1780 1986 facit
1810 1916 2017 1971 dextera

425 2023 532 2064 tua.
562 2012 767 2065 Rursus
798 2012 882 2065 hic.
913 2027 1020 2065 non
1048 2027 1237 2066 manus
1264 2009 1563 2064 sultindicat
1589 2027 1602 2068 :
1634 2009 1727 2063 sv-d
1752 2010 2018 2078 hyperbo-

425 2105 526 2158 lice
556 2104 606 2159 id
643 2105 838 2173 posuit.
869 2104 1003 2159 Nam
1037 2105 1081 2157 si
1114 2103 1228 2157 Iieri
1260 2110 1470 2173 posset,
1501 2103 1707 2171 inquit,
1741 2110 1796 2156 ut
1825 2112 1876 2153 ιιι
1907 2102 2019 2169 ipsc

426 2197 703 2265 ignorares
722 2238 737 2258 ,
772 2195 899 2249 illud
928 2195 1089 2250 etiam
1116 2195 1411 2251 curandum
1439 2204 1600 2258 esset,
1631 2194 1790 2249 etiam
1821 2195 1865 2249 si
1894 2210 2018 2261 pos-

425 2298 509 2344 set
538 2291 648 2343 tieri
684 2290 826 2357 ipsas
854 2305 1043 2342 manus
1064 2288 1427 2344 ministrantes
1452 2289 1620 2342 latere
1640 2286 1879 2341 deberet.
1904 2285 2018 2340 Non

429 2390 487 2434 ιιι
529 2382 745 2450 quidam
793 2380 1015 2443 dicunt,
1048 2380 1098 2433 id
1134 2380 1311 2448 pravis
1358 2377 1733 2434 occultandum
1770 2387 2022 2446 oportere

427 2473 766 2526 hominibus:
798 2473 1005 2526 cunctis
1032 2472 1174 2527 enim
1196 2471 1356 2540 jussit
1386 2470 1659 2525 abscondi.
1690 2469 1889 2525 Deinde
1930 2484 2022 2522 co-

424 2566 530 2635 gita
570 2576 764 2635 quanta
812 2566 881 2619 sit
911 2579 1139 2619 merces.
1184 2564 1472 2633 Postquam
1518 2563 1660 2616 etiim
1702 2561 2019 2632 supplicium

427 2661 691 2726 edixerat,
724 2660 955 2716 ostendit
977 2658 1099 2714 hinc
1126 2657 1521 2725 deeerpendum
1546 2656 1825 2719 honorem,
1852 2657 2025 2711 utrin-

428 2771 535 2825 que
579 2770 673 2808 cos
700 2753 979 2823 impellens
1019 2764 1073 2807 et
1106 2752 1171 2805 ad
1196 2753 1478 2806 sublimem
1506 2766 1667 2820 agens
1696 2749 2018 2804 doctrinam.

433 2850 597 2902 Docet
617 2848 816 2917 quippe
844 2854 901 2900 ut
927 2846 1095 2900 sciant
1120 2845 1319 2915 ubique
1341 2845 1507 2899 Deum
1532 2858 1652 2899 esse
1683 2852 2022 2912 prtescntem,

432 2957 625 3010 resque
652 2948 867 2994 nostras
894 2955 998 2993 non
1026 2953 1149 2994 esse
1177 2938 1458 3005 pnesentis
1488 2936 1611 2991 vita:
1643 2937 1896 2989 limitibus
1921 2936 2026 2989 cir-

430 3031 804 3098 cumscriptus,
836 3032 930 3083 sed
958 3028 1249 3083 terribilius
1271 3027 1395 3081 hinc
1422 3041 1519 3081 nos
1538 3036 1883 3094 excepturum
1907 3039 2027 3080 esse

435 3123 690 3183 tribunal,
712 3131 764 3176 et
787 3121 1022 3175 rationes
1048 3119 1347 3175 reddendas
1375 3118 1490 3173 fore
1510 3130 1724 3171 actuum
1748 3118 1985 3171 omnium
2009 3133 2023 3181 ;

434 3214 663 3282 hincque
696 3212 775 3267 vel
798 3211 1032 3266 honores
1059 3211 1142 3265 vel
1163 3208 1440 3280 supplicia,
1472 3224 1536 3264 ac
1557 3222 1655 3262 nec
1681 3223 1899 3277 parvum
1928 3223 2029 3263 nec

433 3323 682 3377 magnum
708 3321 844 3374 Opus
878 3306 1045 3360 latere
1080 3319 1237 3374 posse
1258 3345 1271 3367 ,
1305 3304 1431 3358 licet
1472 3302 1714 3356 homines
1742 3302 1908 3356 latere
1942 3301 2025 3355 vi-

431 3400 640 3455 deatur.
682 3399 806 3453 llazc
853 3398 1051 3469 quippe
1078 3397 1256 3451 omnia
1301 3395 1660 3450 subindicavit
1696 3394 1919 3449 dicens:
1968 3394 2023 3449 4.

436 3491 594 3545 Pater
623 3502 770 3556 tuus,
797 3492 884 3561 qui
912 3491 1045 3544 videt
1074 3490 1128 3542 in
1156 3488 1449 3543 abscondito
1473 3528 1488 3552 ,
1522 3486 1696 3540 reddet
1722 3486 1811 3540 tibi
1839 3488 1894 3540 in
1920 3503 2030 3540 ma-

432 3587 657 3655 uifeslo:
686 3598 934 3652 magnum
962 3592 1018 3637 et
1042 3582 1358 3636 honorabile
1390 3580 1657 3635 theatrum
1699 3580 1796 3646 ipsi
1822 3578 2027 3633 consti-

436 3686 593 3729 tuens
617 3716 632 3740 ,
661 3676 748 3728 ubi
776 3674 828 3727 id
855 3674 997 3743 quod
1021 3673 1385 3742 concupiscit,
1412 3673 1461 3726 ei
1484 3671 1696 3726 abunde
1738 3671 2027 3725 admodum

434 3766 663 3819 dabitur.
715 3766 850 3832 Quid
901 3765 1019 3818 vis?
1064 3765 1299 3832 inquiet:
1348 3779 1527 3818 annon
1575 3765 1784 3833 aliquos
1831 3763 2028 3819 habere

431 3870 710 3927 gestorum
757 3857 1129 3927 Spectatores?
1157 3857 1297 3912 Ecce
1323 3857 1487 3911 habes
1514 3898 1530 3919 ,
1574 3873 1679 3909 non
1725 3857 1946 3926 angelos
1976 3865 2031 3912 et

433 3953 782 4019 archangclos
826 3960 1029 4004 tantum
1056 3991 1071 4013 ,
1113 3949 1205 4004 sed
1248 3959 1305 4005 et
1347 3950 1714 4004 universorum
1749 3948 1953 4004 Deum:
1983 3950 2027 4004 si

430 4046 592 4099 etiam
637 4043 885 4100 homines
934 4042 1131 4097 habere
1172 4051 1503 4112 spectatores
1544 4042 1917 4111 concupiscis,
1960 4057 2028 4097 ne

435 4137 536 4189 hoc
561 4136 775 4205 quidem
822 4135 1146 4189 desiderium
1186 4133 1355 4189 fructu
1397 4146 1623 4188 vacuum
1654 4134 1755 4188 erit
1784 4144 2027 4204 tempore

432 4240 772 4300 opportuno;
806 4229 914 4281 imo
946 4228 994 4282 id
1025 4229 1115 4281 tibi
1144 4243 1266 4281 cum
1295 4226 1483 4293 majori
1512 4228 1730 4281 cumulo
1759 4226 2028 4294 prmstabi-

430 4332 541 4375 tur.
574 4320 723 4375 Nunc
762 4319 904 4373 enim
932 4320 976 4373 si
1023 4329 1072 4372 te
1118 4319 1476 4372 ostentuVeris
1500 4363 1514 4380 ,
1543 4318 1684 4385 apud
1724 4317 1909 4373 decem
1940 4318 2024 4372 vel

433 4412 643 4481 viginti,
667 4413 749 4465 vel
781 4420 993 4465 centum
1024 4409 1268 4464 homines
1299 4419 1505 4462 tantum
1534 4418 1807 4464 ostentare
1841 4419 1891 4463 te
1922 4426 2021 4479 po-

433 4504 597 4565 teris;
627 4502 709 4555 sin
742 4500 958 4555 studeas
989 4516 1128 4553 nunc
1157 4500 1343 4563 latere,
1364 4507 1489 4552 tunc
1520 4510 1571 4553 te
1594 4499 1708 4565 ipse
1732 4499 1871 4553 Deus
1897 4515 2026 4569 prte-

428 4595 649 4652 dicabit.
679 4603 790 4649 toto
819 4602 1081 4660 praesente
1109 4592 1255 4645 orbe.
1283 4591 1465 4660 Itaque
1506 4592 1548 4644 si
1585 4599 1860 4660 tantopere
1893 4592 2023 4645 velis

433 4686 678 4741 homines
707 4693 856 4756 gesta
883 4693 968 4738 tua
994 4683 1197 4747 videre,
1227 4682 1496 4736 absconde
1519 4698 1661 4737 nunc
1687 4682 1795 4749 illa,
1822 4692 1879 4737 ut
1899 4698 2020 4737 cum

430 4779 619 4847 majori
653 4778 858 4831 honore
887 4785 980 4829 tuo
1011 4774 1098 4828 illa
1127 4788 1315 4827 omnes
1343 4783 1471 4827 tunc
1499 4773 1734 4836 videant,
1764 4773 1872 4826 Deo
1910 4773 2020 4842 ipsa

431 4870 709 4925 manufesta
743 4868 1021 4929 reddente,
1054 4868 1345 4921 extollente
1371 4908 1386 4928 .
1418 4876 1471 4921 et
1500 4867 1639 4935 apud
1671 4882 1859 4920 omnes
1887 4882 2023 4935 pra:-

428 4963 665 5017 dicante.
694 4960 846 5015 Nunc
876 4973 1054 5016 amem
1090 4968 1140 5013 te
1184 4962 1274 5027 qui
1313 4958 1544 5012 viderint
1570 4959 1932 5021 damnabunt,
1967 4967 2024 5012 ut

428 5070 580 5108 vatim
603 5054 788 5123 gloria:
814 5053 1063 5121 cupidum
1088 5067 1104 5109 :
1126 5066 1246 5104 cum
1272 5061 1430 5118 porro
1456 5059 1505 5104 Ie
1531 5059 1844 5103 coronatum
1875 5048 2019 5102 vide-

425 5144 582 5211 bunt,
612 5162 717 5199 non
741 5144 898 5197 tuodo
926 5159 1033 5197 non
1057 5142 1408 5205 damnabunt,
1438 5141 1530 5195 sed
1556 5142 1715 5195 etiam
1746 5140 2020 5193 mirabun-

428 5250 513 5294 tur
540 5252 750 5293 omnes.
781 5237 916 5291 Cum
948 5236 1126 5304 itaque
1155 5246 1209 5289 et
1239 5251 1446 5289 merces
1492 5244 1672 5304 parata
1703 5233 1768 5286 :‘il
1797 5275 1809 5292 .
1843 5242 1896 5287 et
1922 5234 2018 5286 ad-

425 5332 692 5388 mirationi
732 5332 940 5385 futurus
965 5329 1062 5393 sis,
1092 5328 1136 5381 si
1172 5328 1385 5397 paulum
1436 5326 1691 5395 temporis
1715 5336 2015 5393 exspectes,

423 5425 593 5495 cogita
615 5430 829 5493 quantae
849 5420 1089 5475 stultitia:
1105 5429 1247 5475 esset
1269 5429 1552 5487 utrumque
1574 5419 1731 5471 simul
1750 5402 2015 5480 :tiiiittere,

421 5518 548 5571 dum
577 5529 629 5569 et
657 5532 685 5567 a
711 5515 823 5569 Deo
843 5528 1049 5568 merces
1070 5514 1290 5583 petitur,
1313 5520 1368 5565 et
1396 5513 1503 5566 Deo
1530 5510 1742 5564 vidente
1773 5509 2018 5562 homines

425 5615 717 5661 evocantur
755 5615 1028 5675 gestorum
1073 5613 1423 5672 Spectatores.
1456 5604 1508 5656 Si
1538 5603 1677 5654 (enim
1712 5617 1807 5653 nos
1833 5611 2017 5654 osten-

426 5708 541 5753 tare
572 5698 838 5763 volumus,
873 5698 1015 5751 Patri
1040 5706 1163 5751 ante
1190 5694 1367 5748 otnuia
1398 5711 1517 5750 sese
1544 5695 1830 5748 ostendere
1860 5708 2021 5761 Opor-

426 5797 501 5841 tet
527 5806 541 5850 ;
580 5789 812 5842 maxime
839 5804 968 5843 vero
997 5804 1120 5843 cum
1149 5796 1202 5841 et
1233 5787 1524 5840 coronandi
1567 5794 1621 5840 et
1650 5784 1899 5854 puniendi
1922 5783 2018 5837 do-

424 5877 603 5929 minus
628 5880 693 5932 sit
721 5877 896 5930 l’ater.
917 5880 1073 5934 Certe
1101 5878 1309 5934 etiamsi
1335 5879 1533 5933 nullum
1562 5877 1687 5932 hinc
1704 5882 2021 5944 sequeretur

1156 412 1215 469 S.
1259 410 1538 468 JOANNIS
1574 401 2075 462 ClllllSOSTOSll.
2111 405 2434 460 AllClllliP.
2473 406 3013 464 (IUNSTANTINUP.

3596 414 3699 471 276

2117 526 2375 581 damnum
2397 569 2411 592 ,
2434 543 2541 581 non
2565 536 2837 597 oporteret
2859 528 3041 597 gloria
3066 529 3318 600 cupidum
3342 574 3358 595 ,
3386 531 3491 588 hoc
3518 535 3705 591 relicto

2112 618 2324 673 theatro
2350 619 2624 673 hominum
2654 629 2907 689 expetere
2949 620 3235 676 theatrum.
3285 622 3418 692 Quis
3458 625 3603 680 enim
3633 627 3703 681 ita

2112 712 2276 765 miser
2305 721 2469 774 esset,
2500 722 2556 766 ut
2583 727 2708 769 reue
2735 712 3019 767 festinante
3035 713 3101 766 ad
3125 722 3269 768 recte
3297 713 3559 767 factorum
3588 715 3707 785 ejus

2112 804 2476 873 speetaculum
2526 802 2803 869 accedere,
2837 802 2925 857 illo
2968 804 3174 868 relicto,
3205 819 3498 873 pauperum
3546 816 3709 874 atque

2114 896 2480 952 meudicorom
2531 897 2632 951 sibi
2681 898 3044 966 spectaculum
3089 898 3387 953 statueret?
3429 897 3551 952 ldeo
3599 915 3709 952 non

2114 993 2277 1047 modo
2303 993 2542 1061 praecipit
2572 1000 2629 1046 ut
2673 1008 2771 1045 nos
2801 1008 2904 1045 non
2931 1002 3265 1047 05Ieutemus
3284 1034 3299 1056 ,
3342 991 3436 1047 sed
3461 992 3622 1046 etiam
3651 1005 3713 1046 ut

2116 1085 2285 1138 latere
2325 1085 2656 1139 Studeamus.
2694 1084 2807 1138 Non
2838 1087 2983 1139 enim
3013 1086 3217 1156 a‘qnale
3244 1096 3360 1153 est,
3401 1102 3509 1142 non
3531 1103 3594 1143 se
3616 1103 3709 1142 os-

2117 1179 2356 1233 tentandi
2382 1179 2615 1233 stttdium
2647 1179 2846 1234 habere
2870 1222 2886 1243 ,
2914 1190 2969 1234 et
2998 1181 3229 1235 latebras
3267 1198 3528 1251 quzerere.
3556 1182 3610 1236 εἰ.
3644 1180 3715 1237 [ι

2117 1287 2231 1324 cum
2265 1272 2424 1325 oratis
2448 1312 2462 1333 ,
2495 1272 2651 1325 nolite
2685 1271 2795 1338 ﬁeri
2840 1273 2970 1324 sicut
2996 1273 3275 1343 hypocrita!
3295 1314 3314 1339 ,
3344 1274 3432 1343 qui
3461 1285 3636 1328 amant
3658 1277 3714 1328 in

2117 1364 2391 1433 synagogis
2431 1373 2477 1416 et
2501 1363 2554 1415 in
2584 1364 2785 1433 angulis
2825 1366 3107 1435 platearum
3129 1375 3319 1421 stantes
3341 1384 3490 1421 orare
3511 1407 3526 1433 ,
3558 1380 3613 1421 ut
3638 1369 3717 1420 oi-

2118 1454 2335 1509 deantur
2357 1454 2420 1508 ab
2446 1454 2750 1511 hominibus.
2774 1456 2933 1510 Amen
2949 1457 3063 1511 dico
3085 1458 3243 1521 vobis,
3262 1469 3557 1528 receperunt
3583 1477 3719 1514 mer-

2117 1548 2291 1600 cedem
2317 1563 2482 1600 suam.
2516 1548 2570 1602 6.
2602 1546 2678 1601 Tu
2706 1559 2873 1602 autem
2913 1565 3027 1603 cum
3053 1551 3308 1615 oraveris,
3340 1552 3477 1604 intra
3504 1552 3557 1606 in
3581 1552 3719 1605 culti-

2120 1641 2294 1694 culum
2323 1650 2466 1695 tuum
2492 1683 2506 1704 ,
2539 1652 2586 1695 et
2610 1643 2788 1696 clauso
2818 1644 2969 1707 ostio,
2998 1660 3091 1697 ora
3113 1642 3323 1697 Putrem
3357 1655 3501 1698 tuum
3525 1647 3610 1712 qui
3637 1658 3715 1699 est

2121 1736 2174 1788 in
2200 1736 2515 1791 abscondito.
2557 1736 2787 1791 Rursum
2819 1738 2917 1792 hos
2947 1737 3251 1809 hypocritas
3281 1752 3474 1807 vocat,
3517 1752 3570 1795 et
3592 1742 3718 1811 jure

2121 1825 2337 1895 quidem
2366 1843 2379 1878 :
2404 1828 2526 1895 quia
2551 1841 2673 1881 cum
2706 1844 2765 1882 se
2790 1829 2953 1883 Deum
2981 1843 3135 1884 orare
3166 1831 3440 1899 simulant,
3472 1833 3718 1889 homines

2122 1918 2581 1987 circumspiciunt,
2615 1934 2718 1974 non
2747 1921 3047 1990 supplicum
3076 1932 3223 1977 veste
3244 1924 3434 1990 induti,
3467 1925 3560 1980 sed
3588 1926 3721 1980 ridi-

2124 2011 2369 2067 culorum
2415 2012 2713 2069 hominum.
2756 2016 2855 2081 Qui
2901 2016 3045 2071 enim
3089 2017 3153 2071 ad
3201 2020 3607 2089 supplicandum
3657 2040 3720 2078 se

2125 2114 2392 2174 prze'parat
2412 2148 2427 2169 ,
2455 2106 2705 2162 omnibus
2728 2108 2950 2175 relictis,
2985 2110 3130 2164 illum
3160 2111 3392 2168 intuetur
3419 2129 3604 2181 unum,
3627 2119 3719 2185 qui

2129 2208 2306 2267 potest
2329 2200 2590 2270 postulata
2622 2201 2771 2255 dare.
2801 2202 2953 2270 Quod
2984 2203 3027 2258 si
3061 2204 3154 2256 illo
3181 2205 3387 2269 relicto,
3420 2207 3720 2262 Circumeas

2130 2304 2319 2345 errans
2342 2331 2358 2356 ,
2390 2302 2443 2345 et
2471 2291 2704 2360 undique
2752 2294 3186 2366 circumspiciens
3208 2337 3223 2360 ,
3266 2297 3445 2352 vacuis
3472 2300 3721 2354 manilius

2126 2385 2406 2440 abscedes.
2441 2386 2550 2440 lloc
2572 2391 2718 2445 e'tim
2758 2397 2813 2443 ιιι
2850 2388 3083 2444 voluisti.
3113 2391 3235 2446 Ideo
3266 2404 3373 2445 non
3404 2390 3554 2457 dixit,
3582 2393 3714 2446 tales

2131 2474 2378 2534 homines
2414 2481 2710 2534 mercedem
2745 2498 2847 2537 non
2892 2496 3206 2553 accepturos
3243 2501 3400 2549 esse,
3425 2486 3520 2541 sed
3567 2501 3721 2542 rece-

2132 2581 2307 2649 pisse;
2333 2580 2383 2634 id
2405 2589 2487 2634 est
2512 2623 2525 2640 .
2558 2581 2815 2650 recipient
2840 2583 3053 2651 quidem
3076 2624 3089 2646 ,
3119 2584 3210 2639 sed
3241 2600 3270 2639 a
3294 2585 3485 2654 quibus
3509 2585 3719 2641 deside-

2131 2682 2271 2725 rant.
2311 2671 2427 2726 Non
2455 2673 2597 2727 enim
2633 2673 2732 2727 hoc
2772 2674 2910 2728 Deus
2949 2676 3180 2737 volebat.
3210 2676 3302 2732 sed
3329 2679 3574 2747 cupiebat
3609 2679 3720 2747 ipse

2131 2781 2283 2821 suam
2308 2766 2549 2835 praebere
2578 2767 2900 2823 mercedem.
2936 2770 3012 2823 Illi
3046 2787 3173 2825 vero
3201 2773 3500 2826 mercedem
3536 2773 3603 2826 ah
3628 2772 3721 2825 ho-

2134 2859 2370 2914 minihus
2400 2872 2707 2937 quau-entes
2729 2901 2745 2926 ,
2775 2878 2880 2915 non
2913 2862 2981 2915 ab
3022 2862 3113 2917 illo
3142 2874 3413 2919 merentur
3438 2866 3681 2933 accipere
3704 2909 3718 2929 ,

2135 2964 2356 3023 propter
2384 2970 2543 3024 quem
2565 2955 2698 3009 nihil
2727 2954 2987 3011 fecerunt.
3006 2957 3083 3012 Tu
3111 2974 3237 3011 vero
3257 2958 3388 3013 mihi
3414 2960 3720 3014 consideres

2135 3048 2290 3101 velim
2322 3048 2412 3104 Dei
2456 3048 2873 3120 benignitatem,
2906 3056 3163 3120 quoniam
3188 3056 3253 3109 de
3279 3053 3470 3120 quibus
3500 3070 3529 3107 a
3572 3054 3723 3109 nobis

2135 3150 2351 3210 rogatur
2378 3142 2532 3196 bonis
2558 3184 2572 3207 ,
2601 3142 2904 3197 mercedem
2933 3158 2992 3197 se
3020 3143 3267 3198 daturum
3309 3146 3605 3213 pollicetur.
3638 3146 3723 3198 γε-

2136 3242 2389 3302 tuperans
2436 3233 2596 3303 igitur
2634 3234 2790 3298 illos,
2833 3236 2922 3304 qui
2968 3252 3072 3289 non
3121 3245 3176 3289 ut
3218 3235 3372 3291 decet
3417 3236 3517 3290 hoc
3547 3236 3724 3291 ofﬁcio

2134 3336 2377 3390 utuntur,
2408 3338 2520 3385 tum
2546 3345 2574 3383 ι
2608 3329 2745 3397 loco,
2773 3340 2881 3384 tum
2911 3330 2980 3385 ab
3009 3330 3222 3397 aﬂ'ectn,
3250 3346 3373 3386 cum
3402 3332 3724 3387 ostendisset

2135 3423 2255 3477 illos
2283 3422 2568 3477 admodum
2600 3424 2852 3479 ridiculos
2879 3440 3018 3486 esse,
3042 3426 3300 3495 optimum
3328 3427 3587 3481 orationis
3616 3442 3726 3481 mo-

2134 3515 2259 3570 dum
2302 3516 2539 3578 iuducit,
2574 3528 2630 3571 et
2672 3533 2859 3570 rursus
2907 3517 3211 3573 mercedem
3241 3517 3463 3585 tribuit,
3489 3518 3674 3574 dicens
3710 3539 3722 3573 :

2134 3608 2285 3663 Intra
2309 3612 2362 3662 in
2392 3611 2677 3664 cubiculum
2706 3622 2867 3663 tuum.

2206 3705 2258 3758 5.
2288 3705 2467 3771 Qualis
2486 3707 2770 3775 requiratur
2788 3706 2839 3758 in
2860 3705 3089 3758 oratione
3109 3705 3386 3759 Itumililas.
3414 3706 3592 3759 Oratio
3611 3723 3725 3759 cum

2134 3797 2406 3850 voluntatis
2436 3797 2604 3849 studio
2632 3797 2923 3849 eutilteuda.
2960 3796 3227 3851 Precautis
3257 3814 3358 3850 non
3387 3814 3485 3852 vox
3510 3798 3727 3868 requiri-

2135 3901 2236 3944 tur.
2265 3920 2335 3931 -—-
2359 3890 2493 3957 Quid
2525 3889 2701 3959 igitur,
2736 3891 2925 3961 inquit,
2957 3892 3007 3944 in
3039 3890 3264 3945 ecclesia
3294 3907 3398 3945 non
3430 3890 3726 3945 orandum?

2133 3984 2273 4039 Sane
2298 3983 2511 4053 quidem
2552 3986 2811 4040 orandum
2831 4026 2843 4044 .
2877 3984 2969 4039 sed
3002 4000 3122 4039 cmn
3153 3986 3420 4040 voluntate
3452 3986 3558 4039 tali.
3592 3985 3723 4038 Nam

2136 4080 2276 4134 Deus
2299 4079 2495 4149 ubique
2516 4095 2636 4133 cum
2669 4080 2756 4141 sit,
2783 4089 3053 4149 gestorum
3082 4094 3300 4149 scepum
3326 4080 3563 4148 requirit.
3588 4079 3724 4132 Alio-

2133 4172 2260 4238 quin
2291 4172 2334 4225 si
2364 4172 2417 4224 in
2445 4170 2749 4225 cubiculum
2788 4172 3058 4239 ingressus
3088 4170 3161 4225 sis
3183 4211 3197 4234 ,
3227 4170 3551 4239 januamqne
3575 4171 3689 4224 clau
3708 4200 3724 4210 -

2130 4263 2227 4318 das
2249 4306 2264 4330 ,
2294 4264 2454 4333 idque
2488 4263 2552 4317 ad
2583 4264 2992 4317 ostentationem
3036 4264 3229 4327 facias,
3263 4264 3390 4317 nihil
3424 4265 3513 4317 tibi
3547 4264 3729 4330 jaunis

2134 4371 2268 4426 opus
2298 4366 2399 4410 est.
2435 4356 2564 4409 Vide
2592 4356 2752 4425 igitur
2790 4365 2844 4409 et
2882 4356 2967 4409 hic
3003 4371 3162 4424 quam
3194 4365 3495 4409 accuratam
3529 4355 3723 4409 distin-

2131 4451 2363 4504 ctionem
2394 4447 2629 4520 posuerit
2655 4446 2859 4512 dicens,
2892 4446 2959 4501 Ut
2983 4457 3262 4517 appareant
3286 4445 3588 4501 hominibus.
3619 4445 3723 4499 Ita-

2130 4558 2237 4614 que
2282 4544 2490 4598 etiamsi
2528 4542 2718 4613 januas
2758 4540 3049 4603 clauseris,
3098 4540 3148 4594 id
3194 4550 3243 4595 te
3286 4540 3399 4595 vult
3438 4550 3720 4609 antequam

2130 4637 2350 4692 claudas
2380 4645 2525 4692 recte
2553 4635 2726 4691 facere
2749 4675 2764 4699 ,
2794 4650 2988 4704 nempe
3015 4644 3070 4689 ut
3095 4635 3256 4689 etiam
3286 4636 3479 4689 mentis
3508 4645 3609 4697 tua;
3636 4635 3723 4702 ja-

2132 4746 2265 4785 nuas
2293 4730 2529 4784 claudas.
2562 4729 2693 4783 Nam
2726 4744 2857 4781 vana
2897 4727 3065 4797 gloria
3106 4742 3320 4796 semper
3348 4742 3569 4781 vacuum
3600 4742 3723 4781 esse

2129 4824 2388 4891 optimum
2415 4832 2531 4885 est;
2560 4821 2791 4876 maxime
2818 4836 2947 4876 vero
2976 4822 3026 4875 in
3055 4821 3315 4875 oratione.
3346 4816 3404 4875 Si
3427 4822 3569 4874 enim
3600 4820 3724 4874 abs-

2128 4931 2233 4986 que
2271 4915 2372 4969 hoc
2410 4916 2539 4967 vitio
2580 4924 2758 4968 mente
2797 4929 3071 4975 erramus,
3102 4923 3156 4967 et
3184 4911 3646 4977 circumfer-imm;
3674 4913 3720 4965 si

2127 5022 2250 5062 cum
2278 5007 2378 5060 hoc
2410 5009 2596 5060 morbo
2628 5005 3006 5075 ingrediantur,
3033 5003 3373 5075 (mandatam
3403 5019 3465 5057 ea
3492 5020 3609 5073 qtae
3634 5003 3720 5056 di-

2128 5101 2299 5153 cimus
2341 5099 2659 5154 audiemus?
2693 5098 2776 5154 sin
2824 5115 2920 5152 nos
2959 5098 3047 5167 qui
3087 5097 3448 5167 supplicamus
3476 5106 3530 5150 et
3556 5095 3721 5150 obse-

2128 5210 2340 5249 cI'amus
2361 5235 2376 5258 ,
2407 5176 2511 5246 non
2539 5194 2785 5247 audimus
2804 5234 2819 5258 ,
2848 5191 3113 5260 quomodo
3144 5192 3306 5244 Deum
3338 5198 3395 5243 ut
3419 5189 3600 5244 audiat
3627 5204 3720 5245 ro-

2126 5289 2350 5354 gamus?
2378 5289 2625 5341 Attamen
2656 5286 2868 5355 qttidatn
2910 5296 3031 5339 sunt
3063 5285 3155 5354 qui
3196 5294 3315 5353 post
3359 5292 3435 5338 tot
3470 5290 3723 5352 tantaque

2129 5395 2390 5449 pra-cepta
2421 5385 2489 5438 ita
2521 5381 2742 5449 turpiter
2763 5380 2814 5433 in
2839 5380 3080 5434 oratione
3105 5392 3164 5432 se
3189 5385 3401 5448 gerunt,
3429 5387 3487 5430 ut
3507 5378 3717 5433 etiamsi

2124 5486 2353 5539 oorpore
2383 5471 2572 5528 occulti
2605 5471 2708 5524 sint
2732 5513 2747 5537 ,
2781 5486 2910 5524 voce
2949 5471 3195 5524 omnibus
3224 5484 3285 5523 se
3320 5469 3515 5522 faciant
3543 5470 3707 5521 maui-

2128 5563 2289 5617 t'estos
2309 5606 2321 5624 .
2352 5564 2650 5619 scurriliter
2678 5564 2970 5617 clamantes
2994 5604 3009 5627 ,
3039 5572 3091 5615 et
3121 5562 3303 5615 habitu
3334 5577 3568 5631 voceque
3595 5575 3723 5614 sese

2129 5654 2381 5708 ridiculos
2421 5655 2755 5709 exhibentes.
2795 5663 2987 5710 Annon
3029 5656 3176 5710 vides
3210 5655 3371 5709 etiam
3404 5655 3456 5707 in
3488 5657 3602 5707 l‘oro
3624 5696 3640 5717 ,
3670 5652 3719 5708 si

2125 5754 2246 5822 quis
2277 5749 2342 5800 ita
2374 5763 2432 5802 se
2462 5758 2632 5818 gerat,
2662 5758 2713 5802 et
2736 5764 2857 5804 cum
2885 5749 3117 5803 clamore
3142 5748 3423 5816 supplicet,
3448 5757 3721 5816 quomodo

2130 5849 2272 5902 illum
2298 5858 2456 5901 etiam
2486 5860 2645 5916 quem
2685 5838 2835 5914 rogat
2864 5849 3109 5897 amovcat
3135 5858 3147 5902 ;
3178 5841 3221 5894 si
3252 5850 3429 5894 autem
3457 5839 3635 5907 quiete
3665 5851 3720 5896 et
