4036 6436
297 421 399 476 277

291 551 419 589 eum
450 534 662 591 decenti
707 533 926 596 habitu,
959 541 1071 587 tum
1108 533 1340 588 maxime
1375 531 1608 588 inﬂectat
1642 550 1763 590 eum
1794 536 1884 606 qui

291 628 522 699 gratiam
553 626 802 682 conferre
838 625 1050 695 potest?
1078 623 1156 680 Ne
1196 624 1372 695 itaque
1402 624 1582 679 habitu
1610 628 1849 696 corporis
1873 669 1887 693 ,

291 735 472 791 neque
497 721 645 775 vocis
672 720 908 774 clamore
928 758 944 785 ,
975 717 1070 774 sed
1100 720 1388 774 voluntatis
1417 719 1594 773 studio
1621 720 1892 774 orationes

290 816 638 878 emittamus;
681 827 856 882 neque
901 825 1022 867 cum
1070 811 1297 882 strepitu
1338 819 1392 867 et
1437 813 1613 866 sonitu
1639 852 1654 876 ,
1700 813 1783 866 vel
1823 813 1889 866 ad

290 907 708 963 ostentationem
730 948 746 973 ,
778 921 848 960 ne
884 905 1158 975 proximos
1200 905 1352 960 nobis
1391 905 1720 974 expellamus
1743 946 1756 970 ,
1795 905 1888 959 sed

286 1013 418 1054 cum
462 998 724 1053 modestia
764 996 946 1060 omni,
976 997 1137 1051 animi
1176 996 1528 1062 contritione,
1558 1005 1612 1051 et
1639 997 1889 1067 lacrymis

291 1090 659 1145 interioribus.
689 1087 794 1145 Sed
823 1087 972 1143 doles
1001 1087 1181 1142 animo
1199 1129 1213 1154 ,
1249 1101 1348 1142 nec
1377 1095 1529 1156 potes
1558 1102 1664 1141 non
1690 1087 1889 1141 clama-

289 1185 392 1239 re?
434 1184 547 1240 lmo
580 1184 812 1239 maxime
837 1183 1064 1236 dolentis
1093 1189 1175 1236 est
1203 1181 1281 1235 sic
1303 1195 1459 1237 orare
1479 1223 1492 1245 ,
1522 1189 1578 1235 et
1603 1180 1888 1237 obsecrare

288 1286 353 1330 ut
393 1275 528 1331 dixi.
572 1275 704 1330 Nam
745 1285 799 1330 et
839 1274 1048 1344 Moyses
1084 1272 1328 1338 dolebat,
1362 1273 1543 1342 sicque
1583 1271 1802 1337 orabat,
1833 1280 1889 1326 et

287 1366 611 1423 audiebatur
637 1383 650 1420 :
680 1365 906 1435 ideoque
935 1365 1071 1420 dixit
1111 1364 1184 1418 illi
1233 1364 1370 1418 Deus
1399 1379 1415 1414 ι
1445 1361 1581 1428 Quid
1606 1363 1795 1418 clamas
1820 1363 1887 1417 ad

288 1477 372 1515 me
413 1460 610 1530 (Exod.
645 1459 734 1514 14.
765 1456 903 1530 15)⁴ὶ
944 1460 1095 1512 Anna
1122 1471 1334 1527 quoque
1367 1471 1600 1521 rursum,
1633 1470 1751 1510 cum
1783 1472 1885 1510 vox

290 1568 400 1607 non
431 1551 727 1615 audiretur,
754 1550 934 1605 omnia
959 1564 1080 1619 quae
1104 1548 1270 1602 voluit
1297 1547 1618 1615 impetravit,
1646 1548 1766 1617 quia
1793 1562 1886 1601 cur

285 1643 410 1712 ejus
453 1642 717 1697 clamabat
759 1641 836 1714 (1.
863 1639 988 1711 Reg.
1020 1639 1097 1711 1).
1126 1639 1261 1694 Abel
1286 1653 1414 1694 vero
1443 1653 1549 1693 non
1574 1639 1735 1693 silens
1764 1653 1882 1693 mo-

288 1736 395 1797 do,
427 1734 522 1789 sed
565 1733 727 1788 etiam
766 1732 1005 1787 moriens
1047 1731 1395 1801 precabatur,
1425 1740 1480 1786 et
1523 1730 1738 1800 sanguis
1768 1731 1884 1799 ejus

287 1827 415 1883 tuba
443 1826 722 1883 clariorem
760 1825 1039 1881 emittebat
1072 1839 1279 1880 vocem.
1323 1823 1614 1894 lngemisce
1645 1824 1802 1892 igitur
1829 1833 1885 1880 et

289 1929 348 1974 tu
375 1919 622 1975 similiter
650 1926 707 1973 ut
737 1918 827 1972 ille
858 1925 1072 1972 sanctus
1102 1933 1115 1967 :
1146 1916 1197 1970 id
1228 1931 1332 1970 non
1366 1915 1617 1986 impedio.
1650 1915 1879 1982 Scinde,

285 2021 350 2067 ut
375 2013 633 2083 propheta
666 2010 859 2081 jussit,
891 2024 985 2064 cor
1015 2018 1163 2063 tuum
1187 2049 1202 2074 ,
1232 2016 1288 2062 et
1312 2022 1418 2062 non
1447 2006 1760 2063 vestimenta
1794 2017 1881 2060 tua

261 2105 311 2178 η(
338 2105 455 2160 Joet
479 2104 538 2159 2.
568 2105 637 2159 l3
669 2104 709 2174 ).
741 2103 816 2158 De
855 2101 1129 2172 profundis
1172 2100 1357 2154 invoca
1401 2099 1606 2164 Deum;
1647 2114 1770 2152 nam
1809 2099 1885 2152 ait

285 2197 381 2252 ille
403 2238 419 2264 ,
449 2194 528 2249 De
552 2193 820 2268 profundis
847 2192 1061 2247 clamavi
1085 2192 1153 2245 ad
1182 2201 1261 2259 te,
1294 2188 1510 2244 Domine
1539 2190 1559 2260 ζ
1577 2188 1722 2243 Psat.
1755 2187 1879 2244 129.

286 2290 346 2360 1)
379 2307 393 2342 :
423 2305 487 2345 ex
528 2288 716 2343 intimo
743 2287 922 2343 cordis
951 2285 1027 2340 tui
1059 2299 1246 2341 vocem
1288 2283 1496 2338 attrahe
1519 2325 1534 2348 ,
1567 2282 1652 2338 fac
1679 2283 1879 2337 oratio-

284 2396 412 2437 nem
445 2390 588 2435 tuam
617 2393 736 2436 esse
775 2377 1110 2450 mysterium.
1147 2376 1262 2431 Non
1298 2375 1448 2430 vides
1478 2375 1529 2429 in
1557 2374 1693 2429 aulis
1722 2373 1880 2443 regiis

282 2475 574 2530 tumultum
598 2488 812 2549 omnem
836 2470 1102 2528 eliminari
1122 2511 1136 2536 ,
1169 2477 1223 2524 et
1249 2469 1475 2523 multum
1499 2467 1730 2536 undique
1759 2481 1879 2521 esse

281 2567 594 2625 silentium?
629 2569 695 2623 Et
733 2575 787 2621 ιιι
828 2566 1004 2636 itaque
1041 2563 1190 2634 quasi
1232 2565 1284 2617 in
1328 2560 1529 2631 regiam
1576 2559 1880 2635 ingrediens

284 2676 393 2718 non
420 2659 711 2724 terrenam,
739 2657 831 2714 sed
859 2658 909 2712 in
936 2657 1104 2710 multo
1131 2654 1525 2719 terribiliorem,
1559 2667 1751 2722 nempe
1775 2667 1880 2706 cae-

281 2754 499 2815 lestem,
532 2765 777 2820 magnam
808 2748 1000 2803 exhibe
1031 2746 1366 2800 modestiam.
1400 2743 1530 2799 Nam
1559 2754 1611 2800 et
1637 2759 1756 2799 eum
1782 2758 1880 2798 an-

282 2843 421 2914 gelis
454 2841 679 2898 choreas
720 2842 867 2911 agis,
910 2848 963 2894 et
1001 2837 1440 2908 archangelorum
1479 2853 1538 2892 es
1578 2838 1754 2892 socius
1777 2877 1792 2902 ,
1822 2844 1879 2892 et

281 2953 408 2992 cum
438 2935 718 3005 Seraphim
747 2934 892 2989 canis
917 2934 956 2985 ί.
985 2933 1185 2987 Omnes
1226 2945 1385 3001 porro
1426 2931 1510 2985 isti
1549 2941 1720 2987 cattus
1757 2944 1876 2984 ma-

280 3044 448 3099 gnum
477 3027 736 3083 exhibent
762 3025 1002 3081 ordinem
1027 3067 1041 3092 ,
1073 3039 1194 3079 cum
1225 3024 1449 3080 horrore
1479 3024 1646 3078 multo
1685 3024 1874 3094 mysti-

280 3139 407 3178 cum
441 3123 566 3177 illud
595 3122 763 3176 melos
792 3128 846 3175 et
871 3132 1054 3174 sacros
1085 3119 1313 3188 hymnos
1337 3125 1588 3171 canentes
1619 3117 1728 3187 regi
1760 3117 1876 3171 uni-

279 3229 563 3272 versorum
593 3214 723 3268 Deo.
755 3212 850 3267 llis
879 3211 1055 3280 itaque
1087 3217 1138 3265 te
1161 3209 1461 3264 admisceas
1491 3209 1542 3263 in
1573 3209 1837 3278 precando
1856 3250 1871 3276 ,

279 3307 676 3378 mysticumque
714 3305 948 3374 ipsorum
983 3311 1228 3357 ornatum
1265 3301 1491 3356 imitare.
1518 3299 1702 3370 Neque
1729 3299 1872 3355 enim

280 3399 591 3456 hominibus
619 3397 888 3468 precaris;
918 3396 1010 3452 sed
1045 3396 1154 3450 Deo
1180 3395 1376 3464 ubique
1408 3393 1687 3463 praesenti,
1716 3403 1872 3448 ante-

279 3509 444 3564 quam
487 3507 674 3548 vocem
726 3491 982 3547 emittas'
1024 3488 1297 3552 audienti,
1343 3488 1431 3557 qui
1486 3487 1632 3541 novit
1677 3501 1871 3541 arcana

280 3588 500 3642 mentis.
531 3586 586 3642 Si
616 3587 694 3641 sic
719 3584 962 3641 oraveris
983 3625 997 3646 ,
1025 3583 1246 3637 multam
1289 3582 1514 3651 recipies
1543 3581 1868 3636 mercedem.

280 3679 463 3743 Pater,
489 3679 680 3748 inquit,
711 3688 844 3742 tuus,
875 3679 960 3746 qui
993 3677 1125 3729 videt
1156 3676 1208 3728 in
1242 3675 1552 3739 abscondito,
1582 3673 1756 3727 reddet
1783 3673 1873 3727 tibi

267 3775 336 3828 ~in
375 3773 658 3844 manifesto.
692 3770 805 3826 Non
837 3771 926 3835 ait,
966 3768 1191 3823 Donabit
1221 3767 1338 3831 tibi,
1371 3766 1485 3834 sed,
1520 3765 1734 3820 Reddet.
1766 3767 1871 3822 De-

276 3867 511 3921 bitorem
550 3879 606 3920 se
644 3864 842 3935 quippe
872 3863 964 3916 tibi
1004 3862 1313 3928 constituit,
1341 3869 1499 3931 teque
1543 3877 1734 3930 magno
1775 3877 1870 3930 pro

277 3958 390 4013 hoc
414 3959 572 4012 etiam
603 3956 809 4011 honore
838 3955 1074 4009 donavit.
1113 3953 1242 4019 Quia
1272 3953 1412 4007 enim
1452 3954 1565 4022 ipse
1595 3954 1871 4008 invisibilis

277 4057 388 4115 est,
416 4047 535 4103 ideo
556 4047 667 4101 vult
693 4047 990 4101 orationem
1015 4055 1157 4098 tuam
1181 4043 1481 4112 hujusmodi
1505 4058 1643 4097 esse.
1673 4043 1870 4098 Deinde

279 4140 450 4196 verba
477 4140 587 4208 ipsa
614 4139 869 4194 orationis
911 4137 1092 4192 refert.
1126 4137 1178 4190 7.
1217 4135 1461 4202 Orantes,
1492 4137 1688 4205 inquit,
1718 4136 1872 4189 nolite

277 4233 502 4288 multum
527 4232 680 4302 loqui,
710 4231 836 4285 sicut
866 4229 1050 4283 ethnici
1077 4227 1288 4298 faciunt.
1317 4227 1448 4280 Nam
1478 4242 1598 4280 cum
1630 4226 1696 4280 de
1725 4227 1868 4280 elec-

277 4339 508 4395 mosyna
537 4322 882 4395 loquebatur,
913 4337 1063 4375 vanae
1101 4319 1284 4390 gloria:
1321 4325 1521 4388 pestem
1554 4327 1755 4372 tantum
1785 4333 1871 4371 se-

276 4394 484 4480 movit,
515 4394 750 4485 nihilque
779 4414 1008 4482 amplius
1035 4411 1265 4482 adjecit,
1297 4426 1469 4481 neque
1498 4410 1663 4475 dixit,
1694 4413 1868 4467 unde-

274 4525 406 4565 nam
435 4508 827 4579 eleemosynam
867 4505 1046 4560 facere
1085 4511 1394 4572 oporteret;
1427 4503 1572 4557 verbi
1613 4517 1768 4557 eanSa
1803 4521 1866 4558 ex

271 4602 438 4674 justis
465 4599 754 4666 laboribus,
785 4613 889 4652 non
917 4613 981 4652 ex
1018 4597 1221 4665 rapina,
1254 4595 1334 4650 vel
1365 4611 1429 4650 ex
1461 4596 1703 4649 avaritia.
1738 4596 1868 4650 Illud

275 4708 513 4764 namque
533 4692 584 4746 in
607 4689 855 4746 confesso
877 4687 1017 4760 apud
1039 4701 1225 4742 omnes
1251 4695 1382 4740 erat.
1413 4685 1668 4754 Superius
1691 4695 1866 4740 autem

276 4785 408 4846 illud
429 4786 537 4854 jam
566 4789 970 4853 expurgaverat,
997 4794 1117 4833 cum
1141 4778 1438 4834 esurientes
1461 4778 1720 4846 justitiam
1746 4778 1871 4833 bea-

275 4889 366 4935 tos
394 4876 720 4947 praedicavit.
752 4874 907 4930 Circa
936 4871 1230 4926 orationem
1258 4884 1386 4924 vero
1415 4869 1611 4939 aliquid
1642 4870 1869 4939 amplius

277 4969 497 5038 adjicit,
521 4965 909 5035 multiloquium
939 4978 1060 5017 esse
1085 4961 1354 5015 vitandum
1385 4978 1398 5012 :
1423 4974 1486 5014 ac
1514 4961 1867 5030 quemadmo-

276 5062 409 5117 dum
437 5058 509 5114 ibi
541 5058 866 5128 hypocritas,
891 5056 960 5109 ita
983 5065 1036 5107 et
1059 5053 1145 5108 hic
1170 5051 1411 5107 ethnicos
1441 5053 1645 5119 irridet,
1676 5052 1868 5123 ubique

275 5168 345 5208 ex
397 5163 743 5222 personarum
790 5147 990 5200 vilitate
1026 5145 1321 5198 auditorem
1367 5137 1568 5213 pudore
1604 5143 1864 5200 afficiens.

273 5246 414 5316 Quia
436 5245 579 5302 enim
603 5250 662 5297 tit
688 5241 974 5310 plurimum
1005 5239 1104 5292 hoc
1132 5237 1367 5292 maxime
1399 5237 1606 5292 mordet
1626 5245 1677 5291 et
1699 5237 1865 5306 angit,

272 5355 401 5396 cum
425 5337 547 5409 quis
605 5332 833 5403 abjectis
889 5330 1192 5388 hominibus
1217 5338 1574 5399 comparatur,
1600 5331 1725 5386 hinc
1748 5332 1868 5386 illos

269 5430 534 5500 abducit,
571 5425 960 5497 multiloquium
1002 5424 1089 5479 hic
1122 5423 1321 5479 futilem
1361 5424 1733 5493 loquacitatem
1769 5440 1868 5479 vo-

269 5538 442 5588 cans;
467 5504 527 5575 ut
549 5535 670 5575 cum
699 5532 804 5572 non
832 5525 1188 5587 consentanea
1210 5529 1238 5568 a
1263 5515 1373 5569 Deo
1399 5516 1646 5585 petimus,
1677 5530 1868 5585 nempe

271 5612 574 5688 potentiam
601 5619 658 5667 et
693 5610 938 5681 gloriam,
967 5606 1244 5662 victoriam
1275 5606 1342 5662 de
1372 5606 1620 5672 inimicis,
1654 5605 1868 5660 divitia-

269 5720 394 5764 rum
423 5703 701 5760 facultates
718 5742 734 5768 ,
761 5701 1084 5770 demumque
1111 5713 1172 5754 ea
1199 5712 1318 5769 qua:
1347 5698 1478 5753 nihil
1507 5698 1659 5752 nobis
1687 5697 1866 5769 profu—

335 5866 360 5896 ¹
391 5861 510 5924 Alii,
529 5861 774 5915 caudeam
795 5856 1046 5923 seraphim
1065 5857 1230 5924 emis;
1255 5870 1356 5908 non
1374 5855 1523 5908 male.

339 5929 364 5958 ί
395 5918 614 5987 Quidam,
637 5930 894 5986 antequam
912 5918 1117 5987 precem
1133 5918 1336 5972 eniittas.

1439 418 1506 474 IN
1545 419 1952 477 MATTHIEUM
1993 420 2221 478 HOMIL.
2265 424 2407 480 XIX.
3485 438 3591 494 278

2004 545 2118 589 tura
2166 546 2306 591 sunt.
2356 537 2464 593 seu
2512 541 2664 607 enim,
2709 545 2907 613 inquit,
2950 546 3128 616 quibus
3171 564 3298 618 Opus
3343 553 3588 608 habeatis.

2068 630 2121 683 4.
2155 627 2218 682 1η
2248 631 2476 686 oratione
2503 638 2943 702 perseverandum.
2979 639 3106 705 Quae
3131 642 3196 695 sit
3222 645 3466 700 orationis
3492 648 3592 700 uti-

1997 719 2128 772 litas.
2175 720 2470 790 Adeptienis
2507 726 2690 780 diuina?
2725 727 2939 797 fructus.
2978 761 3049 770 —
3093 731 3219 787 Post
3258 733 3372 790 haec
3410 745 3589 792 autem

1998 809 2206 864 videtur
2251 813 2380 866 mihi
2427 815 2616 885 longas
2663 820 2934 876 orationes
2983 831 3198 887 vetare;
3247 825 3432 895 longas
3481 844 3589 884 non

1995 907 2237 970 tempore
2261 944 2274 967 ,
2308 903 2400 958 sed
2439 908 2776 966 multitudine
2818 922 2872 965 et
2913 912 3239 982 longitudine
3275 918 3587 976 verborum.

1994 993 2448 1051 Perseverandum
2487 1000 2630 1054 enim
2658 1013 2739 1056 est
2767 1003 2954 1058 eadem
2988 1007 3097 1074 ipsa
3147 1010 3375 1076 petendo
3405 1031 3418 1065 :
3451 1012 3590 1066 Ora-

1993 1087 2137 1153 tioni,
2167 1088 2356 1159 inquit,
2379 1091 2622 1147 instantes
2648 1093 2824 1165 (Rom.
2855 1097 2942 1151 12.
2978 1099 3088 1168 12).
3122 1100 3185 1154 Et
3211 1103 3324 1172 ipse
3344 1103 3589 1158 Christus

1993 1180 2239 1249 exemplo
2282 1183 2493 1249 vidum,
2535 1203 2654 1254 qua:
2702 1189 3182 1247 inmisericordem
3222 1205 3274 1248 et
3316 1198 3586 1252 crudelem

1992 1271 2286 1342 principem
2318 1276 2575 1332 orationis
2607 1279 2852 1333 instantia
2885 1281 3032 1336 ﬂexit
3058 1283 3206 1352 (Luc.
3241 1285 3368 1357 18);
3400 1303 3587 1343 exem-

1991 1364 2186 1434 ploque
2211 1367 2367 1422 amici
2399 1369 2544 1424 illius
2567 1372 2655 1440 qui
2682 1372 2996 1441 intempesta
3025 1385 3180 1430 nocte
3201 1379 3364 1444 venit,
3391 1389 3444 1433 et
3463 1380 3590 1434 dor-

1991 1457 2242 1510 tnientem
2279 1475 2307 1511 a
2341 1458 2478 1514 lecto
2519 1462 2824 1526 suscitavit,
2859 1478 2964 1517 non
2995 1479 3060 1518 ex
3091 1468 3362 1530 amicitia,
3395 1470 3488 1522 sed
3519 1485 3586 1525 ex

1991 1549 2385 1616 perseverantia
2414 1549 2561 1620 (Luc.
2595 1553 2685 1621 11)
2713 1571 2726 1609 :
2752 1553 2881 1607 nihil
2905 1554 3049 1610 aliud
3080 1558 3395 1625 praiscr'tbit,
3423 1575 3582 1630 quam

1989 1653 2176 1694 omnes
2201 1639 2300 1710 ipsi
2328 1641 2634 1712 supplicare
2662 1643 2878 1699 assidue
2906 1656 3175 1714 oportere,
3206 1663 3310 1702 non
3342 1663 3436 1718 per
3463 1666 3586 1704 ora-

1992 1729 2188 1784 tionem
2237 1731 2383 1786 mille
2430 1732 2672 1788 versibus
2719 1743 3088 1802 constantem,
3131 1737 3224 1791 scd
3273 1739 3586 1809 simpliciter

1988 1837 2103 1876 rem
2129 1821 2322 1879 efferre
2345 1824 2517 1894 jubet.
2547 1824 2677 1881 illud
2708 1828 2850 1881 enim
2878 1828 3233 1885 subindicavit
3257 1831 3340 1887 his
3363 1835 3578 1889 verbis:

1991 1913 2186 1968 Putant
2216 1916 2349 1969 enim
2385 1918 2522 1987 quod
2556 1919 2608 1972 in
2647 1918 2968 1990 multiloquio
3001 1937 3096 1974 suo
3135 1923 3493 1979 exaudiantur.
3525 1929 3582 1982 8.

1989 2004 2072 2060 Ne
2098 2007 2288 2062 similes
2313 2019 2467 2064 estote
2489 2012 2610 2066 illis.
2642 2011 2754 2066 Scit
2779 2014 2912 2067 enim
2943 2013 3101 2070 Pater
3127 2027 3284 2072 uester
3305 2019 3429 2090 quid
3449 2023 3584 2076 vobis

1987 2113 2115 2168 opus
2138 2101 2223 2166 sit,
2254 2112 2522 2170 antequam
2545 2104 2606 2158 ab
2632 2105 2721 2158 illo
2757 2106 2959 2173 petatis.
2993 2107 3060 2161 Et
3084 2108 3128 2162 si
3157 2111 3323 2178 novit,
3352 2113 3584 2183 inquies.

1985 2190 2176 2260 quibus
2202 2208 2335 2262 opus
2361 2193 2643 2262 habemus,
2671 2211 2769 2251 cur
2793 2207 3004 2268 oportet
3027 2201 3226 2255 orare?
3245 2202 3358 2257 Νοη
3383 2213 3439 2258 ut
3459 2220 3581 2260 eum

1985 2282 2179 2338 doceas
2201 2328 2216 2352 ,
2248 2286 2340 2341 sed
2371 2297 2429 2340 ut
2459 2288 2696 2343 inﬂectas
2721 2307 2736 2356 ;
2765 2299 2824 2344 ut
2852 2292 3257 2361 supplicationis
3285 2295 3578 2367 frequentia

1987 2372 2060 2428 illi
2096 2374 2368 2431 familiaris
2405 2378 2599 2433 evadas
2624 2421 2638 2444 ,
2670 2391 2728 2434 ut
2769 2382 3067 2438 humilieris
3093 2424 3107 2448 ,
3141 2391 3198 2438 ut
3238 2397 3578 2454 peccatorum

1986 2475 2195 2520 tuorum
2222 2468 2541 2525 recorderis.
2575 2471 2628 2526 9.
2660 2471 2748 2527 Sic
2777 2473 2932 2543 igitur
2957 2483 3116 2538 orate,
3152 2475 3224 2529 ait
3255 2495 3267 2530 :
3301 2477 3455 2533 Pater
3481 2497 3578 2534 no-

1983 2569 2085 2612 ster
2102 2559 2189 2630 qui
2207 2576 2260 2613 es
2286 2560 2338 2614 in
2358 2561 2517 2626 cretis,
2548 2565 2888 2631 sanctiﬁcetur
2925 2582 3105 2621 nomen
3145 2577 3284 2622 tuum
3317 2569 3413 2641 (a).
3445 2571 3580 2628 Vide

1983 2652 2253 2720 quomodo
2279 2654 2458 2708 statim
2487 2655 2785 2712 auditorem
2814 2658 2982 2712 erexit
3007 2699 3022 2723 ,
3048 2669 3102 2714 et
3133 2675 3291 2715 onme
3332 2661 3577 2720 beneficii

1981 2759 2151 2815 genus
2173 2745 2224 2799 in
2250 2748 2524 2816 prooemiis
2549 2749 2882 2802 memoravit.
2909 2750 3039 2804 Nam
3063 2753 3150 2821 qui
3177 2751 3384 2807 Patrem
3410 2754 3576 2810 Deum

1982 2836 2308 2905 appellavit,
2349 2847 2402 2892 et
2442 2849 2780 2908 peccatorum
2817 2841 3224 2909 remissionem,
3253 2851 3308 2897 et
3333 2845 3575 2914 supplicii

1982 2930 2381 3000 abrogationem
2409 2971 2423 2995 ,
2454 2939 2508 2986 et
2543 2931 2801 3000 justitiam
2828 2973 2842 2997 ,
2877 2941 2932 2988 et
2973 2935 3448 2991 sanctificationem
3477 2979 3489 3001 ,
3521 2950 3577 2994 et

1981 3021 2428 3092 redemptionem,
2461 3031 2510 3077 et
2546 3023 2777 3078 filiorum
2809 3024 3174 3095 adeptionem,
3207 3035 3260 3080 et
3301 3027 3572 3084 heredita-

1965 3125 2108 3180 tem,
2139 3127 2193 3170 et
2232 3115 2614 3173 fraternitatem
2644 3134 2764 3172 cum
2798 3119 3101 3189 Unigenito,
3133 3130 3184 3174 et
3214 3123 3444 3190 Spiritus
3472 3123 3574 3177 dn-

1980 3224 2069 3276 na,
2100 3209 2197 3263 hac
2221 3224 2324 3263 una
2348 3208 2780 3265 denominatiune
2800 3212 3080 3268 confessus
3100 3222 3200 3268 est.
3227 3214 3407 3285 Neque
3429 3217 3573 3270 enim

1983 3300 2146 3355 Deum
2178 3300 2388 3354 Patrem
2419 3302 2536 3371 quis
2566 3302 2837 3372 appellare
2872 3313 3085 3371 potest,
3119 3306 3216 3359 nisi
3240 3305 3364 3370 _h:ec
3391 3309 3573 3362 omnia

1978 3391 2116 3446 bona
2144 3400 2523 3461 consequutus.
2552 3392 2752 3460 Duplici
2783 3393 2943 3462 igitur
2969 3394 3127 3448 modo
3153 3411 3336 3450 eorum
3363 3396 3573 3452 animos

1977 3484 2170 3554 erigit;
2201 3494 2255 3539 et
2292 3499 2356 3538 ex
2395 3483 2650 3554 dignitate
2681 3484 2794 3556 ejus
2829 3502 2987 3555 quem
3031 3487 3238 3542 Patrem
3267 3498 3487 3556 vocant,
3518 3499 3573 3544 ct

1977 3591 2043 3630 ex
2072 3575 2436 3646 magnitudine
2465 3591 2673 3638 eorum,
2705 3593 2822 3647 qua:
2852 3593 3128 3648 accepere,
3168 3581 3568 3637 beneficiorum.

1976 3668 2109 3723 Cum
2133 3678 2311 3723 autem
2335 3669 2486 3736 dicit,
2509 3667 2576 3723 In
2601 3670 2758 3736 caelis,
2785 3686 2888 3724 non
2919 3671 2988 3726 ibi
3017 3672 3184 3726 Deum
3216 3673 3317 3729 huc
3344 3674 3573 3730 dicendo

1976 3759 2248 3815 concludit
2268 3801 2284 3826 ,
2315 3760 2409 3816 sed
2441 3770 2746 3830 precantem
2775 3762 2841 3815 de
2871 3774 3007 3816 terra
3037 3764 3286 3829 abducit,
3315 3778 3366 3820 et
3397 3766 3448 3821 in
3473 3783 3570 3821 ex.

1974 3853 2132 3908 celsis
2172 3853 2302 3908 locis
2341 3854 2690 3924 supernisque
2727 3853 3040 3909 habitaculis
3068 3856 3254 3926 afﬁgit.
3288 3858 3451 3913 Docet
3477 3874 3572 3911 au-

1979 3955 2082 3998 tem
2105 3959 2440 3998 communem
2464 3960 2558 4013 pro
2584 3945 2833 3998 fratribus
2849 3947 3144 4000 orationem
3166 3950 3430 4004 emittere.
3451 3949 3568 4005 Non

1977 4037 2118 4090 enim
2146 4035 2312 4098 dicit,
2346 4036 2502 4089 Pater
2532 4051 2684 4090 meus
2705 4077 2717 4092 .
2748 4037 2836 4105 qui
2873 4053 2930 4092 es
2962 4039 3012 4091 in
3044 4040 3216 4098 ctelis;
3247 4042 3339 4095 sed
3365 4083 3378 4105 ,
3416 4041 3571 4096 Pater

1976 4139 2162 4193 noster,
2190 4143 2284 4197 pro
2310 4129 2578 4182 communi
2607 4143 2834 4198 corpore
2859 4132 3274 4200 supplicatimtes
3296 4135 3566 4197 emittcns,

1979 4236 2076 4276 nec
2103 4236 2350 4290 umquam
2393 4222 2604 4290 pr0pria
2634 4223 2913 4277 commoda
2945 4234 3224 4294 spectans,
3256 4227 3347 4281 sed
3375 4227 3569 4299 ubique

1975 4317 2223 4386 proximi.
2256 4317 2366 4371 lloc
2393 4325 2568 4370 autem
2602 4317 2763 4372 verbo
2805 4319 3108 4373 inimicitias
3133 4319 3202 4375 de
3229 4321 3404 4376 medio
3435 4323 3572 4376 tollit

1975 4418 2030 4463 et
2053 4408 2408 4478 arrogantiam
2448 4409 2720 4477 reprimit,
2753 4408 3117 4481 invidiamque
3144 4412 3422 4478 eliminat;
3451 4429 3568 4470 ma-

1979 4512 2110 4554 trem
2135 4515 2262 4554 vero
2283 4501 2520 4555 omnium
2547 4501 2806 4556 bonorum
2833 4503 3110 4558 caritatem
3136 4505 3357 4573 inducit,
3383 4505 3570 4560 huma-

1975 4607 2272 4661 narumque
2313 4607 2492 4645 rerum
2535 4592 2950 4662 inaequalitatem
2981 4595 3230 4664 expellit,
3263 4608 3318 4651 et
3347 4599 3567 4652 multam

1976 4684 2116 4753 regis
2142 4699 2260 4737 cum
2295 4698 2524 4753 paupere
2565 4685 2783 4739 honoris
2809 4686 3164 4754 aequalitatem
3198 4687 3464 4754 ostendit;
3496 4689 3568 4744 si-

1975 4775 2188 4846 quidem
2239 4776 2288 4828 in
2343 4776 2589 4829 maximis
2642 4787 2696 4831 et
2740 4777 2962 4829 omnino
3009 4778 3326 4832 necessariis
3377 4793 3568 4835 omnes

1976 4867 2352 4921 communione
2391 4867 2561 4935 juncti
2596 4881 2798 4920 sumus.
2830 4867 2966 4932 Quid
2993 4867 3134 4921 enim
3168 4871 3471 4925 nocumenti
3500 4887 3568 4928 ex

1977 4969 2187 5016 terrena
2215 4960 2529 5032 cognatione
2552 5001 2565 5023 ,
2598 4974 2718 5013 cum
2746 4958 3037 5013 secundum
3064 4973 3349 5030 supernam
3378 4977 3568 5020 omnes
3609 4949 3613 4956 ’

2039 5117 2112 5228 (gs
2146 5124 2254 5167 Haec
2275 5116 2442 5177 verba,
2479 5121 2622 5165 Pater
2639 5121 2877 5166 noster....
2906 5121 3058 5174 tuum,
3085 5115 3215 5168 tituli
3239 5131 3381 5169 more
3398 5121 3568 5183 jacent

2117 5179 2348 5228 itionibus
2371 5176 2658 5228 Commelini
2695 5183 2748 5228 et
2773 5176 2970 5228 Morelli.
2997 5179 3110 5228 auia
3146 5178 3199 5228 in
3224 5182 3400 5228 Latinis
3422 5183 3568 5228 Editis

1977 5180 2024 5229 in
2049 5176 2348 5240 Editionibus
2371 5176 2658 5229 Commelini
2678 5183 2748 5240 et
2773 5176 2970 5234 Morelli,
2997 5179 3110 5240 quia
3146 5178 3199 5230 in
3224 5176 3568 5232 Latinis’ﬁditis

1975 5239 2172 5303 homilia
2195 5240 2319 5298 haec,
2337 5252 2449 5303 qua:
2465 5240 2522 5303 in
2540 5239 2716 5303 Graecis
2743 5239 3074 5303 manuscriptis
3093 5254 3190 5292 una
3218 5245 3352 5292 serie
3373 5243 3568 5303 ponitur

1976 5310 2076 5352 uta
2098 5299 2437 5368 Chrysostoim
2460 5300 2623 5368 habita
2646 5299 2754 5358 fuit,
2775 5301 2827 5350 in
2844 5301 2966 5368 duas
2979 5299 3130 5351 divisa
3151 5303 3263 5368 fuit.
3275 5299 3427 5353 Latini
3453 5318 3568 5368 por-

1974 5377 2050 5423 ro,
2074 5369 2129 5413 ut
2149 5364 2364 5421 videtur,
2396 5376 2494 5423 quo
2515 5364 2568 5412 in
2599 5375 2744 5412 unam
2772 5365 3051 5412 Orationem
3083 5366 3371 5414 Dominicam
3404 5364 3567 5416 Hemi-

1976 5423 2089 5475 liam
2113 5423 2437 5488 Chrysostoml
2455 5424 2712 5488 baberent,
2731 5423 2855 5472 hanc
2874 5425 2924 5488 in
2948 5426 3069 5474 duas
3089 5437 3256 5488 partes
3276 5427 3566 5486 diviserunt,

1975 5500 2180 5551 quarum
2204 5486 2453 5551 postrema
2483 5486 2722 5535 Orationis
2753 5486 3009 5536 Dominica:
3034 5486 3410 5551 explicationem
3427 5501 3567 5551 com-

1976 5546 2220 5610 plectitur}
2250 5553 2302 5595 et
2325 5546 2451 5597 hanc
2473 5552 2766 5610 postremam
2792 5555 2980 5608 partem
3007 5546 3256 5598 Homiliam
3279 5549 3566 5610 vlgesimam

1974 5607 2355 5674 inscripserunt;
2374 5607 2642 5674 secundum
2664 5607 2812 5671 quem
2830 5607 3393 5674 numerum,sequentEs
3408 5611 3567 5662 homi-

1976 5671 2149 5736 ljarum
2165 5671 2356 5736 numeri
2373 5671 2737 5736 eongiunantpr.
2756 5673 2841 5730 Qui
2857 5671 3180 5736 numeriquia
3195 5671 3234 5736 Et
3246 5674 3568 5736 scriptoribus

1977 5731 2298 5796 Chrysostomi
2313 5730 2417 5782 loca
2434 5730 2759 5781 efferentibus
2773 5725 2972 5796 semper
2987 5725 3186 5796 adhibiti
3212 5725 3427 5792 filerunt,
3442 5746 3567 5796 post-

1977 5807 2126 5859 quam
2144 5795 2356 5859 decimae
2375 5805 2516 5859 nonae
2537 5807 2674 5844 suam
2707 5795 2888 5845 seriem
2918 5795 3240 5859 restituimus,
3267 5795 3426 5859 posito
3443 5795 3567 5847 vero

1979 5854 2297 5920 geminoque
2317 5854 2620 5920 singularum
2635 5867 2858 5920 numero,
2881 5862 3110 5920 veterem
3129 5854 3566 5918 illum'adjecum‘s.

1981 5915 2198 5981 Exempli
2213 5915 2355 5968 causa
2381 5915 2664 5981 :‘rigesima,
2682 5915 2744 5966 al.
2770 5916 2995 5982 tigesima
3013 5917 3191 5979 prima.
