4036 6444
582 398 691 454 279
1319 394 1377 451 S.
1416 393 1693 453 JOANNIS
1728 393 2211 454 CHRYSOS'I'OMI
2248 397 2568 457 ARCHIIZP.
2602 402 3137 465 CONSTANTINOP.
3739 421 3824 478 9,80

586 514 859 582 cimjuncti
881 513 1070 581 simus,
1092 518 1145 567 et
1165 524 1323 566 nemo
1341 510 1462 582 plus
1482 510 1653 567 altera
1672 508 1942 581 quidpiam
1963 508 2176 576 habeat,
2291 510 2470 570 facere
2503 513 2656 586 jubet
2672 559 2689 585 ,
2733 526 2789 574 et
2815 519 2870 577 in
2901 528 3044 577 terra
3074 530 3349 580 versantes
3375 538 3438 582 ac
3462 527 3505 583 si
3532 527 3584 584 in
3606 530 3723 586 calo
3745 532 3824 590 de-

587 622 693 661 non
733 605 882 661 dives
923 618 1192 675 paupere,
1222 618 1329 658 non
1371 602 1535 659 herus
1570 617 1761 669 servo,
1793 617 1901 659 non
1929 604 2183 675 princeps
2288 618 2538 674 geremus
2559 645 2578 676 ,
2625 607 2704 664 sic
2730 610 2910 666 omnia
2952 611 3130 670 facere
3167 621 3227 671 et
3260 614 3459 684 dicere,
3487 628 3636 691 atqne
3659 618 3749 679 hac
3770 624 3825 682 de

585 697 833 761 subdito,
866 712 972 751 non
1003 711 1095 751 rex
1139 696 1342 762 milite,
1384 712 1491 751 non
1531 695 1882 767 philosophus
1915 696 2176 791 barbaro,
2284 697 2758 791 causarDominum
2783 704 2989 774 precari
3014 716 3285 778 oportere.
3313 709 3455 769 Nihil
3477 714 3612 770 enim
3639 719 3824 791 inpedit

585 803 685 844 nec
729 786 945 858 sapiens
992 788 1194 843 idiota?
1233 787 1495 844 Omnibus
1523 788 1722 859 quippe
1756 802 1917 843 unam
1961 788 2179 859 largitus
2287 790 2595 858 quominus,
2626 795 2728 849 etsi
2770 795 2824 850 in
2866 804 3011 853 terra
3039 798 3373 868 habitemus,
3415 804 3479 860 ad
3516 786 3823 877 supernamm

578 890 665 936 est
692 882 1086 947 nobilitatem“,
1116 896 1240 937 cum
1270 882 1510 937 omnium
1540 881 1785 937 similiter
1817 881 1976 937 Pater
2000 881 2179 937 vocari
2285 877 2543 937 virtutum
2569 881 2907 942 sedulitatem
2942 902 3007 944 ac
3043 888 3370 961 diligentiam
3398 894 3695 965 attingamus
3715 917 3727 954 :
3746 902 3826 957 sed

580 972 832 1044 dignatus
857 974 950 1029 sit.
984 973 1271 1044 Postquam
1313 974 1471 1043 igitur
1509 972 1648 1030 hanc
1686 972 2019 1029 nobilitatem
2057 988 2175 1029 me-

537 1070 544 1121 ;
581 1065 855 1132 moravit,
898 1081 1106 1121 necnon
1153 1080 1443 1134 supernum
1483 1066 1722 1130 donum,
1774 1065 1993 1121 honoris
2039 1066 2180 1121 inter

578 1159 774 1214 fratres
800 1159 1111 1230 puritatem,
1138 1166 1301 1229 atque
1326 1158 1600 1213 caritatem
1618 1200 1633 1224 ,
1667 1166 1948 1230 postquam
1969 1173 2001 1212 a
2033 1165 2173 1215 terra

578 1249 798 1306 abduxit
822 1259 878 1306 et
899 1250 1033 1306 caelo
1053 1248 1244 1316 al‘tixit,
1268 1249 1543 1305 videamus
1562 1249 1689 1320 quid
1712 1248 1966 1320 deinceps
1986 1260 2175 1321 petere

577 1342 758 1411 iubeat
789 1358 803 1396 :
837 1357 958 1396 nam
1002 1341 1105 1398 hoc
1139 1357 1352 1412 quoque
1387 1341 1593 1397 dictum
1628 1343 1807 1397 munis
1836 1343 2046 1399 virtutis
2070 1342 2173 1401 do-

574 1433 802 1487 ctrinam
824 1433 1061 1488 inserere
1082 1435 1244 1489 valet.
1259 1432 1390 1488 Nam
1412 1433 1503 1504 qui
1521 1433 1731 1490 Patrem
1748 1434 1958 1490 vocavit
1976 1434 2170 1505 Deum,

573 1534 629 1577 ct
667 1523 877 1579 Patrem
909 1539 1247 1580 communem
1272 1566 1287 1590 ,
1323 1524 1447 1595 jure
1479 1525 1636 1581 talem
1676 1526 1930 1583 exhibeat
1966 1528 2166 1596 vitam,

574 1632 678 1687 qua
716 1616 818 1672 hac
859 1618 1180 1675 nobilitate'
1222 1618 1470 1687 indignus
1519 1633 1627 1673 nou
1668 1619 1941 1683 videatur,
1981 1629 2040 1676 et
2077 1637 2172 1691 par

570 1708 717 1763 dono
751 1708 989 1764 studium
1027 1718 1266 1780 praestet.
1298 1709 1495 1764 Verum
1531 1709 1636 1765 hoc
1670 1725 1777 1766 non
1806 1719 1890 1767 sat
1926 1711 2003 1766 illi
2028 1710 2166 1781 fuit;

571 1800 667 1853 sed
697 1798 842 1854 aliud
869 1800 1019 1855 addit
1043 1802 1113 1854 ita
1136 1802 1398 1870 loquens:
1425 1802 1781 1869 Sanctiﬁcetur
1800 1820 1981 1859 nomen
2002 1813 2164 1859 tuum.

571 1892 739 1962 Digna
762 1894 998 1963 precatio
1022 1894 1139 1963 ejus
1164 1895 1251 1964 qui
1284 1895 1447 1949 Deum
1475 1903 1631 1950 vocat
1651 1894 1863 1952 Patrem
1884 1895 1928 1963 ',
1955 1905 2011 1952 ut
2033 1897 2166 1952 nihil

572 1993 722 2054 petat
748 1995 874 2041 ante
902 1985 1079 2041 Patris
1104 1987 1325 2056 gloriam
1351 2029 1365 2053 ,
1384 1987 1491 2042 sed
1533 1989 1710 2043 omnia
1743 1998 2028 2060 postponat
2046 1990 2168 2061 ejus

568 2076 837 2133 laudibus.
866 2077 1001 2134 Illud
1027 2079 1192 2142 enim.
1223 2079 1604 2148 Sancti/iactat,
1633 2079 1737 2136 hoc
1761 2080 1860 2136 sibi
1892 2082 2025 2148 vult,
2052 2082 2168 2152 glo—

567 2169 830 2225 riﬁcctur.
860 2170 974 2228 Sibi
1007 2185 1238 2241 namque
1271 2173 1547 2241 prepriam
1584 2170 1742 2227 habet
1780 2171 2006 2243 gloriam
2049 2174 2164 2243 pic-

2287 983 2575 1040 possumus
2594 972 2685 1030 hic
2712 975 3014 1035 habitantes
3033 1022 3050 1047 ,
3079 983 3235 1052 quasi
3255 983 3369 1053 jam
3391 984 3441 1039 in
3471 987 3601 1042 creto
3617 1001 3823 1048 maestus

2282 1064 2463 1119 omnia
2480 1065 2678 1124 facere.
2691 1068 2843 1137 Quod
2859 1071 3018 1142 igitur
3040 1072 3194 1139 dicit.
3217 1075 3516 1147 huiusmodi
3536 1082 3819 1150 estzQuem-

2283 1154 2575 1214 admodum
2600 1158 2671 1214 ibi
2704 1162 2884 1218 omnia
2912 1163 3029 1220 sine
3072 1165 3459 1237 impedimento
3481 1171 3640 1239 tiunt,
3680 1188 3821 1244 neque

2278 1247 2457 1315 angeli
2503 1249 2664 1306 modo
2700 1252 2950 1320 audiunt,
2997 1255 3160 1311 modo
3178 1256 3327 1328 iussa
3366 1270 3717 1330 contemnunt,
3745 1266 3819 1321 sed

2282 1336 2336 1392 in
2367 1339 2616 1396 matribus
2639 1342 2838 1399 cedunt
2860 1353 2914 1400 et
2935 1346 3330 1418 obsequuntur;
3361 1367 3489 1409 nam
3508 1355 3597 1423 ait,
3615 1354 3819 1416 Poterat

2270 1429 2476 1494 uirtute,
2498 1431 2739 1499 facientes
2761 1436 2962 1491 verbum
2978 1438 3118 1495 illius
3133 1437 3308 1511 (Prol.
3329 1442 3448 1499 illi
3466 1442 3557 1516 20)
3575 1447 3673 1503 :sie
3686 1448 3817 1505 etiam

2277 1521 2439 1577 nobis
2456 1521 2764 1582 hominibus
2783 1526 2978 1601 largire
2999 1538 3059 1585 ut
3077 1546 3185 1589 non
3209 1548 3277 1589 ex
3296 1533 3519 1592 dimidio
3536 1537 3816 1596 voluntate-1

2274 1618 2423 1666 tuam
2453 1611 2710 1671 faciamus
2728 1658 2745 1682 ,
2785 1617 2884 1674 sed
2919 1620 3100 1677 omnia
3129 1629 3186 1677 ut
3206 1622 3290 1679 vis
3317 1623 3642 1695 illipleamus.
3669 1628 3805 1685 \‘idea

2275 1703 2544 1770 quomodo
2570 1705 2818 1764 modeste
2843 1723 3004 1780 agere
3027 1710 3220 1769 doceat
3237 1753 3256 1781 ,
3301 1715 3585 1775 ostendens
3608 1718 3815 1775 virtutem

2276 1808 2385 1849 non
2408 1809 2479 1850 ex
2505 1807 2692 1853 nostra
2732 1798 2911 1856 studio
2938 1810 3178 1872 tantum,
3227 1803 3327 1862 sed
3354 1808 3515 1864 etiam
3538 1826 3605 1865 ex
3625 1824 3812 1882 superna

2275 1889 2445 1958 gratia
2473 1889 2746 1959 pendere?
2773 1891 3013 1966 Itemque
3048 1898 3212 1955 totius
3239 1900 3389 1956 orbis
3411 1902 3812 1967 sollicitudinem,

2270 1993 2373 2033 nos
2392 1982 2482 2051 qui
2507 1996 2724 2039 oramus
2746 1984 2987 2056 singulos
3009 2002 3202 2058 gerere
3226 1991 3484 2062 praecipit.
3510 1992 3680 2063 Neque
3700 1994 3811 2049 enim

2265 2068 2439 2138 dixit,
2488 2072 2607 2128 Fiat
2650 2074 2895 2132 voluntas
2926 2087 3011 2134 tua
3055 2078 3113 2135 in
3140 2095 3254 2146 me,
3298 2090 3391 2138 aut
3417 2084 3468 2139 in
3500 2083 3674 2150 nobis;
3712 2084 3811 2147 sed.

2272 2160 2483 2233 Ubique
2514 2172 2777 2222 terrarum
2797 2208 2813 2233 ,
2843 2176 2902 2223 ut
2942 2185 3095 2225 error
3120 2171 3382 2230 avellatur
3410 2183 3463 2230 et
3503 2175 3683 2231 veritas
3703 2174 3809 2229 inse

2271 2266 2453 2323 ratur,
2483 2259 2764 2330 omnisque
2794 2262 3027 2332 nequitia
3050 2263 3361 2321 eliminetur
3381 2307 3399 2334 ,
3428 2266 3591 2323 virtus
3616 2275 3813 2323 reverta-

2272 2353 2377 2413 tur,
2406 2357 2568 2419 atque
2594 2349 2646 2404 in
2670 2350 2755 2404 illa
2777 2352 2998 2407 colenda
3020 2353 3152 2409 nihil
3174 2354 3432 2426 deinceps
3446 2357 3643 2413 differat
3657 2355 3811 2412 caelum

2267 2454 2298 2493 a
2329 2446 2491 2498 terra.
2530 2439 2662 2496 Nam
2705 2442 2750 2497 si
2793 2443 2921 2499 illud
2961 2443 3082 2512 flat,
3129 2447 3330 2518 inquit,
3380 2448 3509 2505 nihil
3535 2446 3812 2519 superauit

2267 2532 2613 2590 inferioribus
2639 2533 3055 2606 discrepabunt,
3100 2540 3310 2596 etiamsi
3362 2551 3547 2597 natura
3573 2541 3808 2603 differant,

2267 2640 2395 2681 cum.
2434 2627 2640 2683 scilicet
2665 2629 2887 2699 angelos
2914 2630 3051 2687 alios
3082 2633 3237 2688 nobis
3268 2642 3413 2690 terra
3443 2633 3712 2690 exhibebit.
3739 2632 3808 2688 11.

2266 2715 2464 2771 Panem
2492 2729 2720 2774 nostrum
2746 2721 3093 2790 quotidianum
3121 2724 3191 2777 de
3213 2725 3361 2780 nobis
3387 2726 3549 2782 hodie.
3575 2725 3699 2793 Quid
3717 2733 3807 2787 est.

2261 2807 2463 2863 Panem
2513 2813 2786 2865 ἕπιοὺσιονΐ
2828 2811 2884 2867 id
2929 2821 3050 2878 est,
3093 2815 3487 2884 quotidianum.
3532 2817 3656 2887 Quia
3694 2816 3806 2871 enim

2260 2900 2470 2957 dmemt
2490 2943 2508 2971 ,
2537 2901 2660 2958 Fiat
2685 2904 2917 2960 voluntas
2941 2915 3062 2974 tua,
3106 2908 3237 2963 sicut
3278 2910 3336 2965 iu
3374 2911 3498 2967 celo
3525 2922 3572 2966 et
3595 2913 3647 2966 in
3669 2921 3807 2967 terra:

2261 2992 2614 3065 hominesque
2642 2995 3017 3067 alloquebatur
3043 3014 3207 3056 carne
3237 3000 3454 3059 indutos
3477 3046 3494 3072 ,
3529 3015 3582 3061 et
3607 3003 3804 3060 necessi-

2256 3084 2353 3139 tati
2383 3092 2584 3141 naturtc
2608 3086 2897 3158 subjectos,
2927 3090 3018 3161 qui
3047 3107 3152 3147 non
3184 3093 3398 3163 possint
3420 3095 3650 3152 eamdem
3676 3109 3803 3167 quam

565 2279 714 2330 mm,
740 2263 818 2318 sic
844 2279 1060 2334 semper
1085 2273 1410 2319 manentem.
1439 2261 1694 2319 Orantem
1721 2279 1848 2320 vero
1867 2264 2020 2334 jubet
2041 2281 2165 2335 pre-

548 2357 674 2411 .cari
697 2395 715 2420 ,
747 2364 805 2410 ut
831 2371 925 2425 per
956 2356 1121 2410 vitam
1149 2365 1386 2410 nostram
1427 2355 1759 2425 gloriticetur
1788 2356 1970 2428 :qnod
2000 2358 2160 2413 etiam

561 2464 722 2518 supra
750 2448 964 2503 dicebat
997 2466 1011 2504 :
1039 2447 1229 2503 [ιω-θαι
1257 2450 1347 2504 tua:
1369 2459 1530 2504 vestra
1556 2465 1728 2504 eorum
1757 2450 2073 2517 hominibus,
2106 2461 2162 2506 ut

559 2541 761 2595 uideant
785 2557 940 2612 opera
964 2543 1095 2596 bona
1122 2550 1305 2610 vestra,
1328 2550 1375 2595 et
1398 2540 1685 2613 gloriﬁcent
1714 2540 1921 2597 Patrem
1941 2554 2161 2599 rutrum

558 2632 646 2702 qui
669 2634 723 2687 in
751 2634 889 2687 cretis
913 2642 986 2687 est
1013 2632 1229 2703 (Matth.
1258 2632 1312 2689 5.
1343 2633 1432 2702 16)
1482 2631 1615 2687 Nam
1643 2632 1927 2703 Seraphini
1950 2634 2157 2706 gloriﬁ-

557 2737 744 2780 cantes
774 2726 961 2792 Deum,
992 2725 1072 2802 sic
1105 2724 1356 2781 dicebant
1381 2742 1397 2778 :
1426 2723 1669 2792 Sanctus,
1699 2735 1923 2792 sanctas,
1951 2737 2156 2783 coactu

558 2816 710 2879 “sui.
742 2819 795 2871 ti.
826 2816 905 2887 '5).
935 2817 1116 2888 Itaque
1146 2816 1297 2880 illud,
1327 2815 1711 2887 Sancti/iretur,
1744 2817 1795 2871 id
1818 2825 1920 2882 est.
1951 2818 2157 2888 gloriﬁ-

553 2918 724 2964 cctur.
752 2908 971 2980 Largire
999 2908 1154 2963 nobis
1172 2949 1189 2975 ,
1220 2908 1421 2978 inquit,
1448 2919 1511 2963 ut
1536 2909 1607 2963 ita
1636 2923 1767 2980 pure
1794 2910 2067 2976 vivamus,
2095 2918 2157 2966 ut

551 3014 653 3070 per
674 3015 772 3056 nos
799 3007 851 3055 te
878 3013 1066 3055 omnes
1093 2998 1413 3069 gloriﬁcent.
1445 3000 1500 3055 Id
1526 3000 1668 3071 quod
1697 3016 1882 3056 rursus
1908 3000 2152 3071 philosop-

553 3089 695 3160 phim
717 3100 799 3145 est
824 3089 1094 3159 perfectae,
1118 3092 1280 3146 vitam
1307 3091 1379 3147 ita
1404 3091 1928 3161 irreprehensibilem
1956 3092 2013 3148 in
2036 3108 2155 3149 om-

552 3182 714 3235 nibus
737 3181 995 3237 exhibere
1016 3222 1031 3246 ,
1066 3190 1124 3237 ut
1161 3182 1406 3240 videntes
1443 3183 1638 3254 singuli
1683 3184 1912 3241 Domino
1942 3200 2039 3256 pro
2067 3185 2151 3241 his

551 3273 764 3329 laudem
788 3273 1044 3330 referant.
1076 3274 1163 3331 i0.
1190 3275 1438 3330 Adaeuiat
1458 3292 1671 3347 regnum
1696 3286 1856 3333 tuum.
1881 3277 1995 3334 Hoc
2016 3292 2150 3349 quo-

2256 3175 2429 3244 angeli
2460 3175 2940 3246 impassibilitatem
2968 3179 3201 3238 habere:
3224 3195 3489 3255 praecepta
3515 3185 3707 3257 quidem
3725 3197 3809 3241 nos

2255 3267 2480 3338 exsequi
2516 3268 2701 3338 jubet,
2744 3270 2968 3341 perinde
2990 3283 3152 3344 atque
3191 3289 3254 3330 ea
3280 3274 3508 3348 implent
3531 3287 3582 3333 et
3605 3277 3701 3342 illi;
3726 3273 3802 3331 sed

492 3410 501 3419 ,
549 3384 654 3438 que
691 3368 828 3439 grati
861 3368 1119 3441 probique
1147 3369 1239 3423 ﬁlii
1269 3369 1470 3426 dictum
1511 3380 1633 3437 est,
1796 3386 1902 3427 non
1946 3371 2151 3429 limat,
2254 3358 2551 3418 inﬁrmitati
2580 3375 2783 3420 natura:
2812 3364 3070 3439 deinceps
3116 3381 3238 3424 sese
3277 3371 3655 3427 accommodat.
3693 3369 3800 3425 Nam

546 3462 706 3518 rebus
733 3461 835 3516 sub
859 3470 1134 3532 aspectum
1158 3462 1505 3530 cadentibus,
1520 3478 1695 3535 neque
1721 3465 2005 3534 praesentia
2030 3479 2147 3520 nia-

547 3552 634 3622 gni
664 3552 941 3623 quidpiam
967 3567 1088 3610 esse
1119 3563 1298 3624 putet;
1328 3553 1422 3610 sed
1449 3553 1521 3609 ad
1549 3566 1754 3624 patrem
1781 3569 1996 3627 semper
2025 3565 2145 3612 ten—

545 3643 670 3708 dat,
701 3654 757 3699 et
792 3644 969 3699 futura
1004 3654 1281 3715 eXSpectet
1303 3687 1319 3710 ,
1348 3646 1491 3716 quod
1531 3658 1597 3702 ex
1636 3648 1971 3704 conscientia
2003 3648 2144 3705 bona

544 3734 738 3797 oritur,
770 3742 826 3790 et
850 3749 919 3790 ex
947 3736 1123 3790 anima
1149 3751 1179 3790 a
1211 3737 1440 3791 terrenis
1467 3736 1629 3792 rebus
1655 3738 1928 3807 expedita.

613 3829 668 3883 5.
690 3827 974 3883 Adventum
993 3829 1140 3901 regni
1159 3827 1257 3883 Dei
1276 3828 1527 3900 quomodo
1546 3829 1903 3885 desideraverit
1921 3828 2139 3884 Paulus.

551 3917 727 3974 Virtus
748 3935 848 3974 non
871 3936 934 3975 ea:
948 3920 1118 3974 studio
1140 3928 1311 3974 nostra
1325 3928 1543 3983 tantum,
1560 3921 1654 3974 sed
1672 3920 1820 3973 etiam
1837 3936 1902 3975 ea:
1919 3936 2143 3991 superna

541 4013 706 4084 gratia
732 4012 931 4081 pendet.
955 4043 1022 4052 —
1041 4012 1155 4067 lioc
1179 4012 1320 4067 enim
1346 4011 1547 4068 Paulus
1574 4012 1803 4082 singulis
1823 4013 2013 4069 diebus
2039 4013 2139 4069 de-

539 4103 838 4168 siderabat,
880 4103 1105 4174 ideoque
1131 4102 1344 4160 dicebat
1375 4120 1388 4156 :
1420 4101 1489 4157 Et
1517 4103 1618 4174 ipsi
1656 4103 1906 4173 primitiae
1931 4105 2141 4173 spiritus

540 4200 776 4254 habentes
828 4200 1203 4269 ingemiscimus
1221 4241 1235 4267 ,
1291 4198 1616 4268 adeptionem
1675 4199 1895 4267 ﬁliorum
1963 4216 2139 4271 etrepe-

478 4302 483 4323 '
539 4300 767 4354 ctoutcs,
813 4289 1209 4362 redemptionem
1255 4289 1485 4359 carparis
1525 4290 1685 4343 nostri
1732 4288 1906 4360 (Rom.
1936 4289 1990 4346 8.
2019 4289 2134 4362 25).

537 4382 638 4450 Qui
682 4382 825 4436 enim
856 4380 960 4437 hoc
988 4397 1172 4437 amore
1212 4393 1398 4451 captus
1436 4391 1552 4445 est,
1599 4396 1774 4452 neque
1814 4381 1974 4452 hujus
2010 4382 2135 4438 vitae

537 4472 695 4529 bonis
722 4473 893 4527 inﬂari
924 4483 1117 4543 potest,
1148 4488 1322 4544 neque
1349 4473 1511 4529 rebus
1538 4472 1779 4529 adversis
1806 4473 1964 4544 dejiei
1995 4490 2010 4529 :
2038 4474 2136 4532 sed

535 4582 599 4622 ac
625 4568 670 4623 si
703 4567 756 4621 in
781 4566 933 4623 melis
951 4574 1277 4630 versaretur,
1301 4565 1370 4622 ab
1396 4574 1621 4637 utraque
1648 4564 1751 4621 hac
1776 4565 2137 4638 inmqualitatc

535 4659 790 4714 immunis
815 4667 921 4714 est.
946 4656 1071 4711 Fiat
1091 4657 1325 4711 voluntas
1346 4665 1430 4711 tua
1460 4657 1599 4712 sicut.
1615 4658 1671 4711 in
1694 4655 1820 4712 creto
1836 4666 1885 4713 et
1903 4657 1958 4712 in
1977 4665 2131 4712 terra.

542 4750 784 4807 Vidistin’
813 4750 1072 4820 optimam
1101 4749 1334 4803 seriem?
1360 4748 1521 4804 Jussit
1552 4749 1697 4805 enim
1726 4746 1901 4804 futura
1930 4762 2133 4804 concu-

534 4841 765 4910 piscere,
796 4851 850 4895 et
876 4840 943 4897 ad
971 4841 1111 4895 illam
1134 4840 1618 4911 peregrinationem
1645 4838 1899 4897 festinare
1921 4855 1935 4893 :
1957 4838 2134 4896 donec

533 4944 714 4991 autem
747 4935 800 4989 id
826 4934 1034 4991 eveniat
1051 4976 1064 4999 ,
1095 4934 1183 4990 hic
1205 4934 1464 5004 degentes
1486 4948 1701 4999 curare,
1726 4942 1784 4988 ut
1811 4947 1908 5003 par
1931 4932 2131 4989 caelesti

535 5026 749 5080 vivendi
793 5040 963 5095 genus
988 5025 1355 5081 exhibeamus.
1390 5024 1520 5079 Nam
1548 5023 1737 5078 caelum
1765 5023 1981 5094 quidem
2001 5064 2015 5091 ,
2044 5023 2131 5078 in-

535 5116 671 5189 quit,
703 5124 756 5171 et
780 5115 1011 5173 ca-lestia
1039 5117 1477 5187 concupiscamus
1506 5121 1750 5185 oportet:
1769 5114 1863 5170 sed
1895 5122 1955 5171 et
1972 5124 2130 5171 ante-

2250 3454 2583 3525 diligentiam
2603 3498 2618 3524 ,
2662 3458 2861 3530 inquit,
2899 3460 2952 3514 in
2984 3459 3105 3515 vita:
3137 3461 3385 3518 instituto
3411 3478 3588 3534 parem
3612 3472 3800 3533 expelo.

2251 3545 2345 3600 sed
2380 3561 2487 3602 non
2523 3548 3041 3621 impassibilitatem;
3086 3566 3259 3622 neque
3300 3554 3449 3610 enim
3493 3554 3543 3610 id
3585 3550 3803 3623 permith

2249 3647 2456 3694 natura
2499 3640 2776 3711 tyrannis:
2801 3656 2938 3712 opus
2973 3644 3114 3699 enim
3165 3645 3323 3701 habet
3362 3646 3655 3704 necessario
3684 3644 3800 3700 cibo.

2249 3727 2329 3783 Tu
2356 3744 2485 3785 vero
2514 3730 2641 3786 mihi
2673 3733 2985 3790 consideres
3024 3735 3184 3790 velim
3211 3777 3229 3804 ,
3266 3738 3433 3794 etiam
3466 3739 3517 3795 in
3545 3735 3801 3808 corporali.-

2247 3820 2348 3877 bus
2380 3822 2662 3892 plurimum
2692 3826 3082 3893 spiritualitatis
3122 3829 3323 3886 inesse.
3359 3831 3541 3903 Neque
3567 3830 3696 3887 enim
3723 3841 3803 3898 pro

2247 3919 2509 3988 pecuniis.
2543 3935 2715 3991 neque
2746 3937 2841 3991 pro
2863 3922 3087 3991 deliciis,
3117 3940 3287 3995 neque
3314 3940 3415 3995 pro
3437 3926 3653 3982 vestium
3675 3936 3801 3977 sum-

2246 4011 2445 4081 ptibus,
2494 4012 2577 4067 vel
2624 4027 2721 4083 pro
2762 4013 2868 4068 alio
2911 4015 3160 4086 qu0piam
3203 4016 3405 4085 simili,
3453 4015 3546 4073 sed
3573 4028 3671 4087 pro;
3690 4024 3801 4083 pane

2246 4111 2452 4159 tantum
2486 4104 2644 4175 jussit
2684 4106 2981 4161 orationem
3023 4107 3228 4170 emitti,
3271 4116 3327 4164 et
3373 4124 3470 4180 pro
3497 4123 3625 4180 pane
3650 4103 3801 4177 quoti-

2244 4195 2425 4260 diano.
2458 4197 2531 4253 ita
2563 4208 2618 4254 ut
2647 4198 2715 4254 de
2740 4202 2977 4256 crastino
3012 4202 3225 4258 solliciti
3255 4219 3364 4259 non
3391 4205 3577 4262 simus.
3605 4202 3802 4272 ideoque

2243 4288 2468 4354 addidit,
2498 4287 2694 4343 Panem
2716 4295 2972 4356 ἰπιοὺσιον,
3020 4293 3071 4346 id
3097 4301 3199 4362 est,
3222 4295 3618 4369 quotidianum.
3647 4293 3801 4359 Neque

2245 4377 2348 4432 huc
2377 4386 2659 4435 contentus
2686 4379 2787 4435 fuit
2817 4381 2981 4437 verbo
3002 4424 3018 4449 ,
3060 4383 3154 4439 sed
3183 4392 3239 4441 et
3277 4386 3421 4442 aliud
3464 4383 3693 4450 addidit,
3734 4378 3801 4434 Da

2243 4469 2385 4526 nobis
2407 4469 2575 4537 hodie,
2610 4472 2679 4525 ita
2707 4480 2764 4525 ut
2789 4486 2899 4527 non
2918 4473 3156 4530 ulteriori
3181 4475 3285 4531 diei
3312 4477 3561 4534 crastinas
3583 4488 3698 4530 cura
3720 4483 3801 4524 nos

2244 4569 2609 4632 torqueamus.
2635 4560 2803 4634 Cujus
2826 4563 2969 4619 enim
3013 4564 3118 4620 diei
3166 4568 3342 4622 nescis
3382 4584 3451 4623 an
3494 4565 3711 4640 spatium
3733 4559 3799 4614 vi-

2240 4667 2399 4709 surus
2423 4654 2530 4719 sis,
2567 4668 2664 4709 cur
2691 4653 3103 4710 sollicitudinem
3135 4655 3340 4713 habes?
3367 4658 3483 4714 Hoc
3507 4655 3733 4730 pluribus
3756 4650 3798 4703 in

2240 4744 2588 4815 sequentibus
2631 4745 2872 4816 praecipit
2905 4746 3087 4803 dicens
3121 4766 3134 4801 :
3170 4745 3347 4804 Nolite
3389 4749 3588 4805 solliciti
3622 4760 3719 4801 esse
3755 4741 3800 4794 in

2237 4836 2516 4891 crastinum
2541 4835 2757 4907 (Matth.
2778 4837 2833 4892 6.
2851 4836 2962 4909 54).
2987 4838 3108 4893 Vult
3131 4840 3271 4895 enim
3299 4856 3395 4896 nos
3422 4854 3628 4911 semper
3646 4835 3797 4892 accin-

2238 4937 2355 4984 ctos
2381 4935 2439 4982 ct
2464 4927 2615 4999 quasi
2634 4929 2704 4983 ad
2726 4928 2964 4983 volatum
2991 4929 3268 5000 expeditos
3297 4947 3439 4996 esse,
3465 4939 3661 4988 tantum
3683 4938 3798 4980 con-

2238 5018 2497 5076 cedentes
2523 5028 2747 5085 naturm,
2769 5029 3027 5089 quantum
3076 5021 3369 5076 necessitas
3397 5037 3426 5075 a
3457 5020 3607 5075 nobis
3639 5006 3798 5083 exigit.

2239 5108 2445 5166 Deinde
2470 5110 2594 5180 quia
2620 5110 2913 5181 contingit,
2960 5111 3123 5165 etiam
3153 5124 3273 5180 post
3301 5112 3568 5167 lavacrum
3599 5117 3802 5178 regene-

2238 5203 2479 5267 rationis,
2504 5212 2563 5257 ut
2587 5217 2870 5275 peccemus
2896 5220 2913 5258 :
2937 5204 3156 5260 multam
3185 5204 3272 5261 hic
3288 5220 3503 5276 quoque
3531 5198 3799 5271 benignita-

2237 5305 2343 5351 tem
2372 5296 2634 5352 exhibens
2657 5337 2674 5362 ,
2711 5295 2865 5364 jubet
2910 5311 3005 5365 pro
3049 5307 3385 5366 peccatorum
3415 5294 3719 5353 remissione
3744 5283 3798 5340 ad

2239 5385 2639 5442 misericordem
2675 5385 2841 5440 Deum
2871 5384 3148 5453 accedere,
3178 5397 3234 5442 ct
3261 5388 3340 5443 sic
3367 5387 3547 5443 dicere
3573 5406 3584 5440 :
3609 5380 3690 5438 12.
3716 5377 3800 5432 Di-

2235 5479 2374 5532 mitte
2412 5478 2553 5532 nobis
2579 5476 2745 5532 debita
2770 5487 2943 5532 nostra
2963 5518 2978 5544 ,
3009 5479 3136 5532 sicut
3167 5490 3213 5534 et
3239 5496 3331 5534 nos
3360 5479 3652 5533 dimittimus
3676 5465 3800 5525 debi-

2235 5570 2425 5624 toribus
2446 5569 2650 5624 ηοω-ξε.
2679 5568 2925 5626 Vidisﬁn‘
2953 5572 3334 5628 misericordia:
3359 5566 3664 5629 cumulum?
3688 5564 3802 5619 P051

2238 5668 2317 5715 tot
2339 5658 2547 5715 sublata
2573 5659 2734 5724 tnala,
2770 5669 2888 5730 post
2917 5661 3237 5721 inclfabilcm
3267 5663 3533 5720 donorum
3559 5653 3799 5728 magnim-

2233 5751 2432 5817 dinem,
2457 5767 2668 5806 rursum
2696 5762 2979 5821 peccantes
3008 5755 3161 5809 venia
3188 5742 3452 5825 dignatur.
3472 5751 3619 5821 Quod
3642 5755 3798 5803 autem

2240 5842 2357 5899 haec
2382 5842 2825 5905 oratioﬁdelibas
2841 5855 3130 5919 competat,
3158 5846 3304 5920 leges
3318 5845 3582 5906 Ecclesiae
3605 5841 3794 5900 docent:

535 5224 697 5279 quam
746 5208 807 5262 iu
841 5206 1037 5262 caelum
1081 5209 1473 5277 concedamus,
1516 5223 1584 5264 ex
1634 5217 1774 5264 terra
1812 5206 2001 5263 caelum
2032 5221 2129 5263 nos

599 5363 617 5427 ξ
654 5358 839 5427 More!.,
864 5371 1011 5419 unam
1035 5358 1236 5427 ιςπρίιιιε
1248 5366 1320 5411 est
1339 5362 1687 5427 cognationem;
1708 5361 1869 5410 minus
1883 5367 2040 5411 recte.

598 5426 620 5455 ³
656 5421 841 5483 Morel.,
854 5484 862 5486 Α
875 5421 1167 5486 cognatione.

600 5486 622 5517 ³
661 5503 685 5531 ι
703 5483 1037 5558 sanctiﬁcetm
1061 5495 1233 5534 nomen
1236 5488 1453 5558 tuum.)
1486 5483 1645 5550 Digna
1671 5483 2014 5558 precatio'ejua
2045 5484 2129 5547 qui

537 5555 693 5597 Deum
715 5544 917 5597 invocat.
942 5547 1018 5596 sic
1039 5558 1214 5595 omnes
1236 5545 1354 5611 Editi
1378 5553 1431 5596 et
1452 5544 1763 5611 man'uscripti
1786 5544 1988 5611 codices
2005 5544 2129 5611 pree-

534 5616 614 5659 ter
641 5619 753 5678 eum
777 5622 875 5678 quo
890 5621 1013 5659 usus
1030 5617 1108 5678 est
1136 5609 1375 5678 Georgius
1386 5606 1755 5678 τῖοειιδθῑυιιῑίιὶτιςἲ
1772 5608 1861 5678 qui
1883 5606 2122 5678 itailegit:

532 5669 864 5734 Sanct_iﬁc_etur
873 5682 1049 5734 nomen
1055 5676 1213 5734 tuum.
1230 5669 1595 5734 nignapro'rsus
1605 5681 1663 5719 eo
1670 5669 1755 5733 qui
1764 5669 1923 5720 Deum
1935 5669 2128 5734 Patrem

532 5729 793 5794 appellarit
823 5733 994 5783 oratio.
1019 5731 1200 5783 Placuit.
1223 5729 1346 5795 ergo
1366 5729 1437 5781 illi
1465 5729 1615 5782 lectio
1631 5729 1933 5795 Graeca,un
1953 5730 2139 5792 habet,

528 5804 776 5900 ri
806 5806 896 5847 θιδν
914 5808 1057 5859 Incipe
1073 5808 1266 5853 ιιλοιηος
1280 5793 1305 5855 ἦ
1318 5806 1401 5860 ινξικῆ
1416 5832 1428 5855 ,
1456 5798 1507 5845 et
1526 5801 1617 5860 est,
1635 5793 1800 5859 procul
1822 5793 2124 5859 dubio,_prte-

548 5870 578 5900 ε
595 5866 604 5878 ⁸
740 5889 752 5900 .

548 5864 752 5902 ercnua.
