4036 6456
267 375 366 432 93!

257 511 363 551 rec
378 503 486 550 non
509 486 771 546 orationis
800 483 1097 543 exordium.
1129 481 1375 539 Nondum
1405 482 1602 554 quippe
1625 480 1862 538 initiatus

262 599 376 640 non
408 592 584 655 potest
609 582 776 638 Deum
805 594 995 636 vocare
1026 579 1262 635 Patrem.
1306 577 1361 635 Si
1400 578 1581 650 itaque
1613 576 1865 632 ﬁdelibus

266 674 388 731 bam
414 673 671 743 competit
699 671 870 727 oratio
891 713 905 737 ,
957 678 1216 740 orantque
1254 669 1522 740 supplices
1565 677 1622 722 ttt
1650 676 1864 739 peccata

267 765 374 821 sibi
395 764 733 821 dimittantur
757 781 771 818 :
798 762 920 818 hinc
943 763 1113 833 palam
1138 771 1240 828 est,
1261 777 1432 833 neque
1458 770 1578 830 post
1597 760 1865 815 lavacrum

265 856 382 911 tolli
413 853 741 926 pmnitentia:
775 853 1001 909 lucrum.
1042 853 1153 907 Nisi
1197 852 1338 908 enim
1372 851 1472 907 hoc
1499 851 1866 907 demonstrare

265 949 461 1011 vellet,
509 962 615 1002 non
661 962 791 1001 sane
821 945 1091 1001 docuisset
1118 959 1293 1000 orare.
1338 943 1438 1012 Qui
1482 957 1611 998 vero
1648 948 1866 1014 peccata

266 1047 567 1105 memorat,
610 1038 867 1108 jttbetque
905 1052 1092 1093 eorum
1137 1036 1507 1093 remissionem
1551 1044 1753 1106 petere,
1798 1049 1862 1090 ac

266 1128 430 1190 docet
460 1131 730 1204 quomodo
761 1130 898 1186 hanc
927 1129 1294 1185 remissionem
1325 1144 1745 1201 consequamur,
1777 1127 1859 1183 fa-

265 1227 535 1296 cilemque
559 1224 625 1279 ad
655 1223 801 1279 illaut
829 1231 978 1291 parat
1005 1222 1164 1287 viam,
1196 1221 1282 1276 hic
1307 1230 1363 1276 ut
1387 1221 1557 1291 palam
1587 1229 1690 1285 est,
1718 1220 1861 1292 quod

268 1316 481 1375 noverit
502 1325 554 1371 et
580 1315 768 1370 doceat
799 1327 955 1384 posse
983 1328 1080 1369 nos
1103 1313 1264 1368 etiam
1293 1321 1412 1381 post
1441 1313 1710 1367 lavacrum
1740 1326 1868 1382 pec-

267 1418 387 1463 cata
417 1408 637 1463 abluere
656 1447 671 1473 ,
701 1404 839 1460 hanc
868 1404 1270 1476 supplicationis
1314 1404 1481 1475 legem
1512 1398 1759 1468 induxit;
1792 1403 1868 1458 ita

270 1510 329 1554 ιιι
357 1499 482 1554 dum
513 1504 728 1569 peccata
758 1504 1053 1563 memorat,
1098 1510 1197 1551 nos
1232 1495 1297 1550 ad
1331 1495 1571 1551 modeste
1599 1495 1867 1567 agendum

270 1594 526 1658 inducat;
557 1591 683 1648 dum
713 1606 843 1647 vero
865 1591 1018 1661 jubet
1045 1590 1165 1645 aliis
1191 1589 1465 1646 remittere
1488 1629 1505 1656 ,
1537 1605 1749 1647 omnem
1783 1591 1867 1645 in-

267 1688 529 1759 juriarum
580 1688 892 1741 memoriam
936 1700 965 1739 a
999 1684 1151 1740 nobis
1193 1683 1468 1761 eliminet;
1516 1683 1642 1738 dum
1686 1694 1867 1739 autem

269 1796 372 1851 pro
408 1780 491 1835 his
519 1777 768 1834 onmibus
806 1793 866 1833 se
908 1776 1060 1832 nobis
1090 1774 1300 1831 veniam
1338 1789 1717 1831 concessurum
1746 1788 1870 1830 esse

270 1871 578 1943 pollicetur,
608 1870 746 1925 bona
777 1885 875 1924 nos
916 1884 1011 1939 spe
1038 1867 1218 1924 fulciat
1239 1910 1253 1935 ,
1283 1882 1347 1923 ac
1376 1868 1515 1923 circa
1542 1866 1867 1924 ineﬁ'abiletn

273 1964 372 2020 Dei
399 1961 819 2018 misericordiam
852 1976 950 2015 nos
976 1959 1341 2031 philosophari
1368 1958 1582 2015 doceat.

345 2055 398 2111 6.
431 2053 499 2110 Ut
535 2055 650 2109 aliis
679 2052 974 2108 dimittimus
995 2094 1010 2120 ,
1040 2052 1113 2107 sic
1154 2050 1427 2106 dimittitur
1465 2050 1626 2105 nobis.
1657 2080 1725 2090 ——
1756 2049 1870 2104 Hoc

270 2156 453 2203 autem
501 2147 732 2202 maxime
774 2144 1164 2201 observandum
1207 2152 1291 2199 est
1311 2186 1326 2211 ,
1355 2158 1476 2199 eum
1500 2185 1514 2209 ,
1536 2157 1656 2197 eum
1691 2142 1743 2196 in
1773 2156 1869 2197 su-

274 2237 532 2309 pradictis
582 2235 806 2307 singulis
855 2249 1069 2290 omnem
1133 2233 1380 2289 virtutem
1438 2241 1865 2297 commemoret.

273 2331 329 2385 itt
362 2330 461 2384 hac
489 2329 650 2384 etiam
697 2328 1008 2399 iniuriarum
1050 2326 1478 2383 recordationem
1511 2325 1792 2396 cotnplccﬁ
1814 2327 1866 2390 ¹;

272 2437 401 2478 nam
430 2419 749 2477 Sanctiﬁcari
782 2435 877 2487 per
906 2436 1005 2475 nos
1030 2434 1226 2476 nomen
1258 2419 1374 2489 ejus
1398 2418 1465 2473 ad
1498 2417 1789 2488 perfectum
1818 2427 1871 2472 et

271 2513 736 2571 accuratissimutn
762 2513 885 2568 vita:
915 2513 1213 2568 institutum
1243 2510 1512 2582 pertinet;
1544 2519 1599 2566 et
1626 2511 1873 2565 volunta-

277 2614 385 2665 tem
412 2606 531 2677 ejus
574 2605 689 2660 ﬁeri
735 2604 965 2676 idipsum
1009 2618 1197 2659 rursus
1225 2601 1517 2674 signiﬁcat;
1560 2608 1615 2657 et
1657 2601 1871 2673 Patrem

274 2714 440 2770 posse
468 2699 635 2755 Deum
666 2712 857 2754 vocare
886 2696 1168 2767 inculpata:
1194 2696 1319 2752 vita:
1342 2694 1725 2751 demonstratio
1749 2701 1869 2758 est;

275 2797 331 2851 in
363 2795 557 2866 quibus
582 2793 833 2848 omnibus
859 2791 961 2847 hoc
986 2789 1491 2860 comprehenditur,
1536 2787 1679 2859 quod
1708 2802 1871 2858 opor-

282 2896 392 2943 teat
418 2887 552 2942 iram
577 2885 646 2941 de
683 2884 892 2956 injuriis
929 2891 1240 2954 conceptam
1280 2884 1586 2947 remittere;
1638 2890 1873 2937 attamen

276 2980 365 3043 his
387 2986 671 3035 contentus
697 2992 804 3032 non
828 2975 956 3042 fuit;
990 2975 1083 3030 sed
1107 2973 1396 3029 Ostendere
1417 2973 1604 3028 volens
1620 2980 1873 3043 quantam

276 3071 381 3127 hac
415 3069 484 3126 de
520 3084 580 3126 re
615 3077 768 3139 gerat
808 3065 1255 3132 sollicitudinem,
1306 3064 1536 3135 idipsum
1576 3061 1878 3135 specialiter

277 3161 503 3231 repetit;
550 3174 614 3216 ac
658 3168 777 3229 post
803 3158 1101 3213 orationem
1135 3156 1335 3211 nullum
1368 3154 1511 3210 aliud
1543 3169 1702 3225 quam
1734 3153 1877 3210 istud

276 3261 546 3308 memorat
572 3260 897 3321 praeceptum
918 3291 934 3316 ,
979 3249 1058 3304 sic
1094 3248 1277 3304 dicens
1299 3265 1314 3302 :
1338 3246 1400 3302 Si
1424 3246 1557 3301 enim
1585 3244 1877 3300 dimiseritis

281 3345 574 3403 hominibus
602 3353 808 3415 peccata
837 3359 1031 3407 eorum,
1063 3341 1277 3396 dimittet
1304 3338 1439 3394 vobis
1464 3348 1512 3394 et
1540 3338 1697 3393 Pater
1722 3346 1879 3392 vester

279 3441 493 3497 «electis
520 3437 735 3509 (Matth.
766 3436 821 3493 6.
848 3434 960 3509 14).
986 3434 1168 3506 Itaque
1192 3451 1222 3490 a
1254 3433 1409 3489 nobis
1431 3431 1748 3503 principium
1774 3438 1876 3496 est,

277 3542 338 3591 et
360 3531 620 3603 judicium
659 3530 728 3586 de
771 3528 926 3584 nobis
970 3526 1246 3583 ferendum
1293 3525 1345 3580 in
1387 3532 1570 3580 nostra
1601 3524 1762 3579 situm
1793 3531 1881 3579 est

284 3633 574 3697 potestate.
600 3623 733 3679 Nam
762 3637 831 3678 ne
857 3621 941 3676 vel
969 3635 1032 3676 ex
1063 3618 1292 3689 stupidis
1314 3614 1577 3689 quispiam
1606 3615 1773 3687 possit
1794 3615 1879 3671 vel

282 3721 341 3776 in
369 3732 531 3790 parva
560 3716 642 3773 vel
670 3716 722 3771 itt
749 3729 937 3785 magna
971 3729 1029 3769 re
1054 3711 1315 3783 conqueri
1343 3710 1470 3767 dum
1493 3709 1784 3780 judicatur,
1808 3716 1880 3772 te,

283 3825 467 3873 reum.
498 3806 688 3863 calculi
719 3803 923 3861 ferendi
953 3802 1230 3860 dominum
1260 3801 1412 3868 facit;
1444 3808 1500 3858 et
1523 3799 1881 3870 Quemadmo-

285 3903 444 3967 dum,
476 3899 669 3971 inquit,
701 3907 756 3954 tu
784 3896 853 3953 de
882 3905 935 3952 te
965 3896 1081 3968 ipso
1118 3893 1476 3965 iudicaveris,
1506 3907 1606 3963 ego
1629 3891 1700 3948 de
1725 3902 1776 3947 te
1800 3891 1887 3961 ju-

284 3995 507 4054 dicabo.
552 3993 608 4050 Si
647 4005 912 4048 conservo
937 3988 1237 4054 dimiseris,
1284 4002 1314 4041 a
1353 4001 1443 4043 me
1473 3999 1653 4055 parem
1684 3983 1887 4040 referes

287 4090 542 4163 gratiam,
569 4099 890 4157 quamquam
915 4097 1004 4138 res
1032 4096 1136 4136 non
1169 4078 1313 4150 paris
1333 4078 1401 4132 sit
1429 4075 1776 4132 conditionis.
1805 4074 1884 4130 'l'u

288 4180 438 4237 enim
467 4179 606 4249 quod
634 4174 951 4233 remissione
974 4185 1154 4243 egeas,
1182 4169 1431 4230 remittis.
1449 4167 1592 4223 Deus
1612 4182 1741 4222 vero
1764 4181 1889 4223 eum

290 4273 449 4330 nullo
496 4286 631 4342 opus
678 4268 905 4332 habeat;
955 4274 1009 4320 tu
1056 4276 1355 4328 conservo,
1403 4260 1545 4316 Deus
1592 4274 1787 4325 servo;
1838 4272 1892 4315 ttt

290 4373 672 4428 sescentorum
705 4376 829 4419 reus
858 4369 1233 4433 peccatorum,
1270 4356 1410 4412 Deus
1454 4369 1586 4411 vero
1626 4358 1892 4427 impecca-

292 4458 423 4517 bilis
448 4472 570 4514 cum
612 4456 702 4512 sit.
744 4455 992 4510 Attamen
1038 4451 1116 4507 sic
1153 4451 1244 4506 ille
1284 4449 1706 4511 misericordiam
1742 4464 1892 4506 suat

288 4551 553 4611 ostendit.
581 4550 715 4606 Nam
743 4563 867 4605 cum
899 4556 1077 4618 posset
1107 4544 1225 4600 sine
1254 4543 1353 4599 hac
1387 4546 1554 4615 posita
1584 4544 1894 4600 conditione

290 4645 481 4704 omnia
523 4643 616 4699 tibi
658 4648 876 4714 peccata
917 4638 1257 4699 condonare;
1307 4640 1421 4694 vult
1464 4647 1640 4693 tamen
1690 4646 1743 4694 te
1773 4637 1898 4693 inde

286 4738 466 4795 etiam
495 4734 814 4792 benelicium
850 4732 1128 4802 accipere,
1172 4728 1321 4786 mille
1352 4729 1444 4785 tibi
1489 4729 1724 4801 undique
1750 4746 1899 4786 man-

295 4826 604 4885 suetudinis
629 4833 686 4881 et
717 4821 1064 4879 humanitatis
1093 4819 1409 4877 occasiones
1450 4819 1761 4877 ministrans
1783 4862 1798 4886 ,
1847 4829 1902 4876 et

295 4918 446 4993 quod
475 4919 526 4974 in
550 4926 602 4974 te
628 4915 921 4973 belluinum
942 4921 1025 4969 est
1046 4911 1353 4979 eliminatis,
1378 4911 1511 4967 iram
1532 4911 1896 4982 exstittgucus,

294 5026 352 5072 et
388 5011 619 5084 undique
653 5018 704 5066 te
745 5007 991 5065 membro
1031 5015 1122 5062 tuo
1152 5005 1544 5077 eonglutinans.
1590 5002 1730 5072 Quid
1773 5021 1902 5074 ergo

282 5108 488 5163 dicere
516 5103 727 5175 possis?
757 5117 824 5155 an
853 5108 906 5155 te
936 5099 1061 5154 mali
1085 5097 1357 5170 quidpiam
1381 5112 1410 5151 a
1433 5096 1678 5169 proximo
1707 5097 1901 5166 injuste

297 5212 523 5271 passum
548 5193 710 5253 esse?
740 5193 864 5248 lltec
877 5190 1077 5263 quippe
1100 5199 1226 5245 sunt
1247 5198 1462 5259 peccata
1483 5204 1499 5254 ;
1524 5202 1644 5242 nam
1672 5187 1716 5241 si
1735 5188 1897 5257 juste.

384 5427 398 5457 ι
433 5420 632 5483 quidam
652 5424 761 5470 uss.
798 5415 929 5468 hunc
953 5414 1111 5467 locum
1135 5418 1205 5466 sic
1247 5413 1430 5463 habent
1462 5417 1627 5462 Grzece
1660 5424 1673 5460 :
1714 5423 1734 5462 δ
1757 5420 1801 5462 st
1842 5425 1913 5474 μά.

314 5512 430 5539 λιστα
449 5498 517 5550 nit
537 5498 788 5548 παρατηρῆσαι
813 5519 825 5537 .
845 5492 959 5531 τοῦκό
984 5494 1081 5530 Mt?
1102 5489 1162 5529 ὅτι
1176 5488 1257 5527 καθ’
1280 5487 1432 5528 ’ἕκαστον
1454 5492 1525 5525 τῶν

312 5576 384 5615 ενδ
422 5543 665 5615 ww
683 5543 768 5615 ζτξς
988 5552 1116 5615 ῖωίητι
1134 5547 1757 5615 κῆἒξἮξξξτξῌέξὲι
1773 5610 1782 5615 -
1800 5543 1918 5615 Ψέίῖ

313 5599 393 5663 ait:
422 5599 877 5670 converti—deberit,
902 5599 1054 5670 juxta
1083 5599 1342 5661 Georgium
1373 5599 1741 5670 :rrapezuntium
1769 5605 1912 5670 εηηοο

313 5656 726 5733 tam
742 5656 1103 5733 ουκίρῖυιαιηη
1113 5656 1693 5733 εδινῗοςιοιξίαῐη“ιίπθ.ιξ¹ίε
1709 5656 1914 5733 quibus-

312 5721 423 5799 aut
434 5728 679 5799 satientiis
696 5728 1042 5799 perfectionem
1058 5721 1539 5799 t'irtutis’includetts,
1789 5732 1915 5799 trra:-

328 5792 832 5862 rezleutibus_it_tjtt_rit§
868 5811 953 5849 nos
973 5794 1274 5862 prohibuerit
1312 5792 1583 5862 recordari.
1612 5792 1809 5862 Boisius
1833 5794 1913 5862 le-

290 5898 295 5901 -
322 5862 557 5926 gendum
578 5856 700 5912 vidit
722 5858 775 5910 in
796 5856 983 5924 Graeco,
1005 5862 1086 5911 mi
1108 5861 1164 5912 τὸ
1207 5861 1271 5924 μὴ
1293 5856 1601 5922 μνησικακεῖν
1645 5857 1909 5922 περιέλαϐθ.

1411 364 1473 420 IN
1515 358 1918 421 ΜᾹΤΤΙΙᾹΞΗΜ
1960 360 2190 421 HUMIL.
2233 365 2373 423 XIX.

1979 493 2254 549 peccatum
2296 485 2498 540 nullum
2529 495 2630 539 ρει.
2663 484 2730 539 At
2761 493 2814 540 tu
2847 485 3029 541 talium
3070 477 3195 543 vere
3225 496 3564 558 peccatorum

1973 574 2185 630 veniant
2215 577 2593 645 itupetratttrus
2617 577 2845 644 accedis,
2878 577 2987 632 imo
3009 586 3064 633 et
3089 579 3256 634 multo
3280 578 3561 650 majOrutn.

1973 666 2040 721 Et
2073 678 2198 723 ante
2229 669 2436 724 veniam
2461 712 2474 732 .
2520 686 2625 725 non
2667 671 2941 727 minimam
2971 682 3337 742 consequutus
3360 686 3424 727 es
3447 688 3570 744 gra-

1975 758 2137 821 tiam.
2177 758 2398 815 edoctus
2439 772 2493 815 te
2539 762 2826 817 humanam
2875 761 3072 820 habere
3115 763 3386 832 animam,
3419 774 3472 819 et
3500 766 3567 819 ad

1972 864 2189 904 omnem
2241 852 2708 908 mansuetudinem
2754 854 3049 910 institutus.
3104 854 3231 910 Post
3278 854 3394 912 ha‘c
3440 848 3603 910 vero'

1974 956 2166 1012 magna
2197 944 2358 999 etiam
2400 945 2493 998 tibi
2535 960 2743 1001 merces
2787 945 2897 1001 illic
2943 946 3218 1002 recondita
3246 947 3383 1012 crit.
3425 946 3568 1018 quod

1975 1032 2137 1086 nullae
2162 1048 2191 1086 a
2219 1043 2271 1089 te
2302 1044 2642 1104 peccatorum
2672 1036 2906 1092 rationes
2936 1036 3295 1107 postulentur.
3319 1037 3437 1107 Quo
3467 1040 3568 1109 igi-

1974 1133 2062 1179 tur
2086 1124 2229 1196 digni
2259 1127 2523 1198 supplicio
2552 1130 2787 1193 erimus.
2821 1130 2865 1184 si
2897 1128 2988 1184 tali
3017 1140 3234 1201 accepta
3262 1139 3526 1201 potestate
3550 1172 3566 1196 .

1974 1215 2199 1272 salutem
2232 1227 2470 1274 nostram
2502 1220 2831 1290 prodamus?
2859 1221 3129 1292 quomodo
3155 1230 3333 1277 autem
3364 1222 3416 1278 iu
3448 1223 3571 1278 aliis

1977 1325 2075 1363 nos
2104 1310 2345 1367 exaudiri
2373 1327 2645 1383 rogamus,
2681 1329 2802 1368 cum
2836 1315 3091 1383 nolimus,
3121 1315 3248 1371 dum
3280 1328 3448 1388 penes
3471 1330 3571 1371 nos

1975 1410 2076 1463 est.
2109 1403 2261 1458 nobis
2287 1403 2417 1472 ipsis
2444 1418 2665 1473 parcere
2685 1405 2711 1459 ἓ
2735 1405 2817 1460 15.
2853 1403 2921 1459 Et
2940 1423 3001 1461 ne
3024 1422 3115 1463 nos
3140 1406 3355 1462 inducas
3378 1407 3433 1462 in
3461 1416 3581 1462 ten--

1976 1498 2237 1562 tationem,
2268 1498 2357 1552 sed
2381 1496 2538 1553 libera
2562 1515 2653 1553 nos
2682 1515 2713 1551 a
2739 1499 2894 1553 malo.
2923 1499 3056 1566 Quia
3078 1482 3216 1554 tuum
3236 1510 3311 1556 est
3333 1517 3565 1572 regnum,

1975 1600 2019 1642 et
2049 1591 2291 1659 potentia,
2317 1599 2365 1644 et
2391 1589 2556 1660 gloria
2585 1591 2639 1645 in
2665 1594 2871 1655 amenta,
2907 1607 3075 1646 amen.
3106 1592 3202 1647 llic
3225 1593 3335 1663 jam
3363 1606 3462 1648 nos
3487 1593 3573 1647 vi-

1975 1679 2177 1735 litatem
2225 1689 2461 1735 nostram
2491 1680 2636 1736 clare
2665 1680 2822 1736 docet
2845 1722 2858 1744 ,
2907 1691 2961 1737 et
2993 1692 3257 1738 tumorem
3286 1682 3529 1754 reprimit
3554 1698 3578 1736 :-

1975 1768 2199 1826 ltortans
2237 1779 2295 1824 ut
2325 1772 2618 1828 certamina
2651 1772 2941 1844 fugiamus,
2972 1774 3065 1829 sed
3094 1790 3162 1829 ue
3188 1775 3240 1829 in
3271 1790 3333 1830 ea
3363 1775 3568 1830 insilia-

1976 1878 2117 1919 mus.
2150 1863 2225 1919 lta
2252 1867 2396 1921 enim
2438 1877 2494 1923 et
2530 1866 2686 1923 nobis
2730 1867 2953 1923 victoria
2995 1867 3327 1937 splendidior
3352 1866 3485 1931 erit,
3516 1875 3572 1924 ct

1977 1956 2176 2013 diaboli
2204 1957 2386 2014 clades
2425 1960 2596 2030 magis
2626 1960 2903 2016 ritlebitttr.
2937 1961 3068 2016 Cum
3103 1961 3365 2017 trahimur
3383 1960 3527 2017 enim
3553 2002 3569 2027 ,

1977 2049 2185 2105 fortiter
2213 2050 2465 2106 standum
2506 2061 2623 2120 est;
2672 2068 2779 2108 non
2828 2063 3044 2110 vocatos
3089 2062 3267 2110 autem
3296 2054 3573 2126 quiescere

1974 2151 2207 2213 oportet,
2231 2159 2295 2199 ac
2315 2152 2525 2215 tempus
2545 2147 2895 2203 certaminum
2917 2154 3248 2218 exspectare,
3269 2155 3330 2203 ut
3347 2157 3403 2205 et
3420 2163 3574 2203 vanas

1975 2234 2162 2305 glorize
2191 2244 2442 2306 expertes
2470 2247 2524 2292 et
2556 2246 2804 2293 strenuos
2831 2252 2931 2293 nos
2962 2239 3335 2296 exhibeamus.
3376 2239 3569 2295 Malunt

1978 2335 2156 2382 autent
2187 2325 2273 2382 hic
2302 2326 2572 2384 diabolum
2599 2339 2774 2397 vocat,
2820 2330 3017 2400 jubeos
3062 2347 3159 2386 nos
3187 2347 3309 2386 cum
3339 2331 3430 2387 illo
3456 2331 3573 2387 hel-

1978 2419 2085 2474 lum
2152 2419 2485 2491 inexpiabile
2535 2436 2759 2492 gerere,
2814 2431 2868 2477 et
2913 2422 3206 2478 ostendens
3248 2423 3421 2492 ipsum
3464 2439 3572 2479 non

1977 2524 2163 2569 natura
2191 2513 2352 2570 talem
2376 2528 2517 2569 esse.
2546 2514 2742 2570 Malitia
2771 2515 2912 2571 enim
2934 2530 3040 2570 non
3065 2530 3130 2570 ex
3156 2525 3367 2582 natura,
3391 2516 3485 2574 sed
3507 2531 3576 2571 ex

1976 2608 2253 2666 voluntate
2294 2608 2549 2680 gignitur;
2594 2607 2686 2665 ille
2727 2617 2906 2664 autem
2948 2607 3214 2679 praecipue
3242 2609 3323 2667 sic
3353 2618 3579 2665 vocatur

1978 2701 2050 2756 ob
2098 2701 2368 2771 ingentem
2418 2700 2636 2755 malitiae
2679 2699 3101 2770 magnitudinem
3132 2718 3146 2754 :
3172 2708 3228 2756 et
3269 2700 3392 2771 quia
3441 2699 3579 2755 nihil

1980 2793 2141 2849 lmsus
2169 2808 2198 2847 a
2229 2793 2385 2848 nobis
2423 2792 2745 2865 inexpiabile
2787 2802 2975 2849 contra
3023 2807 3123 2850 nos
3170 2794 3366 2851 bellum
3406 2792 3576 2865 gerit.

1979 2887 2102 2944 ideo
2128 2902 2234 2942 non
2264 2886 2420 2955 dixit,
2450 2885 2643 2943 Libera
2673 2900 2770 2942 nos
2798 2901 2829 2941 a
2861 2886 3049 2954 malis,
3083 2886 3178 2943 sed
3198 2929 3214 2955 ,
3243 2887 3288 2940 Α
3317 2885 3453 2941 malo
3475 2930 3492 2952 ,
3520 2893 3582 2940 ut

1980 2998 2080 3037 nos
2106 2990 2320 3038 moneat
2342 2997 2411 3037 ne
2433 2988 2621 3037 contra
2641 2980 2945 3051 proximum
2973 2995 3158 3036 amaro
3179 2980 3361 3036 animo
3386 2979 3580 3044 simus.

1981 3075 2193 3131 etiamsi
2238 3074 2376 3129 male
2403 3072 2670 3143 patiamur
2697 3071 2767 3127 ab
2793 3072 2934 3139 illis,
2981 3072 3075 3128 sed
3106 3074 3174 3128 ab
3216 3071 3321 3128 illis
3359 3070 3487 3142 ipsis
3512 3070 3596 3124 ad:

1981 3165 2257 3222 diabolum
2281 3164 2705 3221 transferendam
2731 3165 3066 3221 inimicitiam
3093 3179 3233 3232 esse,
3259 3173 3442 3236 utpote
3466 3179 3583 3219 ma-

1983 3257 2157 3312 lorum
2188 3256 2429 3311 omnium
2457 3270 2697 3312 causam.
2746 3257 2952 3313 Inimici
2984 3258 3162 3329 itaque
3187 3271 3582 3312 commemora-

1985 3347 2128 3402 tione
2143 3345 2208 3401 ad
2226 3356 2501 3403 certamen
2525 3361 2627 3403 nos
2645 3362 2971 3419 prteparans,
2994 3357 3048 3404 et
3068 3348 3346 3418 segnitiem
3368 3362 3589 3403 omnem

1983 3453 2015 3493 a
2049 3437 2204 3493 nobis
2232 3437 2577 3505 exscindens,
2612 3454 2797 3495 rursus
2822 3439 3067 3494 ﬁduciam
3098 3440 3291 3510 ingerit
3312 3448 3369 3495 et
3394 3453 3585 3494 sensus

1984 3528 2380 3601 erigitfRegem
2407 3545 2864 3591 commemorans.
2891 3531 2990 3587 sub
3013 3546 3121 3602 quo
3149 3533 3201 3586 in
3223 3531 3337 3587 acie
3357 3540 3584 3593 stamus.

1989 3629 2045 3677 et
2086 3624 2382 3678 ostendens
2435 3624 2608 3694 ipsum
2668 3638 2787 3679 esse
2836 3624 3075 3679 omnium
3130 3624 3585 3699 potentissimum.

1989 3711 2158 3768 Tuum
2198 3724 2269 3769 est
2295 3755 2312 3777 .
2346 3714 2551 3787 iuqttit,
2594 3732 2835 3787 regnum,
2879 3726 2925 3770 et
2956 3716 3180 3786 potentia
3200 3756 3215 3781 ,
3247 3725 3292 3769 et
3321 3715 3504 3785 gloria.
3531 3715 3589 3771 Si

1990 3821 2120 3878 ergo
2141 3806 2286 3864 illius
2304 3816 2388 3864 est
2408 3823 2653 3879 regnum,
2673 3823 2832 3863 nemo
2859 3806 3126 3864 timendus
3155 3817 3258 3872 est,
3282 3824 3403 3864 cum
3428 3823 3590 3864 nemo

1992 3901 2063 3955 sit
2088 3900 2179 3972 qui
2205 3901 2471 3957 obsistere
2501 3900 2687 3970 possit,
2718 3910 2774 3956 et
2799 3900 2888 3969 qui
2919 3908 3104 3956 contra
3132 3900 3277 3954 illum
3306 3900 3589 3969 imperium

1996 3999 2198 4048 teneat.
2228 3990 2363 4048 Cum
2392 3993 2534 4046 enim
2564 3991 2725 4047 dicit:
2774 3991 2936 4045 Tuum
2981 4003 3057 4046 est
3096 4008 3326 4062 regnum,
3355 3993 3593 4049 ostendit

1996 4086 2160 4139 etiam
2184 4100 2304 4140 eum
2330 4124 2346 4150 ,
2378 4082 2464 4153 qui
2498 4098 2597 4138 nos
2645 4083 2953 4153 impugnat,
3000 4083 3100 4153 ipsi
3126 4083 3397 4138 subditum
3427 4098 3551 4141 esse
3572 4126 3591 4151 .

1997 4176 2208 4232 etiamsi
2254 4186 2441 4231 contra
2471 4182 2617 4230 stare
2661 4173 2907 4230 videatur
2930 4217 2945 4241 ,
2999 4175 3113 4231 Deo
3146 4175 3357 4231 interim
3388 4176 3439 4231 id
3473 4192 3594 4246 per-

2002 4268 2269 4323 mittente.
2294 4266 2426 4321 Nam
2456 4274 2512 4322 ct
2543 4266 2658 4336 ipse
2685 4280 2753 4322 ex
2781 4279 3058 4321 servorum
3087 4280 3314 4322 numero
3338 4277 3442 4334 est,
3468 4267 3597 4323 licet

2003 4360 2278 4415 inl'amium
2330 4367 2386 4416 et
2434 4359 2817 4427 reproborum;
2873 4373 2973 4414 nec
3025 4358 3168 4415 ausit
3214 4374 3595 4416 conservorum

2002 4452 2305 4522 quempiam
2337 4450 2613 4516 invadere,
2646 4450 2749 4505 nisi
2777 4452 2923 4521 prius
2948 4451 3180 4522 desuper
3202 4454 3471 4525 acceperit
3495 4469 3596 4526 po-

2004 4553 2274 4604 testatem.
2312 4542 2512 4613 Ecquid
2540 4543 2663 4598 dico
2688 4543 3113 4599 conservorum?
3154 4542 3232 4605 Ne
3262 4559 3452 4615 porcos
3477 4548 3598 4615 qui-

2006 4635 2127 4691 dem
2159 4651 2324 4691 ausus
2351 4645 2433 4691 est
2463 4634 2736 4700 invadere.
2768 4634 2942 4691 donec
2972 4636 3086 4705 ipse
3117 4637 3392 4706 permisit;
3424 4652 3600 4708 neque

2005 4729 2188 4783 ovium
2210 4728 2474 4797 boumque
2495 4742 2701 4797 greges.
2725 4728 2897 4782 donec
2918 4727 3183 4781 licentiam
3204 4735 3260 4782 et
3279 4737 3598 4798 potestatem

2008 4821 2322 4892 accepisset.
2357 4819 2539 4891 Itaque
2567 4819 2776 4876 etiamsi
2807 4819 2962 4889 longe
2991 4818 3253 4875 inﬁrmior
3280 4835 3452 4886 esses,
3479 4822 3601 4891 jure

2006 4912 2319 4969 consideres
2364 4923 2511 4967 tanto
2551 4912 2847 4981 imperante
2878 4926 3033 4981 rege.
3063 4911 3154 4979 qui
3201 4920 3377 4982 potest
3422 4928 3518 4984 per
3550 4922 3602 4970 te

2009 5005 2265 5075 praiclara
2282 5005 2434 5060 facile
2465 5019 2628 5074 opera
2657 5002 2837 5058 edere.
2856 5000 2922 5055 Et
2942 5002 3106 5073 gloria
3126 5002 3177 5056 in
3202 5003 3406 5070 uacula,
3432 5020 3602 5061 amen.

2078 5106 2133 5159 7.
2185 5103 2389 5171 Quanta
2426 5100 2479 5153 in
2530 5096 2633 5151 Deo
2679 5096 3024 5169 benefaciendi
3063 5105 3301 5167 potestas.
3345 5100 3603 5166 Quantum

2008 5198 2192 5253 oblivio
2220 5194 2529 5260 iniuriarum
2557 5189 2759 5245 Christo
2787 5190 2853 5243 sit
2881 5188 3043 5243 cordi.
3076 5187 3199 5266 Νοα
3226 5194 3392 5263 gratia
3414 5194 3603 5260 solum.

2010 5292 2100 5348 sed
2127 5290 2276 5346 etiam
2313 5286 2549 5356 operibus
2604 5280 2738 5351 ﬁlios
2793 5279 2885 5334 Dei
2922 5296 3029 5335 esse
3068 5291 3287 5351 Oportet.
3334 5282 3473 5338 Deus
3514 5301 3608 5341 nos

1986 5386 2127 5457 ,ριηε
2153 5398 2305 5454 quam
2334 5387 2480 5450 pater
2508 5386 2552 5429 et
2592 5383 2753 5428 mater
2779 5373 3156 5445 «ἤθρει-Νη
3183 5376 3323 5429 enim
3354 5384 3405 5431 te
3432 5385 3536 5444 poti
3557 5386 3607 5433 st

2011 5477 2187 5534 solum
2209 5475 2278 5529 ab
2300 5468 2673 5542 ingruentibus
2689 5465 2843 5521 malis
2863 5480 3072 5531 eruere,
3101 5465 3194 5521 sed
3217 5466 3379 5521 etiam
3405 5467 3609 5537 gloria-

2013 5585 2130 5626 sum
2158 5563 2602 5636 Splendidumquc
2630 5558 2874 5615 reddere.
2921 5557 3070 5613 Sicut
3097 5557 3238 5612 enim
3284 5559 3450 5613 virtus
3492 5558 3609 5629 ejus

2014 5673 2234 5732 magna,
2273 5657 2342 5711 ita
2372 5663 2456 5710 est
2483 5651 2653 5724 gloria
2683 5650 2801 5721 ejus
2842 5647 3124 5704 ineﬂ'abilis
3156 5665 3170 5702 :
3202 5657 3257 5703 et
3288 5648 3402 5703 haec
3424 5649 3605 5705 omnia

2016 5757 2270 5825 perpetua
2300 5754 2463 5813 sunt,
2505 5743 2734 5814 ﬁnisque
2770 5756 2957 5797 eorum
3000 5741 3177 5795 nullus
3215 5752 3315 5795 est.
3364 5740 3609 5796 Vidistiu'

2017 5841 2287 5917 quomodo
2314 5836 2550 5910 undique
2581 5834 2834 5891 athletam
2866 5831 3092 5898 immxil,
3128 5829 3334 5902 ipsique.
3358 5831 3606 5889 ﬁduciam
