4036 6436
479 357 588 414 285

483 476 713 534 indidit?
742 476 940 535 Deinde
959 519 974 546 ,
1001 485 1058 533 ut
1080 476 1190 547 jam
1221 477 1328 532 dixi
1352 520 1366 545 ,
1402 487 1458 533 ut
1487 478 1736 535 ostendat
1765 495 1824 535 se
1854 479 2075 544 injuria-

483 585 602 625 rum
647 571 1072 627 recordationem
1099 569 1330 627 maxime
1354 571 1588 626 aversari
1617 579 1670 627 et
1695 571 1818 626 odio
1845 571 2044 627 habere
2062 614 2078 638 ,

475 663 719 733 itemque
765 662 888 717 huic
928 662 1229 735 oppositam
1276 661 1524 717 virtutem
1567 662 1799 718 maxime
1843 663 2079 716 omnium

483 764 756 824 acceptam
783 754 982 810 habere
1005 797 1020 822 ,
1060 763 1181 826 post
1220 755 1518 810 orationem
1549 770 1733 810 rursus
1760 755 1858 810 hoc
1883 756 2080 810 bonum

487 861 618 914 opus
645 848 998 913 memoravit,
1032 856 1085 902 et
1112 863 1140 900 a
1170 847 1444 917 proposito
1482 847 1760 918 supplicio,
1791 857 1845 903 et
1884 864 1914 902 a
1953 863 2084 903 con-

482 936 668 992 stituto
699 938 920 1007 praemio
949 937 1246 994 auditorem
1293 938 1548 994 inducens
1574 939 1640 993 ad
1679 940 2078 1011 obsequendum

485 1027 608 1083 huic
635 1040 923 1099 prtecepto.
951 1030 1084 1085 Nam
1110 1031 1184 1086 ait
1212 1049 1226 1085 :
1259 1031 1343 1086 M.
1375 1031 1436 1086 Si
1458 1032 1744 1086 dimiseritis
1773 1033 2076 1094 hominibus.

483 1122 636 1176 etiam
667 1121 826 1178 Pater
853 1135 1012 1178 vester
1036 1125 1244 1179 celestis
1273 1125 1486 1178 dimittet
1513 1125 1678 1189 vobis;
1711 1125 1798 1180 15.
1831 1127 1874 1179 si
1913 1137 2080 1180 autem

485 1232 588 1268 non
614 1216 941 1283 remiserilis,
971 1233 1128 1286 neque
1151 1217 1258 1286 ipse
1294 1215 1431 1271 vobis
1459 1219 1695 1270 remittet.
1734 1215 1857 1271 Ideo
1896 1231 2080 1272 rursus

486 1307 647 1362 caelos
678 1317 733 1362 et
758 1307 968 1362 Patrem
1002 1319 1408 1372 commemorat,
1440 1317 1498 1362 ut
1516 1324 1580 1362 ex
1614 1308 1715 1362 hoc
1741 1323 1952 1379 quoque
1977 1323 2076 1362 au-

484 1397 712 1453 ditorem
744 1397 944 1468 pudore
970 1397 1188 1463 afficiat,
1221 1399 1267 1453 si
1299 1399 1430 1454 tanti
1465 1400 1636 1455 Patris
1667 1399 1806 1454 filius
1833 1415 1955 1454 cum
1987 1400 2076 1466 sit,

485 1491 628 1545 ferus
654 1489 876 1554 evadat,
907 1499 962 1545 et
988 1489 1054 1544 ad
1083 1491 1274 1546 ewlum
1311 1503 1552 1559 vocatus,
1597 1501 1866 1546 terrenum
1906 1506 2080 1546 διεω-

482 1580 762 1652 larcmque
785 1598 1000 1637 sensum
1031 1582 1239 1638 habeat.
1271 1581 1385 1637 Non
1406 1583 1548 1637 enim
1571 1583 1740 1652 gratia
1766 1582 1960 1649 solum,
1985 1581 2078 1636 sed

483 1676 644 1731 etiam
671 1676 922 1748 operibus
950 1675 1090 1729 ﬁlios
1115 1675 1206 1729 Dei
1228 1690 1348 1729 esse
1375 1683 1608 1745 oportet.
1639 1674 1782 1729 Nihil
1805 1683 1980 1729 autem
2003 1674 2083 1729 sic

485 1769 598 1826 Deo
626 1770 856 1826 similem
886 1770 1049 1824 efficit
1081 1778 1133 1821 ut
1161 1768 1406 1838 malignis
1435 1778 1593 1838 atque
1620 1767 1934 1822 hedentibus
1961 1782 2081 1824 esse

483 1861 833 1931 placabilem;
863 1859 1312 1930 quemadmodum
1339 1870 1392 1914 et
1429 1869 1553 1915 ante
1577 1859 1757 1915 docuit
1779 1901 1794 1924 ,
1839 1875 1959 1914 cum
1999 1858 2082 1914 di-

485 1961 637 2007 ceret
679 1951 851 2021 ipsum
881 1952 1050 2006 solem
1079 1967 1232 2006 suum
1263 1952 1390 2006 oriri
1419 1950 1596 2006 facere
1625 1967 1786 2021 super
1811 1951 1983 2006 malos
2027 1957 2084 2006 et

484 2042 676 2098 bonos.
706 2043 994 2112 Propterea
1030 2058 1122 2111 per
1151 2043 1358 2113 singula
1387 2043 1547 2098 vcrba
1577 2055 1891 2098 communes
1927 2041 2082 2112 jubet

485 2135 664 2191 facere
689 2137 959 2191 orationes
977 2177 991 2201 ,
1028 2135 1182 2189 Pater
1209 2145 1379 2190 noster
1406 2136 1614 2200 dicens,
1645 2147 1720 2200 et,
1755 2133 1876 2188 Fiat
1904 2134 2086 2188 volun-

484 2239 563 2283 tas
591 2239 699 2296 tua,
727 2229 853 2281 sicut
882 2229 935 2280 in
960 2228 1104 2292 cazlo,
1141 2238 1186 2280 et
1214 2227 1265 2280 in
1293 2236 1463 2293 terra;
1489 2236 1562 2289 et,
1596 2225 1784 2280 Panem
1811 2226 1878 2279 da
1904 2223 2082 2286 nobis;

485 2329 575 2385 et,
605 2318 818 2373 Dimitte
847 2318 987 2373 nobis
1015 2318 1183 2372 debita
1207 2329 1417 2381 nostra;
1448 2327 1535 2382 et,
1572 2316 1652 2371 Ne
1679 2333 1771 2372 nos
1799 2317 2010 2371 inducas
2029 2317 2086 2370 in

485 2410 850 2475 tentationem;
887 2420 976 2476 et,
1011 2410 1192 2464 Libera
1223 2427 1314 2464 nos
1345 2426 1364 2463 :
1392 2409 1578 2479 plurali
1611 2425 1710 2464 nos
1739 2425 1951 2480 semper
1980 2425 2083 2463 nu-

486 2520 640 2560 mero
667 2506 739 2560 uti
763 2505 962 2573 jubens
982 2545 997 2570 ,
1028 2514 1084 2559 ut
1115 2520 1184 2560 ne
1212 2504 1492 2573 vestigium
1519 2504 1735 2574 quidem
1764 2504 1858 2559 irae
1897 2503 2086 2558 adver-

487 2612 580 2652 sus
609 2597 908 2666 proximum
939 2597 1290 2652 retineamus.
1325 2596 1537 2662 Quanto
1567 2596 1748 2666 itaque
1774 2595 1918 2666 digiti
1953 2610 2086 2666 sup-

488 2689 650 2758 plicio
682 2687 877 2742 fuerint
921 2687 956 2741 ii
1000 2687 1090 2757 qui
1135 2697 1253 2758 post
1291 2687 1407 2742 lnec
1431 2688 1611 2742 omnia
1657 2702 1764 2741 non
1801 2687 1960 2742 modo
1985 2687 2086 2756 ipsi

491 2797 598 2834 non
629 2779 938 2845 remittunt,
967 2781 1061 2836 sed
1090 2781 1250 2836 etiam
1282 2780 1448 2835 Deutn
1476 2779 1541 2834 ad
1582 2779 1869 2834 vindictam
1914 2778 2090 2833 inimi-

490 2887 675 2928 corum
707 2872 988 2938 invocant,
1035 2880 1089 2927 et
1129 2873 1279 2942 quasi
1325 2887 1390 2927 cx
1429 2871 1694 2926 diametro
1737 2870 1874 2925 hanc
1916 2870 2085 2938 legem

495 2963 978 3035 transgrediuntur,
1019 2972 1074 3019 et
1113 2963 1216 3019 hoc
1243 2978 1366 3019 cum
1399 2963 1486 3018 ille
1527 2962 1656 3018 nihil
1698 2976 1804 3016 non
1847 2960 2008 3016 faciat
2036 2970 2092 3017 et

493 3066 767 3124 operetur,
813 3066 869 3110 ut
913 3071 982 3111 ne
1024 3056 1224 3110 mutuis
1267 3069 1367 3109 nos
1409 3054 1644 3110 dissidiis
1688 3055 2091 3125 disjungamus?

494 3150 626 3217 Quia
652 3150 796 3204 enim
815 3149 964 3204 radix
987 3149 1249 3203 bonorum
1273 3149 1511 3202 omnium
1537 3156 1620 3203 est
1643 3149 1857 3214 caritas,
1885 3163 1947 3203 ea
1971 3163 2094 3218 quae

495 3242 664 3312 ipsam
709 3241 1059 3313 pt-ssutndant
1109 3241 1277 3306 tollit,
1321 3250 1376 3295 et
1422 3241 1654 3312 undique
1697 3257 1796 3297 nos
1841 3245 2094 3312 copulare

495 3335 696 3392 studet.
727 3335 914 3390 Nullus
941 3335 1088 3390 enim
1110 3345 1212 3400 est,
1242 3336 1421 3390 nullus
1441 3345 1609 3402 certe,
1641 3337 1753 3390 sive
1779 3346 1950 3406 pater,
1979 3336 2094 3392 sive

497 3439 690 3495 mater,
720 3429 831 3484 sive
860 3429 1064 3483 amicus
1084 3471 1098 3494 ,
1131 3429 1244 3484 sive
1270 3429 1444 3499 quivis
1470 3429 1608 3484 alius
1627 3471 1642 3494 ,
1670 3431 1760 3499 qui
1789 3446 1887 3485 nos
1913 3431 1985 3484 ita
2011 3430 2094 3485 di-

501 3521 710 3588 lexerit,
745 3521 914 3591 utqui
941 3520 1064 3576 fecit
1089 3535 1188 3575 nos
1231 3522 1387 3576 Deus.
1419 3521 1654 3591 llludque
1678 3523 1847 3592 palam
1872 3522 2094 3577 omnino

500 3624 584 3667 est
609 3622 663 3667 et
689 3629 752 3666 ex
782 3612 1054 3667 beneticiis
1083 3629 1204 3682 qua:
1231 3613 1467 3681 quotidie
1495 3613 1743 3680 confert,
1775 3624 1830 3668 et
1859 3630 1926 3669 ex
1959 3631 2096 3683 pra:-

501 3705 673 3774 ceptis
700 3719 818 3774 quae
841 3704 1132 3758 constituit.
1160 3703 1312 3771 Quod
1335 3705 1379 3759 si
1401 3720 1670 3761 aerumnas
1700 3705 1826 3760 mihi
1850 3705 2094 3775 objicias,

501 3796 546 3850 si
578 3796 790 3850 dolores
819 3809 1120 3865 caeteraque
1149 3795 1270 3850 vita:
1301 3797 1472 3862 mala;
1505 3797 1675 3866 cogita
1707 3798 1917 3867 quantis
1945 3799 2096 3853 illum

501 3888 740 3957 quotidie
778 3887 1049 3952 offendas,
1092 3903 1266 3958 neque
1309 3888 1442 3942 ultra
1487 3888 1798 3954 miraberis,
1847 3889 1892 3944 si
1935 3889 2095 3944 etiam

502 3981 656 4053 plura
689 3981 772 4034 his
803 3980 940 4034 mala
973 3990 1024 4036 te
1052 3979 1305 4035 invadant
1331 3996 1345 4044 ;
1375 3979 1467 4034 sed
1498 3981 1543 4034 si
1576 3979 1716 4035 bono
1742 3980 1919 4051 aliquo
1957 3981 2100 4036 frua-

503 4075 611 4138 ris,
663 4085 788 4128 tunc
832 4089 961 4128 sane
1005 4082 1218 4142 stupeas
1256 4088 1320 4127 ac
1350 4073 1580 4129 mireris.
1624 4073 1774 4131 Nunc
1819 4089 1978 4145 porro
2024 4075 2098 4130 ir-

505 4177 720 4222 ruentes
738 4167 1070 4221 calamitates
1090 4166 1469 4237 conspicimus,
1493 4167 1723 4222 oﬂ‘ensas
1740 4177 1940 4234 autem,
1967 4184 2100 4239 quas

504 4261 741 4330 quotidie
767 4259 1115 4324 admittimus,
1145 4275 1250 4314 non
1279 4263 1330 4313 in
1359 4267 1594 4315 mentem
1624 4275 1876 4316 vocamus
1901 4281 1913 4315 :
1949 4262 2098 4316 ideo-

506 4367 612 4418 que
661 4350 874 4420 indigne
925 4350 1162 4405 ferimus.
1217 4351 1370 4418 Quod
1422 4350 1468 4405 si
1532 4351 1690 4406 unius
1731 4352 1837 4408 diei
1886 4363 2102 4423 peccata

507 4450 692 4497 nostra
724 4451 968 4496 accurate
997 4441 1409 4512 recogitaremus
1430 4484 1444 4508 ,
1475 4453 1600 4499 tunc
1623 4445 1767 4500 clare
1796 4460 2100 4517 nossemus,

507 4545 832 4606 quantorum
874 4535 949 4590 rei
982 4549 1220 4591 essemus
1263 4536 1550 4590 malorum.
1579 4537 1754 4608 Atque
1793 4547 1881 4605 ut,
1924 4541 2103 4598 missis

507 4629 627 4683 aliis
656 4644 776 4698 qua:
803 4629 1028 4698 quisque
1057 4638 1292 4682 vestrum
1323 4629 1585 4697 admittit,
1617 4630 1704 4686 illa
1737 4642 1951 4701 peccata
1982 4649 2103 4705 qua;

509 4722 668 4776 hodie
693 4719 830 4776 facta
859 4731 983 4775 sunt
1008 4723 1563 4789 reeenseam,ctiamsi
1585 4740 1691 4778 non
1725 4726 1896 4780 norim
1922 4726 1974 4781 in
1998 4741 2105 4797 quo

509 4825 747 4871 vestrum
770 4816 963 4886 singuli
994 4817 1330 4884 peccaverint
1352 4835 1365 4871 :
1391 4825 1624 4873 attamen
1655 4827 1798 4875 tanta
1838 4831 1920 4876 est
1964 4820 2105 4876 deli-

513 4919 723 4964 ctorum
764 4910 943 4980 copia,
984 4916 1042 4964 ut
1081 4909 1127 4965 is
1155 4910 1338 4976 etiam,
1377 4909 1465 4980 qui
1492 4921 1741 4969 accurate
1777 4914 1954 4967 omnia
1998 4929 2104 4969 non

515 5002 662 5054 novit
686 5043 701 5066 ,
731 5001 895 5069 possit
927 5010 1110 5056 tamen
1134 5017 1198 5056 ex
1229 5002 1295 5056 iis
1323 5003 1489 5056 multa
1515 5017 1755 5073 carpere.
1805 5005 1936 5073 Quis
1979 5021 2107 5077 ergo

513 5101 754 5147 nostrum
784 5108 889 5147 non
921 5092 1098 5163 segnis
1129 5092 1223 5148 fuit
1252 5093 1307 5148 in
1345 5093 1590 5150 orando?
1627 5096 1746 5166 quis
1775 5111 1879 5150 non
1920 5097 1971 5151 in
2011 5111 2106 5151 su-

515 5184 754 5252 perbiam
796 5184 1020 5239 incidit?
1055 5186 1173 5254 quis
1215 5201 1320 5240 non
1369 5187 1422 5240 in
1459 5201 1651 5242 vanam
1694 5188 1961 5259 gloriam?
1988 5192 2108 5262 quis

515 5292 622 5330 non
654 5275 720 5332 de
751 5277 925 5332 fratris
953 5276 1034 5331 sui
1066 5275 1202 5331 fama
1236 5277 1506 5345 detraxit,
1552 5295 1652 5336 nec
1679 5281 1876 5336 malam
1904 5297 2107 5339 concu-

516 5368 829 5437 piscentiam
877 5366 1124 5422 admisit?
1161 5369 1281 5437 quis
1326 5383 1430 5424 non
1478 5371 1760 5441 impudicis
1801 5374 1970 5431 oculis
2018 5391 2108 5432 re-

518 5459 734 5529 spexit?
760 5463 880 5531 quis
910 5476 1015 5515 non
1049 5460 1246 5516 inimici
1276 5476 1395 5516 cum
1424 5464 1587 5518 animi
1627 5474 1776 5520 motu
1800 5467 2110 5524 recordatus

515 5555 640 5608 est?
667 5554 786 5623 quis
816 5568 922 5608 nor.
953 5569 1046 5608 cor
1075 5567 1232 5609 suum
1259 5563 1468 5612 tumore
1492 5559 1757 5630 replevit?
1785 5560 1938 5629 Quod
1979 5564 2023 5617 si
2056 5565 2107 5619 in

519 5645 740 5700 ecclesia
773 5661 893 5701 cum
925 5647 1127 5712 simus,
1155 5647 1408 5718 brevique
1445 5657 1686 5721 tempore
1728 5662 1807 5708 tot
1848 5655 2109 5711 malorum

518 5737 596 5790 rei
626 5736 748 5790 facti
780 5752 995 5801 sumus,
1027 5739 1244 5807 quinam
1270 5739 1506 5806 erimus,
1539 5742 1662 5799 inde
1687 5745 1929 5815 egressi?
1967 5748 2011 5802 si
2057 5748 2109 5804 in

523 5838 676 5898 portu
711 5841 787 5888 tot
817 5829 1003 5887 fluctus
1026 5870 1042 5898 ,
1083 5846 1204 5886 cum
1232 5834 1435 5904 egressi
1475 5836 1729 5895 fuerimus
1773 5839 1824 5895 in
1859 5841 2112 5911 euripum

1217 359 1273 414 S.
1314 358 1593 416 JOANNIS
1629 360 2102 418 CHRYSOSTOMI
2145 363 2459 423 ARCHIEP.
2500 368 3030 432 CONSTANTiNOP.

3675 385 3777 443 εει

2194 483 2471 551 malorum,
2508 487 2558 540 in
2590 488 2761 543 furum
2791 491 2928 556 dico,
2952 500 3006 547 et
3035 492 3232 549 urbana
3263 496 3495 567 negotia,
3525 496 3777 554 domesti.

2187 590 2383 647 easque
2407 595 2584 649 curas,
2617 598 2681 635 an
2716 585 3006 652 poterimus
3032 587 3116 642 vel
3147 603 3246 642 nos
3276 588 3419 657 ipsos
3447 594 3775 661 agnoscere?

2188 670 2435 726 Attamen
2468 673 2532 727 ad
2566 683 2638 728 tot
2673 685 2920 747 tantaque
2943 679 3166 734 eluenda
3192 692 3406 748 peccata
3433 685 3781 752 compendio-

2186 777 2299 816 sam
2325 764 2479 819 nobis
2503 776 2557 820 et
2585 767 2788 823 facilem
2812 769 2966 824 nobis
2993 771 3128 826 Deus
3147 773 3286 826 viam
3313 773 3494 840 dedit,
3527 775 3779 846 omnique

2185 852 2368 909 labore
2408 871 2647 912 vacuam.
2681 859 2811 926 Quis
2850 859 2999 915 labor
3037 861 3214 926 enim,
3249 863 3493 932 injuriatu
3527 864 3779 922 inferenti

2185 946 2488 1004 dimittere?
2517 951 2695 1006 Labor
2721 952 2899 1022 utique
2929 963 3010 1008 est
3051 953 3104 1009 in
3141 972 3248 1010 non
3278 957 3599 1012 remittendo
3623 1001 3637 1023 ,
3684 959 3778 1014 sed

2184 1040 2465 1096 retinendo
2488 1042 2848 1110 inimicitiam;
2875 1055 2931 1099 ut
2951 1061 2981 1101 e
3003 1047 3272 1102 contrario
3293 1048 3337 1102 si
3360 1050 3435 1102 ira
3457 1050 3774 1119 deponatur,

2185 1130 2238 1184 id
2280 1147 2522 1202 magnam
2567 1135 2703 1204 parit
2744 1137 3220 1208 tranquillitatem,
3254 1153 3447 1210 resque
3487 1141 3778 1198 admodum

2185 1232 2267 1277 est
2294 1224 2488 1279 volenti
2520 1225 2706 1282 facilis.

2256 1315 2309 1372 8.
2358 1316 2566 1372 Precari
2595 1330 2770 1374 contra
2799 1322 3028 1377 inimicos
3055 1339 3205 1394 quam
3236 1324 3372 1378 mala
3399 1341 3576 1380 res.—
3592 1323 3780 1398 Neque

2185 1410 2326 1463 enim
2353 1426 2486 1480 opus
2517 1421 2599 1466 est
2628 1415 2794 1468 maria
2825 1412 3170 1470 transfretare
3195 1457 3208 1480 ,
3241 1432 3413 1487 neque
3442 1417 3657 1488 longam
3682 1435 3778 1489 pe-

2186 1501 2601 1569 regrinationem
2632 1504 2905 1574 suscipere
2928 1546 2943 1570 ,
2983 1521 3162 1576 neque
3189 1508 3448 1562 montium
3484 1508 3610 1579 juga
3643 1523 3777 1564 eou-

2185 1592 2442 1648 scendcre
2461 1635 2476 1660 ,
2512 1610 2684 1664 neque
2714 1597 2966 1665 pecunias
2995 1597 3304 1668 impendere
3324 1640 3340 1666 ,
3373 1614 3545 1669 neque
3582 1615 3779 1669 corpus

2185 1697 2480 1748 macerare,
2502 1685 2596 1740 sed
2624 1687 2761 1742 velle
2788 1696 2990 1743 tantum
3020 1689 3244 1754 sufficit,
3274 1701 3328 1744 et
3351 1691 3529 1744 omnia
3563 1702 3778 1760 peccata

2184 1777 2484 1834 solvuntur.
2514 1779 2568 1836 Si
2600 1796 2728 1836 vero
2755 1797 2860 1836 non
2889 1783 3062 1836 solum
3093 1782 3208 1852 ipse
3247 1797 3351 1837 non
3377 1783 3653 1850 remittas,
3685 1785 3778 1839 sed

2183 1870 2344 1924 etiam
2375 1871 2539 1928 Deum
2566 1883 2749 1928 contra
2772 1874 2922 1928 illum
2952 1874 3210 1944 preceris,
3232 1889 3390 1944 quam
3413 1883 3597 1945 postea
3626 1889 3778 1945 spem

2193 1961 2391 2016 salutis
2413 1959 2780 2028 habebis,quo
2800 1969 3043 2030 tempore
3081 1960 3192 2016 Deo
3222 1962 3495 2031 supplicas
3513 1961 3779 2033 illumque

2194 2051 2488 2122 propitiare
2499 2051 2674 2120 cupis,
2688 2061 2817 2106 tunc
2832 2051 3011 2120 ipsum
3026 2067 3382 2121 exasperans:
3406 2053 3669 2122 supplicis
3687 2055 3779 2108 ba-

2194 2143 2306 2197 bitu
2327 2141 2453 2197 ferte
2477 2157 2664 2196 vocem
2683 2142 2954 2207 emitteus,
2971 2152 3024 2197 et
3053 2143 3153 2198 tela
3181 2144 3397 2213 maligni
3417 2143 3566 2199 illius
3586 2154 3776 2200 contra

2194 2235 2426 2306 teipsum
2444 2235 2756 2304 ejaculans?
2777 2235 2900 2290 Ideo
2919 2234 3118 2290 Paulus
3134 2251 3256 2290 cum
3275 2236 3342 2290 de
3355 2237 3605 2291 oratione
3623 2253 3777 2292 men-

2195 2331 2397 2386 tionem
2419 2329 2640 2396 faceret,
2657 2330 2791 2383 nihil
2813 2329 2985 2399 magis
3002 2328 3308 2398 requisivit,
3329 2344 3492 2397 quam
3513 2327 3654 2398 legis
3674 2329 3776 2383 hn-

2187 2423 2278 2495 jus
2289 2423 2721 2478 observationem
2745 2442 2756 2476 :
2778 2422 3050 2484 Levautes,
3073 2421 3265 2490 inquit,
3283 2436 3444 2488 puras
3461 2437 3650 2475 manus
3664 2422 3777 2475 sine

2190 2517 2272 2570 ira
2285 2523 2334 2569 et
2351 2513 2777 2583 disceptationeﬂ
2793 2555 2805 2566 .
2817 2511 3070 2579 Tim.2.8)
3081 2512 3156 2565 .Si
3170 2511 3314 2566 enim
3329 2526 3450 2567 cum
3469 2528 3517 2564 m
3528 2513 3776 2567 isericor-

2188 2603 2274 2658 dia
2303 2619 2439 2674 opus
2467 2602 2668 2670 habes,
2714 2617 2782 2657 ne
2825 2613 2949 2656 tunc
2979 2601 3191 2672 quidem
3223 2601 3354 2654 iram
3385 2600 3650 2678 remittis,
3693 2600 3782 2654 sed

2190 2695 2331 2748 illam
2365 2694 2620 2749 memoria
2651 2693 2849 2748 relines
2873 2734 2888 2758 ,
2919 2694 3019 2748 etsi
3061 2692 3200 2746 scias
3239 2701 3288 2746 te
3329 2700 3512 2745 contra
3555 2691 3782 2760 teipsum

2189 2785 2422 2856 gladium
2455 2785 2726 2856 impellere
2747 2827 2761 2852 ,
2803 2785 3017 2855 quando
3047 2784 3245 2854 poteris
3284 2797 3405 2838 esse
3442 2783 3782 2843 misericors.

2192 2888 2246 2932 et
2276 2879 2375 2933 hoc
2406 2879 2604 2932 malum
2649 2878 2899 2949 nequitiae
2939 2891 3205 2932 venenum
3235 2876 3520 2931 evomere?
3544 2875 3700 2942 Quod
3743 2874 3786 2929 si

2193 2971 2430 3025 nondum
2470 2971 2812 3026 absurditatis
2851 2969 3072 3039 hujusce
3113 2968 3528 3039 magnitudinem
3569 2967 3782 3033 videas,

2195 3061 2424 3129 idipsunt
2457 3061 2594 3131 apud
2623 3061 2868 3115 homines
2900 3059 3096 3114 factum
3119 3059 3289 3129 cogita
3307 3100 3322 3125 ,
3350 3067 3403 3113 et
3432 3065 3560 3112 tunc
3585 3057 3786 3112 videbis

2195 3153 2534 3209 contumeliae
2559 3155 2664 3207 vim
2693 3168 2956 3220 magnam.
2982 3151 3036 3208 Si
3065 3152 3206 3208 enim
3238 3160 3288 3205 te
3315 3150 3588 3204 hominem
3619 3148 3788 3203 adiret

2197 3247 2457 3317 quispiam
2487 3247 2812 3316 supplicans,
2837 3255 2892 3298 ut
2912 3245 3029 3315 ejus
3053 3243 3377 3310 miserearis,
3406 3241 3599 3298 deinde
3618 3283 3633 3308 ,
3667 3257 3788 3294 ctnn

2198 3341 2344 3394 lmmi
2372 3347 2570 3394 stratus
2594 3339 2800 3409 jaceret
2819 3379 2832 3400 ,
2865 3337 3137 3390 inimicum
3163 3335 3400 3399 videret,
3424 3343 3479 3388 et
3507 3342 3558 3386 te
3585 3331 3788 3402 precari

2197 3435 2466 3499 desinens,
2502 3433 2646 3486 illum
2670 3441 3002 3502 percuteret,
3026 3445 3202 3484 annon
3227 3428 3349 3483 hinc
3376 3427 3632 3497 majorem
3657 3425 3788 3478 iram

2197 3525 2548 3596 conciperes?
2578 3523 2691 3579 Hoc
2732 3523 2904 3594 cogita
2949 3531 3003 3577 et
3041 3521 3093 3574 in
3128 3521 3236 3574 Deo
3264 3517 3526 3573 accidere.
3559 3515 3696 3570 Nam
3739 3525 3790 3570 tu

2199 3633 2408 3688 quoque
2432 3617 2558 3672 dum
2588 3616 2697 3672 Deo
2723 3615 2991 3686 supplicas
3011 3655 3026 3680 ,
3058 3611 3440 3682 supplicatione
3466 3609 3680 3665 interim
3711 3625 3792 3662 re-

2203 3711 2324 3764 licta
2346 3749 2361 3774 ,
2396 3709 2667 3764 inimicum
2695 3706 2853 3761 dictis
2879 3705 3164 3768 verberas,
3197 3711 3250 3756 et
3290 3701 3382 3755 Dei
3421 3702 3570 3769 leges
3600 3707 3793 3753 contu-

2202 3799 2358 3855 melia
2386 3798 2553 3854 afllcis
2577 3841 2591 3866 ,
2620 3798 2746 3854 dum
2777 3798 2926 3852 illum
2969 3795 3060 3865 qui
3105 3794 3221 3863 lege
3253 3792 3521 3862 praecepit,
3556 3799 3613 3844 ut
3661 3791 3793 3844 iram

2201 3891 2460 3946 adversus
2488 3904 2583 3944 eos
2608 3890 2694 3960 qui
2739 3903 2838 3943 nos
2880 3887 3072 3957 injuria
3112 3885 3386 3940 affecerint
3423 3883 3793 3952 deponamus,

2204 3986 2452 4048 invocas,
2483 3995 2746 4054 rogasque
2774 3992 2831 4037 ut
2859 3981 3140 4052 praeceptis
3177 3979 3289 4035 suis
3321 3978 3585 4034 contraria
3614 3977 3793 4031 faciat.

2203 4077 2320 4134 Non
2348 4093 2476 4149 ergo
2507 4077 2598 4131 tibi
2627 4076 2694 4132 ad
2725 4075 3012 4130 vindictam
3043 4074 3173 4128 satis
3200 4085 3304 4139 est,
3333 4072 3473 4142 quod
3500 4071 3670 4140 legem
3705 4069 3793 4125 Dei

2205 4169 2616 4240 transgrediaris
2637 4211 2652 4234 ,
2685 4167 2778 4222 sed
2806 4176 2860 4222 et
2887 4167 3058 4236 ipsum
3087 4166 3187 4221 hoc
3222 4177 3278 4219 ut
3319 4163 3476 4220 faciat
3517 4161 3797 4234 precaris?

2205 4261 2469 4332 Numquid
2496 4275 2684 4316 eorum
2713 4274 2830 4330 qua:
2859 4259 3110 4328 prtecepit
3139 4257 3333 4311 oblitus
3371 4257 3494 4312 est?
3538 4253 3796 4324 numquid

2205 4355 2349 4410 enim
2381 4353 2543 4408 homo
2570 4351 2769 4422 estqui
2803 4352 2916 4405 Ittec
2953 4349 3126 4405 dixit?
3157 4349 3295 4404 Deus
3330 4356 3445 4416 est,
3485 4348 3575 4418 qui
3618 4347 3798 4402 omnia

2207 4446 2387 4512 novit,
2425 4454 2480 4502 et
2506 4445 2594 4516 qui
2633 4444 2749 4498 vult
2775 4445 2920 4514 leges
2949 4457 3074 4498 suas
3111 4448 3360 4497 accurate
3397 4440 3600 4496 servari
3630 4459 3644 4495 :
3677 4449 3798 4494 tan-

2210 4550 2432 4608 tumque
2453 4537 2608 4592 abest
2633 4546 2692 4592 ut
2717 4535 2878 4590 faciat
2902 4535 2989 4590 illa
3014 4550 3134 4604 qua:
3162 4533 3400 4606 postulas
3419 4573 3435 4602 ,
3466 4542 3526 4587 ut
3552 4533 3717 4586 etiam
3749 4543 3799 4587 te

2208 4634 2297 4705 qui
2329 4635 2443 4689 hate
2468 4632 2602 4687 dicis
2628 4673 2642 4697 ,
2686 4640 2889 4686 tantum
2919 4629 3043 4700 quia
3079 4627 3216 4684 dicis
3242 4637 3542 4694 aversetur,
3567 4627 3798 4696 odioque

2211 4726 2420 4791 habeat,
2440 4732 2839 4794 extremamque
2858 4721 2954 4777 ahs
2976 4731 3028 4776 te
3049 4735 3260 4790 penam
3282 4728 3506 4790 repetat.
3521 4717 3801 4787 Quomodo

2210 4822 2371 4891 igitur
2414 4821 2484 4874 ab
2524 4819 2617 4873 illo
2654 4817 2907 4888 consequi
2937 4817 3175 4886 postulas
3201 4829 3263 4870 ea
3301 4829 3422 4885 qua:
3449 4827 3660 4869 summo
3687 4821 3800 4866 stu-

2208 4913 2300 4968 dio
2321 4912 2490 4967 vitare
2515 4913 2630 4981 ipse
2652 4909 2931 4979 praecipit?
2953 4907 3059 4964 Sed
3084 4906 3298 4978 quidam
3328 4914 3451 4960 sunt
3478 4904 3566 4975 qui
3593 4903 3660 4957 ad
3686 4911 3799 4958 tan-

2213 5015 2319 5060 tam
2367 5005 2654 5058 amentiam
2703 5008 3114 5072 processerunt,
3161 5006 3220 5053 ut
3265 5013 3370 5052 non
3414 4996 3573 5052 modo
3615 5004 3797 5050 contra

2213 5097 2461 5152 inimicos
2488 5103 2792 5166 precentur,
2819 5093 2914 5148 sed
2939 5093 3099 5148 etiam
3130 5090 3251 5144 filiis
3280 5091 3514 5159 ipsorum
3542 5089 3681 5142 mala
3711 5090 3804 5142 im—

2214 5201 2520 5261 precentur,
2552 5196 2713 5256 atque
2741 5187 2902 5242 etiam
2929 5184 2975 5239 si
3003 5183 3187 5238 liceret
3213 5183 3448 5252 ipsorum
3476 5193 3665 5236 carnes
3701 5177 3799 5233 de-

2213 5293 2429 5356 gustare
2454 5282 2684 5346 vellent,
2715 5280 2822 5334 imo
2851 5287 2908 5334 et
2935 5277 3235 5348 degustent.
3278 5273 3355 5334 Ne
3397 5273 3526 5328 mihi
3565 5271 3795 5332 dixeris,

2216 5386 2268 5432 te
2293 5375 2483 5431 dentes
2509 5387 2615 5428 non
2647 5371 2888 5426 infixisse
2915 5369 2968 5424 in
2995 5384 3189 5438 corpus
3209 5367 3323 5438 ejus
3349 5366 3438 5435 qui
3472 5363 3605 5418 laesit
3635 5381 3648 5417 :
3679 5376 3800 5418 nam

2214 5469 2385 5525 multo
2409 5466 2662 5531 ferocius,
2691 5473 2948 5534 quantum
2977 5463 3029 5516 in
3059 5471 3110 5516 te
3141 5459 3236 5515 fuit
3259 5502 3272 5522 ,
3306 5460 3357 5513 in
3385 5458 3532 5512 illum
3563 5454 3798 5514 saeviisti.

2215 5578 2409 5634 rogans
2434 5561 2666 5629 desuper
2692 5559 2824 5613 iram
2855 5559 2906 5611 in
2938 5555 3086 5611 illum
3130 5553 3378 5620 immitti,
3421 5560 3476 5608 et
3514 5547 3800 5605 immortali

2217 5654 2352 5710 tradi
2396 5653 2691 5722 supplicio,
2736 5665 2964 5720 cumque
3027 5658 3139 5704 tcta
3176 5647 3337 5702 domo
3377 5645 3562 5701 everti.
3601 5642 3800 5711 Quibus

2219 5745 2334 5800 haec
2360 5743 2625 5800 morsibus
2670 5743 2912 5815 graviora
2955 5756 3058 5796 non
3106 5739 3267 5794 sunt?
3309 5737 3500 5808 quibus
3538 5735 3654 5791 telis
3694 5747 3796 5788 non

2221 5837 2533 5895 acerbiora?
2575 5836 2692 5894 Non
2725 5838 2838 5893 haec
2868 5845 2919 5893 te
2949 5835 3126 5892 docuit
3152 5832 3433 5907 Christus;
3475 5845 3579 5886 non
3622 5825 3696 5883 sic
3738 5838 3800 5879 es
