4036 6472
377 466 484 526 283

377 588 664 636 cruentam
701 579 880 651 jussit.
926 578 1060 636 Nam
1104 580 1410 653 hujusmodi
1451 581 1646 653 lingua:
1686 586 1977 637 cruentatis

376 670 621 727 humano
657 674 917 745 sanguine
959 673 1142 731 buccis
1180 683 1306 730 sunt
1334 675 1653 732 deteriores.
1694 673 1977 744 Quomodo

379 764 543 839 igitur
573 765 793 823 fratrem
819 769 1202 839 amplecteris?
1226 769 1495 839 quomodo
1519 768 1837 824 sacrificium
1862 778 1977 823 tan-

379 856 512 926 ges?
529 857 803 929 quomodo
826 859 1137 929 sanguinem
1163 858 1488 914 dominicum
1515 858 1841 929 degustabis,
1867 866 1975 913 tam

379 946 559 1003 dirum
586 949 767 1005 animo
794 965 1055 1007 venenum
1084 951 1347 1007 servans?
1384 951 1608 1020 Quando
1634 950 1778 1008 enim
1807 950 1939 1006 dicis
1957 991 1973 1016 ,

384 1040 641 1113 Discerpe
668 1042 848 1111 illum,
880 1044 999 1114 ejus
1021 1044 1236 1100 domum
1267 1053 1449 1101 everte
1466 1087 1481 1112 ,
1508 1045 1686 1100 omnia
1717 1043 1897 1112 perde,
1924 1051 1979 1099 et

379 1135 544 1190 exitia
566 1135 713 1193 mille
737 1136 1051 1207 imprecaris
1069 1178 1086 1204 ,
1113 1136 1245 1192 nihil
1269 1137 1338 1193 ab
1359 1136 1624 1193 homicida
1649 1135 1854 1204 differs,
1879 1149 1979 1192 nec

376 1241 408 1279 a
438 1225 550 1282 fera
580 1228 839 1283 humanas
866 1241 1057 1283 carnes
1083 1238 1328 1284 vorante.

372 1352 377 1355 -
452 1318 508 1375 9.
540 1318 692 1375 Hunc
713 1321 889 1389 itaque
908 1320 1156 1375 morbum
1181 1319 1514 1392 deponamns
1536 1328 1697 1390 atque
1720 1317 1977 1384 furorem,

382 1418 438 1466 et
468 1410 935 1477 benevolentiam,
981 1420 1039 1467 ut
1075 1411 1274 1482 jussit,
1317 1410 1666 1466 exhibeamus
1694 1423 1819 1479 erga
1859 1407 1979 1463 illos

381 1501 609 1584 quinos
637 1502 922 1569 laeserunt,
965 1510 1026 1558 ut
1063 1502 1266 1558 similes
1295 1502 1463 1558 simus
1491 1501 1668 1557 Patris
1696 1499 1861 1555 nostri
1888 1498 1979 1570 qui

308 1584 311 1585 ⁷
382 1592 437 1648 iu
459 1592 608 1648 caelis
633 1602 737 1649 est.
769 1594 1108 1664 Deponemus
1135 1605 1313 1650 autem
1334 1636 1349 1661 ,
1381 1594 1425 1649 si
1471 1602 1687 1664 peccata
1717 1600 1897 1648 nostra
1925 1590 1977 1645 in

380 1687 696 1742 memoriam
727 1700 1079 1751 revocamus;
1121 1686 1166 1742 si
1196 1687 1390 1742 delicta
1417 1685 1599 1740 omnia
1630 1694 1811 1740 nostra
1852 1683 1977 1738 dili-

379 1788 571 1846 genter
597 1778 967 1835 examinemus
985 1819 1001 1847 ,
1027 1793 1147 1848 qua:
1176 1779 1347 1843 intus,
1379 1792 1498 1848 quae
1541 1775 1671 1832 foris
1695 1817 1710 1843 ,
1759 1791 1878 1845 qum
1925 1773 1977 1828 in

380 1868 518 1936 foro,
551 1885 672 1940 quze
700 1871 755 1925 in
781 1869 1025 1925 ecclesia.
1055 1869 1186 1924 Nam
1221 1869 1266 1925 si
1306 1884 1415 1924 non
1456 1868 1613 1922 aliam
1644 1868 1714 1922 ob
1739 1881 1976 1928 causam,

383 1958 455 2015 ob
478 1960 859 2030 negligentiam
885 1968 1061 2014 tamen
1084 2002 1101 2029 ,
1131 1974 1291 2031 quam
1322 1959 1408 2015 hic
1436 1959 1773 2025 exhibemus,
1799 1967 1979 2014 extre-

382 2050 488 2105 mis
511 2049 656 2121 digni
686 2065 872 2106 sumus
899 2051 1093 2120 poenis.
1124 2050 1258 2106 Nam
1284 2050 1561 2122 prophetis
1589 2049 1941 2120 psallentibus
1959 2090 1975 2113 ,

381 2143 640 2213 apostolis
684 2143 920 2216 hymnos
963 2143 1317 2210 canentibus,
1364 2144 1472 2198 Deo
1517 2144 1803 2214 loquente,
1852 2141 1980 2197 foris

381 2252 661 2306 vagamur,
693 2246 748 2292 et
777 2237 1115 2293 saecularium
1145 2252 1331 2292 rerum
1359 2235 1644 2291 tumultum
1682 2234 1734 2288 in
1774 2248 1872 2289 nos
1899 2234 1978 2287 in-

380 2329 660 2396 ducimus;
694 2345 868 2400 neque
894 2340 1099 2385 tantum
1126 2331 1320 2401 quietis
1345 2337 1401 2385 et
1427 2329 1623 2385 silentii
1664 2327 1979 2383 adhibemus

381 2422 449 2476 ad
478 2421 573 2478 Dei
600 2424 744 2494 leges
767 2422 1060 2478 audiendas
1085 2465 1100 2491 ,
1132 2431 1391 2494 quantum
1423 2423 1476 2476 in
1519 2420 1743 2475 theatris
1771 2429 1979 2487 specta-

386 2523 533 2570 tores
580 2515 868 2582 adhibent,
915 2515 1042 2571 dum
1095 2515 1453 2586 imperatoriae
1498 2515 1665 2569 literae
1711 2513 1976 2583 leguntur.

366 2605 497 2664 illlic
522 2608 665 2663 enim
693 2618 746 2664 et
771 2609 1019 2664 consules
1047 2618 1102 2664 et
1127 2606 1393 2678 praefecti,
1435 2615 1487 2662 et
1529 2614 1745 2660 senatus
1784 2611 1839 2659 et
1877 2617 1978 2674 po-

386 2699 543 2769 pulos
569 2707 713 2754 stant
740 2713 929 2755 omnes
957 2714 1079 2754 cum
1105 2699 1286 2769 quiete
1311 2696 1491 2753 omnia
1515 2696 1822 2761 audientes;
1850 2702 1907 2749 et
1932 2693 1978 2749 si

383 2789 506 2861 quis
532 2790 671 2845 inter
695 2790 860 2845 altum
890 2788 1021 2845 illud
1051 2788 1324 2845 silentium
1354 2796 1577 2861 repente
1601 2786 1842 2841 insiliens
1869 2786 1980 2840 cla-

384 2880 645 2945 maverit,
694 2889 876 2950 utpote
904 2880 993 2951 qui
1041 2864 1437 2949 Imperatorem
1464 2878 1655 2947 injuria
1699 2875 1976 2940 ali‘ecerit,

381 2985 652 3030 extremas
681 2973 781 3028 luit
817 2987 1004 3044 poenas
1036 2988 1050 3026 :
1081 2972 1168 3027 hic
1195 2988 1323 3027 vero
1356 2972 1484 3027 dum
1512 2970 1754 3026 caelestes
1780 2968 1886 3025 illae
1910 2968 1970 3023 li-

382 3075 513 3122 terae
540 3067 809 3140 leguntur,
839 3066 1038 3121 multus
1064 3066 1300 3137 undique
1328 3065 1500 3121 oritur
1531 3064 1819 3128 tumultus,
1856 3075 1979 3117 cum

380 3162 430 3218 is
453 3166 541 3234 qui
569 3163 752 3219 literas
778 3158 947 3225 misit,
991 3157 1149 3228 longe
1190 3156 1361 3227 major
1401 3156 1471 3210 sit
1516 3154 1880 3224 lmperatore,
1925 3160 1980 3207 et

382 3254 653 3311 theatrum
678 3252 1044 3309 honorabilius
1067 3271 1078 3306 :
1103 3268 1208 3306 non
1239 3250 1395 3305 modo
1424 3247 1566 3304 enim
1598 3246 1863 3313 homines,
1892 3244 1984 3302 sed

380 3358 439 3405 et
461 3348 634 3420 angeli
659 3349 907 3413 adstant;
932 3355 985 3402 et
1007 3346 1243 3401 victori-.e
1267 3344 1508 3415 praemia,
1537 3358 1656 3413 quae
1684 3341 1834 3397 hisce
1860 3340 1982 3396 lite—

380 3444 460 3500 ris
496 3444 825 3509 nuntiantur,
855 3443 1014 3512 longe
1042 3440 1245 3511 majora
1274 3438 1502 3494 terrenis
1530 3437 1636 3491 illis
1670 3434 1976 3505 triumphis.

379 3536 720 3606 Quapropter
745 3550 853 3590 non
885 3534 1132 3590 homines
1159 3541 1361 3588 tantum
1384 3571 1398 3596 ,
1429 3529 1523 3585 sed
1562 3537 1617 3584 et
1641 3527 1850 3599 angeli,
1894 3540 1981 3580 ar-

380 3630 658 3701 changeli,
703 3640 760 3686 ct
797 3628 1043 3685 caelestes
1082 3627 1262 3697 populi
1286 3665 1302 3691 ,
1336 3633 1391 3680 et
1417 3632 1682 3695 quotquot
1718 3621 1881 3677 etiam
1926 3620 1980 3675 in

384 3732 528 3775 terra
574 3730 732 3784 sunt,
782 3719 1003 3775 laudare
1043 3718 1299 3788 jubentur
1343 3735 1357 3769 :
1406 3713 1726 3781 Benedicite,
1774 3713 1978 3781 inquit,

381 3811 635 3879 Domino,
677 3813 848 3867 omnia
873 3827 1029 3879 opera
1071 3811 1183 3880 ejus
1223 3807 1411 3881 (Psal.
1443 3807 1567 3863 102.
1597 3803 1720 3877 22).
1766 3803 1982 3860 Etenim

386 3919 497 3958 non
523 3904 713 3973 exigua
733 3909 861 3958 sunt
878 3901 971 3957 illa
996 3916 1117 3971 quae
1146 3898 1291 3963 fecit,
1314 3898 1407 3955 sed
1431 3912 1644 3953 omnem
1674 3909 1980 3951 sermonem

382 4005 659 4065 superant,
687 4003 849 4065 atque
875 4003 1109 4051 mentem
1139 3992 1650 4064 intelligentiamque
1672 3989 1978 4044 hutnanam.

383 4088 457 4145 Et
485 4088 599 4142 haec
626 4087 863 4159 quotidie
889 4085 1181 4157 pra‘dicant
1209 4084 1485 4155 propheta:
1506 4122 1520 4148 ,
1549 4081 1763 4137 diverse
1788 4079 1980 4150 singuli

382 4180 728 4250 splendidum
757 4179 886 4235 illud
915 4189 1172 4250 tropaaum
1202 4177 1559 4234 celebrantes.
1589 4174 1720 4229 Nam
1751 4174 1838 4230 hic
1862 4174 1935 4228 ait
1965 4194 1976 4228 :

381 4271 673 4328 Ascendens
701 4271 753 4325 in
781 4276 941 4325 altum
969 4270 1220 4339 captivam
1248 4268 1440 4322 duxisti
1482 4266 1819 4336 captivitatem
1839 4308 1854 4332 ,
1895 4281 1981 4319 ce-

386 4364 507 4433 pisti
538 4363 675 4418 dona
701 4363 756 4417 in
786 4361 1070 4417 hominibus
1097 4359 1287 4433 (Psal.
1317 4360 1405 4415 67.
1442 4357 1506 4413 I9
1532 4358 1549 4427 )
1575 4373 1589 4423 ;
1611 4365 1665 4411 et
1684 4397 1703 4422 ,
1736 4355 1983 4410 Dominus

385 4455 536 4525 fortis
557 4463 605 4511 et
632 4465 807 4525 potens
832 4454 886 4509 in
917 4454 1094 4524 proelio
1134 4451 1307 4523 (Psal.
1342 4452 1433 4506 ‘25.
1458 4450 1537 4520 8).
1561 4449 1659 4504 Hic
1681 4464 1807 4504 vero
1832 4448 1978 4515 dicit,

386 4546 456 4601 Et
485 4547 692 4619 fortium
725 4544 912 4599 dividet
938 4545 1102 4616 spolia
1128 4542 1297 4615 (Isai.
1329 4543 1420 4599 55.
1453 4540 1578 4614 12).
1616 4541 1695 4596 Ad
1720 4544 1821 4596 hoc
1839 4540 1982 4596 enim

384 4639 574 4705 venit,
605 4648 664 4693 ut
694 4637 1010 4708 praedicaret
1032 4637 1256 4707 captivis
1279 4634 1654 4691 remissionem
1677 4675 1693 4700 ,
1733 4642 1787 4688 et
1828 4631 1986 4688 caecis

386 4729 535 4783 visus
558 4729 972 4791 restitutionem,
998 4736 1054 4782 et
1073 4726 1140 4783 de
1166 4728 1303 4782 victa
1328 4723 1833 4794 morte‘triumphali
1855 4737 1985 4777 voce

381 4820 621 4892 jubilans
673 4819 888 4894 dicebat
920 4838 932 4874 :
966 4818 1066 4875 Ubi
1090 4828 1197 4885 est,
1242 4834 1378 4872 mors
1398 4858 1414 4883 ,
1441 4817 1651 4871 victoria
1700 4815 1830 4869 tua?
1861 4813 1946 4868 ubi
1966 4854 1982 4880 ,

384 4913 605 4982 inferne,
634 4912 872 4966 stimulus
898 4920 1013 4966 tuus
1037 4912 1123 4982 (1.
1150 4910 1267 4965 Cor.
1298 4911 1384 4966 15.
1410 4910 1557 4979 55)?
1588 4909 1739 4962 Alius
1767 4920 1982 4961 rursum

346 5038 351 5043 η
387 5001 708 5073 profundam
746 5017 933 5073 pacem
962 5003 1336 5074 evangelizans
1363 5000 1578 5056 diccbat
1608 5017 1619 5053 :
1653 4998 1986 5070 Confringent

386 5093 589 5164 gladios
616 5111 736 5151 suos
763 5095 817 5149 in
843 5103 1049 5160 aratra,
1080 5104 1127 5149 et
1157 5095 1361 5150 lanceas
1387 5108 1507 5147 suas
1533 5092 1587 5146 in
1615 5091 1773 5162 falces
1810 5087 1981 5159 (Isai.

344 5232 349 5239 λ
386 5189 445 5244 2.
474 5190 531 5243 ι.
573 5185 694 5243 Joel
742 5188 796 5243 5.
826 5185 949 5259 l0).
980 5187 1047 5243 Et
1071 5186 1159 5241 hic
1183 5186 1400 5257 quidem
1428 5183 1724 5240 Jerusalem
1751 5183 1826 5235 sic
1853 5179 1987 5233 allo-

387 5280 569 5354 quitur
598 5296 612 5334 :
643 5278 843 5336 Ltetare
871 5279 1107 5348 multum,
1141 5280 1252 5348 ﬁlia
1279 5279 1407 5335 Sion
1431 5321 1446 5345 ,
1468 5278 1588 5347 quia
1615 5291 1726 5330 ecce
1754 5290 1846 5328 rea:
1873 5281 1987 5326 tuus

1476 468 1540 526 lN
1577 466 1986 527 MATTHEUM
2023 466 2255 526 HOMIL.
2298 466 2415 525 XX.
2456 470 2528 526 al.
2571 468 2720 527 XXI.

3570 473 3675 531 286

2089 582 2221 636 venit
2249 581 2338 636 tibi
2366 590 2683 649 mansuetus,
2726 582 2905 638 sedens
2942 600 3092 655 super
3129 585 3445 658 subjugatem
3481 596 3527 641 et
3555 589 3676 659 pul-

2083 672 2191 725 lum
2219 671 2470 726 novellum
2499 672 2760 743 (Zaclmr.
2792 674 2846 730 9.
2878 674 2968 744 9).
3020 676 3172 731 Alius
3213 692 3341 732 vero
3381 680 3672 735 secundmn

2083 761 2201 832 ejus
2229 763 2518 818 adventum
2552 764 2804 833 prtedicat
2832 765 2915 821 his
2943 767 3119 822 verbis
3147 785 3160 819 :
3202 767 3374 823 Veniet
3404 767 3676 835 Dominus,

2082 868 2229 921 quem
2269 868 2355 909 vos
2395 855 2653 925 qua‘ritis,
2700 864 2749 910 et
2788 857 2900 926 quis
2941 858 3202 913 sustinebit
3246 860 3378 914 diem
3418 860 3678 931 ingressus

2081 946 2191 1014 ejus
2211 946 2238 998 Ρ
2263 945 2532 1001 Exsultate
2555 947 2686 1002 sicut
2715 948 2857 1002 vituli
2886 965 2919 1003 a
2942 950 3154 1005 vinculis
3176 950 3391 1006 absoluti
3417 951 3668 1023 (Malaclt.

2081 1035 2135 1090 5.
2158 1038 2207 1093 1.
2227 1037 2281 1091 2.
2299 1046 2345 1093 et
2370 1039 2423 1095 4.
2442 1039 2520 1110 2).
2548 1037 2617 1093 Et
2634 1039 2775 1095 alter
2797 1056 2981 1096 rursus
2998 1040 3065 1097 de
3091 1041 3175 1096 his
3194 1042 3673 1111 obstupescensdi-

2081 1131 2237 1187 ccbat
2265 1149 2278 1185 :
2313 1131 2411 1185 Hic
2443 1141 2515 1187 est
2552 1131 2694 1188 Deus
2717 1143 2921 1198 noster;
2950 1151 3039 1189 nec
3067 1135 3381 1205 reputabitur
3406 1136 3535 1191 alter
3558 1152 3676 1189 cum

2080 1221 2173 1275 illo
2197 1221 2437 1294 (Boruclt
2469 1223 2522 1277 5.
2557 1220 2681 1295 56).
2712 1224 2960 1279 Attamen
2982 1239 3102 1280 cum
3130 1224 3244 1282 haec
3262 1234 3316 1281 et
3336 1225 3503 1280 multo
3524 1226 3675 1296 plura

2080 1314 2345 1382 dicantur,
2382 1330 2507 1373 cum
2534 1332 2630 1386 par
2668 1325 2812 1372 esset
2849 1316 3106 1382 horrere,
3152 1327 3207 1373 et
3246 1326 3434 1388 putare
3479 1331 3582 1374 nos
3621 1317 3674 1373 in

2083 1420 2223 1463 terra
2253 1423 2359 1464 non
2390 1422 2539 1472 esse;
2583 1408 2733 1479 quasi
2778 1410 2832 1463 in
2880 1408 3061 1463 medio
3101 1407 3220 1464 foro
3261 1409 3672 1475 tumultuamur,

2083 1500 2379 1568 turbamus,
2405 1500 2475 1555 de
2494 1501 2557 1557 iis
2577 1516 2697 1572 quae
2721 1501 2854 1556 nihil
2874 1501 2941 1557 ad
2964 1515 3064 1557 nos
3085 1510 3329 1571 spectant
3352 1502 3675 1573 garrientes,

2084 1601 2253 1648 totum
2285 1594 2603 1648 insumimus
2631 1593 2875 1648 collecta:
2902 1602 3129 1662 tempus.
3165 1592 3299 1648 Cum
3331 1593 3509 1663 itaque
3538 1604 3594 1648 et
3622 1593 3674 1646 iu

2082 1686 2288 1756 exiguis
2311 1693 2367 1740 et
2394 1686 2445 1739 in
2475 1685 2680 1757 magnis
2698 1726 2713 1753 ,
2745 1693 2801 1741 et
2836 1684 2888 1739 in
2916 1684 3102 1740 auditu
3127 1694 3185 1740 et
3210 1684 3265 1740 in
3293 1693 3436 1747 actu,
3465 1694 3520 1740 et
3545 1682 3676 1740 foris

2083 1790 2138 1834 et
2180 1779 2317 1833 intra
2360 1777 2681 1843 ecclesiam,
2725 1777 2797 1832 ita
2836 1778 3002 1832 simus
3038 1775 3281 1842 desides,
3319 1783 3517 1846 praeter
3559 1774 3676 1829 haec

2083 1871 2261 1926 omnia
2289 1869 2451 1926 etiam
2480 1877 2667 1925 contra
2695 1868 2941 1924 inimicos
2984 1882 3265 1938 precemur
3292 1887 3306 1923 :
3338 1865 3482 1923 unde
3522 1880 3675 1936 spem

2082 1967 2272 2022 salutis
2301 1965 2617 2021 habebimus
2641 2005 2656 2027 ,
2703 1979 2825 2019 cum
2856 1970 2935 2017 tot
2963 1961 3230 2032 tantisque
3256 1960 3489 2031 peccatis
3517 1958 3675 2014 addi-

2084 2069 2378 2114 tamentum
2405 2056 2549 2112 aliud
2574 2055 2970 2127 gravissimum,
3000 2068 3095 2124 par
3120 2052 3406 2123 prioribus,
3433 2052 3666 2122 iniquam
3706 2037 3709 2041 ’

2083 2165 2277 2220 nempe
2305 2148 2446 2203 illum
2473 2148 2771 2203 orationem
2798 2144 3151 2216 adjiciamus?
3189 2144 3272 2199 An
3303 2158 3432 2214 ergo
3472 2143 3674 2197 miran-

2083 2244 2208 2299 dum
2234 2287 2247 2310 ,
2291 2243 2337 2298 si
2362 2241 2488 2313 quid
2528 2241 2684 2296 nobis
2709 2240 2834 2296 mali
2862 2241 3280 2310 inexspectatum
3311 2236 3524 2302 accidit,
3552 2250 3675 2291 cum

2082 2347 2264 2392 contra
2296 2335 2596 2390 mirandmn
2625 2344 2768 2391 esset
2795 2334 2840 2389 si
2881 2349 2986 2389 non
3024 2331 3317 2388 acciderit?
3356 2330 3488 2385 Illud
3529 2330 3677 2385 enim

2083 2444 2148 2483 ex
2175 2427 2557 2496 consequentia
2589 2441 2767 2481 rerum
2799 2432 2919 2491 est;
2953 2423 3053 2479 hoc
3077 2432 3255 2478 autem
3298 2431 3492 2493 praeter
3515 2425 3678 2478 ratio-

2082 2536 2204 2575 nem
2231 2529 2283 2575 et
2305 2518 2761 2590 ex5pectationem
2783 2527 2944 2573 esset.
2962 2518 3170 2573 Etenim
3191 2527 3386 2587 praeter
3414 2518 3672 2572 rationem

2081 2621 2259 2678 esset,
2299 2612 2546 2666 inimicos
2575 2610 2674 2666 Dei
2707 2610 2959 2672 effectos,
3006 2611 3262 2682 illumque
3291 2611 3356 2665 ad
3391 2611 3521 2665 iram
3555 2627 3677 2680 pro-

2082 2715 2336 2761 vocantes
2354 2704 2469 2760 sole
2490 2702 2590 2759 frui
2608 2714 2661 2758 et
2684 2704 2879 2775 pluviis
2900 2703 3126 2774 aliiSque
3140 2704 3408 2771 omnibus,
3433 2702 3678 2758 homines

2083 2797 2414 2853 innnanitate
2461 2796 2602 2851 feras
2641 2800 2998 2866 superantes,
3042 2805 3096 2851 et
3139 2795 3274 2850 alios
3315 2804 3501 2849 contra
3543 2793 3677 2847 alios

2083 2889 2322 2958 stantes,
2367 2903 2433 2945 ac
2462 2888 2688 2959 proximi
2722 2891 2800 2946 sui
2847 2903 3026 2944 morsu
3069 2888 3249 2942 laniati
3291 2885 3546 2956 sanguine
3576 2884 3677 2938 lin-

2081 3000 2240 3057 guam
2270 2991 2655 3046 cruentantes;
2690 2993 2809 3054 post
2836 2998 3075 3039 mensam
3120 2981 3261 3037 illam
3306 2979 3633 3051 spiritualem
3659 3018 3674 3041 ,

2082 3085 2136 3134 et
2165 3086 2243 3134 tot
2286 3074 2546 3133 beneficia
2570 3118 2585 3144 ,
2614 3077 3000 3145 innumeraque
3028 3082 3313 3145 praecepta.
3350 3071 3473 3127 llaec
3502 3071 3679 3142 itaque

2085 3176 2411 3249 COgitantes,
2453 3173 2603 3226 virus
2638 3185 2950 3226 evomamus
2974 3212 2989 3236 ,
3034 3168 3304 3224 solvamus
3338 3165 3672 3230 inimicitias,

2084 3279 2137 3324 et
2165 3284 2369 3339 preces,
2398 3283 2518 3338 quae
2545 3277 2921 3322 consentanea:
2952 3262 3104 3317 nobis
3128 3262 3256 3328 sint,
3287 3259 3587 3325 fundamus,
3614 3273 3681 3313 ac

2085 3367 2202 3423 vice
2230 3367 2575 3422 daemoniacm
2609 3361 2747 3417 illius
2775 3360 3001 3415 feritatis
3028 3357 3341 3428 angelorum
3371 3363 3681 3410 mansueti»

2084 3460 2262 3516 dinem
2289 3472 2624 3515 assumamus
2652 3475 2666 3510 :
2699 3464 2752 3511 et
2787 3452 3230 3524 quantiscumque
3268 3448 3476 3518 injuriis
3512 3447 3681 3500 simus

2082 3553 2292 3624 allecti,
2341 3567 2460 3623 qua:
2505 3553 2742 3622 ipsorum
2786 3554 2913 3607 sunt
2956 3553 3135 3600 nostra
3181 3556 3302 3598 esse
3344 3540 3679 3611 cogitantes,

2085 3662 2294 3703 necnon
2336 3638 2639 3700 mércedem
2679 3642 2834 3698 nobis
2879 3654 2979 3710 pro
3023 3637 3126 3691 hoc
3154 3642 3367 3691 servato
3410 3638 3681 3705 praecepto

2086 3739 2407 3811 repositam,
2451 3735 2701 3792 sedemus
2732 3734 2897 3798 iram,
2950 3730 3139 3784 ﬂuctus
3182 3726 3578 3797 reprimamus,
3626 3729 3681 3775 ut

2088 3839 2408 3902 praesentem
2449 3828 2614 3883 vitam
2655 3829 2772 3881 sine
2810 3821 3215 3895 perturbatione
3246 3816 3581 3879 emetiamur,
3628 3822 3685 3868 et

2088 3922 2213 3976 illuc
2237 3920 2580 3975 advenientes
2610 3916 2768 3971 talem
2795 3914 3137 3983 experiamur
3164 3908 3466 3970 Dominum,
3498 3905 3685 3976 quales

2085 4027 2186 4068 nos
2212 4025 2337 4082 erga
2367 4021 2659 4066 conservos
2684 4006 2958 4062 fuerimus.
2988 3999 3142 4070 Quod
3184 4002 3227 4056 si
3268 4014 3433 4070 grave
3458 3998 3590 4053 illud
3626 4008 3684 4053 et

2087 4103 2331 4160 terribile
2359 4103 2448 4167 sit,
2472 4101 2591 4156 leve
2612 4098 2839 4168 idipsum
2861 4106 2916 4151 et
2940 4091 3299 4149 desiderabile
3324 4089 3598 4153 faciamus,
3627 4096 3684 4142 ct

2086 4197 2392 4269 splendidas
2431 4193 2638 4251 fiducia:
2664 4206 2790 4262 erga
2823 4190 2972 4245 illum
3002 4196 3199 4243 nostrae
3240 4184 3433 4256 januas
3466 4181 3682 4253 aperia-

2087 4309 2241 4357 mus;
2287 4306 2350 4346 ac
2392 4288 2532 4361 quod
2579 4303 2684 4343 non
2718 4287 2992 4356 potuimus
3030 4281 3244 4352 assequi
3288 4276 3610 4335 abstinendo
3651 4291 3682 4330 a

2088 4383 2354 4457 peccatis,
2408 4382 2510 4437 hoc
2541 4392 2892 4449 assequamur
2932 4391 3027 4446 per
3074 4371 3541 4429 mansuetudinem
3582 4382 3684 4422 no-

2087 4489 2253 4537 stram
2282 4492 2406 4548 erga
2437 4490 2531 4531 eos
2560 4473 2649 4545 qui
2679 4474 2729 4527 in
2760 4485 2857 4527 nos
2887 4474 3273 4541 peccaverunt;
3323 4479 3495 4535 neque
3535 4462 3683 4518 enim

2086 4588 2248 4645 grave
2284 4570 2413 4627 illud
2450 4569 2534 4625 vel
2578 4566 2859 4622 molestum
2900 4573 3012 4630 est;
3061 4576 3125 4616 ac
3160 4559 3415 4617 beneﬁcia
3453 4554 3684 4613 inimicis

2089 4665 2285 4723 nostris
2312 4662 2673 4727 conferentes,
2705 4659 2926 4713 multam
2966 4654 3120 4709 nobis
3147 4652 3493 4708 conciliemus
3521 4648 3681 4702 mise-

2089 4758 2395 4817 ricordiam.
2428 4757 2518 4812 Sic
2546 4757 2686 4810 enim
2729 4762 2784 4809 et
2828 4752 2879 4805 in
2909 4747 3157 4819 prmsenti
3198 4746 3306 4800 vita
3335 4743 3403 4797 ab
3430 4741 3682 4797 omnibus

2088 4851 2404 4915 amabimor,
2453 4856 2507 4902 et
2549 4861 2658 4917 pra:
2699 4842 2910 4899 cmtcris
2953 4837 3202 4895 omnibus
3242 4837 3380 4891 Deus
3423 4834 3536 4904 ipse
3582 4848 3682 4888 nos

2088 4944 2290 5001 amabit
2316 4953 2372 4999 et
2400 4939 2679 4998 coronabit
2726 4955 2740 4990 :
2783 4948 2989 5005 nosque
3016 4931 3209 4986 futuris
3235 4929 3482 4984 omnibus
3525 4927 3683 4983 bonis

2088 5036 2396 5109 dignabitur
2442 5052 2455 5087 :
2507 5047 2625 5103 qua:
2670 5030 2870 5084 utinam
2915 5039 3106 5078 omnes
3153 5021 3362 5092 assequi
3415 5019 3697 5091 possimus

2088 5131 2254 5203 gratia
2283 5138 2337 5185 et
2360 5123 2690 5196 benignitate
2717 5117 2926 5176 Domini
2958 5117 3123 5173 nostri
3162 5115 3287 5171 Jesu
3316 5113 3550 5179 Christi,
3611 5119 3695 5173 cui

2089 5224 2255 5297 gloria
2282 5233 2338 5277 et
2362 5218 2644 5290 imperium
2674 5215 2725 5270 in
2754 5211 2948 5269 saecula
2976 5210 3317 5267 saeculorum.
3364 5211 3553 5263 Amen.

405 5380 3611 5430 Μ

1575 5486 1927 5549 HOMILIA
1970 5482 2120 5545 XX.
2167 5481 2253 5544 al.
2298 5477 2480 5540 XXI.

385 5633 519 5690 CAP.
552 5631 605 5689 ϐ’.
638 5648 689 5686 v.
720 5632 809 5690 16.
847 5630 975 5686 Cum
1015 5639 1182 5685 autem
1223 5629 1469 5701 jejunatis
1489 5669 1503 5694 ,
1537 5626 1692 5681 nolite
1722 5625 1829 5696 ﬁeri
1857 5626 1985 5680 sicut

463 5723 739 5796 hypocrita
782 5723 964 5779 tristes.
1012 5720 1365 5775 Exterminant
1402 5719 1536 5774 enim
1564 5717 1718 5788 {acies
1743 5731 1896 5783 suas,
1930 5724 1984 5769 ut

460 5825 743 5886 appareant
771 5814 1052 5870 hominibus
1068 5814 1385 5885 jejunantes.

468 5908 517 5962 1.
575 5906 671 5963 llic
715 5905 904 5963 acerbe
946 5920 1161 5977 gemere
1212 5912 1266 5961 et
1315 5901 1516 5973 ejulare
1570 5914 1669 5957 nos
1711 5898 1977 5956 convenit.

2093 5620 2210 5676 Non
2233 5618 2404 5675 solum
2426 5615 2569 5674 enim
2594 5613 2901 5688 hypocritas
2917 5615 3209 5678 imitamur,
3230 5609 3323 5668 sed
3342 5607 3503 5664 etiam
3528 5620 3681 5673 supe-

2093 5727 2277 5770 ramus
2296 5710 2436 5766 illos.
2462 5708 2598 5764 Novi
2624 5708 2788 5771 enim,
2822 5706 2945 5762 novi
2966 5714 3111 5761 certe
3140 5702 3363 5767 multos,
3395 5716 3501 5755 non
3525 5696 3683 5751 modo

2092 5805 2180 5876 qui
2204 5805 2451 5881 jejunant
2473 5811 2526 5857 et
2557 5815 2676 5858 sese
2690 5807 2963 5856 ostentant
2980 5839 2996 5865 ,
3014 5795 3107 5853 sed
3131 5796 3288 5852 etiam
3313 5791 3403 5864 qui
3421 5804 3528 5846 non
3549 5787 3679 5857 jeju-

2090 5907 2218 5955 nant
2232 5907 2287 5957 et
2310 5894 2662 5973 jejunantium
2687 5904 2974 5964 personam
3001 5904 3110 5962 pra:
3126 5903 3186 5946 se
3210 5887 3404 5952 ferunt,
3438 5891 3673 5954 peceato-
