4036 6436
310 455 420 511 ass

309 583 565 624 amorem
596 568 862 632 concitat,
901 576 960 622 ut
996 569 1010 599 ¹
1043 566 1230 638 gloria:
1267 567 1564 638 cupiditas.
1592 564 1716 620 ideo
1741 579 1897 620 nam-

306 672 421 728 que
453 672 744 716 servorum
775 672 1003 730 greges,
1033 656 1415 713 cunuchorum
1440 656 1691 727 agmine,
1725 669 1898 727 equos

295 770 468 812 aureo
518 763 712 811 ornatu
757 754 1020 825 insignes,
1071 761 1353 825 argenteas
1401 763 1638 814 mensas,
1684 747 1896 816 aliaque

296 849 473 918 magis
495 844 719 903 ridenda
744 845 1049 916 excogitant
1068 843 1315 899 homines
1333 884 1347 907 ,
1376 856 1482 899 non
1515 849 1573 896 ut
1600 838 1896 895 necessita-

298 950 409 995 tem
432 937 706 1009 expleant,
732 952 903 1007 neque
920 945 977 991 ut
996 935 1264 1007 voluptate
1284 932 1549 998 fruantur,
1578 930 1673 988 sed
1695 939 1753 986 ut
1774 932 1895 1000 plu-

297 1032 456 1087 rimis
490 1045 613 1087 sese
653 1038 943 1086 ostentent.
998 1028 1255 1098 Superius
1300 1027 1460 1097 igitur
1502 1034 1704 1081 tantum
1755 1024 1898 1079 dixit

296 1121 705 1181 misericordem
730 1137 853 1178 esse
881 1130 1165 1192 oportere;
1191 1120 1277 1174 hic
1296 1132 1426 1174 vero
1453 1116 1608 1172 docet
1635 1124 1894 1188 quantum

295 1216 545 1276 misereri
569 1225 814 1289 oporteat
843 1214 926 1271 his
951 1213 1129 1271 verbis
1149 1230 1162 1268 :
1184 1211 1358 1268 Nolite
1372 1210 1730 1268 thesaurizare.
1759 1208 1895 1278 Quia

293 1312 446 1369 enim
469 1325 577 1367 non
611 1311 684 1367 ita
710 1309 867 1366 facile
889 1317 1007 1364 erat
1045 1306 1194 1363 initio
1221 1305 1525 1362 divitiarum
1557 1313 1896 1372 contemptus

296 1404 598 1460 doctrinam
641 1401 897 1458 inducere
943 1407 1160 1472 propter
1199 1398 1304 1455 vim
1351 1395 1560 1462 morbi,
1613 1404 1893 1466 postquam

296 1495 559 1567 paulatim
582 1493 633 1549 id
663 1494 778 1549 vitii
808 1502 1116 1549 resecuerat
1143 1501 1198 1547 et
1223 1490 1291 1546 ad
1320 1491 1620 1546 libertatem
1650 1488 1893 1543 homines

297 1594 668 1651 revocaverat,
715 1583 768 1640 id
817 1584 868 1639 in
915 1592 1153 1640 mentem
1180 1581 1484 1637 auditorum
1516 1581 1788 1644 immittit,
1837 1590 1896 1635 ut

292 1677 409 1748 jam
444 1676 654 1733 facilius
681 1676 961 1747 accipiant.
1010 1675 1298 1746 Propterea
1328 1674 1500 1745 primo
1546 1672 1716 1739 dixit,
1751 1671 1894 1726 Beati

297 1767 650 1826 misericordes
674 1766 964 1842 (ﬂanks.
990 1766 1044 1836 7)
1067 1782 1083 1832 ;
1131 1774 1314 1836 postea
1352 1773 1529 1820 autem
1549 1806 1564 1832 ,
1615 1763 1741 1820 Esto
1768 1781 1893 1820 con-

295 1862 518 1917 sentiens
534 1860 825 1916 aduersario
840 1868 927 1914 tuo
955 1856 1116 1931 (Ibid.
1139 1874 1187 1913 υ.
1207 1857 1300 1913 25.
1329 1856 1446 1930 ιο);
1465 1856 1680 1924 deinde,
1701 1856 1761 1913 Si
1781 1857 1894 1929 quis

295 1953 511 2009 voluerit
539 1962 702 2007 tecum
712 1950 912 2024 judicio
937 1949 1250 2015 contendere,
1275 1958 1323 2003 et
1350 1949 1575 2003 tunicam
1611 1959 1754 2001 tuam
1791 1948 1895 2002 tol-

298 2045 444 2110 lere,
474 2044 541 2099 de
566 2045 612 2099 ei
648 2051 695 2098 et
734 2043 983 2114 pallium;
1012 2041 1100 2097 hic
1137 2055 1268 2097 vero
1312 2040 1420 2096 illis
1445 2040 1694 2096 omnibus
1720 2039 1894 2110 majus

296 2136 572 2208 quidpiam
620 2134 797 2191 effert.
838 2133 949 2189 illic
976 2133 1119 2190 enim
1148 2132 1323 2199 dixit,
1353 2132 1408 2189 Si
1450 2132 1599 2187 litem
1643 2131 1893 2187 intentari

296 2230 506 2298 videas,
535 2228 637 2286 hoc
661 2228 743 2285 fac
772 2248 788 2287 :
817 2229 1009 2304 melius
1032 2227 1175 2284 enim
1192 2235 1277 2284 est
1291 2241 1396 2283 non
1415 2227 1651 2283 retinere
1672 2234 1728 2283 et
1747 2240 1776 2281 a
1803 2226 1896 2281 lite

296 2324 554 2390 liberari,
583 2338 742 2395 quam
773 2323 1005 2379 retinere
1024 2329 1083 2379 et
1106 2320 1338 2392 litigare.
1372 2319 1471 2376 Hic
1495 2334 1623 2376 vero
1649 2333 1750 2375 nec
1797 2319 1893 2374 ad-

297 2417 625 2483 versarium,
666 2431 768 2472 nec
818 2416 909 2471 lite
959 2413 1373 2471 contendentem
1424 2426 1664 2484 ponens,
1723 2424 1896 2481 neque

297 2510 467 2566 alium
483 2509 787 2582 quempiam
809 2507 1038 2563 similem
1065 2519 1392 2570 memorans,
1414 2503 1717 2559 divitiarum
1758 2518 1892 2558 con-

300 2610 567 2674 tetnptum
591 2601 867 2657 dumtaxat
892 2600 1067 2663 docet,
1096 2597 1386 2654 ostendens
1413 2611 1472 2652 se
1498 2612 1604 2651 non
1636 2605 1743 2651 tam
1774 2611 1897 2666 pro-

299 2701 425 2765 pter
471 2708 565 2750 eos
615 2692 704 2764 qui
755 2707 824 2748 ex
877 2692 1103 2747 aliorum
1155 2688 1524 2745 misericordia
1567 2688 1893 2753 allevantur,

299 2800 466 2857 quam
495 2793 711 2856 prepter
750 2798 844 2839 eos
871 2783 959 2854 qui
996 2781 1311 2852 largiuntur,
1336 2778 1434 2835 has
1464 2780 1609 2850 leges
1635 2778 1814 2836 ferre:
1840 2786 1899 2834 ut

302 2875 519 2932 etiamsi
561 2889 721 2931 nemo
771 2874 1019 2946 injuriam
1059 2871 1281 2938 inferat,
1326 2887 1486 2927 nemo
1515 2871 1583 2925 ad
1636 2870 1895 2941 judicium

299 2966 516 3032 trahat,
546 2982 666 3037 qua:
710 2964 908 3022 adsunt
950 2965 1087 3019 bona
1134 2971 1575 3029 contemnamus,
1606 2962 1898 3034 egenisque

300 3059 598 3115 tradamus.
625 3056 807 3130 Neque
826 3056 915 3113 hic
940 3065 1107 3111 totum
1129 3054 1411 3111 confertim
1434 3054 1630 3125 posuit,
1653 3053 1745 3109 sed
1769 3069 1898 3124 pau-

300 3155 456 3210 latim
490 3170 502 3207 :
533 3152 632 3209 etsi
676 3167 802 3208 vero
830 3151 882 3206 in
910 3149 1126 3206 deserto
1169 3148 1460 3204 certamina
1493 3147 1588 3203 has
1629 3148 1773 3203 circa
1813 3161 1899 3202 res

303 3260 431 3302 eum
459 3244 508 3300 vi
541 3259 728 3315 magna
750 3241 1103 3308 exhibuisset,
1126 3248 1362 3296 attamen
1394 3239 1447 3295 id
1477 3254 1584 3293 non
1601 3237 1776 3305 affert,
1806 3253 1900 3293 ne-

300 3352 413 3408 que
442 3337 497 3391 in
524 3335 759 3392 medium
785 3333 1003 3389 adducit
1033 3349 1047 3386 :
1077 3330 1311 3387 nondum
1356 3330 1498 3384 enim
1531 3337 1741 3400 tempus
1784 3339 1900 3383 erat

303 3431 427 3486 haec
452 3429 716 3495 revelare;
745 3429 840 3484 sed
878 3425 1155 3482 ratiocinia
1186 3422 1430 3496 quaedam
1460 3423 1679 3487 excutit,
1708 3436 1899 3477 consu-

303 3522 469 3578 lentis
491 3523 671 3592 potius
689 3534 846 3590 quam
875 3517 1194 3589 legislatoris
1214 3529 1408 3572 munus
1422 3514 1631 3571 obiens.
1656 3513 1790 3570 Cum
1820 3513 1901 3568 di-

303 3609 476 3671 sisset
492 3614 636 3671 enim
657 3653 673 3679 ,
703 3612 878 3668 Nolite
904 3611 1251 3667 thesaurizare
1285 3610 1493 3663 interra
1513 3649 1531 3676 ,
1574 3606 1848 3675 subiunxit
1882 3624 1895 3660 :

308 3706 413 3762 Ubi
442 3722 618 3778 (crugo
654 3715 702 3760 et
727 3706 863 3761 tinea
886 3704 1177 3768 demolitur,
1211 3711 1259 3757 et
1293 3699 1379 3755 ubi
1408 3703 1548 3773 fures
1579 3698 1825 3767 effodiunt
1852 3707 1899 3752 et

306 3802 576 3869 furantur.
607 3795 761 3853 Nunc
804 3794 1041 3851 ostendit
1065 3793 1265 3850 terreni
1313 3791 1551 3847 thesauri
1580 3805 1779 3847 noxam
1801 3831 1817 3856 ,
1847 3796 1903 3845 et

302 3889 537 3943 caelestis
567 3889 885 3954 utilitatem,
929 3895 1040 3941 tum
1068 3900 1097 3939 a
1129 3885 1281 3950 loco,
1324 3892 1433 3938 tum
1508 3881 1579 3937 ab
1652 3880 1899 3937 adversi-

309 3978 540 4035 tatibus.
616 3978 806 4049 Neque
878 3978 966 4033 hic
1005 3976 1226 4048 gradum
1252 3976 1414 4041 sistit,
1443 3974 1538 4031 sed
1566 3973 1711 4028 aliud
1742 3971 1901 4028 indu-

303 4071 387 4127 cit
424 4070 791 4138 ratiocinium;
833 4079 889 4127 ct
917 4069 1132 4139 quidem
1166 4070 1337 4139 primo
1363 4067 1596 4131 abillis,
1641 4082 1761 4137 quae
1791 4080 1902 4120 ma-

305 4161 456 4217 xime
492 4161 701 4230 timent,
738 4161 1030 4217 cohortans
1056 4161 1196 4215 illos.
1225 4158 1384 4227 Quid,
1414 4157 1602 4228 inquit,
1627 4158 1814 4212 times?
1837 4172 1904 4213 ne

305 4253 647 4308 insumantur
664 4254 903 4325 pecunia:
929 4254 975 4309 si
997 4252 1209 4308 dederis
1222 4250 1649 4323 eleemosynam?
1680 4250 1750 4304 Da
1774 4264 1905 4319 ergo

305 4347 744 4418 elcemosynam,
802 4357 857 4402 et
901 4356 1027 4401 tunc
1075 4359 1179 4401 non
1220 4344 1568 4399 absmnentur
1608 4361 1620 4397 :
1655 4342 1905 4413 quodque

305 4437 487 4506 majus
514 4447 616 4504 est,
642 4453 748 4493 non
776 4437 937 4492 modo
959 4453 1063 4493 non
1094 4436 1465 4499 absumentur,
1500 4435 1592 4489 sed
1620 4435 1780 4490 etiam
1804 4434 1903 4489 ad—

304 4528 662 4585 ditamentum
703 4532 875 4600 majus
898 4530 1164 4599 accipient
1195 4546 1209 4583 :
1255 4529 1455 4584 etenim
1496 4530 1633 4583 bona
1671 4528 1904 4584 caelestia

305 4619 651 4692 adjicientur.
689 4622 880 4678 Verum
914 4621 965 4678 id
991 4621 1167 4677 adhuc
1213 4636 1319 4676 non
1363 4621 1512 4686 dicit,
1543 4620 1636 4676 scd
1664 4620 1764 4676 sub
1791 4620 1907 4675 ha-c

308 4713 521 4781 adjicit.
830 4721 837 4727 '

391 4805 443 4859 5.
485 4802 691 4876 Duplici
719 4805 918 4860 ratione
946 4804 1178 4860 Christus
1197 4805 1264 4858 ad
1285 4804 1655 4876 eleemosyuam
1674 4804 1902 4858 adducit.

312 4893 561 4950 Pecuniae
578 4911 730 4966 quam
767 4895 968 4966 diﬁcile
994 4905 1276 4951 servantur.
1311 4894 1463 4960 Quod
1505 4896 1677 4949 oculus
1706 4895 1908 4965 corpori

309 4996 409 5053 est,
435 4985 489 5040 id
517 4986 688 5040 anima
717 4985 1223 5041 homini—interim
1248 5001 1374 5042 vero
1400 4986 1450 5040 id
1476 4986 1619 5057 quod
1650 4986 1768 5040 illos
1791 5000 1907 5040 ma-

308 5079 461 5133 xime
483 5076 753 5133 cohortari
792 5086 1018 5149 poterat,
1052 5078 1105 5133 in
1155 5078 1389 5133 medium
1430 5078 1665 5143 adducit,
1715 5091 1909 5147 nempe

310 5168 629 5224 thesaurum
652 5170 910 5225 intactum
932 5168 1153 5233 servari,
1181 5179 1234 5224 et
1260 5170 1506 5239 utrinque
1529 5169 1647 5245 illos
1668 5168 1908 5223 attrahit.

305 5258 432 5315 Non
458 5262 601 5316 enim
623 5259 755 5316 dicit
776 5270 1003 5328 tantum,
1026 5260 1083 5316 Si
1113 5260 1511 5332 elcemosynam
1565 5261 1871 5331 erogaveris
1891 5301 1907 5325 ,

307 5366 382 5405 ea
418 5362 680 5416 servatur.
738 5351 835 5408 sed
877 5352 1203 5407 contrarium
1253 5352 1650 5407 comminatur:
1690 5349 1746 5407 Si
1803 5366 1909 5406 non

310 5445 552 5512 dederis,
587 5446 725 5516 perit
752 5446 866 5501 tibi.
912 5447 977 5501 Et
1025 5444 1145 5500 vide
1186 5444 1505 5501 ineffabilem
1551 5444 1908 5515 prudentiam.

311 5536 437 5596 Non
464 5538 601 5594 dixit
620 5580 635 5603 ,
664 5538 799 5595 Aliis
822 5538 913 5593 illa
942 5537 1182 5594 dimittes
1213 5555 1226 5589 :
1254 5539 1376 5607 quia
1404 5552 1548 5606 smpe
1576 5536 1705 5592 illud
1734 5537 1913 5592 hamis

313 5634 481 5690 nibus
506 5648 672 5690 suave
705 5643 818 5700 est;
848 5642 1082 5688 attamen:
1109 5631 1231 5686 illos
1256 5631 1474 5687 aliunde
1518 5639 1702 5698 terret,
1730 5641 1908 5687 osten-

312 5724 457 5780 dens
485 5722 699 5780 divitias
730 5739 798 5779 ne
828 5723 970 5778 illius
996 5721 1210 5795 quidem
1231 5762 1245 5784 ,
1278 5721 1370 5792 qui
1430 5721 1699 5791 possidet,
1751 5736 1868 5777 esse
1895 5758 1908 5786 ,

316 5814 450 5874 licet
498 5817 643 5873 enim
690 5816 929 5871 homines
971 5816 1036 5870 iis
1088 5829 1194 5871 non
1226 5821 1490 5882 noceant,
1523 5822 1681 5870 erunt
1735 5821 1912 5868 ωηιοή

404 5940 421 5973 ﬁ
448 5937 560 5986 Sav.
584 5933 709 5984 Ben.
732 5929 843 5980 add.
868 5940 1022 5979 rauce.

1239 452 1311 507 ΙΝ
1350 448 1767 508 ΜΑΤἨΙιΕΕΜ
1806 446 2036 504 HOMIL.
2085 448 2200 504 XX.
2242 451 2311 505 al.
2357 450 2497 508 XXI.

3490 456 3595 517 9.ηο

2003 567 2224 621 omnino
2249 569 2339 639 qui
2358 581 2604 637 noceant,
2634 573 2775 628 tinea
2806 573 3010 629 scilicet
3037 584 3088 629 cl
3115 589 3313 645 :erugo.
3338 577 3598 646 Quamvts

2000 673 2143 713 enim
2166 662 2318 716 vitari
2343 663 2496 717 facile
2523 679 2682 733 posse
2730 667 2975 723 videatur
3002 668 3115 724 haec
3149 669 3431 738 pernicies,
3459 678 3598 726 atta-

2002 764 2124 805 men
2145 752 2571 824 inexpugnabilis
2590 765 2690 817 est.
2721 772 2820 813 nec
2841 757 3086 828 impediri
3119 768 3312 829 potest;
3342 769 3399 815 et
3426 775 3599 831 quan-

2003 843 2198 897 tumvis
2224 845 2427 914 eogites
2453 860 2558 902 non
2589 849 2793 918 poteris
2819 848 2921 905 hoc
2939 864 3130 905 arcere
3152 850 3427 906 damnum.
3455 851 3595 921 Quid

2001 931 2198 1002 igitur?
2223 950 2485 993 aurumne
2512 954 2540 992 a
2572 939 2714 995 tinea
2744 941 3135 1010 corrumpitur?
3162 940 3215 997 Si
3242 957 3346 997 non
3375 958 3404 995 a
3429 945 3595 1009 tinea,

2002 1041 2031 1079 a
2061 1026 2268 1083 furibus
2287 1039 2433 1085 certe
2457 1040 2780 1102 asportatur.
2803 1033 2939 1102 Quid
2965 1048 3094 1104 ergo
3116 1034 3138 1087 ?
3165 1049 3232 1088 an
3259 1048 3446 1090 omnes
3471 1050 3596 1105 spo-

2001 1118 2115 1173 liati
2142 1135 2171 1173 a
2199 1119 2403 1177 furibus
2429 1124 2592 1178 sunt?
2616 1124 2671 1180 Si
2700 1140 2805 1179 non
2837 1139 3046 1191 omnes,
3093 1133 3147 1178 at
3178 1124 3412 1194 plurimi.
3443 1124 3595 1181 Ideo-

2000 1222 2103 1279 que
2125 1210 2271 1266 aliud
2294 1212 2363 1269 de
2386 1230 2493 1286 quo
2512 1215 2622 1285 jam
2644 1215 2777 1284 dixi,
2803 1216 3007 1272 inducit
3028 1217 3366 1273 ratiocinium
3385 1217 3592 1274 dicens.

1998 1299 2090 1355 22.
2128 1301 2227 1357 Ubi
2251 1284 2523 1363 thesaurus
2540 1308 2779 1377 hominis,
2798 1309 2869 1364 ibi
2895 1319 2942 1364 et
2957 1326 3045 1364 cor
3066 1311 3196 1381 ejus.
3218 1310 3438 1367 Etiamsi
3462 1311 3595 1368 nihil
3626 1284 3721 1341 ’

2000 1390 2193 1449 horum
2224 1397 2453 1466 accidat,
2483 1399 2674 1470 inquit,
2694 1415 2800 1455 non
2825 1415 3011 1470 parum
3041 1403 3273 1472 accipies
3298 1417 3594 1459 nocumen-

2002 1486 2065 1551 ti,
2090 1488 2135 1541 si
2168 1491 2397 1545 terrenis
2430 1491 2621 1547 affixus
2646 1494 2739 1558 sis,
2774 1503 2828 1548 et
2857 1509 2919 1549 ex
2943 1493 3112 1549 libero
3136 1508 3327 1551 servus
3350 1496 3592 1564 effectus,

1999 1586 2053 1632 et
2069 1578 2112 1631 si
2134 1592 2199 1633 ex
2221 1580 2526 1636 cariestihus
2548 1582 2784 1649 excidas,
2803 1582 3113 1654 nihilqucex
3132 1585 3451 1641 sublimibus
3473 1603 3595 1655 pos-

1998 1667 2075 1724 sis
2119 1671 2377 1741 cogitare,
2406 1673 2505 1728 sed
2554 1674 2810 1744 pecunias
2846 1690 3078 1747 semper,
3110 1692 3320 1742 usuras,
3365 1678 3591 1744 frenare,

2000 1759 2173 1828 lucra,
2196 1765 2896 1834 cauponariasilliberales:
2937 1782 3045 1837 quo
3083 1769 3208 1839 quid
3239 1769 3595 1828 miserabilius

2013 1869 2175 1926 fuerit
2194 1870 2218 1926 ?
2237 1868 2446 1931 Etenim
2478 1866 2627 1922 omni
2659 1879 2819 1921 servo
2839 1863 3092 1919 miserior
3124 1862 3230 1917 erit
3249 1861 3376 1917 talis
3407 1862 3593 1926 homo,

2009 1962 2299 2034 pessimam
2311 1959 2415 2016 sibi
2440 1957 2777 2032 tyrannidem
2792 1968 3079 2011 arcessens
3092 1955 3133 2019 ’,
3163 1953 3418 2024 quodque
3438 1950 3598 2006 fune-

2010 2053 2148 2110 Stius
2171 2061 2275 2113 est.
2305 2050 2542 2121 prodens
2576 2047 2815 2103 hominis
2838 2046 3174 2102 nobilitatem
3193 2052 3355 2114 atque
3374 2043 3596 2100 liberta—

2008 2153 2138 2199 tem.
2157 2140 2293 2196 Nam
2312 2148 2753 2210 quantacumque
2770 2137 2865 2193 tibi
2883 2135 3154 2198 dicantur,
3185 2134 3232 2189 si
3256 2148 3411 2188 mens
3429 2147 3595 2203 pecu-

2008 2234 2116 2291 niis
2142 2232 2295 2289 allixa
2317 2230 2501 2297 fuerit,
2520 2229 2655 2285 nihil
2675 2228 2769 2284 tibi
2793 2226 3138 2298 profuturum
3156 2224 3345 2281 audire
3361 2225 3592 2295 poteris;
3655 2227 3665 2238 '

2006 2328 2101 2386 sed
2114 2324 2574 2397 quemadmodum
2595 2322 2749 2377 canis
2767 2320 2820 2374 in
2845 2320 3058 2374 tumulo
3092 2319 3311 2388 ligatus,
3331 2316 3594 2387 pecunia-

2006 2435 2128 2477 rum
2147 2418 2433 2490 tyrannide
2449 2417 2668 2488 gravius
2688 2429 2851 2484 qnam
2870 2422 3059 2468 eatena
3084 2411 3339 2480 quapiam
3355 2408 3595 2464 constri-

2006 2521 2151 2578 etus,
2174 2518 2363 2565 contra
2382 2508 2644 2562 adeuntes
2668 2515 2719 2559 te
2742 2518 2934 2559 omnes
2953 2500 3274 2564 oblatrahis,
3308 2499 3413 2553 hoc
3427 2513 3592 2551 unum

2003 2609 2266 2676 perpetuo
2282 2613 2421 2670 opus
2436 2611 2766 2666 exsequens,
2786 2602 2845 2649 ut
2858 2592 3103 2662 deposita
3121 2604 3412 2646 conserves
3433 2588 3554 2643 aliis
3573 2603 3588 2672 ξ

2002 2708 2114 2764 quo
2131 2691 2259 2763 quid
2280 2703 2520 2760 unquam
2540 2686 2798 2742 miserius
2817 2684 3026 2739 fuerit?
3052 2684 3303 2738 Attamen
3329 2681 3458 2750 quia
3487 2680 3593 2736 hoc

2003 2784 2291 2842 sublimius
2306 2790 2444 2848 erat,
2467 2794 2629 2851 quam
2657 2788 2716 2834 ut
2729 2786 2911 2849 posset
2926 2776 3238 2831 auditorum
3256 2788 3410 2827 mens
3425 2772 3592 2826 attin-

2001 2889 2148 2948 gere;
2168 2887 2343 2943 neque
2356 2871 2481 2926 inde
2492 2865 2671 2925 ortum
2688 2869 2946 2924 damnum
2965 2881 2996 2921 a
3012 2865 3199 2920 multis
3212 2863 3370 2919 facile
3385 2869 3595 2933 poterat

2006 2966 2257 3037 intelligi,
2297 2980 2472 3034 neque
2488 2965 2701 3019 lucrum
2727 2976 2792 3017 ex
2820 2967 3137 3029 contemptu
3156 2965 3336 3011 ortum
3361 2954 3590 3025 percipi,

2002 3059 2097 3115 sed
2143 3056 2481 3128 phil050phia
2504 3069 2643 3124 opus
2663 3060 2863 3108 eratut
2900 3050 3003 3104 hoc
3042 3056 3338 3116 utrumque
3357 3044 3591 3115 pel'spit‘i

2001 3153 2224 3216 posset:
2246 3144 2347 3197 hoc
2363 3152 2485 3212 post
2506 3142 2592 3196 illa
2630 3140 3008 3195 manifestiora
3026 3139 3209 3208 posuit
3238 3137 3429 3191 dicens
3453 3154 3465 3190 :
3493 3132 3594 3188 Ubi

1999 3242 2079 3287 est
2107 3230 2387 3284 thesaurus
2404 3228 2652 3294 hominis,
2670 3224 2745 3280 ibi
2758 3234 2835 3280 est
2848 3236 2895 3279 et
2911 3242 3003 3278 cor
3014 3224 3147 3294 ejus.
3168 3221 3300 3277 Illud
3314 3222 3477 3277 etiam
3494 3237 3592 3291 po-

2002 3343 2117 3389 stea
2145 3332 2341 3388 clarius
2369 3332 2534 3388 efficit
2590 3345 2617 3384 a
2658 3330 3026 3401 spiritualibus
3055 3330 3121 3386 ad
3167 3331 3437 3386 settsihilia
3483 3344 3597 3384 scr-

2003 3433 2221 3482 monem
2245 3425 2530 3480 traducens
2574 3424 2657 3478 his
2700 3423 2881 3480 verbis
2913 3422 3039 3478 :22.
3091 3422 3324 3477 Lucerna
3371 3425 3598 3493 corporis

2004 3518 2079 3572 tui
2106 3528 2179 3571 est
2204 3517 2384 3571 oculus
2402 3527 2538 3570 tuus.
2566 3515 2720 3582 Quod
2745 3525 2923 3570 autem
2948 3515 3098 3582 dicit,
3131 3515 3437 3586 hujnsmodi
3466 3526 3551 3571 est
3578 3532 3594 3571 :

2003 3609 2083 3665 Ne
2111 3607 2352 3664 defodias
2401 3623 2590 3663 aurum
2619 3607 2673 3662 in
2723 3616 2886 3674 terra,
2933 3622 3032 3662 nec
3058 3607 3334 3678 quidpiam
3382 3609 3595 3664 simile:

2004 3716 2129 3757 nam
2160 3704 2338 3770 tinem,
2356 3703 2578 3772 mrugini
2600 3710 2654 3757 et
2686 3700 2891 3756 furibus
2913 3699 3028 3755 haec
3044 3715 3358 3772 congregas.
3379 3700 3598 3755 Etiamsi

2005 3810 2135 3850 vero
2167 3793 2281 3848 haec
2327 3793 2523 3849 damna
2551 3791 2840 3864 effugeris,
2895 3792 2947 3846 id
2994 3799 3172 3847 tamen
3216 3807 3322 3847 non
3353 3793 3598 3862 effugies,

2006 3886 2151 3958 quod
2173 3902 2269 3942 cor
2299 3895 2447 3942 tuum
2480 3888 2531 3941 in
2574 3886 2886 3941 servitutem
2921 3885 3213 3957 redigatur,
3271 3894 3326 3940 ct
3376 3888 3601 3942 terrenis
3616 3894 3705 3958 ιβ

3612 3918 3700 4076 ᾔ,

2009 3980 2258 4051 inligatur
2284 3998 2296 4032 :
2326 3979 2426 4036 Ubi
2452 3981 2586 4035 enim
2617 3981 2766 4052 fuerit
2788 3982 3053 4033 thesaurus
3070 3989 3209 4045 tuus,
3235 3979 3305 4033 ibi
3328 3981 3420 4034 erit
3448 3990 3492 4033 et
3514 3996 3602 4033 τοι·

2009 4080 2170 4125 tuum.
2204 4069 2259 4126 Si
2287 4086 2449 4138 porro
2472 4070 2523 4124 in
2550 4071 2683 4126 cado
2706 4070 2964 4140 deponas,
2998 4085 3104 4125 non
3139 4069 3281 4124 hunc
3307 4069 3467 4125 modo
3495 4072 3603 4125 fru-

2008 4174 2151 4219 ctum
2177 4165 2431 4233 percipis,
2461 4164 2602 4235 quod
2628 4164 2841 4234 prmmia
2868 4180 2963 4234 pro
2982 4164 3068 4219 his
3091 4173 3273 4233 parata
3305 4179 3605 4234 consequa.

2009 4256 2104 4320 ris;
2127 4270 2311 4310 verum
2341 4256 2544 4322 hicjam
2566 4255 2870 4311 mercedem
2886 4255 3109 4326 accipis,
3142 4255 3285 4326 quod
3313 4256 3404 4311 illo
3431 4265 3604 4311 trans—

2010 4346 2152 4402 latus
2197 4348 2293 4411 sis,
2332 4346 2475 4418 quod
2522 4347 2760 4403 molestia
2808 4347 2985 4419 sapias
3024 4356 3080 4402 et
3107 4346 3175 4403 de
3204 4347 3313 4403 illis
3341 4347 3605 4404 sollicitus

2011 4439 2086 4495 sis
2116 4461 2130 4496 :
2163 4439 2337 4509 palam
2373 4440 2514 4494 enim
2544 4449 2625 4495 est
2656 4449 2708 4494 te
2739 4439 2833 4494 illo
2859 4439 3098 4494 animum
3128 4440 3489 4508 transtulisse,
3514 4440 3604 4495 ubi

2011 4535 2320 4588 thesaurum
2339 4531 2654 4603 deposuisti.
2673 4531 2942 4588 Caeterum
2963 4533 3007 4589 si
3028 4535 3078 4589 in
3107 4541 3246 4589 terra
3269 4533 3603 4605 deposueris,

2011 4624 2278 4679 contraria
2307 4624 2629 4694 experieris.
2674 4624 2828 4692 Quod
2860 4625 2904 4680 si
2941 4624 3033 4680 tibi
3062 4624 3172 4694 jam
3203 4624 3343 4680 dicta
3378 4625 3605 4679 obscura

2013 4717 2140 4784 sint,
2172 4715 2296 4771 audi
2321 4720 2623 4788 sequentia.
2656 4716 2892 4772 Lucerna
2932 4719 3161 4788 corporis
3200 4718 3274 4771 tui
3314 4728 3385 4772 est
3406 4718 3603 4772 oculus.

2014 4811 2077 4866 Si
2102 4812 2260 4881 igitur
2287 4812 2464 4866 oculus
2485 4820 2603 4877 tuus
2634 4810 2852 4882 simplex
2877 4811 3051 4880 fuerit,
3079 4819 3238 4864 totum
3256 4825 3438 4880 corpus
3463 4820 3606 4863 tuum

2017 4903 2245 4958 lucidum
2269 4905 2395 4967 erit;
2426 4902 2517 4959 20.
2547 4902 2592 4957 si
2621 4919 2733 4957 vero
2758 4903 2933 4957 oculus
2960 4912 3074 4956 tuus
3098 4903 3251 4974 fuerit
3272 4919 3502 4974 nequam,
3527 4913 3606 4955 to-

2016 5005 2123 5051 tum
2151 5013 2336 5068 corpus
2359 5007 2498 5051 tuum
2521 4997 2835 5051 tenebrosum
2858 5000 2970 5050 erit.
3003 4995 3063 5050 Si
3101 5011 3219 5066 ergo
3246 4995 3434 5061 lumen,
3474 4995 3608 5068 quod

2014 5088 2069 5145 in
2099 5097 2147 5144 te
2170 5098 2264 5155 est,
2290 5087 2507 5144 tenebrat
2525 5086 2642 5152 sint,
2672 5088 2797 5157 ipsa:
2817 5087 3032 5141 tenebrae
3073 5097 3279 5159 quanta:
3314 5089 3499 5143 erunt?
3526 5088 3608 5142 Ad

2016 5181 2185 5252 magis
2240 5180 2457 5236 sensilia
2505 5194 2810 5235 sermonem
2868 5179 3104 5235 deducit.
3155 5178 3288 5247 Quia
3343 5180 3486 5234 enim
3542 5178 3608 5234 de

2017 5280 2200 5329 mente
2238 5272 2349 5342 jam
2403 5273 2652 5341 loquutus
2698 5278 2844 5336 erat,
2886 5281 2942 5326 ut
2989 5271 3042 5325 in
3094 5271 3406 5326 servitutem
3451 5269 3607 5325 reda-

2017 5376 2102 5420 eta
2131 5373 2186 5419 et
2213 5364 2442 5433 captiva,
2475 5364 2526 5418 id
2569 5361 2713 5434 quod
2756 5378 2787 5417 a
2827 5362 3009 5418 multis
3053 5379 3158 5418 non
3197 5361 3351 5417 facile
3403 5371 3606 5433 poterat

2018 5457 2266 5527 intelligi,
2295 5456 2361 5510 ad
2432 5467 2653 5511 externa
2697 5463 2753 5510 et
2793 5456 2963 5511 oculis
3015 5456 3252 5524 subjecta
3304 5467 3608 5509 sermonem

2021 5549 2294 5615 transfert,
2324 5557 2380 5601 ut
2393 5547 2460 5601 ab
2483 5547 2567 5601 his
2587 5547 2672 5602 illa
2691 5546 2989 5619 intelligere
3014 5553 3251 5618 possent.
3274 5544 3407 5601 Nam
3434 5546 3477 5600 si
3505 5559 3605 5599 non

2026 5901 2037 5911 .
2062 5916 2065 5917 ν
2094 5846 2126 5917 ι.
2141 5840 2338 5917 \fidesis
2357 5858 2467 5917 qua:
2489 5843 2538 5895 in
2558 5846 2697 5917 hunc
2724 5849 2887 5901 locum
2910 5847 3134 5912 disputat
3158 5847 3447 5902 Fridericus
3467 5851 3609 5905 Fidd

2024 5905 2074 5953 in
2102 5905 2516 5958 Adnotationihus
2540 5908 2662 5961 suis.
