4036 6436
497 437 598 496 291

502 555 665 618 nosti,
697 553 1019 626 inquil,quid
1047 549 1611 615 sitmentisdamnum,
1639 565 1668 602 a
1691 545 1968 617 corporeis
1989 543 2090 599 hoc

502 651 684 704 edisce
717 665 731 701 :
765 647 906 717 quod
939 647 1080 700 enim
1110 645 1300 699 oculus
1330 652 1414 699 est
1440 642 1674 713 corpori,
1705 641 1808 695 hoc
1833 654 1985 694 mens
2007 645 2092 692 est

500 741 713 794 animm.
751 737 1210 807 Quemadmodum
1252 736 1396 791 enim
1441 748 1730 804 numquam
1761 740 1914 802 optes
1955 744 2088 784 auro

499 832 696 894 ornari,
727 841 781 884 et
827 830 1016 884 sericis
1045 829 1189 883 indui
1231 827 1500 894 vestibus,
1527 825 1793 894 simulque
1826 823 2087 879 excaecari

497 922 690 984 oculis.
723 921 816 977 sed
850 921 1039 976 horum
1069 921 1489 976 incolumitatem
1538 918 1632 972 toti
1662 917 1964 987 hujusmodi
1993 931 2086 986 ap-

498 1013 705 1082 paratui
737 1011 1166 1082 anteponendam
1195 1011 1514 1066 existimes:
1550 1024 1671 1063 nam
1701 1009 1746 1063 si
1771 1009 1941 1062 visum
1972 1023 2086 1076 pcr-

496 1104 616 1170 das,
633 1105 760 1158 nihil
781 1105 869 1159 tibi
885 1106 1089 1174 reliqua
1106 1105 1207 1157 vita
1226 1102 1441 1173 prodest
1470 1103 1629 1174 (sicut
1643 1101 1782 1155 enim
1803 1101 2084 1155 exca'catis

494 1200 1020 1270 oculis,reliquorum
1050 1199 1158 1253 fere
1188 1197 1546 1252 membrorum
1569 1193 2079 1266 Operatioabscedit,

495 1294 753 1346 exstincta
787 1292 904 1346 luce
936 1308 949 1344 :
982 1292 1058 1344 sic
1089 1301 1338 1360 corrupta
1372 1288 1538 1343 semel
1580 1298 1757 1342 mente
1789 1287 2082 1341 innumeris

495 1387 599 1439 vita
630 1385 782 1440 malis
799 1383 1132 1456 replebitur):
1156 1383 1603 1454 quemadmodum
1632 1397 1760 1451 ergo
1783 1383 1833 1434 in
1855 1395 2082 1449 corpore

495 1477 596 1531 hoc
624 1492 893 1542 curamus,
919 1486 976 1530 ut
1007 1476 1196 1530 oculos
1234 1475 1303 1530 sit
1348 1489 1540 1540 Sanus,
1575 1474 1652 1527 sic
1676 1473 1745 1528 de
1776 1472 1968 1526 mentis
1993 1487 2081 1525 sa-

491 1568 656 1624 nitate
697 1567 1012 1623 curandum.
1045 1568 1100 1622 Si
1147 1567 1284 1620 hanc
1321 1580 1651 1620 cxca‘cemus
1683 1580 1802 1634 qua:
1835 1564 1954 1617 aliis
1993 1564 2078 1617 lu-

489 1674 604 1713 cem
638 1660 942 1714 ministrare
967 1658 1149 1723 debet,
1184 1658 1324 1712 unde
1344 1658 1453 1726 jam
1481 1658 1720 1726 aspicere
1749 1656 2079 1726 poterimus?

487 1754 636 1807 Sicut
661 1753 804 1806 enim
831 1753 920 1821 qui
948 1753 1149 1806 fontem
1182 1751 1388 1814 aufert,
1434 1749 1650 1803 ﬂuvium
1689 1751 1967 1804 exsiccat:
1999 1749 2079 1804 sic

487 1848 580 1917 qui
609 1857 840 1901 mentem
871 1847 1066 1910 obruit,
1099 1860 1289 1898 omnes
1315 1846 1431 1913 ejus
1460 1843 1510 1896 in
1543 1842 1641 1898 hac
1673 1845 1779 1897 vita
1802 1843 2074 1912 operatio-

487 1954 585 1993 ncs
624 1939 946 1993 obscuravit.
984 1937 1108 1992 ideo
1152 1938 1244 2000 ait,
1296 1937 1358 1991 Si
1401 1939 1588 1998 lumen,
1621 1936 1754 2004 quod
1793 1936 1846 1988 in
1886 1947 1932 1988 te
1979 1942 2073 1999 est,

489 2030 702 2085 tenebrte
745 2031 863 2095 sint,
910 2031 1036 2099 ipsa:
1065 2029 1282 2084 tenebraz
1304 2039 1509 2100 quaqu
1527 2030 1552 2082 .9
1581 2028 1710 2082 Nam
1733 2043 1851 2083 cum
1878 2028 2076 2098 guber-

488 2133 645 2176 nator
673 2123 1054 2191 submergitur,
1094 2129 1148 2174 ct
1188 2121 1406 2174 lucerna
1450 2119 1826 2188 exstinguitur,
1874 2126 1930 2173 et
1966 2117 2075 2173 dux

403 2218 410 2226 ’
485 2217 712 2284 Capitur,
743 2231 862 2286 qua:
892 2229 1016 2284 spes
1045 2221 1227 2283 postea
1255 2212 1518 2268 subditis?

557 2309 605 2361 ι.
645 2306 1014 2377 Propugrmtur
1038 2306 1326 2358 divitiarum
1349 2305 1620 2375 cupiditas.
1654 2303 1766 2370 Quo
1799 2314 1948 2375 pacto
1985 2303 2070 2357 di-

481 2401 616 2454 vitite
659 2404 878 2470 fructum
916 2399 1138 2470 pariant.
1164 2427 1224 2440 —-
1258 2399 1602 2468 Quapropter
1645 2397 1822 2452 missis
1863 2396 2070 2452 insidiis

484 2507 580 2561 per
632 2492 842 2548 divitias
878 2490 1115 2556 structis,
1158 2491 1369 2564 pugnis,
1408 2490 1591 2545 litibus
1629 2491 1765 2562 (haec
1801 2489 1943 2543 enim
1981 2506 2068 2546 su-

484 2585 664 2652 perius
725 2582 1082 2636 subindicavit
1126 2582 1314 2636 dicens
1359 2600 1372 2635 :
1426 2581 1611 2635 Tradat
1658 2594 1704 2635 te
1753 2581 2072 2635 adversarius

479 2675 664 2748 judici,
693 2685 738 2728 et
756 2675 922 2746 judea:
948 2674 1174 2728 ministro
1199 2673 1411 2747 [Matt/t.
1444 2676 1498 2729 5.
1529 2673 1669 2746 95]),
1703 2674 1785 2728 his
1822 2675 2072 2729 omnibus

480 2749 704 2822 saeviora
730 2766 1004 2836 proferens
1023 2807 1038 2832 ,
1062 2768 1140 2822 sic
1162 2767 1377 2822 abducit
1403 2783 1431 2821 a
1455 2767 1594 2821 mala
1616 2767 2066 2836 concupiscentia.

481 2857 694 2912 Etenim
726 2859 884 2929 longe
920 2857 1161 2914 deterius
1194 2867 1276 2913 est
1313 2871 1545 2913 mentem
1581 2858 1703 2913 huic
1729 2861 1918 2914 morbo
1944 2859 2070 2914 sub-

477 2947 568 3020 jici
591 2989 605 3012 ,
636 2965 792 3018 quam
818 2950 869 3002 in
894 2964 1110 3004 carcere
1130 2948 1323 3018 degere
1349 2967 1361 3002 :
1390 2958 1444 3004 et
1468 2951 1692 3004 alterum
1723 2951 1937 3020 quidem
1962 2966 2068 3005 non

477 3053 695 3109 semper
726 3039 954 3105 accidit,
988 3040 1214 3094 alterum
1258 3055 1386 3094 vero
1420 3049 1743 3108 estsemper
1766 3057 1885 3096 cum
1911 3056 2071 3110 pecu-

478 3129 688 3184 niarum
721 3131 1016 3200 cupiditate
1043 3131 1404 3201 coujunctum.
1431 3131 1790 3200 Quamobrem
1823 3133 1924 3188 hoc
1949 3141 2069 3204 post

478 3223 608 3278 illttd
655 3225 840 3294 ponit,
874 3233 1057 3294 utpote
1084 3225 1298 3295 gravius
1343 3235 1397 3280 ct
1440 3224 1664 3279 omnino
1704 3227 2064 3296 subsequens.

476 3317 606 3374 Nam
651 3319 827 3382 Deus,
877 3318 1068 3388 inquit,
1113 3329 1342 3375 mentem
1385 3319 1540 3372 nobis
1571 3319 1793 3385 indidit,
1824 3329 1882 3374 ut
1913 3320 2065 3390 igno-

474 3415 701 3470 rantiam
731 3413 1092 3483 dissipemus,
1141 3421 1194 3468 et
1238 3428 1416 3467 rerum
1450 3413 1710 3482 judicium
1746 3425 1948 3468 rectum
1980 3422 2064 3468 te-

476 3523 732 3573 neamus,
774 3516 934 3577 atque
963 3516 1150 3562 contra
1177 3507 1356 3561 omnia
1386 3507 1610 3562 molesta
1649 3507 1913 3578 noxiaque
1961 3507 2065 3562 hoc

473 3600 622 3666 quasi
649 3599 758 3652 telo
785 3608 839 3652 et
867 3600 1067 3653 lumine
1098 3607 1340 3663 utentes,
1375 3599 1426 3652 in
1458 3608 1571 3652 tuto
1602 3615 1933 3654 maneamus.
1955 3599 2064 3653 Nos

474 3705 602 3743 vero
623 3691 822 3743 donum
856 3689 957 3744 hoc
987 3689 1264 3759 prodimus
1294 3690 1364 3744 ob
1391 3690 1634 3759 qiurdam
1668 3704 2062 3760 supervacanea

472 3793 526 3835 et
560 3783 786 3836 inutilia.
829 3782 967 3849 Quid
1010 3782 1152 3835 enim
1185 3798 1319 3852 opus
1350 3783 1614 3837 militibus
1651 3798 1784 3837 auro
1821 3784 2059 3848 onustis,

472 3875 686 3944 quando
718 3875 823 3928 dux
849 3875 1094 3944 captivus
1119 3883 1205 3930 est
1229 3875 1287 3926 ‘?
1313 3875 1454 3945 quod
1487 3875 1693 3929 lucrum
1729 3891 1793 3929 ex
1833 3876 2064 3929 ornatis-

471 3969 606 4022 sima
657 3969 776 4021 navi
799 4010 814 4034 ,
854 3968 1068 4038 quando
1100 3968 1425 4039 gubernator
1447 3968 1760 4024 submersus
1786 3967 1908 4024 est?
1935 3968 2060 4039 quid

471 4064 589 4132 plus
630 4062 827 4116 habeas
870 4077 1098 4131 corpore
1141 4071 1289 4118 recte
1331 4064 1654 4126 constituto,
1687 4064 1730 4117 si
1772 4062 1915 4118 oculi
1955 4063 2064 4118 sint

469 4156 774 4211 excazcati?
817 4156 1279 4223 Quemadmodum
1336 4158 1496 4227 igitur
1537 4157 1803 4212 medicum
1827 4200 1842 4225 ,
1902 4173 2061 4228 quem

471 4247 608 4302 bene
650 4248 826 4302 valere
865 4257 1100 4319 Oportet,
1144 4257 1203 4302 ut
1246 4249 1476 4304 aliorum
1523 4259 1677 4305 curet
1720 4250 1973 4318 morbos,
2015 4253 2061 4306 si

469 4345 590 4412 quis
622 4342 673 4395 in
698 4343 943 4396 morbum
965 4341 1235 4410 conjiciat,
1260 4351 1313 4396 et
1343 4343 1394 4396 in
1421 4350 1679 4411 argenteo
1701 4343 1840 4398 lecto
1866 4357 2060 4398 aureo-

469 4449 573 4504 que
603 4433 838 4488 thalamo
869 4434 1052 4503 jacere
1087 4433 1304 4503 jubcat,
1350 4447 1572 4503 prorsus
1618 4435 1858 4489 inutilem
1903 4435 2061 4506 aegris

470 4526 684 4582 reddit:
720 4527 798 4580 sic
844 4528 888 4580 si
944 4535 1223 4597 postquam
1269 4537 1503 4582 mentem
1549 4529 1889 4598 corruperis,
1941 4545 2061 4600 qua:

469 4619 632 4674 animi
673 4618 875 4673 morbis
915 4617 1119 4674 mederi
1159 4619 1362 4688 possit,
1395 4620 1648 4674 thesauro
1675 4621 1915 4677 aSsidere
1940 4637 2059 4676 eam

468 4713 740 4768 curaveris
765 4756 780 4779 ,
811 4728 920 4768 non
959 4713 1120 4768 modo
1145 4711 1272 4766 nihil
1303 4713 1443 4767 illam
1472 4713 1669 4784 juvasti
1692 4755 1706 4778 ,
1741 4715 1834 4769 sed
1861 4714 2060 4770 damno

468 4804 692 4858 atl‘eeisti
715 4846 729 4871 ,
777 4813 832 4859 et
875 4805 971 4858 toti
1013 4806 1208 4858 anima:
1240 4813 1343 4858 tua:
1372 4806 1623 4860 nocuisti.
1650 4805 1896 4861 Vidistin’
1925 4823 2063 4876 quo-

469 4895 629 4948 modo
660 4912 755 4964 per
777 4912 899 4966 qua:
940 4895 1188 4952 homines
1213 4897 1279 4951 ad
1310 4899 1602 4968 nequitiam
1629 4899 1826 4969 ubique
1850 4899 2063 4969 cupidi-

470 4997 580 5041 tate
613 4986 878 5052 feruntur,
911 5005 1006 5056 per
1033 4989 1152 5044 huic
1182 4990 1415 5045 maxime
1445 4991 1514 5045 ab
1541 4991 1630 5046 illa
1660 4989 1972 5054 abstrahat,
2005 4998 2063 5046 et

471 5083 536 5136 ad
570 5081 818 5134 virtutem
865 5081 1122 5136 reducat?
1165 5082 1302 5149 Cur,
1353 5083 1540 5154 inquit,
1574 5084 1828 5153 pecunias
1862 5098 2064 5139 concu-

470 5175 672 5245 piscis?
720 5191 898 5228 nunne
946 5183 1006 5228 ut
1049 5177 1320 5244 voluptate
1366 5175 1680 5246 deliciisque
1727 5175 1955 5231 fruaris?
2003 5175 2060 5231 Id

468 5277 616 5323 certe
651 5267 742 5322 tibi
776 5283 879 5321 non
905 5267 1027 5322 inde
1057 5269 1368 5337 proveniet,
1410 5268 1502 5322 sed
1529 5269 1858 5322 contrarium
1890 5284 2060 5338 pror—

470 5375 582 5416 sus.
627 5360 1084 5428 Qucmadmodum
1114 5361 1256 5415 enim
1295 5362 1467 5415 oculis
1505 5361 1706 5416 avulsis
1735 5361 1866 5416 nihil
1899 5376 2062 5416 suave

470 5468 631 5507 sensu
666 5454 1006 5522 lereipimus,
1037 5453 1106 5508 ob
1133 5452 1436 5521 hujusmodi
1464 5452 1824 5508 calamitatem
1850 5470 1862 5505 :
1894 5453 2060 5507 multo

469 5544 642 5615 magis
668 5544 720 5597 in
748 5545 944 5599 mentis
969 5545 1249 5600 eversione
1279 5552 1334 5600 et
1362 5547 1601 5602 ctecitate
1627 5546 1743 5601 huic
1774 5543 2054 5617 patiemur.

470 5635 584 5704 Qua
625 5635 694 5690 de
733 5652 891 5691 causa
924 5636 1130 5693 defodis
1163 5638 1214 5691 in
1250 5640 1489 5692 terram?
1541 5649 1598 5694 ut
1635 5647 1749 5695 tuto
1774 5640 2061 5694 servetur?

398 5767 410 5780 .
477 5725 674 5779 Verum
717 5726 803 5780 hic
837 5729 994 5783 etiam
1026 5730 1351 5783 contrarium
1397 5730 1636 5797 accidet,
1682 5730 1871 5802 inquit.
1916 5729 2064 5786 Sicut

539 5884 559 5915 ι
597 5882 708 5947 Alii,
733 5889 922 5949 quando
944 5891 1049 5943 dux
1073 5892 1287 5956 captivus
1308 5891 1536 5944 trahitur.

1211 434 1268 490 S.
1309 431 1590 490 JOANNIS
1616 426 2095 488 CIIRYSOSTOMI
2135 426 2455 484 AliCHlEP.
2499 431 3036 493 CONSTANTINOP.

3682 443 3794 501 29$

2200 560 2342 599 enim
2391 561 2515 604 eum
2553 550 2644 620 qui
2692 561 2910 622 propter
2940 569 3128 608 vanam
3171 557 3396 627 gloriam
3441 560 3670 631 ji-junat,
3697 564 3792 618 dat

2197 640 2592 712 eleemosynam
2614 683 2628 708 ,
2671 653 2728 699 et
2776 656 3043 715 precatur,
3066 648 3134 702 ab
3161 650 3225 705 iis
3255 651 3385 720 ipsis
3409 668 3530 724 qua:
3558 656 3793 714 maxime

2195 734 2372 803 cupit,
2406 751 2436 789 a
2465 752 2601 792 vana
2639 738 2804 808 gloria
2852 743 3075 797 retraxit
3119 745 3266 812 (nam
3310 762 3428 814 cur,
3463 747 3670 819 inquit,
3715 763 3789 806 ita

2196 827 2431 895 precaris
2451 868 2466 894 ,
2495 837 2548 882 et
2569 828 2664 884 das
2691 832 3126 905 eleemosynam?
3153 852 3330 892 annon
3356 839 3477 909 quia
3509 840 3789 898 hominum

2192 919 2416 988 gloriam
2461 919 2675 990 diligis?
2721 924 2827 977 noli
2872 940 3001 994 ergo
3041 927 3119 982 sic
3151 943 3342 995 orare,
3387 939 3438 983 et
3482 941 3609 986 tunc
3639 933 3786 988 illam

2191 1013 2574 1081 consequeris,
2617 1014 2671 1068 in
2716 1014 2893 1070 futuro
2937 1034 3130 1088 nempe
3165 1020 3322 1093 die):
3357 1023 3434 1078 sic
3459 1035 3513 1080 et
3542 1028 3786 1094 pecunia:

2191 1103 2462 1173 cupidum,
2494 1121 2590 1176 per
2613 1122 2674 1162 ea
2702 1109 2890 1179 quibus
2917 1114 3148 1169 maxime
3170 1115 3437 1184 studebat,
3471 1133 3568 1190 per
3592 1121 3783 1177 eadem

2187 1211 2242 1255 et
2274 1199 2436 1270 cepit.
2465 1201 2602 1266 Quid
2633 1200 2732 1264 vis,
2761 1201 2933 1268 inquit
2961 1221 2974 1254 :
3004 1210 3063 1256 ut
3091 1203 3330 1270 pecuniae
3361 1205 3453 1259 tibi
3488 1218 3784 1265 serventur

2189 1300 2242 1344 et
2278 1291 2553 1358 voluptate
2589 1290 2786 1346 fruaris
2813 1291 2870 1345 ’ἲ
2905 1289 3030 1346 llaec
3067 1295 3226 1348 ambo
3259 1294 3354 1349 tibi
3391 1299 3777 1366 copiosissime

2189 1384 2461 1452 prasbebo,
2493 1385 2537 1439 si
2571 1385 2679 1438 illic
2711 1384 2956 1454 deponas
2983 1401 3196 1450 aurum,
3231 1388 3318 1442 ubi
3347 1389 3574 1457 jubebo.
3601 1393 3780 1459 Apen-

2189 1474 2294 1528 tius
2324 1485 2505 1529 autem
2537 1475 2590 1528 in
2623 1476 2977 1544 sequentibus
3007 1478 3261 1532 damnum
3292 1478 3420 1534 inde
3452 1483 3621 1536 menti
3653 1484 3775 1537 illa-

2185 1572 2297 1616 tum
2326 1564 2584 1630 ostendit,
2614 1579 2735 1618 cum
2765 1565 3047 1634 spinarum
3080 1569 3409 1623 mentionem
3439 1570 3599 1638 feeit;
3633 1572 3774 1627 inte-

2187 1655 2285 1708 rim
2313 1670 2441 1710 vero
2472 1657 2701 1727 idipsum
2736 1658 2825 1712 hic
2855 1672 2959 1713 non
2989 1659 3356 1728 perfunctorie
3378 1663 3769 1731 subiudicavit,

2183 1761 2305 1800 cum
2335 1749 2575 1803 ostendit
2602 1749 3014 1804 obtenebratnm
3045 1766 3167 1808 esse
3195 1768 3318 1808 eum
3348 1755 3441 1824 qui
3473 1757 3622 1810 circa
3653 1758 3770 1812 hac

2183 1837 2406 1892 fureret.
2445 1839 2523 1894 Ac
2559 1841 3014 1910 quemadmodum
3055 1843 3090 1896 ii
3130 1845 3221 1913 qui
3257 1845 3314 1899 in
3355 1847 3598 1902 tenebris
3641 1859 3770 1903 sunt

2183 1929 2316 1983 nihil
2341 1929 2485 1984 clare
2511 1931 2711 1997 vident,
2737 1933 2831 1987 sed
2859 1934 2905 1988 si
2935 1932 3120 1988 funem
3142 1935 3393 2002 viderint,
3423 1946 3620 2007 putant
3645 1952 3770 1994 esse

2181 2031 2515 2090 serpentem,
2544 2024 2589 2077 si
2625 2034 2832 2078 montes
2865 2033 2921 2078 et
2954 2024 3140 2092 valles,
3173 2042 3371 2096 pavore
3406 2031 3718 2086 moriuntur
3747 2050 3762 2088 :

2181 2114 2261 2170 sic
2287 2122 2340 2169 et
2371 2114 2459 2169 isti
2489 2128 2611 2184 qua:
2637 2115 2943 2171 videntibus
2971 2116 3327 2174 formidabilis
3359 2136 3465 2176 non
3497 2133 3645 2189 sunt,
3674 2141 3766 2179 su-

2179 2214 2363 2276 specta
2394 2205 2592 2260 habent
2619 2224 2633 2260 :
2660 2221 2782 2260 nam
2814 2217 3183 2276 paupertatem
3213 2221 3490 2280 metuunt;
3520 2212 3632 2268 imo
3657 2231 3764 2269 non

2179 2305 2550 2366 paupertatem
2589 2305 2796 2350 tantum
2817 2336 2832 2360 ,
2866 2297 2962 2352 sed
2997 2297 3078 2353 vel
3115 2299 3231 2356 leve
3265 2303 3555 2371 quodpiam
3592 2305 3767 2358 detri-

2178 2396 2442 2444 mentum.
2471 2387 2679 2442 Etenim
2711 2388 2758 2443 si
2791 2388 3057 2444 modicum
3091 2390 3222 2460 quid
3249 2393 3556 2456 amiserint,
3589 2397 3765 2465 magis

2173 2481 2357 2552 lugent
2401 2497 2464 2536 ac
2508 2483 2821 2537 cruciantur
2856 2497 3020 2552 quam
3067 2484 3102 2538 ii
3149 2485 3238 2553 qui
3287 2488 3596 2544 necessario
3640 2490 3768 2544 cibo

2171 2583 2353 2644 egent.
2386 2573 2530 2629 Multi
2569 2583 2721 2629 certe
2751 2589 2818 2629 ex
2855 2574 3162 2642 huiusmodi
3198 2578 3476 2643 divitibus,
3512 2579 3619 2635 tale
3651 2597 3764 2636 non

2171 2665 2409 2721 ferentes
2437 2664 2814 2732 infortunium,
2840 2667 2905 2722 ad
2933 2667 3184 2737 laqueum
3211 2683 3589 2727 accurrerunt.
3615 2671 3763 2727 Cou—

2174 2759 2406 2813 tumelia:
2429 2770 2609 2814 autem
2636 2768 2691 2813 et
2717 2760 2916 2814 damna
2942 2759 3016 2814 ita
3046 2759 3151 2816 illis
3175 2761 3540 2819 intolerabilia
3567 2740 3765 2821 viden-

2175 2857 2282 2912 tur,
2318 2859 2375 2903 ut
2405 2863 2467 2905 ea
2503 2851 2570 2904 de
2601 2864 2768 2906 causa
2805 2850 2933 2905 item
2971 2851 3129 2907 multi
3161 2869 3229 2908 ex
3269 2854 3372 2908 hac
3403 2855 3513 2909 vita
3547 2856 3762 2926 abrepti

2174 2941 2392 2996 fuerint.
2418 2941 2500 2996 Ad
2520 2942 2698 2996 omnia
2722 2943 2922 3012 quippe
2947 2945 3136 3000 molles
3161 2945 3359 3000 divitia:
3380 2948 3760 3014 reddiderunt,

2175 3042 2534 3104 praeterquam
2573 3036 2639 3090 ad
2681 3035 2892 3090 illarum
2929 3037 3309 3094 ministerium.
3347 3038 3577 3106 Quando
3610 3043 3766 3099 enim

2175 3125 2279 3180 illae
2314 3126 2458 3196 ipsos
2494 3136 2552 3180 ιιι
2583 3127 2684 3182 sibi
2719 3129 2959 3184 serviant
2991 3132 3342 3202 compellunt,
3381 3143 3510 3188 tunc
3544 3135 3615 3189 illi
3655 3151 3763 3189 au—

2173 3221 2358 3276 dacter
2393 3222 2634 3290 pericula
2675 3224 2864 3278 ltiOl‘liS
2902 3224 3132 3290 adeunt,
3171 3228 3428 3292 verbera,
3462 3230 3758 3298 opprobria

2171 3326 2442 3382 autneque
2474 3313 2784 3381 ignominiae
2813 3330 3002 3385 genus.
3033 3315 3184 3382 Quod
3212 3333 3344 3372 sane
3372 3331 3630 3374 extrema:
3658 3337 3764 3390 ge-

2170 3421 2272 3459 nus
2317 3414 2400 3460 est
2430 3406 2690 3470 miserim,
2722 3407 2811 3461 ubi
2863 3408 3224 3478 pliilosOphari
3267 3423 3565 3481 oporteret,
3612 3414 3762 3467 mol-

2168 3495 2404 3553 lissimos
2437 3513 2585 3564 esse;
2637 3499 2725 3552 ubi
2782 3512 2963 3554 autem
2998 3502 3112 3570 pios
3168 3512 3222 3556 et
3268 3506 3596 3560 verecundos
3627 3520 3764 3561 esse

2169 3605 2267 3660 par
2313 3601 2489 3654 esset,
2543 3592 2612 3646 ibi
2654 3593 3148 3661 impudattissitnos
3185 3605 3241 3649 et
3297 3597 3618 3652 satissitnos
3653 3614 3760 3654 ex-

2169 3683 2364 3738 hiberi.
2403 3685 2610 3738 Etenim
2667 3687 2904 3754 idipsum
2953 3688 3058 3741 illis
3109 3691 3402 3757 c0ntingit,
3455 3701 3513 3746 ut
3552 3693 3594 3747 si
3623 3693 3764 3760 quis

2166 3786 2290 3847 post
2322 3779 2458 3832 bona
2492 3779 2801 3834 indecenter
2845 3783 3128 3851 absumpta
3177 3783 3314 3837 male
3358 3783 3608 3851 patiatur.
3655 3785 3766 3840 Ille

2167 3883 2422 3938 namque,
2475 3870 2714 3926 instante
2762 3883 3024 3943 tempore,
3048 3889 3155 3944 quo
3194 3880 3498 3932 necessaria
3538 3887 3616 3931 est
3650 3893 3760 3931 ex-

2165 3976 2508 4029 pensa,cum
2553 3963 2684 4018 nihil
2733 3967 2903 4035 possit
2947 3967 3083 4021 ultra
3113 3969 3445 4038 impendere,
3497 3970 3758 4025 intolera-

2163 4050 2292 4105 bilia
2330 4053 2536 4121 patitur
2580 4053 2740 4118 mala,
2769 4069 2891 4110 cum
2931 4054 3042 4123 jam
3072 4059 3250 4113 omnia
3298 4059 3438 4114 male
3465 4060 3750 4130 absumpta

2166 4153 2384 4208 fuerint.

2239 4247 2292 4301 5.
2335 4246 2412 4301 Ac
2448 4247 2898 4317 quemadmodum
2933 4248 2984 4301 in
3015 4263 3172 4303 scena
3204 4248 3491 4304 histriones
3522 4250 3571 4302 in
3598 4249 3764 4304 malis

2165 4340 2482 4410 quibusdam
2513 4341 2716 4395 artibus
2748 4342 3022 4408 instructi,
3069 4343 3123 4396 in
3165 4342 3247 4396 his
3291 4343 3455 4396 multa
3493 4341 3760 4412 stupenda

2167 4447 2222 4491 et
2249 4434 2547 4500 periculosa
2589 4435 2890 4500 sustinent,
2923 4435 2974 4488 in
3012 4435 3132 4489 aliis
3172 4450 3300 4490 vero
3330 4435 3544 4491 utilibus
3571 4450 3764 4492 neces-

2167 4530 2430 4598 sariisque
2467 4528 2628 4582 rebus
2669 4542 2890 4597 prorsus
2921 4527 3082 4597 inepti
3126 4542 3189 4582 ac
3233 4527 3441 4582 ridiculi
3487 4536 3608 4582 sunt
3635 4545 3648 4580 :
3680 4529 3766 4584 sic

2167 4633 2221 4678 et
2253 4623 2306 4677 hi
2334 4622 2402 4678 de
2427 4622 2622 4693 quibus
2663 4623 2889 4691 agimus.
2945 4621 3158 4675 Etenim
3206 4621 3495 4675 histriones
3542 4621 3614 4674 illi
3667 4623 3764 4691 qui

2169 4730 2264 4785 per
2304 4722 2511 4768 tensum
2562 4712 2741 4767 funem
2789 4713 3098 4778 ambulant,
3133 4723 3185 4767 et
3215 4722 3415 4767 tantam
3446 4713 3518 4766 ibi
3549 4713 3761 4768 fortitu-

2167 4807 2347 4860 dinem
2392 4805 2682 4868 exhibent;
2729 4804 2944 4874 quando
2991 4803 3262 4874 quidpiam
3318 4821 3381 4859 ex
3433 4807 3760 4860 necessariis

2167 4898 2331 4952 rebus
2361 4896 2636 4950 audaciam
2660 4896 2883 4965 requirit
2905 4912 2966 4950 ac
2990 4895 3392 4950 fortitudinem:
3426 4911 3494 4951 ne
3519 4897 3760 4966 cogitare

2167 4990 2384 5060 quidem
2449 4987 2648 5056 aliquid
2704 4995 2943 5057 possunt.
3002 4988 3094 5042 Sic
3147 4986 3372 5051 divites,
3433 4989 3521 5058 qui
3577 4990 3760 5043 omnia

2168 5092 2386 5156 propter
2425 5082 2680 5154 pecunias
2729 5080 2958 5145 audent,
3005 5080 3072 5134 ad
3130 5080 3609 5150 philosophandum
3660 5097 3763 5138 nec

2168 5195 2457 5251 magnum,
2507 5192 2608 5232 nec
2657 5191 2872 5247 parvum
2923 5175 3192 5244 quidpiam
3238 5175 3342 5244 pati
3389 5185 3630 5240 possunt.
3684 5179 3762 5230 Ac

2169 5274 2308 5329 sicut
2335 5271 2410 5326 illi
2439 5270 2692 5324 lubricam
2725 5277 2778 5322 et
2806 5268 3190 5322 infructuosam
3227 5283 3340 5322 rem
3381 5277 3611 5322 Irtiolam
3635 5309 3648 5330 ,
3686 5267 3762 5322 sic

2168 5374 2223 5421 et
2253 5363 2305 5419 hi
2335 5364 2568 5434 pericula
2623 5362 2787 5415 multa
2840 5361 3067 5415 tolerant
3090 5371 3142 5415 et
3190 5360 3478 5429 praecipitia
3525 5359 3760 5425 adeunt,

2167 5473 2287 5529 qua:
2312 5455 2492 5511 omnia
2524 5453 2696 5508 inutili
2719 5454 2822 5507 line
2843 5452 3191 5518 clauduntur;
3224 5467 3287 5506 ac
3307 5451 3502 5522 duplici
3533 5451 3766 5520 caligine

2171 5551 2532 5614 involvuntur,
2564 5558 2671 5599 tum
2705 5546 2845 5615 quod
2875 5560 3061 5599 eversa
3106 5552 3286 5599 mente
3321 5543 3583 5598 eminenti
3615 5543 3762 5609 sint,

2170 5652 2280 5698 tum
2333 5639 2476 5712 quod
2521 5654 2586 5696 ex
2639 5639 2810 5693 l'allaei
2860 5636 3277 5692 sollicitudinum
3329 5635 3471 5692 mole
3527 5634 3761 5690 tenebris

2223 5812 2238 5841 ¹
2269 5811 2383 5858 Haec
2407 5807 2636 5858 omnibus
2655 5807 2800 5856 codd.
2827 5804 3112 5855 concinnat.
3149 5802 3312 5863 Vulgo
3340 5816 3352 5850 :
3393 5798 3520 5863 Quid
3545 5797 3646 5859 vis,
3669 5797 3746 5863 in:

2159 5857 2283 5937 quit,
2296 5857 2533 5935 praeficias
2553 5867 2640 5922 tibi
2659 5869 2849 5922 servari
2859 5866 3049 5918 human
3067 5871 3119 5916 ut
3135 5857 3344 5926 deliciis,
3358 5857 3516 5931 gloria
3538 5868 3583 5913 et
3601 5857 3646 5912 e1
3669 5864 3705 5927 ί.
3719 5857 3746 5910 .'
