4036 6436
300 383 410 447 293

303 508 616 562 obruantur.
659 486 991 572 Quapropter
1031 514 1096 554 ne
1155 496 1429 567 respicere
1471 492 1686 562 quidem
1740 486 1895 541 facile

306 595 552 670 poséunt.
585 595 716 652 Nam
755 594 843 664 qui
892 593 943 645 in
988 588 1225 645 tenebris
1255 593 1340 641 est
1368 593 1608 647 tantum,
1637 580 1750 635 sole
1779 577 1897 632 illu-

305 685 558 749 cescente
578 730 592 756 ,
623 689 692 742 ab
721 688 785 741 iis
835 687 1124 749 liberatur;
1170 681 1262 752 qui
1303 692 1432 733 vero
1458 675 1632 731 oculis
1655 684 1896 728 excteca-

308 789 394 841 tns
433 796 549 850 est,
601 799 774 853 neque
821 783 936 837 sole
981 781 1193 834 lucente
1232 775 1411 829 videt:
1446 771 1499 826 id
1541 769 1683 839 quod
1713 775 1767 821 et
1798 763 1900 832 ipsi

308 879 605 947 patiuntur.
635 874 818 943 Neque
839 872 982 931 enim
1009 869 1132 923 Sole
1157 865 1375 937 iustitia:
1403 864 1418 894 ¹
1446 857 1683 930 fulgente
1708 866 1762 912 et
1783 855 1901 909 lior-

308 977 459 1022 tante
485 965 741 1028 audiuut,
779 962 975 1018 divitiis
1011 958 1199 1016 oculos
1241 957 1478 1029 ipsorum
1507 947 1898 1006 claudentibus.

306 1060 656 1127 Quapmpter
703 1054 972 1123 duplicem
1023 1049 1289 1105 sustinent
1339 1045 1635 1101 caecitatem
1663 1057 1676 1093 :
1706 1039 1898 1127 aliam,

305 1166 373 1205 ex
409 1126 632 1217 seipsis,
674 1146 859 1210 aliam,
889 1143 1032 1214 qdod
1061 1139 1315 1210 Magistro
1341 1145 1442 1192 suo
1467 1149 1574 1190 non
1601 1126 1898 1187 attendant.

308 1240 671 1295 Attendamus
720 1238 902 1306 itaqtie
950 1234 1235 1303 diligenter
1274 1228 1432 1284 dictis
1461 1227 1636 1289 illius,
1682 1232 1742 1277 ut
1779 1219 1903 1276 sero

309 1333 529 1388 tandem
573 1326 868 1386 videamus.
927 1328 993 1382 Et
1043 1322 1314 1396 quomodo
1353 1319 1537 1375 videre
1577 1312 1905 1388 possumus‘?

309 1425 368 1482 Si
397 1415 575 1479 discas
601 1420 872 1492 quomodo
920 1423 1220 1474 excaeCatus
1267 1414 1362 1468 sis.
1412 1409 1694 1480 Quomodo
1747 1407 1906 1478 igitur

311 1526 616 1575 esezecatus
645 1516 741 1568 es?
788 1514 827 1567 Α
881 1512 1018 1566 ntala
1057 1502 1511 1577 concupiscentia.
1562 1502 1713 1557 Sicut
1759 1500 1903 1555 enim

315 1608 585 1674 malignus
627 1600 820 1659 humor
848 1602 900 1656 in
933 1597 1187 1671 pupillam
1222 1594 1362 1652 oculi
1410 1608 1596 1665 puram
1639 1590 1904 1653 influens,

315 1702 395 1756 sic
424 1691 774 1770 pecuniarum
819 1689 970 1749 amor
1009 1693 1230 1748 densam
1275 1690 1470 1744 nubem
1513 1688 1564 1742 in
1610 1691 1791 1741 mente
1817 1693 1905 1738 tua

319 1791 471 1846 fecit.
510 1790 703 1843 Verum
738 1787 875 1841 hanc
901 1785 1098 1839 nubem
1128 1782 1391 1852 dissipare
1416 1788 1471 1833 et
1496 1779 1802 1848 tlii-umpere
1827 1776 1904 1829 ra.

317 1885 421 1936 cile
436 1891 541 1946 est,
559 1881 602 1934 si
623 1878 824 1934 Christi
850 1876 1110 1932 doctrina:
1135 1873 1345 1928 radiant
1362 1870 1693 1940 excipiamus
1714 1880 1731 1934 ;
1751 1869 1796 1924 si
1815 1882 1904 1922 au-

317 1960 531 2027 diamus
558 1972 706 2024 illum
739 1971 1045 2024 metientem
1077 1981 1140 2021 ac
1164 1964 1428 2021 dicénte’m
1455 1979 1471 2016 :
1497 1961 1675 2017 Nolite
1705 1960 1982 2092 thesau-l

319 2066 485 2092 ..ἕλικα
519 2061 654 2092 Imus
685 2055 943 2092 ὶΙεΑοηηι-η.
970 2061 1019 2092 ὅ..
1046 2049 1180 2092 ἔβη-ὶ-
1241 2057 1302 2092 1ιί
1331 2055 1456 2092 τηε-,Μ
1501 2055 1629 2092 "mihi
1672 2053 1906 2092 nrntlnril

319 2066 485 2118 risere
519 2061 654 2117 imbii
683 2055 943 2115 thesauros
970 2049 1200 2113 inierrn.
1241 2057 1308 2111 Et
1331 2055 1457 2128 quid
1501 2055 1630 2109 mihi
1672 2053 1912 2124 proderit

318 2153 617 2209 doetriuam
644 2151 850 2217 audire,
879 2166 1000 2206 cum
1047 2166 1076 2203 a
1113 2145 1404 2218 cupiditate
1449 2146 1732 2202 (lctincar?
1769 2146 1914 2201 Sane

318 2244 540 2317 quidem
584 2243 834 2313 frequens
880 2242 1142 2296 doctrina:
1185 2239 1397 2294 auditns
1424 2239 1770 2308 cupiditatem
1797 2237 1912 2293 dis-

320 2339 535 2392 solvere
557 2337 769 2406 poterit.
794 2335 945 2402 Quod
988 2335 1030 2388 si
1077 2333 1324 2388 detentus
1366 2329 1710 2403 permaneas,
1739 2332 1913 2401 cogita

325 2433 444 2484 ﬁcto
475 2429 616 2484 illam
642 2444 750 2482 non
776 2441 897 2482 esse
932 2425 1167 2495 amplius
1197 2424 1560 2494 cupiditatem.
1598 2425 1728 2490 Qua:
1769 2423 1912 2478 enim

325 2505 593 2592 cupiditas
670 2517 974 2574 durissima:
1013 2518 1258 2572 servituti
1287 2531 1408 2572 esse
1438 2516 1740 2586 subjectum
1769 2558 1783 2577 ,
1832 2523 1916 2584 ty-

326 2604 536 2669 rannidi
566 2611 870 2680 subiacere,
904 2616 960 2663 et
1004 2609 1238 2680 undique
1282 2608 1527 2677 alligari,
1579 2609 1632 2660 in
1679 2607 1914 2662 tenebris

325 2701 613 2760 versariet
644 2701 870 2756 tumultu
920 2690 1134 2770 plenum
1182 2701 1338 2764 esse,
1393 2699 1602 2754 labores
1649 2699 1789 2752 ferre
1832 2699 1913 2752 iti-

327 2798 652 2856 frnctuosos,
681 2794 803 2848 aliis
832 2793 1084 2863 pecunias
1101 2806 1340 2855 servare,
1369 2782 1511 2860 saepe
1539 2791 1716 2845 autem
1742 2786 1918 2843 inimi-

328 2887 412 2945 cis
431 2890 456 2942 Ἰ
485 2887 601 2956 Qua
640 2901 770 2957 ergo
815 2885 930 2940 huic
972 2883 1400 2954 concupiscentia
1431 2883 1589 2952 digna
1619 2881 1782 2936 sunt?
1813 2883 1921 2936 imo

328 2993 439 3050 qua
466 2984 571 3033 non
600 2977 720 3046 fuga
747 2983 803 3031 et
824 2989 986 3030 cursu
1029 2984 1152 3028 sunt
1195 2972 1586 3043 relinquenda?
1633 2972 1764 3039 Qud:
1791 2987 1920 3026 con-

321 3067 663 3146 eupiscentia
692 3069 976 3126 thesauros
1003 3069 1142 3123 inter
1168 3069 1314 3123 fures
1344 3063 1676 3122 recondere?
1701 3066 1755 3121 Si
1777 3067 1919 3121 enim

329 3165 556 3221 otnoino
617 3162 873 3234 pecunias
915 3154 1282 3232 concupiscis,
1337 3159 1455 3214 illas
1481 3159 1548 3215 eo
1576 3159 1804 3214 transfer
1833 3159 1920 3213 ubi

334 3264 563 3326 possunt
613 3264 741 3308 tutae
785 3262 842 3307 et
889 3252 1111 3322 integrae
1155 3256 1398 3305 manere.
1447 3247 1607 3305 Certe
1634 3266 1755 3318 quae
1783 3265 1923 3304 nunc

333 3344 466 3402 facis
493 3361 596 3400 non
627 3354 752 3400 sunt
775 3340 1205 3413 eoncupiscentis
1253 3341 1536 3410 pecunias,
1566 3341 1660 3396 sed
1691 3340 1920 3395 servitu—

333 3421 446 3492 tem
471 3477 484 3500 ,
515 3437 709 3490 damna
731 3476 747 3498 ,
795 3434 1042 3496 mulctas,
1085 3432 1437 3501 doloremque
1463 3441 1800 3501 perpetuum.
1843 3431 1922 3486 Tu

332 3519 488 3593 vero,
539 3530 584 3584 si
614 3529 732 3598 quis
761 3528 854 3582 tibi
902 3527 1062 3582 homo
1107 3527 1279 3581 locum
1310 3527 1362 3579 in
1395 3537 1532 3579 terra
1566 3525 1924 3581 inviolabilem

336 3620 675 3686 ostenderet,
703 3619 912 3675 etiamsi
939 3619 1066 3673 tein
1096 3617 1367 3672 desertum
1398 3610 1672 3683 educeret,
1703 3619 1924 3688 promit-

337 3699 461 3768 iens
512 3712 752 3781 pecuniis
799 3712 904 3767 tuis
950 3703 1296 3766 scCuritatem
1343 3729 1356 3765 :
1409 3728 1514 3765 non
1558 3714 1922 3778 cunctarcris,’

336 3816 516 3876 neque
555 3803 868 3870 recusares,
917 3805 1011 3860 sed
1053 3800 1307 3874 pecunias
1351 3804 1421 3858 ibi
1463 3820 1586 3858 cum
1614 3806 1803 3860 fiducia
1831 3805 1927 3861 de-

337 3902 569 3968 poneres
595 3913 608 3950 :
633 3895 744 3951 Deo
772 3904 974 3959 autem,
1006 3910 1108 3948 non
1133 3894 1348 3949 homine
1370 3895 1420 3948 id
1447 3893 1538 3950 tibi
1563 3894 1924 3962 promittente,

338 4003 444 4043 nec
471 3988 765 4051 desertum,
793 3987 886 4041 sed
917 3987 1109 4040 omium
1139 3997 1501 4056 proponente,
1543 3988 1810 4040 contraria
1838 4001 1928 4042 ac-

336 4079 480 4150 cipis
504 4097 514 4128 :
539 4094 860 4149 quamquam
887 4077 1096 4131 etiamsi
1131 4076 1399 4131 tutissime
1418 4077 1634 4145 jaceant
1658 4076 1928 4145 reposita},

344 4181 402 4226 tu
428 4186 714 4241 numquam
743 4170 1103 4226 sollicitudine
1123 4183 1317 4224 vacuus
1340 4183 1459 4222 esse
1487 4170 1679 4238 possis.
1711 4168 1930 4223 Etiamsi

348 4273 492 4321 enim
521 4274 626 4321 non
655 4267 869 4336 perdas,
905 4265 1203 4334 numquam
1228 4279 1256 4316 a
1275 4262 1641 4317 sollicitudine
1664 4263 1926 4332 perdendi

351 4345 683 4413 iibetaheris.
701 4341 811 4411 illic
823 4358 999 4411 autem
1018 4348 1150 4410 nihil
1166 4347 1391 4424 prorsus
1403 4351 1504 4407 tale
1519 4353 1757 4422 patieris:
1774 4346 1938 4424 atque

351 4451 496 4515 quod
516 4461 594 4501 est
613 4451 808 4514 majus,
829 4456 1021 4502 aui-nm
1055 4446 1754 4526 neudefodiStantunLAed
1776 4447 1944 4501 sentin

340 4551 466 4591 nas.
483 4536 720 4605 “ipsum
733 4535 877 4590 Ch'tli
895 4537 1046 4596 estet
1063 4539 1352 4594 thesaurus
1367 4549 1419 4590 ct
1434 4553 1643 4602 semen;
1660 4538 1772 4591 imo
1788 4549 1920 4592 utro

340 4627 454 4690 aue
482 4626 667 4690 majus.
708 4623 904 4676 Semen
941 4621 1137 4693 quippe
1186 4625 1519 4693 no‘n‘ptanet
1559 4620 1797 4693 Semper,
1841 4626 1930 4681 illc

343 4727 476 4784 vero
508 4715 793 4767 thesaurus
842 4723 1022 4767 manet
1062 4712 1343 4784 perpetuo.
1367 4712 1617 4769 itursum
1649 4715 1929 4782 thesatu-us

340 4777 432 4860 itic
465 4821 567 4858 non
609 4807 892 4874 germinat,
937 4806 1027 4862 ille
1067 4799 1198 4862 vero
1245 4807 1576 4871 immortales
1604 4809 1696 4862 tibi
1725 4811 1930 4863 fructus

344 4895 505 4964 parit.
535 4896 686 4964 Quod
720 4899 764 4951 si
799 4905 1009 4968 tempus
1054 4898 1183 4952 mihi
1229 4899 1452 4968 obiicias
1477 4942 1492 4964 .
1521 4911 1575 4954 et
1617 4900 1929 4956 dilationem

342 4989 584 5046 reditus:
619 5006 835 5059 possum
865 5006 966 5061 ego
993 4991 1090 5046 tibi
1121 4991 1494 5049 demonstrare
1533 5004 1733 5064 quanta
1763 4998 1928 5052 etiam

406 5105 424 5159 ί
460 5109 587 5186 Vos,
598 5114 823 5190 jusiiiiaé,
839 5124 986 5180 deest
1009 5130 1057 5180 in
1080 5131 1386 5193 quibusdam.

356 5220 693 5265 III—h———ﬂ-
469 5220 508 5250 ⁸-
593 5222 605 5226 -
698 5245 806 5265 ’.ὁ

1340 377 1404 435 ΙΝ
1445 367 1856 432 MA'I'TIUEUM
1915 365 2145 424 HOMIL.
2191 367 2307 425 XXI
2347 372 2418 426 al.
2463 368 2624 424 XXII.

1966 4699 2012 4729 κ

3482 351 3586 426 2'0:

2005 484 2090 540 hic
2135 483 2405 558 accipias;
2435 467 2630 556 prarier
2671 487 2783 539 lucc
2821 495 3000 541 autem
3038 501 3104 541 ex
3141 484 3274 556 lpsis
3319 488 3593 558 arculari-

2005 578 2103 632 bns
2130 588 2183 633 te
2211 557 2488 634 confutare
2514 579 2750 643 tentabo,
2785 589 2836 634 et
2866 577 3156 634 Ostendel'e
3180 586 3234 635 te
3257 557 3450 634 frustra
3480 578 3595 636 haec

2004 670 2258 739 obiicere.

2076 764 2130 818 6.
2175 761 2335 816 Multa
2362 763 2504 817 enim
2533 779 2583 817 tu
2615 763 2864 832 prarsenti
2887 762 2992 816 vita
3025 755 3201 832 paras,
3224 733 3421 834 quibus
3439 731 3593 818 num.

2005 870 2164 924 quam
2194 855 2416 920 frueris;
2444 858 2567 912 etsi
2598 856 2717 926 quis
2747 865 2798 911 te
2832 856 2929 912 hac
2954 856 3020 912 de
3054 871 3113 911 re
3135 865 3344 928 arguat,
3375 859 3514 912 filios
3544 870 3597 913 et

2009 955 2230 1017 nepotes
2259 947 2556 1018 proferens,
2590 948 2833 1004 idoneam
2867 947 2956 1003 tibi
2983 947 3180 1004 videris
3207 949 3596 1019 superfluorum

2011 1038 2251 1094 laborum
2291 1040 2716 1096 consolationem
2759 1042 3044 1110 reperisse.
3071 1039 3203 1095 Cum
3245 1041 3387 1097 enim
3420 1042 3474 1096 in
3499 1056 3597 1097 cx-

2012 1127 2178 1188 tr'ema
2209 1130 2489 1188 senectute
2517 1132 2825 1202 splendidas
2851 1134 3118 1206 construis
3151 1133 3316 1197 ardes,
3342 1149 3463 1202 qua:
3499 1150 3598 1187 an-

2011 1237 2222 1297 tequam
2251 1220 2595 1295 perficiantur
2619 1241 2761 1294 sarpe
2793 1232 2846 1279 tu
2876 1224 3114 1296 decedis.
3136 1211 3426 1307 etarliores
3442 1227 3598 1294 seris,

2010 1336 2130 1390 qua:
2175 1331 2293 1389 post
2333 1320 2530 1374 multos
2572 1325 2742 1374 annos
2774 1319 3000 1373 fructum
3031 1301 3270 1392 allatura;
3297 1329 3450 1385 sunt;
3481 1334 3601 1374 eum

2015 1415 2066 1468 in
2117 1428 2244 1484 agro
2289 1412 2509 1469 arbores
2555 1412 2792 1482 plantas,
2839 1427 2959 1482 quae
2990 1421 3112 1482 post
3143 1413 3308 1468 tnulta
3336 1428 3602 1469 atmorutn

2012 1505 2276 1562 curricula
2317 1506 2549 1561 fructum
2583 1507 2785 1568 ferent;
2817 1523 2937 1560 cum
2966 1505 3163 1575 prmdia
3199 1506 3334 1561 emis
3361 1517 3415 1563 et
3446 1507 3592 1562 liere-

2013 1597 2230 1661 ditates,
2259 1611 2488 1668 quorum
2519 1596 2813 1650 dominium
2847 1595 3015 1650 inulto
3042 1605 3162 1666 post
3188 1606 3429 1666 tempore
3453 1598 3602 1650 babi-

2016 1700 2164 1744 tnrus
2210 1699 2290 1758 es;
2336 1691 2546 1759 aliaque
2597 1689 2760 1744 multa
2814 1703 2992 1758 paras,
3038 1702 3265 1758 quorum
3317 1705 3626 1760 numquam.

2015 1782 2242 1837 frueris:
2270 1795 2336 1836 an
2383 1795 2482 1851 pro
2525 1790 2576 1836 te
2619 1781 2698 1834 vel
2732 1794 2829 1849 pro
2872 1779 3272 1849 sucCessoribus
3315 1781 3428 1858 haec
3452 1781 3605 1849 agis?

2014 1875 2298 1942 Qttotriodo
2327 1875 2487 1944 igitur
2512 1878 2618 1929 non
2647 1869 2903 1947 extremae
2929 1871 3218 1929 dementia:
3246 1860 3352 1940 est,‘
3384 1873 3470 1934 ltic
3500 1889 3606 1927 non

2015 1969 2158 2039 aegre
2178 1970 2319 2024 ferre
2348 1967 2604 2037 temporis
2625 1965 2958 2030 dilationem,
2986 1966 3098 2030 etsi,
3116 1959 3210 2036 per
3232 1965 3378 2020 illam
3399 1965 3610 2020 dilatio—-

2018 2063 2140 2117 nem
2161 2077 2189 2114 a
2215 2060 2463 2116 Mercede
2491 2059 2730 2115 laborum
2753 2059 2852 2114 nos
2876 2049 3166 2128 privandos
3186 2073 3310 2114 θεςο
3325 2045 3608 2134 eispecte-

2019 2151 2168 2217 mus;
2203 2167 2322 2209 cum
2353 2152 2422 2206 de
2447 2152 2583 2206 cmlo
2613 2161 2791 2206 autem
2822 2151 3019 2221 agitur,
3052 2157 3273 2220 propter
3299 2149 3609 2205 dilationem

2022 2254 2256 2314 torpere,
2287 2259 2408 2305 eum
2437 2252 2614 2298 tamen
2643 2243 2728 2298 illa
2758 2241 2945 2298 dilatio
2981 2242 3152 2312 majus
3179 2242 3271 2297 tibi
3300 2236 3506 2298 lucrum
3531 2244 3611 2296 af.

2021 2334 2178 2402 ferat,
2211 2350 2311 2390 nec
2335 2333 2400 2388 ad
2429 2333 2567 2388 alios
2615 2334 2750 2387 bona
2799 2333 3147 2396 transmittat,
3193 2332 3288 2388 sed
3337 2333 3430 2399 tibi
3471 2333 3609 2387 dona

2022 2428 2280 2484 tradenda
2311 2425 2612 2482 custodiat?
2642 2425 2844 2481 Pr.eter
2873 2425 2984 2479 htec
3011 2421 3190 2480 autem
3221 2441 3326 2480 non
3355 2427 3508 2495 longa
3531 2437 3611 2480 est

2023 2521 2126 2576 ista
2149 2519 2338 2574 dilatio
2362 2516 2468 2590 (τι).
2497 2517 2629 2573 Nam
2662 2516 2728 2571 ad
2758 2513 2900 2573 fores
2926 2533 3012 2572 res
3043 2518 3169 2586 ἱρείη
3198 2525 3322 2573 sunt
3343 2538 3356 2574 :
3381 2504 3479 2594 nec
3503 2520 3611 2572 sci-

2024 2629 2145 2668 mus
2171 2627 2294 2666 num
2327 2605 2463 2666 forte
2486 2611 2538 2666 in
2568 2598 2665 2665 hac
2693 2609 3033 2680 generatione
3050 2601 3228 2672 omnia
3255 2595 3433 2667 nostra
3455 2610 3613 2666 finem

2026 2702 2266 2759 habitura
2295 2704 2421 2767 sint,
2469 2715 2524 2758 et
2561 2703 2679 2757 dies
2716 2703 2804 2756 ille
2829 2702 3138 2756 tremendus
3168 2703 3238 2756 sit
3264 2700 3612 2767 adventuros,

2027 2792 2353 2852 horrendum
2384 2795 2536 2862 illud,
2564 2798 2617 2852 et
2646 2783 2841 2850 bullam
2873 2811 3220 2865 personarum
3249 2797 3613 2866 acceptioncm

2029 2890 2230 2946 habens
2253 2888 2484 2944 tribunal
2506 2898 2848 2943 ostensurus.
2873 2887 3008 2942 Nam
3051 2885 3318 2968 pleraque
3332 2886 3483 2959 signa
3505 2888 3617 2960 jam

2029 2980 2262 3052 perfecta
2283 2991 2426 3045 sunt,
2453 2995 2515 3036 ac
2533 2980 2748 3036 demum
2765 2981 3100 3049 evangelium
3129 2995 3225 3051 per
3249 2979 3417 3044 totum
3433 2982 3618 3036 orbem

2031 3073 2374 3144 praedicatum
2397 3072 2522 3138 fuit,
2553 3088 2616 3126 ac
2642 3072 2803 3138 bella,
2831 3081 2991 3127 terrae
3011 3081 3192 3127 motus
3221 3081 3274 3128 et
3301 3071 3469 3137 fames
3492 3087 3618 3129 eve-

2031 3176 2245 3231 nerunt,
2272 3183 2373 3222 nec
2404 3159 2656 3238 magniim
2692 3166 2804 3236 jam
2834 3164 3176 3220 intervallum
3204 3174 3307 3220 est.
3336 3164 3619 3236 Sedsigna

2031 3261 2138 3313 non
2161 3258 2344 3313 vides?
2368 3258 2433 3312 Et
2454 3256 2557 3312 hoc
2588 3257 2761 3327 ipsum
2791 3261 3042 3328 magnum
3069 3257 3281 3326 signum
3302 3266 3402 3312 est.
3439 3257 3621 3328 Neque

2029 3353 2173 3408 enim
2204 3351 2294 3422 qui
2327 3351 2440 3406 Noe
2467 3347 2707 3418 tempore
2728 3354 2881 3404 erant
2911 3350 3167 3418 pro’t‘ntnia
3191 3339 3460 3420 generalis
3485 3350 3623 3406 intc-

2031 3439 2164 3498 ritus‘
2195 3439 2470 3505 viderunt,
2503 3441 2594 3495 scd
2629 3441 2840 3495 interim
2873 3439 3140 3507 ludentes,
3161 3435 3406 3506 edentes,
3428 3426 3623 3497 tutores

2033 3535 2312 3599 ducentes,
2343 3545 2710 3600 consuetaque
2748 3532 2927 3585 duiniu
2956 3539 3199 3600 agentes,-
3231 3532 3310 3587 sic
3335 3547 3366 3586 a
3394 3533 3621 3588 terribili

2035 3629 2123 3682 illa
2153 3628 2351 3682 ultione
2373 3621 2694 3694 depreliensi
2716 3631 2860 3677 sunt.
2885 3623 3248 3693 Similiterque
3271 3627 3322 3678 in
3351 3623 3621 3692 Sodomis,

2033 3719 2238 3774 deliciis
2282 3729 2500 3786 operata
2543 3699 2754 3774 dantes.
2802 3714 3044 3785 nihilque
3070 3729 3415 3786 eorumqua:
3443 3725 3623 3785 postea

2036 3809 2172 3864 facta
2197 3817 2323 3862 sunt
2350 3807 2704 3876 suspicantes,
2737 3804 2806 3860 ab
2836 3804 3088 3860 itumissis
3118 3804 3430 3860 fulminibus
3470 3820 3621 3859 com-

2035 3897 2178 3956 busti
2201 3899 2344 3956 sun't.
2375 3899 2508 3967 Qua:
2537 3897 2716 3952 omnia
2754 3889 3076 3967 cogitantes,
3119 3897 3186 3953 a‘d
3237 3897 3620 3968 profectionem

2036 3992 2161 4048 hinc
2188 3987 2480 4062 parandam
2504 4003 2650 4070 nosc
2671 3990 3020 4043 .nvet‘tatnus.
3054 3987 3296 4044 Etiamsi.
3325 3988 3628 4066 communis

2039 4081 2128 4134 ille
2156 4074 2636 4132 consummationis
2677 4088 2782 4127 non
2824 4073 2987 4128 instet
3013 4073 3159 4136 dies:
3201 4073 3625 4145 uniu~cujnsque

2039 4171 2160 4225 linis
2186 4169 2240 4226 in
2265 4167 2442 4238 januis
2463 4175 2563 4230 est,
2597 4169 2711 4233 sive
2731 4181 2895 4221 senex
2924 4166 3038 4220 sive
3058 4158 3274 4234 juvenis
3307 4147 3407 4229 sit;
3453 4155 3628 4238 neque

2039 4274 2164 4318 tunc
2191 4255 2365 4316 oleum
2408 4275 2589 4316 emere
2618 4260 2818 4324 licebit,-
2867 4243 3041 4328 rieque
3067 4244 3310 4336 peténtes
3343 4245 3629 4336 impetrare

2038 4354 2269 4414 veniam,
2297 4354 2398 4408 etsi
2433 4352 2698 4407 Abraham
2728 4340 3002 4420 precetur."
3040 4331 3138 4405 etsi
3187 4337 3318 4411 Noe,
3361 4330 3460 4404 etsi
3504 4351 3631 4408 .1‹›1ι.

2036 4447 2135 4500 etsi
2171 4445 2374 4499 Daniel.“
2427 4445 2605 4498 Donec
2653 4443 2812 4512 igitur
2863 4426 3379 4512 tempusltabemus,
3411 4442 3632 4496 multum

2040 4537 2194 4591 nobis
2222 4551 2467 4604 paremus
2497 4527 2765 4594 fiducimn,
2797 4530 2972 4586 oleum
3001 4533 3155 4611 nobis
3181 4517 3454 4604 copiostnn
3483 4549 3635 4586 cotu-

2040 4633 2308 4697 paremus.
2337 4627 2515 4680 (intuta
2553 4625 2937 4690 transfermnus
2964 4623 3014 4677 in
3038 4611 3251 4685 ca'ium,‘
3277 4633 3334 4677 ut
3361 4626 3410 4677 in
3431 4640 3630 4692 oppor-

2041 4723 2168 4774 tune
2191 4707 2454 4786 tempore.
2475 4713 2582 4785 qn‘n
2600 4716 2832 4769 maxime
2857 4715 2938 4768 bis
2955 4698 3196 4792 egemus,
3216 4701 3463 4782 omnibus
3492 4717 3633 4769 frua-

2041 4821 2180 4875 mur,‘
2207 4810 2376 4879 gratia
2409 4819 2459 4862 et
2493 4793 2820 4876 behignitate
2850 4789 3056 4867 Domitii
3090 4795 3258 4860 nostri
3302 4805 3428 4861 Jcsu
3469 4805 3629 4861 Chri-

2039 4903 2128 4968 Sti,
2154 4903 2238 4958 cui
2269 4902 2442 4970 gloria
2466 4911 2521 4955 et
2545 4883 2829 4968 imperium
2856 4905 2998 4952 nuitc
3021 4901 3074 4953 et
3105 4887 3342 4969 semper,
3368 4910 3423 4954 et
3451 4900 3502 4955 in
3527 4914 3630 4956 sa!-

2038 4993 2155 5051 cula
2180 4977 2522 5049 saeculorum.
2553 4993 2747 5045 Amen.

2105 5133 2176 5194 (ιι)
2210 5121 2486 5194 Suspicatur
2509 5110 2874 5190 CluySostomus
2897 5116 3040 5174 fidem
3066 5117 3228 5176 mu’n'di
3254 5111 3536 5178 admittare.

3433 5253 3627 5265 —_

1528 5307 1873 5398 HOMILIA
1910 5337 2090 5399 XXI.
2128 5337 2213 5398 al.
2260 5307 2471 5394 xm.

345 5465 473 5525 Cir.
514 5472 566 5528 6.
599 5487 649 5526 ν.
682 5462 773 5527 ξι.
807 5466 973 5528 Nemi!
1017 5471 1178 5543 potest
1212 5475 1409 5530 duobus
1438 5476 1658 5531 dominis
1697 5480 1882 5532 servire
1913 5495 1932 5533 :

401 5561 503 5616 unt
533 5563 666 5616 enim
691 5579 847 5617 unum
881 5564 999 5619 odio
1044 5564 1258 5632 habebit,
1289 5577 1336 5620 et
1360 5569 1573 5622 alterum
1601 5569 1805 5640 diliget;
1846 5581 1933 5624 aut

415 5671 578 5708 unum
607 5655 886 5718 sustinebit.
911 5666 956 5710 et
979 5657 1194 5710 alterum
1217 5667 1516 5712 contemnet.

416 5750 473 5802 1.
514 5745 717 5800 Serrire
744 5749 969 5814 pecunia:
995 5749 1270 5803 maximum
1298 5751 1520 5812 malum;
1551 5767 1660 5803 eam
1688 5751 1936 5821 negligere

339 5837 632 5894 niaximum
666 5839 868 5894 bonum.
902 5840 1131 5897 Christus
1162 5842 1304 5896 utilia
1331 5844 1497 5914 parat,
1533 5841 1652 5897 dum
1683 5839 1939 5904 (θωνανὶιέ

2041 5478 2191 5532 tollit.
2208 5506 2281 5517 —
2303 5474 2462 5528 Vides
2488 5483 2546 5527 ut
2576 5471 2824 5541 paulatim
2855 5473 2888 5526 a
2909 5475 3270 5543 pra-sentibus
3289 5475 3449 5529 rebus
3469 5475 3638 5530 abdo-

2041 5577 2152 5636 cat,‘
2176 5583 2241 5622 ac
2269 5565 2510 5638 pluribus
2538 5563 2607 5619 de
2633 5572 2944 5633 contemptu
2983 5564 3286 5618 divitiarum
3329 5580 3633 5620 sermonem

2044 5663 2303 5725 instituat,
2350 5668 2407 5713 et
2451 5656 2787 5730 tyrannidem
2839 5655 3146 5726 et‘tpiditatis
3180 5655 3637 5726 dejiciat?Neque

2044 5751 2187 5808 enim
2216 5753 2501 5809 contentus
2532 5749 2615 5812 ﬁs,
2649 5750 2767 5814 qua:
2794 5744 3041 5816 superius
3060 5747 3215 5815 dixit,
3238 5749 3446 5802 etiamsi
3472 5748 3634 5802 multa

2044 5857 2099 5906 et
2133 5846 2395 5921 pit-.rclara'
2421 5842 2512 5901 illa
2538 5845 2664 5914 sint,
2693 5844 2796 5900 alia
2821 5841 3003 5914 adjicit
3031 5842 3182 5914 plura
3209 5851 3266 5900 et
3292 5842 3630 5900 terribiliora.
