2018 3220
243 171 296 199 295

238 234 307 270 Quid
322 234 394 263 enim
408 234 440 262 iis
454 242 514 270 qua
529 242 599 262 nunc
611 234 737 262 dicuntur
758 234 913 269 terribilius,
933 234 956 262 si
971 241 1036 270 pro-

230 284 299 315 pter
315 280 442 316 pecunias
455 288 470 307 a
483 280 582 308 Christi
593 280 722 308 servitute
734 280 860 308 excidere
870 280 1037 308 debeamus?

230 327 301 362 quid
326 326 540 359 desiderabilius,
556 326 578 353 si
593 326 627 354 iis
648 327 810 361 contemptis
833 327 953 354 strictam
973 334 1036 362 erga

228 378 298 400 cum
308 372 520 400 benevolentiam
535 376 563 399 et
575 373 714 400 caritatem
729 371 843 399 habituri
852 371 952 399 simus?
960 372 1035 406 Quod

227 419 308 448 'enim
318 426 424 455 semper
435 419 506 452 dico,
522 419 573 447 hoc
587 424 615 447 et
627 427 697 447 nunc
705 419 802 451 dicam,
812 419 898 455 ipsum
909 426 956 455 per
964 425 1036 447 utra-

236 473 288 499 que
303 464 451 492 auditorem
467 472 563 493 acuere
575 465 608 492 ad
623 465 824 500 obsequendum
836 464 926 498 dictis,
941 469 969 492 et
987 471 1036 499 per

228 511 311 538 'ntilia
321 515 349 539 et
361 519 409 546 per
419 511 514 538 noxia:
530 511 757 547 quemadmodum
772 511 889 546 optimus
903 511 1033 544 medicus,

235 563 263 587 et
276 559 401 587 morbum
412 566 444 586 ex
457 558 627 594 negligentia,
643 563 670 586 et
679 558 820 585 sanitatem
836 563 869 585 ex
883 557 1033 584 obedientia

231 610 462 633 cornmonstraus.
478 604 544 632 Vide
559 605 647 639 igitur,
660 607 788 639 quantum
802 603 845 631 hic
857 603 960 630 lucrum
971 610 1033 629 rur-

234 659 282 680 sus
295 651 428 683 ostendat,
444 656 471 678 et
485 650 620 686 quomodo
634 649 709 677 utilia
723 653 810 684 paret,
824 648 888 676 dum
899 647 1032 676 contraria

235 698 314 725 tollit.
332 697 422 731 Neque
434 696 516 728 enim,
531 694 733 730 inquit,divititn
745 694 806 723 ideo
820 698 922 721 tantum
936 698 1034 721 nocent

233 744 321 777 vobis,
342 744 413 778 quod
427 742 501 770 iures
514 746 609 770 contra
623 748 669 769 vos
681 741 764 769 armis
779 741 922 772 instruant,
945 747 1032 775 neque

221 790 304 826 "quod
319 795 435 817 mentem
454 788 565 817 omnino
585 787 703 816 tenebris
715 787 869 819 oﬂnndant;
890 786 938 814 sed
951 786 1031 814 etiam

229 836 304 870 quod
319 844 352 864 ex
365 836 494 863 servitute
509 835 555 862 Dei
566 834 749 868 vosdcjiciant
760 854 767 867 ,
782 833 935 860 inanimatis
949 840 1032 867 pecu—

232 882 286 910 niis
298 889 347 909 vos
361 882 483 917 captivos
497 880 644 912 tradentes,
660 884 688 907 et
709 880 834 914 utrinque
848 883 989 911 nocentes,
1003 882 1032 906 et

210 938 213 941 ·
231 928 304 964 quod
316 935 412 955 servos
425 927 542 955 efficiant
557 933 650 953 eorum
664 925 759 961 quibus
775 925 906 960 imperare
918 925 1030 952 debere-

210 980 342 1008 '-mus,.ct
353 974 425 1010 quod
442 982 488 1002 vos
501 982 515 1001 a
529 974 657 1002 servitute
671 973 717 1000 Dei
731 972 868 1007 dciiciant,
887 972 930 999 cui
945 972 1031 999 mari»

222 1027 277 1049 'm‘e
296 1021 397 1049 servire
418 1026 530 1048 necesse
552 1020 629 1047 vobis
647 1023 698 1047 est.
713 1018 942 1053 Quemadmodum
954 1018 1028 1046 enim

230 1066 287 1095 illic
298 1067 377 1094 etiam
388 1065 487 1101 duplex
502 1072 562 1093 esse
575 1070 766 1092 nocnmeutum
776 1063 903 1097 ostendit,
916 1067 945 1091 et
958 1063 1028 1098 quod

226 1114 267 1141 'ibi
280 1114 458 1149 deponantur,
475 1112 519 1140 ubi
533 1119 624 1146 asrugo
646 1110 775 1143 corrodit,
790 1115 818 1138 et
836 1110 906 1146 quod
922 1110 957 1137 ibi
973 1118 1026 1137 non

230 1160 408 1195 deponantur,
423 1158 467 1186 ubi
480 1162 534 1185 tuta
544 1157 682 1185 custodia:
694 1156 733 1184 sic
752 1160 780 1184 et
801 1156 851 1183 hoc
864 1157 923 1183 loco
937 1155 1026 1190 dupli-

230 1214 288 1234 cem
304 1213 401 1233 noxam
423 1204 551 1236 ostendit,
572 1208 600 1231 et
621 1203 693 1238 quod
714 1211 729 1230 a
750 1202 804 1230 Deo
819 1201 985 1234 abstraham,
1001 1206 1027 1230 ct

227 1251 300 1286 quod
321 1259 454 1278 mamonae
468 1250 619 1285 subjiciant.
641 1249 694 1277 Sed
715 1257 768 1276 non
788 1248 878 1276 statim
898 1248 924 1275 id
940 1247 1025 1284 ponit,

228 1297 276 1325 scd
291 1297 316 1324 id
333 1297 406 1332 prius
419 1304 450 1324 ex
464 1296 652 1324 communibus
668 1299 743 1330 parat
756 1294 914 1328 ratiociniis,
932 1294 972 1321 sic
983 1293 1025 1321 di-

218 1350 309 1371 cens:
323 1343 406 1369 Nemo
422 1346 503 1377 potest
525 1342 622 1368 duobus
643 1341 753 1367 dominis
769 1340 861 1367 servire
871 1348 881 1367 :
894 1340 963 1367 duos
983 1339 1028 1367 hin:

216 1389 322 1416 idicens
336 1389 379 1424 qui
395 1388 528 1416 contraria
545 1387 709 1421 pra-cipianl.
723 1385 789 1413 Nam
802 1386 824 1414 si
838 1386 863 1413 id
877 1394 928 1413 non
942 1390 1025 1420 esset,

228 1442 281 1462 non
296 1434 349 1461 duo
361 1433 460 1461 forent.
476 1433 543 1460 Nam
559 1432 733 1459 Multitudinis
748 1431 903 1459 credentium
915 1435 968 1458 erat
982 1439 1026 1459 cor

226 1488 307 1508 uirum
321 1484 344 1507 et
356 1480 443 1508 anima
454 1487 508 1506 una
524 1478 592 1513 (Act.
609 1478 637 1506 ι.
658 1479 703 1512 52)
714 1485 720 1505 :
731 1478 794 1505 licet
806 1477 877 1505 enim
891 1482 983 1506 essent
998 1478 1025 1505 in

228 1526 304 1561 plura
312 1532 423 1560 corpora
431 1525 520 1557 divisi,
529 1528 646 1551 attamen
654 1523 795 1551 concordia
804 1523 931 1558 plurimos
942 1531 1023 1550 unum

219 1571 371 1600 efﬁciebat.
386 1570 487 1598 Deinde
498 1569 542 1598 illa
556 1570 705 1603 cumulans,
716 1569 779 1597 dicit
789 1579 796 1596 :
806 1569 865 1597 Non
880 1570 960 1597 modo
969 1577 1023 1598 non

226 1619 336 1650 serviet,
357 1618 403 1645 sed
419 1618 498 1645 etiam
514 1617 575 1644 odio
590 1612 708 1644 habebit.
721 1620 748 1643 et
770 1616 935 1644 aversabitnr
949 1624 957 1643 :
973 1616 1023 1643 Aut

209 1667 293 1692 ’em'm
305 1673 384 1692 unum
398 1664 457 1691 odio
471 1663 579 1696 habebit,
598 1663 692 1698 inquit,
706 1668 730 1689 et
742 1663 851 1690 alterutri
864 1662 1022 1697 diligendi“

210 1719 304 1738 "unum
318 1711 460 1744 sustinebit,
472 1715 497 1737 ct
509 1710 616 1737 alterunt
629 1713 779 1736 contemnet.
796 1710 834 1736 Ac
849 1708 954 1735 videtur
963 1709 1022 1743 qni-

208 1767 211 1773 ι
223 1757 285 1784 dem
300 1757 340 1784 bis
354 1756 467 1790 idipsuui
482 1755 597 1788 dixisse;
614 1754 660 1782 sed
674 1762 726 1782 non
738 1754 797 1781 sine
817 1761 897 1781 causa
911 1754 951 1781 sic
963 1761 1020 1781 rem

218 1802 403 1834 concinnavit,
417 1800 464 1828 sed
487 1805 515 1827 ut
535 1800 690 1828 ostenderet
704 1799 807 1827 facilem
822 1806 883 1827 esse
896 1798 1022 1826 mutatio-

223 1854 284 1875 nem
300 1847 326 1874 in
340 1847 445 1874 melius.
456 1845 612 1874 Nealiceres
624 1845 707 1877 enim,
726 1844 814 1872 Semel
826 1852 921 1872 servus
934 1844 1020 1872 factus

220 1901 292 1927 sum,
308 1893 460 1921 divitiarum
474 1892 616 1928 tyrannide
630 1898 793 1926 oppressus:
804 1889 924 1918 ostendit
939 1896 1019 1924 posse

220 1940 248 1967 in
261 1939 340 1967 aliam
353 1939 474 1967 converti
496 1943 599 1973 partem
618 1942 667 1965 :et
678 1936 748 1964 sicut
762 1943 795 1963 ea
819 1936 868 1963 ista
885 1936 914 1963 in
931 1935 1015 1967 illam,

214 1986 260 2014 sic
277 1993 311 2014 ex
327 1986 370 2013 illa
391 1985 418 2013 in
440 1986 517 2012 istam
531 1984 632 2012 venire.
649 1983 721 2011 Cum
733 1990 798 2018 ergo
811 1982 863 2010 hoc
876 1981 1016 2010 indeﬁnite

201 2043 205 2048 “
217 2032 339 2064 dixisset,
353 2039 408 2066 quo
416 2031 529 2058 auditorl
540 2029 675 2062 suaderet,
683 2033 713 2057 ut
724 2035 830 2064 :equum
842 2035 873 2056 se
881 2027 1013 2055 dictorum

206 2077 331 2112 judicent
347 2082 463 2112 gereret,
479 2081 512 2104 et
532 2084 565 2104 cx
587 2076 644 2110 ipsa
658 2080 748 2102 rerum
764 2078 857 2101 natura
881 2073 1013 2100 calculum

217 2124 309 2155 ferret,
326 2122 549 2158 postquamillnm
555 2121 610 2149 sibi
617 2120 829 2149 consentientem
840 2117 941 2149 habuit,
951 2123 1013 2146 tunc

200 2170 334 2204 “Suipsum
350 2170 465 2201 revelat;
486 2168 623 2203 subjunxit
643 2163 733 2194 enim:
749 2165 810 2193 Non
833 2166 935 2200 potestis
957 2164 1011 2192 Deo

203 2216 307 2243 wet-circ
323 2220 345 2242 et
363 2222 500 2242 mamome.
525 2214 756 2241 Eabarrescamus
777 2211 924 2247 cogitantes
946 2212 1009 2247 quid

204 2262 348 2290 ‘Christum
363 2261 453 2289 dicere
463 2261 609 2296 coegimus,
626 2260 661 2287 ita
677 2263 707 2287 ut
718 2266 780 2287 cum
793 2258 847 2286 Deo
855 2264 949 2285 aurum
959 2265 1008 2293 po-

211 2313 298 2337 neret.
314 2307 389 2341 Quod
413 2307 435 2335 si
455 2306 519 2335 illud
537 2305 674 2338 horribile,
696 2305 775 2340 longe
798 2304 952 2332 horribilius
966 2307 1008 2331 est

196 2356 263 2382 -’~hoc
275 2355 361 2389 reipsa
377 2354 443 2386 ﬁeri,
459 2358 486 2381 et
501 2352 650 2381 Deitimori
667 2352 726 2379 auri
746 2351 914 2387 tyrannidem
928 2354 1006 2377 ante-

194 2402 282 2429 "l'crri.
298 2401 366 2435 Quid
381 2400 477 2436 igitur?
491 2407 580 2427 annon
602 2398 672 2434 apud
688 2402 793 2425 vaeres
816 2396 930 2432 idipsum
948 2395 1004 2423 fieri

195 2447 311 2483 ipotuit?
325 2447 442 2474 Minime.
458 2445 599 2481 Quomodo
619 2452 684 2481 ergo
703 2443 848 2474 Abraham,
870 2442 1004 2478 quomodo

205 2495 256 2522 Job
272 2494 370 2521 virtute
388 2493 525 2521 claruere‘.’
539 2493 578 2520 Ne
595 2493 659 2519 mihi
674 2491 771 2519 divites
795 2498 939 2523 memores,
955 2490 1001 2517 sed

194 2540 304 2567 ‘divitiis
319 2539 479 2566 servientes.
503 2539 568 2566 Nam
584 2539 635 2566 Job
650 2539 724 2565 (lives
745 2538 852 2572 quidem
867 2541 936 2569 erat,
954 2538 999 2563 sed

195 2593 257 2614 (non
266 2586 407 2613 serviebat
421 2593 566 2618 mamontu;
581 2585 687 2612 divitias
701 2582 816 2611 habebat
832 2587 859 2610 et
881 2583 999 2612 tenebat.

196 2640 234 2660 iac
246 2632 381 2664 dominus,
393 2639 450 2658 'non
465 2639 557 2658 servus
571 2636 638 2658 erat.
654 2631 757 2658 Etenim
770 2630 838 2656 sicut
851 2630 997 2656 alienarum

199 2678 375 2712 pecuniarum
397 2677 577 2712 dispensator,
600 2677 638 2703 sic
659 2677 701 2703 illa
717 2675 805 2702 omnia
821 2674 996 2709 possidebat:

197 2729 257 2751 mon
267 2723 349 2750 modo
357 2724 445 2750 aliena
457 2732 509 2750 non
521 2724 639 2758 rapiens,
649 2725 695 2751 sed
706 2725 787 2751 etiam
800 2732 847 2752 sua
860 2726 1000 2759 egentibus

197 2767 332 2803 dargiens.
340 2769 470 2803 Quodque
480 2769 568 2804 majus
577 2775 616 2797 est
628 2777 635 2796 :
647 2778 695 2797 nec
704 2771 736 2797 de
746 2771 924 2805 praesentibus
934 2778 1000 2805 gau-

204 2815 294 2846 debat,
309 2820 338 2841 ιιι
354 2816 397 2842 ille
412 2816 532 2843 declarat
546 2816 640 2844 dicens
653 2825 661 2844 :
677 2816 708 2844 Si
725 2817 831 2843 ltetatus
846 2824 916 2849 sum,
929 2816 1000 2851 quod

200 2862 296 2888 meum
307 2861 373 2888 mihi
383 2866 470 2888 essent
484 2861 584 2889 divitiis
598 2861 670 2897 (Job.
683 2861 729 2889 3|.
740 2862 803 2897 25);
819 2863 935 2897 ideoque
947 2862 1001 2891 illis

205 2909 315 2936 amissis
327 2916 382 2935 non
397 2908 490 2937 doluit.
504 2909 539 2936 At
555 2916 608 2937 non
624 2910 692 2937 tales
708 2910 788 2938 hodie
802 2909 899 2938 divites
912 2912 977 2937 sunt
991 2917 999 2937 ς

596 176 623 204 S.
643 176 783 204 JOANNIS
800 173 1042 205 CIIRYSOSTOMI
1060 175 1219 205 ARCHIEP.
1239 178 1506 209 CONSTANTINOI'.

1834 185 1886 214 296

1091 234 1140 263 sed
1165 236 1278 271 captivis
1302 238 1466 273 quibuslibet
1488 240 1605 268 deterius
1628 241 1726 274 aﬂ‘ccti,
1743 249 1884 277 mamonai,

1090 282 1166 316 quasi
1181 285 1295 317 tyranno
1305 283 1411 311 cuidam
1425 286 1523 312 acerbo
1535 286 1632 313 tributa
1650 287 1808 321 pendentes.
1822 289 1886 316 Nam

1089 328 1165 362 quasi
1178 335 1268 356 arcem
1280 329 1421 364 quamdam
1446 331 1563 365 ipsorum
1583 332 1703 360 animum
1717 340 1794 361 amor
1807 342 1885 369 pecu-

1088 373 1192 401 niarum
1208 374 1314 408 invasit,
1328 379 1356 403 et
1366 376 1489 403 mandata
1503 377 1575 404 omni
1587 378 1664 412 plena
1676 378 1815 414 iniquitate
1825 380 1886 408 inde

1087 418 1153 455 ipsis
1166 421 1247 448 mittit
1257 422 1375 456 quotidie
1386 430 1393 451 :
1406 430 1537 458 nemoque
1547 428 1589 451 est
1598 424 1642 459 qui
1653 425 1703 460 ipsi
1714 433 1766 452 non
1780 426 1885 454 obtem-

1087 470 1173 499 peret.
1191 466 1229 494 Ne
1247 467 1335 502 itaque
1348 467 1374 495 in
1388 476 1487 496 vanum
1502 468 1707 505 philosopheris.
1721 471 1787 498 Nam
1800 471 1886 501 semel

1088 510 1159 539 Deus
1169 513 1329 540 sententiam
1344 514 1415 547 tulit,
1431 514 1552 550 dixitque
1566 523 1619 542 non
1635 523 1714 550 posse
1729 515 1799 544 hanc
1812 522 1839 544 et
1850 517 1884 544 il-

1086 556 1138 584 lam
1149 558 1303 585 servitutem
1313 567 1365 586 una
1373 567 1543 588 concurrere.
1555 560 1595 589 Ne
1603 561 1677 588 dicas
1685 568 1749 596 ergo
1758 566 1795 594 tu,
1806 569 1885 596 posse

1085 609 1256 631 concurrere.
1271 604 1337 632 Cum
1348 605 1418 633 enim
1434 606 1478 633 ille
1492 614 1596 640 rapere,
1608 606 1652 635 hie
1661 614 1723 635 sese
1734 608 1885 642 exspoliare

1083 646 1190 682 iubeat;
1202 648 1245 676 hic
1257 655 1360 678 castum
1374 658 1444 683 esse,
1460 651 1505 679 ille
1514 651 1655 686 fornicati;
1667 653 1710 681 hic
1721 652 1848 682 inebriari
1856 659 1884 682 et

1085 700 1185 721 mensa
1198 694 1301 724 deliciis
1314 696 1378 729 frui,
1395 697 1439 724 ille
1453 703 1573 725 ventrem
1595 699 1744 734 moderari;
1769 700 1815 728 hie
1833 699 1884 728 de-

1084 739 1188 775 spicere
1203 743 1354 777 praesentia,
1376 743 1421 771 ille
1443 744 1475 771 iis
1488 743 1605 776 luet-ere;
1621 745 1665 773 ille
1677 746 1734 780 ipse
1746 754 1882 776 marmora

1084 787 1176 815 mirari
1197 791 1226 816 et
1249 793 1359 817 ornatos
1382 790 1498 826 parietes
1519 795 1600 827 atque
1611 790 1763 826 laquearia;
1779 793 1824 821 hic
1836 793 1883 821 illa

1083 832 1223 868 despicere
1233 839 1261 862 et
1272 835 1469 871 philosophiam
1490 837 1579 865 colere
1595 846 1605 865 ί
1621 838 1755 873 quomodo
1768 842 1884 873 possunt

1083 876 1142 906 ll:ec
1154 880 1317 908 convenire?

1118 924 1145 951 2.
1177 925 1263 958 Quare
1283 925 1315 952 de
1334 934 1458 953 mamona
1482 927 1555 961 quasi
1578 927 1610 955 de
1635 928 1736 956 domum
1762 926 1883 965 loquntur

1082 969 1208 997 Christus.
1223 970 1324 998 Damna
1339 980 1371 999 es;
1388 972 1483 1000 divitiis
1497 979 1582 1007 parta.
1592 989 1627 995 —
1637 974 1685 1002 llic
1699 983 1779 1010 porro
1787 976 1881 1004 domi-

1082 1023 1146 1043 num
1163 1024 1314 1044 mauionam
1337 1019 1450 1051 vocavit,
1471 1027 1525 1047 non
1546 1020 1617 1055 quod
1641 1026 1734 1048 natura
1755 1023 1816 1050 talis
1833 1024 1880 1056 sit,

1080 1061 1128 1088 sed
1142 1062 1177 1089 ob
1191 1070 1284 1090 eorum
1303 1064 1350 1099 qui
1370 1071 1430 1091 sese
1452 1065 1489 1092 illi
1505 1065 1646 1100 subjceere
1664 1068 1813 1095 miseriam.
1831 1068 1881 1096 Sit:

1080 1108 1161 1135 etiam
1175 1114 1297 1136 ventrem
1311 1110 1390 1137 deum
1414 1116 1504 1145 vomt,
1526 1119 1579 1138 non
1604 1120 1618 1139 a
1639 1112 1768 1148 dignitate
1790 1114 1881 1142 domi-

1080 1155 1180 1185 nantis.
1201 1155 1249 1182 sed
1270 1163 1285 1183 a
1304 1156 1478 1184 servientium
1500 1158 1623 1190 miseria:
1645 1159 1715 1194 quod
1729 1161 1804 1188 omni
1817 1169 1881 1197 sup.

1079 1199 1159 1234 plicio
1172 1201 1249 1236 pejus
1262 1206 1314 1234 est,
1335 1207 1363 1229 ct
1381 1208 1446 1230 ante
1465 1204 1625 1239 supplicium
1642 1210 1729 1240 potest
1741 1208 1880 1242 captivum

1079 1247 1182 1275 ulcisci.
1196 1248 1299 1281 Quibus
1311 1249 1383 1276 enim
1396 1249 1529 1277 damnatis
1542 1251 1697 1279 miseriores
1711 1261 1764 1280 non
1778 1253 1881 1283 fuerint

1079 1293 1108 1326 ii,
1129 1293 1173 1328 qui
1195 1293 1278 1321 Deum
1299 1293 1438 1322 dominum
1459 1294 1598 1329 habentes,
1618 1304 1633 1323 a
1655 1301 1710 1325 tam
1732 1305 1877 1328 mansueto

1078 1339 1126 1367 illo
1145 1347 1228 1375 regno
1247 1340 1282 1368 ad
1305 1341 1490 1376 gravissimam
1512 1350 1543 1370 se
1566 1344 1735 1379 tyrannidem
1759 1346 1879 1375 transfe-

1079 1389 1142 1412 runt
1152 1385 1304 1421 subigendi,
1323 1394 1383 1413 cum
1397 1391 1501 1416 tantum
1514 1387 1577 1415 hinc
1590 1388 1781 1417 detrimentum
1794 1391 1878 1420 etiam

1078 1430 1105 1458 in
1122 1435 1192 1458 terra
1212 1431 1365 1467 accipiant?
1376 1432 1443 1460 Nam
1459 1432 1522 1461 hinc
1532 1434 1660 1462 damnum
1674 1436 1779 1470 ingens,
1802 1437 1875 1470 lites,

1077 1477 1218 1510 molestize,
1234 1478 1457 1510 concertationes,
1472 1479 1588 1513 labores,
1602 1481 1699 1508 animae
1714 1482 1833 1516 accitas,
1847 1489 1877 1511 es

1076 1523 1147 1558 quod
1159 1524 1278 1551 omnium
1290 1524 1476 1559 gravissimum
1489 1530 1541 1558 est,
1555 1526 1599 1553 illa
1612 1534 1745 1555 mamona:
1756 1530 1877 1558 servitus

1075 1576 1091 1596 a
1117 1570 1242 1605 supernis
1270 1570 1348 1598 bonis
1373 1578 1424 1598 nos
1449 1571 1571 1606 dejicit‘.
1596 1572 1661 1600 Cum
1686 1573 1765 1609 igitur
1784 1582 1818 1602 ex
1839 1576 1875 1604 iis

1075 1616 1200 1643 omnibus
1218 1616 1379 1644 ostendisset
1404 1622 1502 1652 quanta
1524 1617 1624 1645 utilitas
1643 1626 1675 1646 ex
1699 1621 1874 1654 pecuniarum

1076 1667 1232 1696 contemptu
1245 1663 1399 1697 proveniret
1411 1668 1439 1690 et
1451 1664 1484 1691 ad
1498 1665 1582 1700 ipsam
1597 1666 1769 1701 pecuniarum
1781 1673 1872 1695 custo-

1073 1709 1156 1742 diam,
1172 1713 1200 1736 et
1218 1709 1251 1736 ad
1273 1709 1370 1737 anima:
1390 1710 1564 1745 voluptatem,
1586 1716 1614 1738 et
1633 1711 1667 1738 ad
1693 1711 1872 1748 philosophia

1073 1756 1281 1790 possessionem,
1295 1760 1323 1783 et
1334 1756 1367 1783 ad
1381 1756 1488 1791 pietatis
1502 1756 1621 1789 tutelam.
1636 1757 1744 1785 demum
1761 1758 1869 1793 probat,

1072 1800 1156 1836 ipsam
1171 1809 1238 1834 rem,
1254 1801 1288 1829 de
1301 1809 1353 1835 qua
1370 1802 1507 1834 admonet,
1530 1810 1609 1837 posse
1629 1803 1696 1831 lieri.
1716 1804 1777 1832 ll:ec
1794 1805 1869 1832 enim

1072 1846 1139 1881 legis
1160 1846 1276 1874 ferendze
1298 1847 1398 1882 optima
1425 1848 1495 1875 ratio
1521 1852 1581 1881 est,
1610 1856 1664 1876 non
1687 1849 1768 1876 modo
1792 1850 1868 1878 utilia

1070 1894 1227 1928 praecipere,
1242 1893 1288 1920 sed
1303 1893 1383 1921 etiam
1398 1893 1534 1928 possibilia
1549 1893 1679 1927 reddere;
1701 1894 1814 1930 ideoque
1826 1896 1868 1924 sic

1070 1940 1178 1974 pergit:
1200 1939 1245 1966 2‘).
1268 1938 1356 1966 Nolite
1377 1939 1479 1966 solliciti
1500 1947 1553 1966 esse
1573 1939 1667 1966 animle
1685 1945 1782 1972 vestra,
1801 1940 1868 1974 quid

1068 1986 1233 2013 manducetis
1256 1986 1294 2013 Ne
1308 1986 1379 2013 enim
1402 1985 1533 2018 dicerent,
1546 1985 1615 2019 Quid
1634 1986 1719 2021 ergo?
1731 1986 1753 2013 si
1773 1986 1864 2014 omnia

1066 2032 1248 2067 projiriamus,
1266 2032 1400 2066 quomodo
1416 2032 1507 2059 vivere
1528 2031 1697 2066 poterimus?
1709 2032 1770 2059 huic
1786 2032 1866 2066 obje-

1066 2078 1146 2105 ctioui
1170 2082 1320 2112 opportune
1334 2077 1461 2106 occurrit.
1475 2076 1550 2104 Sicut
1562 2076 1633 2104 enim
1652 2076 1675 2104 si
1694 2084 1709 2104 a
1731 2077 1864 2112 principio

1064 2124 1185 2155 dixisset,
1208 2123 1296 2150 Nolite
1314 2123 1417 2150 solliciti
1437 2131 1501 2155 esse,
1523 2122 1653 2150 molestus
1672 2130 1764 2150 sermo
1786 2123 1864 2152 visus

1064 2176 1135 2198 esset
1149 2179 1156 2197 :
1172 2171 1211 2198 sic
1227 2174 1366 2205 postquam
1379 2169 1497 2197 ostendit
1508 2169 1653 2204 perniciem
1665 2176 1698 2196 ex
1710 2176 1801 2196 amore
1813 2177 1864 2204 pe-

1062 2217 1149 2245 cunim
1175 2221 1295 2251 partam,
1320 2220 1399 2249 captu
1426 2214 1533 2242 facilem
1558 2219 1651 2249 postea
1678 2214 1860 2242 hortationem

1061 2262 1179 2291 adhibet.
1197 2261 1311 2296 Ideoque
1326 2268 1378 2287 non
1392 2260 1472 2287 modo
1486 2260 1562 2291 dixit,
1581 2259 1668 2286 Nolite
1680 2259 1782 2286 solliciti
1791 2266 1859 2293 esse,

1060 2309 1106 2337 sed
1120 2309 1208 2336 addita
1225 2315 1314 2337 causa.
1331 2307 1370 2335 sic
1383 2310 1546 2342 prteccptum
1567 2306 1672 2334 extulit.
1698 2305 1763 2332 Cum
1782 2306 1858 2333 enim

1058 2356 1180 2386 dixisset,
1198 2354 1257 2381 Non
1277 2354 1380 2388 potestis
1402 2352 1457 2379 Deo
1478 2352 1571 2379 seruire
1593 2355 1617 2378 et
1639 2357 1771 2383 nimome,
1791 2351 1857 2378 sub-

1055 2401 1143 2437 junin
1160 2409 1166 2427 :
1185 2400 1324 2434 Propterea
1339 2399 1396 2425 dico
1407 2397 1486 2429 vobis,
1501 2397 1578 2423 nolite
1589 2396 1692 2423 solliciti
1702 2403 1766 2422 esse.
1784 2393 1854 2421 Pro-

1056 2453 1152 2483 pterea,
1168 2446 1269 2481 quare?
1285 2445 1396 2479 Propter
1411 2444 1503 2478 ingens
1516 2442 1655 2469 datnnum.
1670 2440 1761 2476 Neque
1778 2441 1853 2468 enim

1055 2496 1080 2522 in
1097 2493 1216 2528 pecuniis
1230 2495 1332 2518 tantum
1348 2496 1417 2523 noxa
1430 2493 1481 2520 est,
1502 2488 1550 2515 sed
1570 2488 1650 2515 etiam
1667 2487 1693 2514 in
1707 2487 1853 2522 praecipuis

1055 2542 1129 2576 plaga
1147 2538 1284 2573 inﬂigitur,
1300 2536 1380 2563 etiam
1396 2543 1427 2562 ex
1441 2534 1536 2562 salutis
1553 2533 1707 2561 amissione.
1722 2532 1788 2560 Nam
1801 2541 1852 2560 vos

1051 2595 1065 2612 a
1091 2584 1145 2612 De'o
1164 2588 1296 2615 creatore,
1314 2586 1448 2613 curatore,
1471 2585 1591 2607 amatore
1612 2579 1750 2613 delicium.
1782 2577 1850 2606 1³η)-

1054 2636 1136 2666 pterea
1149 2631 1206 2657 dico
1219 2630 1297 2662 vobis,
1320 2628 1408 2655 Nolite
1422 2627 1525 2655 solliciti
1545 2635 1608 2653 esse.
1625 2625 1756 2660 Quoniam
1775 2626 1848 2653 cnim

1052 2677 1145 2712 ingens
1163 2679 1352 2703 nocumentum
1370 2672 1498 2704 ostendit,
1522 2676 1685 2707 prmccplum
1711 2671 1844 2698 extendit.

1050 2724 1108 2752 Non
1120 2723 1201 2751 modo
1212 2722 1284 2749 enim
1296 2721 1364 2748 bona
1378 2720 1477 2755 ejicere
1488 2719 1576 2754 jubet,
1592 2718 1639 2746 sed
1660 2718 1741 2746 etiam
1754 2717 1788 2745 de
1802 2725 1847 2745 ne.

1049 2770 1165 2799 cessorio
1185 2769 1246 2797 cibo
1268 2767 1397 2795 sollicitos
1418 2773 1479 2794 esse
1500 2770 1589 2799 vetat,
1609 2765 1701 2792 dicens
1725 2775 1731 2792 :
1758 2763 1846 2791 Nolite

1047 2816 1150 2844 solliciti
1161 2823 1215 2842 esse
1229 2813 1321 2841 animae
1335 2818 1432 2846 autne,
1445 2812 1507 2848 quid
1521 2811 1689 2839 manducetis.
1703 2809 1761 2837 Non
1771 2809 1842 2845 quod

1079 2868 1145 2900 t_Ed.
1157 2867 1282 2900 cantatae,
1299 2866 1369 2898 cujus
1383 2866 1466 2900 Grates
1478 2862 1672 2900 expressum}:
1716 2868 1740 2900 σε
1749 2867 1780 2900 με
1790 2866 1842 2900 1-4;

1049 2891 1337 2955 (quietervgtmamonaj
1360 2895 1453 2924 excidtl
1470 2902 1485 2921 a
1506 2891 1617 2925 supernis
1635 2891 1757 2923 πωπω
1768 2891 1843 2922 etim

1048 2936 1112 2956 serui
1124 2935 1148 2954 to
1185 2935 1216 2955 ει.
