  <div class='ocr_page' id='page_1' title='image "/cluster/home/n/w/nwhite01/storage/ocr_20150623/57:no.7:pt.1/coo.31924054869577/226.png"; bbox 0 0 4036 6462; ppageno 0'>
   <div class='ocr_carea' id='block_1_1' title="bbox 359 499 467 554">
    <p class='ocr_par' dir='ltr' id='par_1_1' title="bbox 359 499 467 554">
     <span class='ocr_line' id='line_1_1' title="bbox 359 499 467 554; baseline -0.009 0"><span class='ocrx_word' id='word_1_1' title='bbox 359 499 467 554; x_wconf 72' lang='lat'><strong>2‘07</strong></span> 
     </span>
    </p>
   </div>
   <div class='ocr_carea' id='block_1_2' title="bbox 360 596 1950 694">
    <p class='ocr_par' dir='ltr' id='par_1_2' title="bbox 360 596 1950 694">
     <span class='ocr_line' id='line_1_2' title="bbox 360 596 1950 694; baseline -0.01 -27"><span class='ocrx_word' id='word_1_2' title='bbox 360 610 540 682; x_wconf 78' lang='lat' dir='ltr'><strong>anima</strong></span> <span class='ocrx_word' id='word_1_3' title='bbox 569 612 695 677; x_wconf 78' lang='lat' dir='ltr'><strong>cibo</strong></span> <span class='ocrx_word' id='word_1_4' title='bbox 719 608 1227 694; x_wconf 32' lang='lat' dir='ltr'><strong>cyathincorporca</strong></span> <span class='ocrx_word' id='word_1_5' title='bbox 1259 602 1400 656; x_wconf 88' lang='lat' dir='ltr'><strong>cnim</strong></span> <span class='ocrx_word' id='word_1_6' title='bbox 1422 610 1537 664; x_wconf 85' lang='lat' dir='ltr'><strong>est;</strong></span> <span class='ocrx_word' id='word_1_7' title='bbox 1566 598 1658 655; x_wconf 88' lang='lat' dir='ltr'><strong>sed</strong></span> <span class='ocrx_word' id='word_1_8' title='bbox 1678 596 1950 654; x_wconf 86' lang='lat' dir='ltr'><strong>communi</strong></span> 
     </span>
    </p>
   </div>
   <div class='ocr_carea' id='block_1_3' title="bbox 364 689 1950 772">
    <p class='ocr_par' dir='ltr' id='par_1_3' title="bbox 364 689 1950 772">
     <span class='ocr_line' id='line_1_3' title="bbox 364 689 1950 772; baseline -0.01 -14"><span class='ocrx_word' id='word_1_9' title='bbox 364 701 623 772; x_wconf 71' lang='lat' dir='ltr'><strong>loquendi</strong></span> <span class='ocrx_word' id='word_1_10' title='bbox 665 689 815 763; x_wconf 64' lang='lat' dir='ltr'><strong>more</strong></span> <span class='ocrx_word' id='word_1_11' title='bbox 871 713 1000 764; x_wconf 77' lang='lat' dir='ltr'><strong>usus</strong></span> <span class='ocrx_word' id='word_1_12' title='bbox 1041 706 1144 752; x_wconf 89' lang='lat' dir='ltr'><strong>est.</strong></span> <span class='ocrx_word' id='word_1_13' title='bbox 1184 692 1447 763; x_wconf 77' lang='lat' dir='ltr'><strong>,Etiamsi.</strong></span> <span class='ocrx_word' id='word_1_14' title='bbox 1477 691 1620 746; x_wconf 87' lang='lat' dir='ltr'><strong>enim</strong></span> <span class='ocrx_word' id='word_1_15' title='bbox 1671 689 1793 745; x_wconf 82' lang='lat' dir='ltr'><strong>cibo</strong></span> <span class='ocrx_word' id='word_1_16' title='bbox 1843 702 1950 743; x_wconf 77' lang='lat' dir='ltr'><strong>non</strong></span> 
     </span>
    </p>
   </div>
   <div class='ocr_carea' id='block_1_4' title="bbox 363 780 1952 866">
    <p class='ocr_par' dir='ltr' id='par_1_4' title="bbox 363 780 1952 866">
     <span class='ocr_line' id='line_1_4' title="bbox 363 780 1952 866; baseline -0.012 -15"><span class='ocrx_word' id='word_1_17' title='bbox 363 804 541 866; x_wconf 66' lang='lat' dir='ltr'><strong>egeat.</strong></span> <span class='ocrx_word' id='word_1_18' title='bbox 570 809 675 851; x_wconf 90' lang='lat' dir='ltr'><strong>non</strong></span> <span class='ocrx_word' id='word_1_19' title='bbox 700 800 871 863; x_wconf 84' lang='lat' dir='ltr'><strong>potest</strong></span> <span class='ocrx_word' id='word_1_20' title='bbox 896 790 950 844; x_wconf 87' lang='lat' dir='ltr'><strong>in</strong></span> <span class='ocrx_word' id='word_1_21' title='bbox 980 801 1205 856; x_wconf 90' lang='lat' dir='ltr'><strong>corpore</strong></span> <span class='ocrx_word' id='word_1_22' title='bbox 1232 798 1471 848; x_wconf 88' lang='lat' dir='ltr'><strong>manere,</strong></span> <span class='ocrx_word' id='word_1_23' title='bbox 1513 781 1615 836; x_wconf 83' lang='lat' dir='ltr'><strong>nisi</strong></span> <span class='ocrx_word' id='word_1_24' title='bbox 1632 780 1821 851; x_wconf 86' lang='lat' dir='ltr'><strong>ipsum</strong></span> <span class='ocrx_word' id='word_1_25' title='bbox 1848 794 1952 833; x_wconf 84' lang='lat' dir='ltr'><strong>nu-</strong></span> 
     </span>
    </p>
   </div>
   <div class='ocr_carea' id='block_1_5' title="bbox 366 874 1952 957">
    <p class='ocr_par' dir='ltr' id='par_1_5' title="bbox 366 874 1952 957">
     <span class='ocr_line' id='line_1_5' title="bbox 366 874 1952 957; baseline -0.015 -10"><span class='ocrx_word' id='word_1_26' title='bbox 366 891 580 955; x_wconf 72' lang='lat' dir='ltr'><strong>triatur.</strong></span> <span class='ocrx_word' id='word_1_27' title='bbox 613 886 896 957; x_wconf 78' lang='lat' dir='ltr'><strong>Postquam</strong></span> <span class='ocrx_word' id='word_1_28' title='bbox 918 881 1023 937; x_wconf 88' lang='lat' dir='ltr'><strong>hoc</strong></span> <span class='ocrx_word' id='word_1_29' title='bbox 1042 882 1195 945; x_wconf 75' lang='lat' dir='ltr'><strong>dixit,</strong></span> <span class='ocrx_word' id='word_1_30' title='bbox 1227 893 1331 933; x_wconf 92' lang='lat' dir='ltr'><strong>non</strong></span> <span class='ocrx_word' id='word_1_31' title='bbox 1358 876 1673 946; x_wconf 75' lang='lat' dir='ltr'><strong>simpliciter</strong></span> <span class='ocrx_word' id='word_1_32' title='bbox 1696 874 1952 944; x_wconf 78' lang='lat' dir='ltr'><strong>loquitur,</strong></span> 
     </span>
    </p>
   </div>
   <div class='ocr_carea' id='block_1_6' title="bbox 363 964 1953 1045">
    <p class='ocr_par' dir='ltr' id='par_1_6' title="bbox 363 964 1953 1045">
     <span class='ocr_line' id='line_1_6' title="bbox 363 964 1953 1045; baseline -0.009 -11"><span class='ocrx_word' id='word_1_33' title='bbox 363 980 460 1034; x_wconf 75' lang='lat' dir='ltr'><strong>SCtI</strong></span> <span class='ocrx_word' id='word_1_34' title='bbox 490 979 576 1045; x_wconf 87' lang='lat' dir='ltr'><strong>hic</strong></span> <span class='ocrx_word' id='word_1_35' title='bbox 618 979 780 1033; x_wconf 85' lang='lat' dir='ltr'><strong>etiam</strong></span> <span class='ocrx_word' id='word_1_36' title='bbox 809 978 975 1030; x_wconf 89' lang='lat' dir='ltr'><strong>ntitttr</strong></span> <span class='ocrx_word' id='word_1_37' title='bbox 1015 971 1341 1035; x_wconf 82' lang='lat' dir='ltr'><strong>ratiociniis;</strong></span> <span class='ocrx_word' id='word_1_38' title='bbox 1379 983 1606 1040; x_wconf 88' lang='lat' dir='ltr'><strong>quorum</strong></span> <span class='ocrx_word' id='word_1_39' title='bbox 1651 966 1753 1022; x_wconf 82' lang='lat' dir='ltr'><strong>alia</strong></span> <span class='ocrx_word' id='word_1_40' title='bbox 1789 981 1857 1020; x_wconf 76' lang='lat' dir='ltr'><strong>ex</strong></span> <span class='ocrx_word' id='word_1_41' title='bbox 1888 964 1953 1019; x_wconf 81' lang='lat' dir='ltr'><strong>iis</strong></span> 
     </span>
    </p>
   </div>
   <div class='ocr_carea' id='block_1_7' title="bbox 362 1059 1967 1140">
    <p class='ocr_par' dir='ltr' id='par_1_7' title="bbox 362 1059 1967 1140">
     <span class='ocr_line' id='line_1_7' title="bbox 362 1059 1967 1140; baseline -0.009 -16"><span class='ocrx_word' id='word_1_42' title='bbox 362 1086 486 1140; x_wconf 68' lang='lat' dir='ltr'><strong>quae</strong></span> <span class='ocrx_word' id='word_1_43' title='bbox 510 1068 649 1139; x_wconf 86' lang='lat' dir='ltr'><strong>apud</strong></span> <span class='ocrx_word' id='word_1_44' title='bbox 679 1083 775 1122; x_wconf 89' lang='lat' dir='ltr'><strong>nos</strong></span> <span class='ocrx_word' id='word_1_45' title='bbox 811 1074 956 1129; x_wconf 88' lang='lat' dir='ltr'><strong>sunt,</strong></span> <span class='ocrx_word' id='word_1_46' title='bbox 985 1065 1089 1120; x_wconf 89' lang='lat' dir='ltr'><strong>alia</strong></span> <span class='ocrx_word' id='word_1_47' title='bbox 1114 1078 1178 1119; x_wconf 81' lang='lat' dir='ltr'><strong>ex</strong></span> <span class='ocrx_word' id='word_1_48' title='bbox 1206 1061 1325 1116; x_wconf 89' lang='lat' dir='ltr'><strong>aliis</strong></span> <span class='ocrx_word' id='word_1_49' title='bbox 1352 1059 1612 1128; x_wconf 80' lang='lat' dir='ltr'><strong>exemplis</strong></span> <span class='ocrx_word' id='word_1_50' title='bbox 1647 1064 1967 1116; x_wconf 60' lang='lat' dir='ltr'><strong>sumuntur.</strong></span> 
     </span>
    </p>
   </div>
   <div class='ocr_carea' id='block_1_8' title="bbox 368 1147 1955 1230">
    <p class='ocr_par' dir='ltr' id='par_1_8' title="bbox 368 1147 1955 1230">
     <span class='ocr_line' id='line_1_8' title="bbox 368 1147 1955 1230; baseline -0.009 -13"><span class='ocrx_word' id='word_1_51' title='bbox 368 1149 446 1216; x_wconf 66' lang='lat' dir='ltr'><strong>Ex</strong></span> <span class='ocrx_word' id='word_1_52' title='bbox 478 1161 544 1216; x_wconf 88' lang='lat' dir='ltr'><strong>iis</strong></span> <span class='ocrx_word' id='word_1_53' title='bbox 577 1174 694 1230; x_wconf 64' lang='lat' dir='ltr'><strong>qua:</strong></span> <span class='ocrx_word' id='word_1_54' title='bbox 719 1157 859 1229; x_wconf 89' lang='lat' dir='ltr'><strong>apud</strong></span> <span class='ocrx_word' id='word_1_55' title='bbox 886 1172 987 1213; x_wconf 88' lang='lat' dir='ltr'><strong>nos</strong></span> <span class='ocrx_word' id='word_1_56' title='bbox 1015 1163 1140 1210; x_wconf 88' lang='lat' dir='ltr'><strong>sunt</strong></span> <span class='ocrx_word' id='word_1_57' title='bbox 1176 1154 1254 1209; x_wconf 81' lang='lat' dir='ltr'><strong>sic</strong></span> <span class='ocrx_word' id='word_1_58' title='bbox 1290 1153 1401 1207; x_wconf 85' lang='lat' dir='ltr'><strong>ait:</strong></span> <span class='ocrx_word' id='word_1_59' title='bbox 1428 1149 1616 1206; x_wconf 83' lang='lat' dir='ltr'><strong><em>Nonne</em></strong></span> <span class='ocrx_word' id='word_1_60' title='bbox 1644 1149 1815 1203; x_wconf 82' lang='lat' dir='ltr'><strong>anima</strong></span> <span class='ocrx_word' id='word_1_61' title='bbox 1839 1147 1955 1218; x_wconf 83' lang='lat' dir='ltr'><strong>plus</strong></span> 
     </span>
    </p>
   </div>
   <div class='ocr_carea' id='block_1_9' title="bbox 363 1238 1954 1321">
    <p class='ocr_par' dir='ltr' id='par_1_9' title="bbox 363 1238 1954 1321">
     <span class='ocr_line' id='line_1_9' title="bbox 363 1238 1954 1321; baseline -0.008 -15"><span class='ocrx_word' id='word_1_62' title='bbox 363 1261 441 1306; x_wconf 78' lang='lat' dir='ltr'><strong>est</strong></span> <span class='ocrx_word' id='word_1_63' title='bbox 477 1267 629 1321; x_wconf 86' lang='lat' dir='ltr'><strong>quam</strong></span> <span class='ocrx_word' id='word_1_64' title='bbox 661 1265 796 1314; x_wconf 82' lang='lat' dir='ltr'><strong>esca,</strong></span> <span class='ocrx_word' id='word_1_65' title='bbox 826 1257 874 1302; x_wconf 88' lang='lat' dir='ltr'><strong>et</strong></span> <span class='ocrx_word' id='word_1_66' title='bbox 899 1263 1082 1318; x_wconf 82' lang='lat' dir='ltr'><strong>corpus</strong></span> <span class='ocrx_word' id='word_1_67' title='bbox 1111 1245 1228 1316; x_wconf 86' lang='lat' dir='ltr'><strong>plus</strong></span> <span class='ocrx_word' id='word_1_68' title='bbox 1256 1259 1407 1314; x_wconf 81' lang='lat' dir='ltr'><strong>quam</strong></span> <span class='ocrx_word' id='word_1_69' title='bbox 1431 1240 1820 1297; x_wconf 78' lang='lat' dir='ltr'><strong>uestimentum?</strong></span> <span class='ocrx_word' id='word_1_70' title='bbox 1851 1238 1954 1307; x_wconf 87' lang='lat' dir='ltr'><strong>Qui</strong></span> 
     </span>
    </p>
   </div>
   <div class='ocr_carea' id='block_1_10' title="bbox 366 1332 1955 1413">
    <p class='ocr_par' dir='ltr' id='par_1_10' title="bbox 366 1332 1955 1413">
     <span class='ocr_line' id='line_1_10' title="bbox 366 1332 1955 1413; baseline -0.006 -15"><span class='ocrx_word' id='word_1_71' title='bbox 366 1344 529 1413; x_wconf 81' lang='lat' dir='ltr'><strong>igitur</strong></span> <span class='ocrx_word' id='word_1_72' title='bbox 558 1343 608 1398; x_wconf 90' lang='lat' dir='ltr'><strong>id</strong></span> <span class='ocrx_word' id='word_1_73' title='bbox 633 1332 779 1410; x_wconf 77' lang='lat' dir='ltr'><strong>quod</strong></span> <span class='ocrx_word' id='word_1_74' title='bbox 807 1339 979 1412; x_wconf 80' lang='lat' dir='ltr'><strong>majus</strong></span> <span class='ocrx_word' id='word_1_75' title='bbox 1005 1349 1087 1395; x_wconf 84' lang='lat' dir='ltr'><strong>est</strong></span> <span class='ocrx_word' id='word_1_76' title='bbox 1111 1337 1280 1405; x_wconf 83' lang='lat' dir='ltr'><strong>dedit,</strong></span> <span class='ocrx_word' id='word_1_77' title='bbox 1309 1336 1581 1407; x_wconf 87' lang='lat' dir='ltr'><strong>quomodo</strong></span> <span class='ocrx_word' id='word_1_78' title='bbox 1607 1333 1750 1405; x_wconf 90' lang='lat' dir='ltr'><strong>quod</strong></span> <span class='ocrx_word' id='word_1_79' title='bbox 1777 1334 1955 1389; x_wconf 86' lang='lat' dir='ltr'><strong>minus</strong></span> 
     </span>
    </p>
   </div>
   <div class='ocr_carea' id='block_1_11' title="bbox 366 1424 1953 1504">
    <p class='ocr_par' dir='ltr' id='par_1_11' title="bbox 366 1424 1953 1504">
     <span class='ocr_line' id='line_1_11' title="bbox 366 1424 1953 1504; baseline -0.01 -12"><span class='ocrx_word' id='word_1_80' title='bbox 366 1445 454 1493; x_wconf 85' lang='lat' dir='ltr'><strong>est</strong></span> <span class='ocrx_word' id='word_1_81' title='bbox 500 1450 604 1489; x_wconf 89' lang='lat' dir='ltr'><strong>non</strong></span> <span class='ocrx_word' id='word_1_82' title='bbox 650 1432 842 1490; x_wconf 73' lang='lat' dir='ltr'><strong>dabit?</strong></span> <span class='ocrx_word' id='word_1_83' title='bbox 877 1432 968 1504; x_wconf 89' lang='lat' dir='ltr'><strong>qni</strong></span> <span class='ocrx_word' id='word_1_84' title='bbox 1015 1444 1231 1486; x_wconf 87' lang='lat' dir='ltr'><strong>carnem</strong></span> <span class='ocrx_word' id='word_1_85' title='bbox 1276 1444 1396 1499; x_wconf 67' lang='lat' dir='ltr'><strong>quae</strong></span> <span class='ocrx_word' id='word_1_86' title='bbox 1433 1428 1596 1482; x_wconf 86' lang='lat' dir='ltr'><strong>alitur</strong></span> <span class='ocrx_word' id='word_1_87' title='bbox 1632 1424 1953 1491; x_wconf 79' lang='lat' dir='ltr'><strong>eﬂ&#39;ormavit,</strong></span> 
     </span>
    </p>
   </div>
   <div class='ocr_carea' id='block_1_12' title="bbox 366 1514 1958 1599">
    <p class='ocr_par' dir='ltr' id='par_1_12' title="bbox 366 1514 1958 1599">
     <span class='ocr_line' id='line_1_12' title="bbox 366 1514 1958 1599; baseline -0.009 -18"><span class='ocrx_word' id='word_1_88' title='bbox 366 1526 640 1599; x_wconf 87' lang='lat' dir='ltr'><strong>quomodo</strong></span> <span class='ocrx_word' id='word_1_89' title='bbox 665 1525 769 1596; x_wconf 84' lang='lat' dir='ltr'><strong>ipsi</strong></span> <span class='ocrx_word' id='word_1_90' title='bbox 803 1539 981 1580; x_wconf 86' lang='lat' dir='ltr'><strong>escam</strong></span> <span class='ocrx_word' id='word_1_91' title='bbox 1007 1539 1113 1578; x_wconf 87' lang='lat' dir='ltr'><strong>non</strong></span> <span class='ocrx_word' id='word_1_92' title='bbox 1148 1520 1396 1591; x_wconf 74' lang='lat' dir='ltr'><strong>prtebebit</strong></span> <span class='ocrx_word' id='word_1_93' title='bbox 1417 1520 1440 1573; x_wconf 85' lang='lat'><strong>?</strong></span> <span class='ocrx_word' id='word_1_94' title='bbox 1464 1517 1591 1573; x_wconf 86' lang='lat' dir='ltr'><strong>Ideo</strong></span> <span class='ocrx_word' id='word_1_95' title='bbox 1618 1532 1724 1570; x_wconf 90' lang='lat' dir='ltr'><strong>non</strong></span> <span class='ocrx_word' id='word_1_96' title='bbox 1751 1514 1958 1585; x_wconf 87' lang='lat' dir='ltr'><strong>simpli—</strong></span> 
     </span>
    </p>
   </div>
   <div class='ocr_carea' id='block_1_13' title="bbox 366 1607 1989 1681">
    <p class='ocr_par' dir='ltr' id='par_1_13' title="bbox 366 1607 1989 1681">
     <span class='ocr_line' id='line_1_13' title="bbox 366 1607 1989 1681; baseline -0.012 -5"><span class='ocrx_word' id='word_1_97' title='bbox 366 1620 505 1676; x_wconf 83' lang='lat' dir='ltr'><strong>citer</strong></span> <span class='ocrx_word' id='word_1_98' title='bbox 544 1617 680 1673; x_wconf 78' lang='lat' dir='ltr'><strong>dixit</strong></span> <span class='ocrx_word' id='word_1_99' title='bbox 709 1637 723 1673; x_wconf 88' lang='lat'><strong>:</strong></span> <span class='ocrx_word' id='word_1_100' title='bbox 748 1614 926 1670; x_wconf 84' lang='lat' dir='ltr'><strong>Nolite</strong></span> <span class='ocrx_word' id='word_1_101' title='bbox 958 1614 1164 1669; x_wconf 87' lang='lat' dir='ltr'><strong>solliciti</strong></span> <span class='ocrx_word' id='word_1_102' title='bbox 1191 1624 1316 1676; x_wconf 82' lang='lat' dir='ltr'><strong>esse,</strong></span> <span class='ocrx_word' id='word_1_103' title='bbox 1343 1610 1467 1681; x_wconf 79' lang='lat' dir='ltr'><strong>quid</strong></span> <span class='ocrx_word' id='word_1_104' title='bbox 1502 1607 1837 1671; x_wconf 75' lang='lat' dir='ltr'><strong>manducetis,</strong></span> <span class='ocrx_word' id='word_1_105' title='bbox 1866 1613 1989 1658; x_wconf 74' lang='lat' dir='ltr'><strong>aut.</strong></span> 
     </span>
    </p>
   </div>
   <div class='ocr_carea' id='block_1_14' title="bbox 368 1697 1955 1785">
    <p class='ocr_par' dir='ltr' id='par_1_14' title="bbox 368 1697 1955 1785">
     <span class='ocr_line' id='line_1_14' title="bbox 368 1697 1955 1785; baseline -0.01 -18"><span class='ocrx_word' id='word_1_106' title='bbox 368 1728 469 1785; x_wconf 85' lang='lat' dir='ltr'><strong>quo</strong></span> <span class='ocrx_word' id='word_1_107' title='bbox 503 1708 789 1765; x_wconf 80' lang='lat' dir='ltr'><strong>induamini</strong></span> <span class='ocrx_word' id='word_1_108' title='bbox 803 1726 825 1773; x_wconf 85' lang='lat'><strong><em>;</em></strong></span> <span class='ocrx_word' id='word_1_109' title='bbox 862 1709 957 1763; x_wconf 82' lang='lat' dir='ltr'><strong>sed</strong></span> <span class='ocrx_word' id='word_1_110' title='bbox 998 1705 1177 1771; x_wconf 80' lang='lat' dir='ltr'><strong>addit,</strong></span> <span class='ocrx_word' id='word_1_111' title='bbox 1208 1703 1443 1773; x_wconf 82' lang='lat' dir='ltr'><strong>Corpori,</strong></span> <span class='ocrx_word' id='word_1_112' title='bbox 1471 1708 1545 1766; x_wconf 87' lang='lat' dir='ltr'><strong>et,</strong></span> <span class='ocrx_word' id='word_1_113' title='bbox 1573 1700 1803 1764; x_wconf 75' lang='lat' dir='ltr'><strong>Anim;</strong></span> <span class='ocrx_word' id='word_1_114' title='bbox 1831 1697 1955 1767; x_wconf 87' lang='lat' dir='ltr'><strong>quia</strong></span> 
     </span>
    </p>
   </div>
   <div class='ocr_carea' id='block_1_15' title="bbox 370 1789 1955 1872">
    <p class='ocr_par' dir='ltr' id='par_1_15' title="bbox 370 1789 1955 1872">
     <span class='ocr_line' id='line_1_15' title="bbox 370 1789 1955 1872; baseline -0.01 -15"><span class='ocrx_word' id='word_1_115' title='bbox 370 1801 588 1872; x_wconf 79' lang='lat' dir='ltr'><strong>exipsis</strong></span> <span class='ocrx_word' id='word_1_116' title='bbox 615 1808 731 1855; x_wconf 84' lang='lat' dir='ltr'><strong>erat</strong></span> <span class='ocrx_word' id='word_1_117' title='bbox 752 1797 993 1868; x_wconf 80' lang='lat' dir='ltr'><strong>exempla</strong></span> <span class='ocrx_word' id='word_1_118' title='bbox 1021 1804 1352 1864; x_wconf 75' lang='lat' dir='ltr'><strong>sumpturus,</strong></span> <span class='ocrx_word' id='word_1_119' title='bbox 1385 1807 1480 1862; x_wconf 89' lang='lat' dir='ltr'><strong>per</strong></span> <span class='ocrx_word' id='word_1_120' title='bbox 1501 1789 1955 1858; x_wconf 86' lang='lat' dir='ltr'><strong>comparationem</strong></span> 
     </span>
    </p>
   </div>
   <div class='ocr_carea' id='block_1_16' title="bbox 371 1880 1957 1963">
    <p class='ocr_par' dir='ltr' id='par_1_16' title="bbox 371 1880 1957 1963">
     <span class='ocr_line' id='line_1_16' title="bbox 371 1880 1957 1963; baseline -0.009 -17"><span class='ocrx_word' id='word_1_121' title='bbox 371 1892 690 1963; x_wconf 80' lang='lat' dir='ltr'><strong>procedens.</strong></span> <span class='ocrx_word' id='word_1_122' title='bbox 717 1889 823 1946; x_wconf 88' lang='lat' dir='ltr'><strong>Sed</strong></span> <span class='ocrx_word' id='word_1_123' title='bbox 850 1887 1084 1957; x_wconf 78' lang='lat' dir='ltr'><strong>animam</strong></span> <span class='ocrx_word' id='word_1_124' title='bbox 1122 1884 1338 1955; x_wconf 86' lang='lat' dir='ltr'><strong>quidem</strong></span> <span class='ocrx_word' id='word_1_125' title='bbox 1366 1883 1532 1943; x_wconf 83' lang='lat' dir='ltr'><strong>semel</strong></span> <span class='ocrx_word' id='word_1_126' title='bbox 1555 1880 1724 1945; x_wconf 82' lang='lat' dir='ltr'><strong>dedit,</strong></span> <span class='ocrx_word' id='word_1_127' title='bbox 1754 1889 1811 1935; x_wconf 89' lang='lat' dir='ltr'><strong>et</strong></span> <span class='ocrx_word' id='word_1_128' title='bbox 1838 1892 1957 1933; x_wconf 81' lang='lat' dir='ltr'><strong>ma-</strong></span> 
     </span>
    </p>
   </div>
   <div class='ocr_carea' id='block_1_17' title="bbox 373 1976 1962 2051">
    <p class='ocr_par' dir='ltr' id='par_1_17' title="bbox 373 1976 1962 2051">
     <span class='ocr_line' id='line_1_17' title="bbox 373 1976 1962 2051; baseline -0.004 -13"><span class='ocrx_word' id='word_1_129' title='bbox 373 1996 465 2049; x_wconf 81' lang='lat' dir='ltr'><strong>net</strong></span> <span class='ocrx_word' id='word_1_130' title='bbox 480 1981 574 2039; x_wconf 84' lang='lat' dir='ltr'><strong>illa</strong></span> <span class='ocrx_word' id='word_1_131' title='bbox 590 1980 784 2037; x_wconf 84' lang='lat' dir='ltr'><strong>utdata</strong></span> <span class='ocrx_word' id='word_1_132' title='bbox 801 1993 904 2047; x_wconf 84' lang='lat' dir='ltr'><strong>est;</strong></span> <span class='ocrx_word' id='word_1_133' title='bbox 919 1995 1119 2051; x_wconf 88' lang='lat' dir='ltr'><strong>corpus</strong></span> <span class='ocrx_word' id='word_1_134' title='bbox 1131 1996 1258 2036; x_wconf 91' lang='lat' dir='ltr'><strong>vero</strong></span> <span class='ocrx_word' id='word_1_135' title='bbox 1276 1989 1506 2051; x_wconf 75' lang='lat' dir='ltr'><strong>augetur</strong></span> <span class='ocrx_word' id='word_1_136' title='bbox 1519 1979 1786 2051; x_wconf 87' lang='lat' dir='ltr'><strong>quotidie.</strong></span> <span class='ocrx_word' id='word_1_137' title='bbox 1803 1976 1962 2045; x_wconf 79' lang='lat' dir='ltr'><strong>Quod</strong></span> 
     </span>
    </p>
   </div>
   <div class='ocr_carea' id='block_1_18' title="bbox 372 2069 1962 2144">
    <p class='ocr_par' dir='ltr' id='par_1_18' title="bbox 372 2069 1962 2144">
     <span class='ocr_line' id='line_1_18' title="bbox 372 2069 1962 2144; baseline -0.004 -13"><span class='ocrx_word' id='word_1_138' title='bbox 372 2083 668 2144; x_wconf 88' lang='lat' dir='ltr'><strong>utrumque</strong></span> <span class='ocrx_word' id='word_1_139' title='bbox 681 2082 741 2128; x_wconf 92' lang='lat' dir='ltr'><strong>ut</strong></span> <span class='ocrx_word' id='word_1_140' title='bbox 757 2072 1012 2140; x_wconf 82' lang='lat' dir='ltr'><strong>ostendit,</strong></span> <span class='ocrx_word' id='word_1_141' title='bbox 1031 2083 1082 2128; x_wconf 89' lang='lat' dir='ltr'><strong>et</strong></span> <span class='ocrx_word' id='word_1_142' title='bbox 1096 2073 1245 2129; x_wconf 88' lang='lat' dir='ltr'><strong>illius</strong></span> <span class='ocrx_word' id='word_1_143' title='bbox 1259 2072 1746 2138; x_wconf 86' lang='lat' dir='ltr'><strong>immortalitatem,</strong></span> <span class='ocrx_word' id='word_1_144' title='bbox 1764 2069 1962 2140; x_wconf 83' lang='lat' dir='ltr'><strong>hujus-</strong></span> 
     </span>
    </p>
   </div>
   <div class='ocr_carea' id='block_1_19' title="bbox 369 2159 1958 2234">
    <p class='ocr_par' dir='ltr' id='par_1_19' title="bbox 369 2159 1958 2234">
     <span class='ocr_line' id='line_1_19' title="bbox 369 2159 1958 2234; baseline -0.002 -16"><span class='ocrx_word' id='word_1_145' title='bbox 369 2183 481 2233; x_wconf 87' lang='lat' dir='ltr'><strong>que</strong></span> <span class='ocrx_word' id='word_1_146' title='bbox 496 2165 695 2222; x_wconf 82' lang='lat' dir='ltr'><strong>ﬂuxam</strong></span> <span class='ocrx_word' id='word_1_147' title='bbox 714 2173 963 2218; x_wconf 85' lang='lat' dir='ltr'><strong>naturam</strong></span> <span class='ocrx_word' id='word_1_148' title='bbox 980 2162 1705 2234; x_wconf 74' lang='lat' dir='ltr'><strong>declaravit,lta:esubjuugit</strong></span> <span class='ocrx_word' id='word_1_149' title='bbox 1720 2161 1814 2215; x_wconf 58' lang='grc' dir='ltr'><strong>δεῖ</strong></span> <span class='ocrx_word' id='word_1_150' title='bbox 1826 2159 1958 2225; x_wconf 74' lang='lat' dir='ltr'><strong>Quis</strong></span> 
     </span>
    </p>
   </div>
   <div class='ocr_carea' id='block_1_20' title="bbox 371 2243 1962 2320">
    <p class='ocr_par' dir='ltr' id='par_1_20' title="bbox 371 2243 1962 2320">
     <span class='ocr_line' id='line_1_20' title="bbox 371 2243 1962 2320; baseline -0.003 -17"><span class='ocrx_word' id='word_1_151' title='bbox 371 2260 534 2315; x_wconf 80' lang='lat' dir='ltr'><strong>potest</strong></span> <span class='ocrx_word' id='word_1_152' title='bbox 558 2266 620 2304; x_wconf 79' lang='lat' dir='ltr'><strong>ea:</strong></span> <span class='ocrx_word' id='word_1_153' title='bbox 644 2250 780 2304; x_wconf 77' lang='lat' dir='ltr'><strong>vobis</strong></span> <span class='ocrx_word' id='word_1_154' title='bbox 816 2249 1038 2320; x_wconf 75' lang='lat' dir='ltr'><strong>adjicere</strong></span> <span class='ocrx_word' id='word_1_155' title='bbox 1067 2258 1274 2304; x_wconf 78' lang='lat' dir='ltr'><strong>statura:</strong></span> <span class='ocrx_word' id='word_1_156' title='bbox 1286 2262 1395 2301; x_wconf 71' lang='lat' dir='ltr'><strong>sua</strong></span> <span class='ocrx_word' id='word_1_157' title='bbox 1407 2246 1629 2300; x_wconf 76' lang='lat' dir='ltr'><strong>cubitum</strong></span> <span class='ocrx_word' id='word_1_158' title='bbox 1654 2259 1812 2298; x_wconf 81' lang='lat' dir='ltr'><strong>unum</strong></span> <span class='ocrx_word' id='word_1_159' title='bbox 1828 2243 1858 2296; x_wconf 58' lang='lat' dir='ltr'><strong>ii</strong></span> <span class='ocrx_word' id='word_1_160' title='bbox 1883 2243 1962 2298; x_wconf 85' lang='lat' dir='ltr'><strong>De</strong></span> 
     </span>
    </p>
   </div>
   <div class='ocr_carea' id='block_1_21' title="bbox 370 2336 1963 2412">
    <p class='ocr_par' dir='ltr' id='par_1_21' title="bbox 370 2336 1963 2412">
     <span class='ocr_line' id='line_1_21' title="bbox 370 2336 1963 2412; baseline -0.005 -14"><span class='ocrx_word' id='word_1_161' title='bbox 370 2344 548 2398; x_wconf 85' lang='lat' dir='ltr'><strong>anima</strong></span> <span class='ocrx_word' id='word_1_162' title='bbox 575 2352 778 2410; x_wconf 67' lang='lat' dir='ltr'><strong>uiceris,</strong></span> <span class='ocrx_word' id='word_1_163' title='bbox 818 2357 936 2412; x_wconf 74' lang='lat' dir='ltr'><strong>qua:</strong></span> <span class='ocrx_word' id='word_1_164' title='bbox 963 2341 1287 2396; x_wconf 86' lang='lat' dir='ltr'><strong>incremento</strong></span> <span class='ocrx_word' id='word_1_165' title='bbox 1327 2355 1432 2393; x_wconf 89' lang='lat' dir='ltr'><strong>non</strong></span> <span class='ocrx_word' id='word_1_166' title='bbox 1461 2344 1699 2409; x_wconf 85' lang='lat' dir='ltr'><strong>caperet,</strong></span> <span class='ocrx_word' id='word_1_167' title='bbox 1740 2336 1809 2392; x_wconf 88' lang='lat' dir='ltr'><strong>de</strong></span> <span class='ocrx_word' id='word_1_168' title='bbox 1841 2350 1963 2392; x_wconf 84' lang='lat' dir='ltr'><strong>cor-</strong></span> 
     </span>
    </p>
   </div>
   <div class='ocr_carea' id='block_1_22' title="bbox 371 2429 1962 2507">
    <p class='ocr_par' dir='ltr' id='par_1_22' title="bbox 371 2429 1962 2507">
     <span class='ocr_line' id='line_1_22' title="bbox 371 2429 1962 2507; baseline -0.003 -19"><span class='ocrx_word' id='word_1_169' title='bbox 371 2450 504 2507; x_wconf 85' lang='lat' dir='ltr'><strong>pore</strong></span> <span class='ocrx_word' id='word_1_170' title='bbox 531 2433 1010 2499; x_wconf 81' lang='lat' dir='ltr'><strong>tantumdisseruit</strong></span> <span class='ocrx_word' id='word_1_171' title='bbox 1038 2451 1052 2487; x_wconf 90' lang='lat'>:</span> <span class='ocrx_word' id='word_1_172' title='bbox 1079 2447 1146 2487; x_wconf 82' lang='lat' dir='ltr'><strong>ex</strong></span> <span class='ocrx_word' id='word_1_173' title='bbox 1185 2447 1291 2502; x_wconf 85' lang='lat' dir='ltr'><strong>quo</strong></span> <span class='ocrx_word' id='word_1_174' title='bbox 1319 2430 1448 2486; x_wconf 91' lang='lat' dir='ltr'><strong>illud</strong></span> <span class='ocrx_word' id='word_1_175' title='bbox 1476 2429 1732 2494; x_wconf 78' lang='lat' dir='ltr'><strong>ostendit,</strong></span> <span class='ocrx_word' id='word_1_176' title='bbox 1769 2443 1962 2498; x_wconf 85' lang='lat' dir='ltr'><strong>nempe</strong></span> 
     </span>
    </p>
   </div>
   <div class='ocr_carea' id='block_1_23' title="bbox 368 2520 1960 2594">
    <p class='ocr_par' dir='ltr' id='par_1_23' title="bbox 368 2520 1960 2594">
     <span class='ocr_line' id='line_1_23' title="bbox 368 2520 1960 2594; baseline -0.004 -10"><span class='ocrx_word' id='word_1_177' title='bbox 368 2540 478 2584; x_wconf 87' lang='lat' dir='ltr'><strong>non</strong></span> <span class='ocrx_word' id='word_1_178' title='bbox 499 2525 620 2581; x_wconf 90' lang='lat' dir='ltr'><strong>cibo</strong></span> <span class='ocrx_word' id='word_1_179' title='bbox 642 2523 769 2580; x_wconf 89' lang='lat' dir='ltr'><strong>illud</strong></span> <span class='ocrx_word' id='word_1_180' title='bbox 789 2525 991 2594; x_wconf 80' lang='lat' dir='ltr'><strong>augeri,</strong></span> <span class='ocrx_word' id='word_1_181' title='bbox 1020 2523 1114 2580; x_wconf 87' lang='lat' dir='ltr'><strong>sed</strong></span> <span class='ocrx_word' id='word_1_182' title='bbox 1138 2523 1228 2578; x_wconf 85' lang='lat' dir='ltr'><strong>Dei</strong></span> <span class='ocrx_word' id='word_1_183' title='bbox 1251 2521 1601 2593; x_wconf 87' lang='lat' dir='ltr'><strong>providentia.</strong></span> <span class='ocrx_word' id='word_1_184' title='bbox 1622 2520 1775 2590; x_wconf 84' lang='lat' dir='ltr'><strong>Quod</strong></span> <span class='ocrx_word' id='word_1_185' title='bbox 1799 2520 1960 2577; x_wconf 85' lang='lat' dir='ltr'><strong>etiam</strong></span> 
     </span>
    </p>
   </div>
   <div class='ocr_carea' id='block_1_24' title="bbox 370 2613 1963 2691">
    <p class='ocr_par' dir='ltr' id='par_1_24' title="bbox 370 2613 1963 2691">
     <span class='ocr_line' id='line_1_24' title="bbox 370 2613 1963 2691; baseline -0.003 -19"><span class='ocrx_word' id='word_1_186' title='bbox 370 2634 469 2691; x_wconf 86' lang='lat' dir='ltr'><strong>per</strong></span> <span class='ocrx_word' id='word_1_187' title='bbox 486 2618 587 2673; x_wconf 90' lang='lat' dir='ltr'><strong>alia</strong></span> <span class='ocrx_word' id='word_1_188' title='bbox 615 2618 810 2673; x_wconf 85' lang='lat' dir='ltr'><strong>Paulus</strong></span> <span class='ocrx_word' id='word_1_189' title='bbox 835 2617 1208 2673; x_wconf 77' lang='lat' dir='ltr'><strong>demonstrans</strong></span> <span class='ocrx_word' id='word_1_190' title='bbox 1229 2616 1475 2671; x_wconf 85' lang='lat' dir='ltr'><strong>dicebat:</strong></span> <span class='ocrx_word' id='word_1_191' title='bbox 1500 2613 1666 2686; x_wconf 81' lang='lat' dir='ltr'><strong>Igitur</strong></span> <span class='ocrx_word' id='word_1_192' title='bbox 1692 2630 1851 2685; x_wconf 83' lang='lat' dir='ltr'><strong>neque</strong></span> <span class='ocrx_word' id='word_1_193' title='bbox 1874 2614 1963 2685; x_wconf 80' lang='lat' dir='ltr'><strong>qui</strong></span> 
     </span>
    </p>
   </div>
   <div class='ocr_carea' id='block_1_25' title="bbox 372 2691 1961 2785">
    <p class='ocr_par' dir='ltr' id='par_1_25' title="bbox 372 2691 1961 2785">
     <span class='ocr_line' id='line_1_25' title="bbox 372 2691 1961 2785; baseline -0.011 -21"><span class='ocrx_word' id='word_1_194' title='bbox 372 2691 590 2785; x_wconf 71' lang='lat' dir='ltr'><strong>plantat,</strong></span> <span class='ocrx_word' id='word_1_195' title='bbox 638 2725 794 2780; x_wconf 84' lang='lat' dir='ltr'><strong>neque</strong></span> <span class='ocrx_word' id='word_1_196' title='bbox 834 2709 924 2779; x_wconf 83' lang='lat' dir='ltr'><strong>qui</strong></span> <span class='ocrx_word' id='word_1_197' title='bbox 964 2709 1118 2780; x_wconf 83' lang='lat' dir='ltr'><strong>rigat,</strong></span> <span class='ocrx_word' id='word_1_198' title='bbox 1162 2716 1233 2762; x_wconf 83' lang='lat' dir='ltr'><strong>est</strong></span> <span class='ocrx_word' id='word_1_199' title='bbox 1279 2706 1492 2777; x_wconf 86' lang='lat' dir='ltr'><strong>aliquid,</strong></span> <span class='ocrx_word' id='word_1_200' title='bbox 1538 2706 1625 2760; x_wconf 86' lang='lat' dir='ltr'><strong>sed</strong></span> <span class='ocrx_word' id='word_1_201' title='bbox 1661 2706 1747 2776; x_wconf 80' lang='lat' dir='ltr'><strong>qui</strong></span> <span class='ocrx_word' id='word_1_202' title='bbox 1793 2707 1961 2759; x_wconf 59' lang='lat' dir='ltr'><strong>inc&quot;.</strong></span> 
     </span>
    </p>
   </div>
   <div class='ocr_carea' id='block_1_26' title="bbox 370 2797 1966 2871">
    <p class='ocr_par' dir='ltr' id='par_1_26' title="bbox 370 2797 1966 2871">
     <span class='ocr_line' id='line_1_26' title="bbox 370 2797 1966 2871; baseline -0.004 -14"><span class='ocrx_word' id='word_1_203' title='bbox 370 2814 594 2860; x_wconf 81' lang='lat' dir='ltr'><strong>mentum</strong></span> <span class='ocrx_word' id='word_1_204' title='bbox 622 2803 732 2867; x_wconf 88' lang='lat' dir='ltr'><strong>dat,</strong></span> <span class='ocrx_word' id='word_1_205' title='bbox 759 2802 897 2856; x_wconf 85' lang='lat' dir='ltr'><strong>Deus</strong></span> <span class='ocrx_word' id='word_1_206' title='bbox 925 2800 1004 2871; x_wconf 86' lang='lat' dir='ltr'><strong>(l.</strong></span> <span class='ocrx_word' id='word_1_207' title='bbox 1042 2798 1161 2854; x_wconf 83' lang='lat' dir='ltr'><strong>Cor.</strong></span> <span class='ocrx_word' id='word_1_208' title='bbox 1193 2799 1247 2854; x_wconf 84' lang='lat'><strong>&#39;5.</strong></span> <span class='ocrx_word' id='word_1_209' title='bbox 1272 2800 1348 2869; x_wconf 83' lang='lat'><strong>7).</strong></span> <span class='ocrx_word' id='word_1_210' title='bbox 1377 2797 1461 2852; x_wconf 85' lang='lat' dir='ltr'><strong>Ab</strong></span> <span class='ocrx_word' id='word_1_211' title='bbox 1490 2798 1553 2852; x_wconf 93' lang='lat' dir='ltr'><strong>iis</strong></span> <span class='ocrx_word' id='word_1_212' title='bbox 1579 2797 1737 2868; x_wconf 84' lang='lat' dir='ltr'><strong>igitur</strong></span> <span class='ocrx_word' id='word_1_213' title='bbox 1761 2813 1879 2867; x_wconf 71' lang='lat' dir='ltr'><strong>quae</strong></span> <span class='ocrx_word' id='word_1_214' title='bbox 1911 2802 1966 2857; x_wconf 80' lang='lat' dir='ltr'><strong>in</strong></span> 
     </span>
    </p>
   </div>
   <div class='ocr_carea' id='block_1_27' title="bbox 371 2890 1960 2961">
    <p class='ocr_par' dir='ltr' id='par_1_27' title="bbox 371 2890 1960 2961">
     <span class='ocr_line' id='line_1_27' title="bbox 371 2890 1960 2961; baseline -0.004 -10"><span class='ocrx_word' id='word_1_215' title='bbox 371 2900 525 2954; x_wconf 72' lang='lat' dir='ltr'><strong>inultis</strong></span> <span class='ocrx_word' id='word_1_216' title='bbox 550 2908 676 2954; x_wconf 87' lang='lat' dir='ltr'><strong>sunt</strong></span> <span class='ocrx_word' id='word_1_217' title='bbox 696 2898 766 2952; x_wconf 87' lang='lat' dir='ltr'><strong>ita</strong></span> <span class='ocrx_word' id='word_1_218' title='bbox 790 2896 1101 2951; x_wconf 78' lang='lat' dir='ltr'><strong>cohortatus</strong></span> <span class='ocrx_word' id='word_1_219' title='bbox 1126 2902 1247 2951; x_wconf 88' lang='lat' dir='ltr'><strong>est:</strong></span> <span class='ocrx_word' id='word_1_220' title='bbox 1274 2893 1343 2949; x_wconf 88' lang='lat' dir='ltr'><strong>ab</strong></span> <span class='ocrx_word' id='word_1_221' title='bbox 1366 2892 1489 2947; x_wconf 88' lang='lat' dir='ltr'><strong>aliis</strong></span> <span class='ocrx_word' id='word_1_222' title='bbox 1510 2905 1637 2947; x_wconf 90' lang='lat' dir='ltr'><strong>vero</strong></span> <span class='ocrx_word' id='word_1_223' title='bbox 1662 2890 1960 2961; x_wconf 76' lang='lat' dir='ltr'><strong>exemplis:</strong></span> 
     </span>
    </p>
   </div>
   <div class='ocr_carea' id='block_1_28' title="bbox 366 2982 1958 3061">
    <p class='ocr_par' dir='ltr' id='par_1_28' title="bbox 366 2982 1958 3061">
     <span class='ocr_line' id='line_1_28' title="bbox 366 2982 1958 3061; baseline -0.006 -16"><span class='ocrx_word' id='word_1_224' title='bbox 366 2991 461 3045; x_wconf 81' lang='lat'><strong>26.</strong></span> <span class='ocrx_word' id='word_1_225' title='bbox 512 2990 735 3061; x_wconf 75' lang='lat' dir='ltr'><strong>Aspicite</strong></span> <span class='ocrx_word' id='word_1_226' title='bbox 775 2988 1003 3043; x_wconf 74' lang='lat' dir='ltr'><strong>volatilia</strong></span> <span class='ocrx_word' id='word_1_227' title='bbox 1045 2987 1192 3054; x_wconf 72' lang='lat' dir='ltr'><strong>cali,</strong></span> <span class='ocrx_word' id='word_1_228' title='bbox 1240 2983 1432 3055; x_wconf 88' lang='lat' dir='ltr'><strong>inquit.</strong></span> <span class='ocrx_word' id='word_1_229' title='bbox 1464 2982 1540 3039; x_wconf 81' lang='lat' dir='ltr'><strong>Nc</strong></span> <span class='ocrx_word' id='word_1_230' title='bbox 1568 2983 1689 3054; x_wconf 89' lang='lat' dir='ltr'><strong>quis</strong></span> <span class='ocrx_word' id='word_1_231' title='bbox 1720 2983 1958 3049; x_wconf 85' lang='lat' dir='ltr'><strong>diceret,</strong></span> 
     </span>
    </p>
   </div>
   <div class='ocr_carea' id='block_1_29' title="bbox 368 3075 1961 3147">
    <p class='ocr_par' dir='ltr' id='par_1_29' title="bbox 368 3075 1961 3147">
     <span class='ocr_line' id='line_1_29' title="bbox 368 3075 1961 3147; baseline -0.004 -9"><span class='ocrx_word' id='word_1_232' title='bbox 368 3083 501 3147; x_wconf 83' lang='lat' dir='ltr'><strong>utile</strong></span> <span class='ocrx_word' id='word_1_233' title='bbox 550 3082 704 3137; x_wconf 88' lang='lat' dir='ltr'><strong>nobis</strong></span> <span class='ocrx_word' id='word_1_234' title='bbox 739 3096 863 3137; x_wconf 88' lang='lat' dir='ltr'><strong>esse</strong></span> <span class='ocrx_word' id='word_1_235' title='bbox 903 3080 951 3136; x_wconf 88' lang='lat' dir='ltr'><strong>si</strong></span> <span class='ocrx_word' id='word_1_236' title='bbox 996 3079 1211 3135; x_wconf 83' lang='lat' dir='ltr'><strong>solliciti</strong></span> <span class='ocrx_word' id='word_1_237' title='bbox 1243 3078 1432 3143; x_wconf 88' lang='lat' dir='ltr'><strong>simus,</strong></span> <span class='ocrx_word' id='word_1_238' title='bbox 1464 3084 1519 3133; x_wconf 90' lang='lat' dir='ltr'><strong>et</strong></span> <span class='ocrx_word' id='word_1_239' title='bbox 1550 3091 1582 3131; x_wconf 88' lang='lat' dir='ltr'><strong>a</strong></span> <span class='ocrx_word' id='word_1_240' title='bbox 1616 3075 1806 3146; x_wconf 82' lang='lat' dir='ltr'><strong>majori</strong></span> <span class='ocrx_word' id='word_1_241' title='bbox 1838 3085 1894 3131; x_wconf 89' lang='lat' dir='ltr'><strong>et</strong></span> <span class='ocrx_word' id='word_1_242' title='bbox 1929 3091 1961 3130; x_wconf 86' lang='lat' dir='ltr'><strong>a</strong></span> 
     </span>
    </p>
   </div>
   <div class='ocr_carea' id='block_1_30' title="bbox 369 3167 1961 3244">
    <p class='ocr_par' dir='ltr' id='par_1_30' title="bbox 369 3167 1961 3244">
     <span class='ocr_line' id='line_1_30' title="bbox 369 3167 1961 3244; baseline -0.005 -15"><span class='ocrx_word' id='word_1_243' title='bbox 369 3174 566 3241; x_wconf 82' lang='lat' dir='ltr'><strong>minori</strong></span> <span class='ocrx_word' id='word_1_244' title='bbox 591 3173 738 3244; x_wconf 84' lang='lat' dir='ltr'><strong>ipsos</strong></span> <span class='ocrx_word' id='word_1_245' title='bbox 761 3171 1117 3237; x_wconf 77' lang='lat' dir='ltr'><strong>dehortatur;</strong></span> <span class='ocrx_word' id='word_1_246' title='bbox 1143 3186 1174 3225; x_wconf 88' lang='lat' dir='ltr'><strong>a</strong></span> <span class='ocrx_word' id='word_1_247' title='bbox 1216 3169 1406 3241; x_wconf 81' lang='lat' dir='ltr'><strong>majori</strong></span> <span class='ocrx_word' id='word_1_248' title='bbox 1437 3184 1651 3238; x_wconf 82' lang='lat' dir='ltr'><strong>nempe,</strong></span> <span class='ocrx_word' id='word_1_249' title='bbox 1681 3168 1750 3223; x_wconf 89' lang='lat' dir='ltr'><strong>ab</strong></span> <span class='ocrx_word' id='word_1_250' title='bbox 1782 3167 1961 3222; x_wconf 88' lang='lat' dir='ltr'><strong>anima</strong></span> 
     </span>
    </p>
   </div>
   <div class='ocr_carea' id='block_1_31' title="bbox 367 3261 1962 3336">
    <p class='ocr_par' dir='ltr' id='par_1_31' title="bbox 367 3261 1962 3336">
     <span class='ocr_line' id='line_1_31' title="bbox 367 3261 1962 3336; baseline -0.001 -16"><span class='ocrx_word' id='word_1_251' title='bbox 367 3278 424 3320; x_wconf 86' lang='lat' dir='ltr'><strong>et</strong></span> <span class='ocrx_word' id='word_1_252' title='bbox 468 3280 724 3336; x_wconf 90' lang='lat' dir='ltr'><strong>corpore;</strong></span> <span class='ocrx_word' id='word_1_253' title='bbox 771 3280 803 3320; x_wconf 90' lang='lat' dir='ltr'><strong>a</strong></span> <span class='ocrx_word' id='word_1_254' title='bbox 843 3263 1059 3329; x_wconf 90' lang='lat' dir='ltr'><strong>minori,</strong></span> <span class='ocrx_word' id='word_1_255' title='bbox 1085 3263 1156 3321; x_wconf 89' lang='lat' dir='ltr'><strong>ab</strong></span> <span class='ocrx_word' id='word_1_256' title='bbox 1182 3263 1389 3318; x_wconf 80' lang='lat' dir='ltr'><strong>avibus.</strong></span> <span class='ocrx_word' id='word_1_257' title='bbox 1426 3261 1482 3317; x_wconf 83' lang='lat' dir='ltr'><strong>Si</strong></span> <span class='ocrx_word' id='word_1_258' title='bbox 1526 3263 1669 3320; x_wconf 85' lang='lat' dir='ltr'><strong>enim</strong></span> <span class='ocrx_word' id='word_1_259' title='bbox 1701 3262 1863 3318; x_wconf 85' lang='lat' dir='ltr'><strong>etiam</strong></span> <span class='ocrx_word' id='word_1_260' title='bbox 1891 3262 1962 3318; x_wconf 90' lang='lat' dir='ltr'><strong>de</strong></span> 
     </span>
    </p>
   </div>
   <div class='ocr_carea' id='block_1_32' title="bbox 369 3355 1961 3428">
    <p class='ocr_par' dir='ltr' id='par_1_32' title="bbox 369 3355 1961 3428">
     <span class='ocr_line' id='line_1_32' title="bbox 369 3355 1961 3428; baseline -0.001 -15"><span class='ocrx_word' id='word_1_261' title='bbox 369 3360 529 3428; x_wconf 81' lang='lat' dir='ltr'><strong>longe</strong></span> <span class='ocrx_word' id='word_1_262' title='bbox 544 3356 890 3414; x_wconf 79' lang='lat' dir='ltr'><strong>inferioribus</strong></span> <span class='ocrx_word' id='word_1_263' title='bbox 913 3365 1110 3412; x_wconf 86' lang='lat' dir='ltr'><strong>tantam</strong></span> <span class='ocrx_word' id='word_1_264' title='bbox 1127 3356 1266 3427; x_wconf 69' lang='lat' dir='ltr'><strong>gerit</strong></span> <span class='ocrx_word' id='word_1_265' title='bbox 1288 3370 1492 3418; x_wconf 84' lang='lat' dir='ltr'><strong>curam,</strong></span> <span class='ocrx_word' id='word_1_266' title='bbox 1516 3355 1787 3425; x_wconf 86' lang='lat' dir='ltr'><strong>quomodo</strong></span> <span class='ocrx_word' id='word_1_267' title='bbox 1811 3355 1961 3411; x_wconf 73' lang='lat' dir='ltr'><strong>vobis</strong></span> 
     </span>
    </p>
   </div>
   <div class='ocr_carea' id='block_1_33' title="bbox 370 3450 1957 3526">
    <p class='ocr_par' dir='ltr' id='par_1_33' title="bbox 370 3450 1957 3526">
     <span class='ocr_line' id='line_1_33' title="bbox 370 3450 1957 3526; baseline -0.004 -15"><span class='ocrx_word' id='word_1_268' title='bbox 370 3472 480 3511; x_wconf 83' lang='lat' dir='ltr'><strong>non</strong></span> <span class='ocrx_word' id='word_1_269' title='bbox 509 3455 738 3526; x_wconf 87' lang='lat' dir='ltr'><strong>idipsum</strong></span> <span class='ocrx_word' id='word_1_270' title='bbox 764 3453 1071 3525; x_wconf 72' lang='lat' dir='ltr'><strong>pnestabit;</strong></span> <span class='ocrx_word' id='word_1_271' title='bbox 1102 3452 1291 3522; x_wconf 88' lang='lat' dir='ltr'><strong>inquit.</strong></span> <span class='ocrx_word' id='word_1_272' title='bbox 1321 3452 1387 3506; x_wconf 88' lang='lat' dir='ltr'><strong>Et</strong></span> <span class='ocrx_word' id='word_1_273' title='bbox 1415 3450 1531 3509; x_wconf 71' lang='lat' dir='ltr'><strong>lucc</strong></span> <span class='ocrx_word' id='word_1_274' title='bbox 1562 3450 1781 3521; x_wconf 88' lang='lat' dir='ltr'><strong>quidem</strong></span> <span class='ocrx_word' id='word_1_275' title='bbox 1812 3450 1916 3505; x_wconf 87' lang='lat' dir='ltr'><strong>illis</strong></span> <span class='ocrx_word' id='word_1_276' title='bbox 1941 3465 1957 3515; x_wconf 91' lang='lat'><strong>;</strong></span> 
     </span>
    </p>
   </div>
   <div class='ocr_carea' id='block_1_34' title="bbox 368 3542 1958 3620">
    <p class='ocr_par' dir='ltr' id='par_1_34' title="bbox 368 3542 1958 3620">
     <span class='ocr_line' id='line_1_34' title="bbox 368 3542 1958 3620; baseline -0.006 -13"><span class='ocrx_word' id='word_1_277' title='bbox 368 3557 490 3607; x_wconf 84' lang='lat' dir='ltr'><strong>erat</strong></span> <span class='ocrx_word' id='word_1_278' title='bbox 513 3550 713 3620; x_wconf 87' lang='lat' dir='ltr'><strong>quippe</strong></span> <span class='ocrx_word' id='word_1_279' title='bbox 737 3548 890 3603; x_wconf 82' lang='lat' dir='ltr'><strong>turba</strong></span> <span class='ocrx_word' id='word_1_280' title='bbox 926 3546 1144 3618; x_wconf 82' lang='lat' dir='ltr'><strong>populi;</strong></span> <span class='ocrx_word' id='word_1_281' title='bbox 1179 3545 1393 3601; x_wconf 78' lang='lat' dir='ltr'><strong>diabolo</strong></span> <span class='ocrx_word' id='word_1_282' title='bbox 1421 3552 1603 3602; x_wconf 84' lang='lat' dir='ltr'><strong>autem</strong></span> <span class='ocrx_word' id='word_1_283' title='bbox 1625 3558 1732 3600; x_wconf 92' lang='lat' dir='ltr'><strong>non</strong></span> <span class='ocrx_word' id='word_1_284' title='bbox 1757 3542 1836 3598; x_wconf 90' lang='lat' dir='ltr'><strong>sic</strong></span> <span class='ocrx_word' id='word_1_285' title='bbox 1866 3557 1958 3599; x_wconf 89' lang='lat' dir='ltr'><strong>re-</strong></span> 
     </span>
    </p>
   </div>
   <div class='ocr_carea' id='block_1_35' title="bbox 369 3636 1956 3712">
    <p class='ocr_par' dir='ltr' id='par_1_35' title="bbox 369 3636 1956 3712">
     <span class='ocr_line' id='line_1_35' title="bbox 369 3636 1956 3712; baseline -0.003 -17"><span class='ocrx_word' id='word_1_286' title='bbox 369 3640 605 3711; x_wconf 76' lang='lat' dir='ltr'><strong>spondit,</strong></span> <span class='ocrx_word' id='word_1_287' title='bbox 634 3640 730 3697; x_wconf 87' lang='lat' dir='ltr'><strong>scd</strong></span> <span class='ocrx_word' id='word_1_288' title='bbox 757 3638 1062 3712; x_wconf 82' lang='lat' dir='ltr'><strong>quomodo?</strong></span> <span class='ocrx_word' id='word_1_289' title='bbox 1090 3636 1215 3693; x_wconf 87' lang='lat' dir='ltr'><strong>Non</strong></span> <span class='ocrx_word' id='word_1_290' title='bbox 1244 3638 1299 3692; x_wconf 86' lang='lat' dir='ltr'><strong>in</strong></span> <span class='ocrx_word' id='word_1_291' title='bbox 1325 3637 1436 3693; x_wconf 82' lang='lat' dir='ltr'><strong>solo</strong></span> <span class='ocrx_word' id='word_1_292' title='bbox 1461 3652 1594 3706; x_wconf 83' lang='lat' dir='ltr'><strong>pane</strong></span> <span class='ocrx_word' id='word_1_293' title='bbox 1630 3638 1758 3690; x_wconf 78' lang='lat' dir='ltr'><strong>vivet</strong></span> <span class='ocrx_word' id='word_1_294' title='bbox 1784 3636 1956 3701; x_wconf 75' lang='lat' dir='ltr'><strong>homo,</strong></span> 
     </span>
    </p>
   </div>
   <div class='ocr_carea' id='block_1_36' title="bbox 368 3727 1957 3802">
    <p class='ocr_par' dir='ltr' id='par_1_36' title="bbox 368 3727 1957 3802">
     <span class='ocr_line' id='line_1_36' title="bbox 368 3727 1957 3802; baseline -0.003 -15"><span class='ocrx_word' id='word_1_295' title='bbox 368 3733 463 3787; x_wconf 77' lang='lat' dir='ltr'><strong>sed</strong></span> <span class='ocrx_word' id='word_1_296' title='bbox 497 3733 550 3785; x_wconf 88' lang='lat' dir='ltr'><strong>in</strong></span> <span class='ocrx_word' id='word_1_297' title='bbox 575 3732 715 3787; x_wconf 85' lang='lat' dir='ltr'><strong>omni</strong></span> <span class='ocrx_word' id='word_1_298' title='bbox 743 3731 889 3787; x_wconf 76' lang='lat' dir='ltr'><strong>uerbo</strong></span> <span class='ocrx_word' id='word_1_299' title='bbox 912 3730 1059 3802; x_wconf 73' lang='lat' dir='ltr'><strong>quod</strong></span> <span class='ocrx_word' id='word_1_300' title='bbox 1078 3729 1303 3801; x_wconf 80' lang='lat' dir='ltr'><strong>procedit</strong></span> <span class='ocrx_word' id='word_1_301' title='bbox 1329 3730 1392 3785; x_wconf 83' lang='lat' dir='ltr'><strong>de</strong></span> <span class='ocrx_word' id='word_1_302' title='bbox 1422 3745 1511 3785; x_wconf 87' lang='lat' dir='ltr'><strong>ore</strong></span> <span class='ocrx_word' id='word_1_303' title='bbox 1534 3728 1632 3784; x_wconf 89' lang='lat' dir='ltr'><strong>Dei</strong></span> <span class='ocrx_word' id='word_1_304' title='bbox 1658 3727 1875 3801; x_wconf 73' lang='lat' dir='ltr'><strong>(Matth.</strong></span> <span class='ocrx_word' id='word_1_305' title='bbox 1902 3731 1957 3786; x_wconf 74' lang='grc'><strong>4.</strong></span> 
     </span>
    </p>
   </div>
   <div class='ocr_carea' id='block_1_37' title="bbox 369 3822 1961 3894">
    <p class='ocr_par' dir='ltr' id='par_1_37' title="bbox 369 3822 1961 3894">
     <span class='ocr_line' id='line_1_37' title="bbox 369 3822 1961 3894; baseline 0.002 -17"><span class='ocrx_word' id='word_1_306' title='bbox 369 3824 450 3894; x_wconf 71' lang='grc' dir='ltr'><strong>ι).</strong></span> <span class='ocrx_word' id='word_1_307' title='bbox 482 3824 580 3880; x_wconf 88' lang='lat' dir='ltr'><strong>llic</strong></span> <span class='ocrx_word' id='word_1_308' title='bbox 602 3835 784 3879; x_wconf 86' lang='lat' dir='ltr'><strong>autem</strong></span> <span class='ocrx_word' id='word_1_309' title='bbox 807 3823 1042 3880; x_wconf 80' lang='lat' dir='ltr'><strong>volatilia</strong></span> <span class='ocrx_word' id='word_1_310' title='bbox 1063 3833 1345 3889; x_wconf 88' lang='lat' dir='ltr'><strong>memorat,</strong></span> <span class='ocrx_word' id='word_1_311' title='bbox 1369 3822 1463 3879; x_wconf 85' lang='lat' dir='ltr'><strong>sed</strong></span> <span class='ocrx_word' id='word_1_312' title='bbox 1490 3823 1652 3880; x_wconf 89' lang='lat' dir='ltr'><strong>modo</strong></span> <span class='ocrx_word' id='word_1_313' title='bbox 1674 3822 1741 3879; x_wconf 90' lang='lat' dir='ltr'><strong>ad</strong></span> <span class='ocrx_word' id='word_1_314' title='bbox 1766 3823 1961 3880; x_wconf 88' lang='lat' dir='ltr'><strong>cohor-</strong></span> 
     </span>
    </p>
   </div>
   <div class='ocr_carea' id='block_1_38' title="bbox 371 3914 1960 3987">
    <p class='ocr_par' dir='ltr' id='par_1_38' title="bbox 371 3914 1960 3987">
     <span class='ocr_line' id='line_1_38' title="bbox 371 3914 1960 3987; baseline -0.001 -15"><span class='ocrx_word' id='word_1_315' title='bbox 371 3918 595 3972; x_wconf 84' lang='lat' dir='ltr'><strong>tandum</strong></span> <span class='ocrx_word' id='word_1_316' title='bbox 623 3916 848 3987; x_wconf 87' lang='lat' dir='ltr'><strong>optimo,</strong></span> <span class='ocrx_word' id='word_1_317' title='bbox 890 3916 982 3986; x_wconf 88' lang='lat' dir='ltr'><strong>qui</strong></span> <span class='ocrx_word' id='word_1_318' title='bbox 1022 3916 1075 3969; x_wconf 89' lang='lat' dir='ltr'><strong>in</strong></span> <span class='ocrx_word' id='word_1_319' title='bbox 1120 3914 1484 3971; x_wconf 85' lang='lat' dir='ltr'><strong>admonitione</strong></span> <span class='ocrx_word' id='word_1_320' title='bbox 1529 3914 1816 3970; x_wconf 76' lang='lat' dir='ltr'><strong>maximam</strong></span> <span class='ocrx_word' id='word_1_321' title='bbox 1854 3916 1960 3970; x_wconf 85' lang='lat' dir='ltr'><strong>vim</strong></span> 
     </span>
    </p>
   </div>
   <div class='ocr_carea' id='block_1_39' title="bbox 372 4005 1962 4076">
    <p class='ocr_par' dir='ltr' id='par_1_39' title="bbox 372 4005 1962 4076">
     <span class='ocr_line' id='line_1_39' title="bbox 372 4005 1962 4076; baseline 0 -14"><span class='ocrx_word' id='word_1_322' title='bbox 372 4009 584 4064; x_wconf 86' lang='lat' dir='ltr'><strong>habeat.</strong></span> <span class='ocrx_word' id='word_1_323' title='bbox 616 4007 725 4065; x_wconf 85' lang='lat' dir='ltr'><strong>Sed</strong></span> <span class='ocrx_word' id='word_1_324' title='bbox 752 4006 806 4063; x_wconf 90' lang='lat' dir='ltr'><strong>in</strong></span> <span class='ocrx_word' id='word_1_325' title='bbox 832 4014 1039 4062; x_wconf 83' lang='lat' dir='ltr'><strong>tantum</strong></span> <span class='ocrx_word' id='word_1_326' title='bbox 1067 4006 1387 4075; x_wconf 63' lang='lat' dir='ltr'><strong>insipientia:</strong></span> <span class='ocrx_word' id='word_1_327' title='bbox 1423 4005 1638 4076; x_wconf 83' lang='lat' dir='ltr'><strong>quidam</strong></span> <span class='ocrx_word' id='word_1_328' title='bbox 1678 4005 1828 4076; x_wconf 80' lang='lat' dir='ltr'><strong>impii</strong></span> <span class='ocrx_word' id='word_1_329' title='bbox 1864 4020 1962 4062; x_wconf 83' lang='lat' dir='ltr'><strong>ve-</strong></span> 
     </span>
    </p>
   </div>
   <div class='ocr_carea' id='block_1_40' title="bbox 372 4096 1962 4168">
    <p class='ocr_par' dir='ltr' id='par_1_40' title="bbox 372 4096 1962 4168">
     <span class='ocr_line' id='line_1_40' title="bbox 372 4096 1962 4168; baseline 0 -15"><span class='ocrx_word' id='word_1_330' title='bbox 372 4108 582 4166; x_wconf 86' lang='lat' dir='ltr'><strong>nerant,</strong></span> <span class='ocrx_word' id='word_1_331' title='bbox 633 4107 692 4155; x_wconf 87' lang='lat' dir='ltr'><strong>nt</strong></span> <span class='ocrx_word' id='word_1_332' title='bbox 729 4099 1033 4168; x_wconf 79' lang='lat' dir='ltr'><strong>exemplum</strong></span> <span class='ocrx_word' id='word_1_333' title='bbox 1077 4096 1555 4168; x_wconf 79' lang='lat' dir='ltr'><strong>reprehenderent.</strong></span> <span class='ocrx_word' id='word_1_334' title='bbox 1598 4096 1782 4166; x_wconf 80' lang='lat' dir='ltr'><strong>Neque</strong></span> <span class='ocrx_word' id='word_1_335' title='bbox 1815 4097 1962 4154; x_wconf 82' lang='lat' dir='ltr'><strong>enim</strong></span> 
     </span>
    </p>
   </div>
   <div class='ocr_carea' id='block_1_41' title="bbox 369 4187 1960 4261">
    <p class='ocr_par' dir='ltr' id='par_1_41' title="bbox 369 4187 1960 4261">
     <span class='ocr_line' id='line_1_41' title="bbox 369 4187 1960 4261; baseline -0.001 -15"><span class='ocrx_word' id='word_1_336' title='bbox 369 4191 629 4261; x_wconf 82' lang='lat' dir='ltr'><strong>oportuit,</strong></span> <span class='ocrx_word' id='word_1_337' title='bbox 652 4189 982 4261; x_wconf 86' lang='lat' dir='ltr'><strong>inquiebant,</strong></span> <span class='ocrx_word' id='word_1_338' title='bbox 1005 4204 1127 4243; x_wconf 88' lang='lat' dir='ltr'><strong>eum</strong></span> <span class='ocrx_word' id='word_1_339' title='bbox 1143 4189 1237 4258; x_wconf 85' lang='lat' dir='ltr'><strong>qni</strong></span> <span class='ocrx_word' id='word_1_340' title='bbox 1260 4187 1561 4244; x_wconf 72' lang='lat' dir='ltr'><strong>voluntates</strong></span> <span class='ocrx_word' id='word_1_341' title='bbox 1583 4189 1863 4256; x_wconf 76' lang='lat' dir='ltr'><strong>excitaret,</strong></span> <span class='ocrx_word' id='word_1_342' title='bbox 1893 4205 1960 4245; x_wconf 76' lang='lat' dir='ltr'><strong>ex</strong></span> 
     </span>
    </p>
   </div>
   <div class='ocr_carea' id='block_1_42' title="bbox 372 4278 1961 4351">
    <p class='ocr_par' dir='ltr' id='par_1_42' title="bbox 372 4278 1961 4351">
     <span class='ocr_line' id='line_1_42' title="bbox 372 4278 1961 4351; baseline 0.001 -15"><span class='ocrx_word' id='word_1_343' title='bbox 372 4282 697 4338; x_wconf 84' lang='lat' dir='ltr'><strong>naturalium</strong></span> <span class='ocrx_word' id='word_1_344' title='bbox 724 4297 900 4337; x_wconf 88' lang='lat' dir='ltr'><strong>rerum</strong></span> <span class='ocrx_word' id='word_1_345' title='bbox 944 4281 1206 4351; x_wconf 81' lang='lat' dir='ltr'><strong>exemplis</strong></span> <span class='ocrx_word' id='word_1_346' title='bbox 1245 4278 1296 4334; x_wconf 92' lang='lat' dir='ltr'><strong>id</strong></span> <span class='ocrx_word' id='word_1_347' title='bbox 1322 4295 1501 4351; x_wconf 78' lang='lat' dir='ltr'><strong>agerc,</strong></span> <span class='ocrx_word' id='word_1_348' title='bbox 1526 4279 1726 4351; x_wconf 88' lang='lat' dir='ltr'><strong>quippe</strong></span> <span class='ocrx_word' id='word_1_349' title='bbox 1758 4295 1880 4351; x_wconf 68' lang='lat' dir='ltr'><strong>quae</strong></span> <span class='ocrx_word' id='word_1_350' title='bbox 1907 4278 1961 4337; x_wconf 89' lang='lat' dir='ltr'><strong>id</strong></span> 
     </span>
    </p>
   </div>
   <div class='ocr_carea' id='block_1_43' title="bbox 373 4376 932 4431">
    <p class='ocr_par' dir='ltr' id='par_1_43' title="bbox 373 4376 932 4431">
     <span class='ocr_line' id='line_1_43' title="bbox 373 4376 932 4431; baseline -0.002 0"><span class='ocrx_word' id='word_1_351' title='bbox 373 4376 607 4431; x_wconf 77' lang='lat' dir='ltr'><strong>habeant</strong></span> <span class='ocrx_word' id='word_1_352' title='bbox 628 4391 695 4431; x_wconf 80' lang='lat' dir='ltr'><strong>ex</strong></span> <span class='ocrx_word' id='word_1_353' title='bbox 724 4385 932 4430; x_wconf 88' lang='lat' dir='ltr'><strong>natura.</strong></span> 
     </span>
    </p>
   </div>
   <div class='ocr_carea' id='block_1_44' title="bbox 446 4464 1961 4539">
    <p class='ocr_par' dir='ltr' id='par_1_44' title="bbox 446 4464 1961 4539">
     <span class='ocr_line' id='line_1_44' title="bbox 446 4464 1961 4539; baseline -0.002 -15"><span class='ocrx_word' id='word_1_354' title='bbox 446 4469 500 4524; x_wconf 79' lang='lat' dir='ltr'><strong>ii.</strong></span> <span class='ocrx_word' id='word_1_355' title='bbox 538 4468 677 4537; x_wconf 82' lang='lat' dir='ltr'><strong>Quid</strong></span> <span class='ocrx_word' id='word_1_356' title='bbox 708 4467 867 4539; x_wconf 73' lang='lat' dir='ltr'><strong>igitur</strong></span> <span class='ocrx_word' id='word_1_357' title='bbox 891 4465 958 4522; x_wconf 89' lang='lat' dir='ltr'><strong>ad</strong></span> <span class='ocrx_word' id='word_1_358' title='bbox 984 4465 1100 4520; x_wconf 70' lang='lat' dir='ltr'><strong>hzcc</strong></span> <span class='ocrx_word' id='word_1_359' title='bbox 1120 4464 1360 4520; x_wconf 89' lang='lat' dir='ltr'><strong>dicamus</strong></span> <span class='ocrx_word' id='word_1_360' title='bbox 1378 4466 1404 4520; x_wconf 69' lang='lat' dir='ltr'><strong>l</strong></span> <span class='ocrx_word' id='word_1_361' title='bbox 1426 4465 1648 4522; x_wconf 86' lang='lat' dir='ltr'><strong>Etiamsi</strong></span> <span class='ocrx_word' id='word_1_362' title='bbox 1689 4465 1740 4521; x_wconf 90' lang='lat' dir='ltr'><strong>id</strong></span> <span class='ocrx_word' id='word_1_363' title='bbox 1768 4481 1833 4522; x_wconf 80' lang='lat' dir='ltr'><strong>ex</strong></span> <span class='ocrx_word' id='word_1_364' title='bbox 1861 4482 1961 4521; x_wconf 79' lang='lat' dir='ltr'><strong>na—</strong></span> 
     </span>
    </p>
   </div>
   <div class='ocr_carea' id='block_1_45' title="bbox 373 4558 1962 4631">
    <p class='ocr_par' dir='ltr' id='par_1_45' title="bbox 373 4558 1962 4631">
     <span class='ocr_line' id='line_1_45' title="bbox 373 4558 1962 4631; baseline -0.003 -13"><span class='ocrx_word' id='word_1_365' title='bbox 373 4574 492 4619; x_wconf 83' lang='lat' dir='ltr'><strong>tura</strong></span> <span class='ocrx_word' id='word_1_366' title='bbox 514 4561 639 4617; x_wconf 86' lang='lat' dir='ltr'><strong>insit</strong></span> <span class='ocrx_word' id='word_1_367' title='bbox 667 4560 797 4628; x_wconf 85' lang='lat' dir='ltr'><strong>illis,</strong></span> <span class='ocrx_word' id='word_1_368' title='bbox 822 4573 984 4631; x_wconf 82' lang='lat' dir='ltr'><strong>posse</strong></span> <span class='ocrx_word' id='word_1_369' title='bbox 1012 4558 1067 4615; x_wconf 88' lang='lat' dir='ltr'><strong>id</strong></span> <span class='ocrx_word' id='word_1_370' title='bbox 1089 4558 1252 4614; x_wconf 88' lang='lat' dir='ltr'><strong>etiam</strong></span> <span class='ocrx_word' id='word_1_371' title='bbox 1281 4558 1438 4614; x_wconf 88' lang='lat' dir='ltr'><strong>nobis</strong></span> <span class='ocrx_word' id='word_1_372' title='bbox 1475 4572 1541 4614; x_wconf 81' lang='lat' dir='ltr'><strong>ex</strong></span> <span class='ocrx_word' id='word_1_373' title='bbox 1573 4558 1752 4614; x_wconf 87' lang='lat' dir='ltr'><strong>studio</strong></span> <span class='ocrx_word' id='word_1_374' title='bbox 1776 4559 1962 4614; x_wconf 86' lang='lat' dir='ltr'><strong>volun-</strong></span> 
     </span>
    </p>
   </div>
   <div class='ocr_carea' id='block_1_46' title="bbox 373 4649 1960 4723">
    <p class='ocr_par' dir='ltr' id='par_1_46' title="bbox 373 4649 1960 4723">
     <span class='ocr_line' id='line_1_46' title="bbox 373 4649 1960 4723; baseline -0.003 -11"><span class='ocrx_word' id='word_1_375' title='bbox 373 4657 498 4712; x_wconf 80' lang='lat' dir='ltr'><strong>tatis</strong></span> <span class='ocrx_word' id='word_1_376' title='bbox 535 4653 815 4711; x_wconf 85' lang='lat' dir='ltr'><strong>accedere.</strong></span> <span class='ocrx_word' id='word_1_377' title='bbox 867 4652 984 4709; x_wconf 86' lang='lat' dir='ltr'><strong>Non</strong></span> <span class='ocrx_word' id='word_1_378' title='bbox 1029 4652 1174 4708; x_wconf 92' lang='lat' dir='ltr'><strong>enim</strong></span> <span class='ocrx_word' id='word_1_379' title='bbox 1223 4650 1377 4719; x_wconf 79' lang='lat' dir='ltr'><strong>dixit,</strong></span> <span class='ocrx_word' id='word_1_380' title='bbox 1405 4649 1678 4723; x_wconf 84' lang='lat' dir='ltr'><strong>Respieite</strong></span> <span class='ocrx_word' id='word_1_381' title='bbox 1720 4652 1960 4708; x_wconf 82' lang='lat' dir='ltr'><strong>volatilia</strong></span> 
     </span>
    </p>
   </div>
   <div class='ocr_carea' id='block_1_47' title="bbox 373 4743 1961 4819">
    <p class='ocr_par' dir='ltr' id='par_1_47' title="bbox 373 4743 1961 4819">
     <span class='ocr_line' id='line_1_47' title="bbox 373 4743 1961 4819; baseline -0.003 -14"><span class='ocrx_word' id='word_1_382' title='bbox 373 4747 646 4819; x_wconf 83' lang='lat' dir='ltr'><strong>quomodo</strong></span> <span class='ocrx_word' id='word_1_383' title='bbox 671 4747 870 4812; x_wconf 86' lang='lat' dir='ltr'><strong>volent,</strong></span> <span class='ocrx_word' id='word_1_384' title='bbox 917 4745 1061 4816; x_wconf 90' lang='lat' dir='ltr'><strong>quod</strong></span> <span class='ocrx_word' id='word_1_385' title='bbox 1092 4760 1199 4799; x_wconf 93' lang='lat' dir='ltr'><strong>non</strong></span> <span class='ocrx_word' id='word_1_386' title='bbox 1232 4752 1411 4815; x_wconf 86' lang='lat' dir='ltr'><strong>potest</strong></span> <span class='ocrx_word' id='word_1_387' title='bbox 1448 4743 1632 4813; x_wconf 87' lang='lat' dir='ltr'><strong>homo,</strong></span> <span class='ocrx_word' id='word_1_388' title='bbox 1677 4744 1773 4801; x_wconf 88' lang='lat' dir='ltr'><strong>sed</strong></span> <span class='ocrx_word' id='word_1_389' title='bbox 1817 4744 1961 4816; x_wconf 87' lang='lat' dir='ltr'><strong>quod</strong></span> 
     </span>
    </p>
   </div>
   <div class='ocr_carea' id='block_1_48' title="bbox 371 4834 1961 4906">
    <p class='ocr_par' dir='ltr' id='par_1_48' title="bbox 371 4834 1961 4906">
     <span class='ocr_line' id='line_1_48' title="bbox 371 4834 1961 4906; baseline -0.003 -10"><span class='ocrx_word' id='word_1_390' title='bbox 371 4842 494 4896; x_wconf 87' lang='lat' dir='ltr'><strong>sine</strong></span> <span class='ocrx_word' id='word_1_391' title='bbox 520 4837 881 4896; x_wconf 84' lang='lat' dir='ltr'><strong>sollicitudine</strong></span> <span class='ocrx_word' id='word_1_392' title='bbox 904 4837 1152 4892; x_wconf 86' lang='lat' dir='ltr'><strong>alantur:</strong></span> <span class='ocrx_word' id='word_1_393' title='bbox 1178 4835 1320 4906; x_wconf 89' lang='lat' dir='ltr'><strong>quod</strong></span> <span class='ocrx_word' id='word_1_394' title='bbox 1361 4834 1515 4891; x_wconf 89' lang='lat' dir='ltr'><strong>nobis</strong></span> <span class='ocrx_word' id='word_1_395' title='bbox 1553 4836 1715 4891; x_wconf 84' lang='lat' dir='ltr'><strong>etiam</strong></span> <span class='ocrx_word' id='word_1_396' title='bbox 1743 4836 1887 4901; x_wconf 89' lang='lat' dir='ltr'><strong>licet,</strong></span> <span class='ocrx_word' id='word_1_397' title='bbox 1916 4836 1961 4893; x_wconf 91' lang='lat' dir='ltr'><strong>si</strong></span> 
     </span>
    </p>
   </div>
   <div class='ocr_carea' id='block_1_49' title="bbox 375 4926 1962 5001">
    <p class='ocr_par' dir='ltr' id='par_1_49' title="bbox 375 4926 1962 5001">
     <span class='ocr_line' id='line_1_49' title="bbox 375 4926 1962 5001; baseline -0.004 -14"><span class='ocrx_word' id='word_1_398' title='bbox 375 4933 641 4988; x_wconf 84' lang='lat' dir='ltr'><strong>volumus.</strong></span> <span class='ocrx_word' id='word_1_399' title='bbox 670 4929 839 5001; x_wconf 81' lang='lat' dir='ltr'><strong>quue</strong></span> <span class='ocrx_word' id='word_1_400' title='bbox 880 4928 1298 5000; x_wconf 82' lang='lat' dir='ltr'><strong>comprobarunt</strong></span> <span class='ocrx_word' id='word_1_401' title='bbox 1332 4927 1368 4982; x_wconf 92' lang='lat' dir='ltr'><strong>ii</strong></span> <span class='ocrx_word' id='word_1_402' title='bbox 1409 4928 1497 4998; x_wconf 89' lang='lat' dir='ltr'><strong>qui</strong></span> <span class='ocrx_word' id='word_1_403' title='bbox 1529 4926 1580 4981; x_wconf 91' lang='lat' dir='ltr'><strong>id</strong></span> <span class='ocrx_word' id='word_1_404' title='bbox 1605 4941 1771 4996; x_wconf 89' lang='lat' dir='ltr'><strong>opere</strong></span> <span class='ocrx_word' id='word_1_405' title='bbox 1808 4927 1962 4982; x_wconf 78' lang='lat' dir='ltr'><strong>exhi-</strong></span> 
     </span>
    </p>
   </div>
   <div class='ocr_carea' id='block_1_50' title="bbox 374 5018 1960 5092">
    <p class='ocr_par' dir='ltr' id='par_1_50' title="bbox 374 5018 1960 5092">
     <span class='ocr_line' id='line_1_50' title="bbox 374 5018 1960 5092; baseline -0.002 -15"><span class='ocrx_word' id='word_1_406' title='bbox 374 5029 626 5084; x_wconf 78' lang='lat' dir='ltr'><strong>buerunt.</strong></span> <span class='ocrx_word' id='word_1_407' title='bbox 656 5024 996 5092; x_wconf 83' lang='lat' dir='ltr'><strong>Quapropter</strong></span> <span class='ocrx_word' id='word_1_408' title='bbox 1023 5034 1236 5075; x_wconf 89' lang='lat' dir='ltr'><strong>summe</strong></span> <span class='ocrx_word' id='word_1_409' title='bbox 1259 5018 1572 5073; x_wconf 85' lang='lat' dir='ltr'><strong>admiranda</strong></span> <span class='ocrx_word' id='word_1_410' title='bbox 1615 5027 1699 5074; x_wconf 90' lang='lat' dir='ltr'><strong>est</strong></span> <span class='ocrx_word' id='word_1_411' title='bbox 1726 5018 1960 5089; x_wconf 76' lang='lat' dir='ltr'><strong>Legisla-</strong></span> 
     </span>
    </p>
   </div>
   <div class='ocr_carea' id='block_1_51' title="bbox 374 5108 2005 5185">
    <p class='ocr_par' dir='ltr' id='par_1_51' title="bbox 374 5108 2005 5185">
     <span class='ocr_line' id='line_1_51' title="bbox 374 5108 2005 5185; baseline -0.007 -11"><span class='ocrx_word' id='word_1_412' title='bbox 374 5115 509 5174; x_wconf 88' lang='lat' dir='ltr'><strong>toris</strong></span> <span class='ocrx_word' id='word_1_413' title='bbox 534 5113 838 5185; x_wconf 88' lang='lat' dir='ltr'><strong>prudentia,</strong></span> <span class='ocrx_word' id='word_1_414' title='bbox 869 5111 959 5182; x_wconf 89' lang='lat' dir='ltr'><strong>qui</strong></span> <span class='ocrx_word' id='word_1_415' title='bbox 985 5126 1107 5167; x_wconf 90' lang='lat' dir='ltr'><strong>cum</strong></span> <span class='ocrx_word' id='word_1_416' title='bbox 1136 5125 1202 5166; x_wconf 78' lang='lat' dir='ltr'><strong>ex</strong></span> <span class='ocrx_word' id='word_1_417' title='bbox 1234 5109 1543 5165; x_wconf 84' lang='lat' dir='ltr'><strong>hominibus</strong></span> <span class='ocrx_word' id='word_1_418' title='bbox 1568 5108 1809 5179; x_wconf 78' lang='lat' dir='ltr'><strong>proferre</strong></span> <span class='ocrx_word' id='word_1_419' title='bbox 1841 5125 1964 5179; x_wconf 85' lang='lat' dir='ltr'><strong>pos-</strong></span> <span class='ocrx_word' id='word_1_420' title='bbox 1996 5154 2005 5162; x_wconf 91' lang='lat'><strong>.</strong></span> 
     </span>
    </p>
   </div>
   <div class='ocr_carea' id='block_1_52' title="bbox 370 5198 1962 5275">
    <p class='ocr_par' dir='ltr' id='par_1_52' title="bbox 370 5198 1962 5275">
     <span class='ocr_line' id='line_1_52' title="bbox 370 5198 1962 5275; baseline -0.009 -13"><span class='ocrx_word' id='word_1_421' title='bbox 370 5215 458 5262; x_wconf 84' lang='lat' dir='ltr'><strong>set</strong></span> <span class='ocrx_word' id='word_1_422' title='bbox 475 5205 804 5275; x_wconf 78' lang='lat' dir='ltr'><strong>exemplum,</strong></span> <span class='ocrx_word' id='word_1_423' title='bbox 834 5203 959 5257; x_wconf 89' lang='lat' dir='ltr'><strong>etin</strong></span> <span class='ocrx_word' id='word_1_424' title='bbox 986 5200 1221 5257; x_wconf 89' lang='lat' dir='ltr'><strong>medium</strong></span> <span class='ocrx_word' id='word_1_425' title='bbox 1248 5198 1515 5255; x_wconf 85' lang='lat' dir='ltr'><strong>adducere</strong></span> <span class='ocrx_word' id='word_1_426' title='bbox 1546 5198 1773 5264; x_wconf 85' lang='lat' dir='ltr'><strong>Heliam,</strong></span> <span class='ocrx_word' id='word_1_427' title='bbox 1817 5200 1962 5270; x_wconf 73' lang='lat' dir='ltr'><strong>Moy-</strong></span> 
     </span>
    </p>
   </div>
   <div class='ocr_carea' id='block_1_53' title="bbox 372 5291 1962 5366">
    <p class='ocr_par' dir='ltr' id='par_1_53' title="bbox 372 5291 1962 5366">
     <span class='ocr_line' id='line_1_53' title="bbox 372 5291 1962 5366; baseline -0.004 -11"><span class='ocrx_word' id='word_1_428' title='bbox 372 5315 513 5366; x_wconf 86' lang='lat' dir='ltr'><strong>setn,</strong></span> <span class='ocrx_word' id='word_1_429' title='bbox 572 5297 859 5362; x_wconf 80' lang='lat' dir='ltr'><strong>Joannem,</strong></span> <span class='ocrx_word' id='word_1_430' title='bbox 903 5295 1145 5364; x_wconf 87' lang='lat' dir='ltr'><strong>aliosque</strong></span> <span class='ocrx_word' id='word_1_431' title='bbox 1184 5293 1391 5348; x_wconf 82' lang='lat' dir='ltr'><strong>similes</strong></span> <span class='ocrx_word' id='word_1_432' title='bbox 1432 5291 1523 5361; x_wconf 90' lang='lat' dir='ltr'><strong>qui</strong></span> <span class='ocrx_word' id='word_1_433' title='bbox 1558 5292 1629 5348; x_wconf 91' lang='lat' dir='ltr'><strong>de</strong></span> <span class='ocrx_word' id='word_1_434' title='bbox 1680 5292 1802 5348; x_wconf 90' lang='lat' dir='ltr'><strong>cibo</strong></span> <span class='ocrx_word' id='word_1_435' title='bbox 1854 5306 1962 5348; x_wconf 91' lang='lat' dir='ltr'><strong>non</strong></span> 
     </span>
    </p>
   </div>
   <div class='ocr_carea' id='block_1_54' title="bbox 370 5385 1962 5456">
    <p class='ocr_par' dir='ltr' id='par_1_54' title="bbox 370 5385 1962 5456">
     <span class='ocr_line' id='line_1_54' title="bbox 370 5385 1962 5456; baseline -0.005 -8"><span class='ocrx_word' id='word_1_436' title='bbox 370 5391 589 5448; x_wconf 82' lang='lat' dir='ltr'><strong>solliciti</strong></span> <span class='ocrx_word' id='word_1_437' title='bbox 620 5389 870 5453; x_wconf 75' lang='lat' dir='ltr'><strong>fuerant;</strong></span> <span class='ocrx_word' id='word_1_438' title='bbox 910 5397 971 5443; x_wconf 94' lang='lat' dir='ltr'><strong>ut</strong></span> <span class='ocrx_word' id='word_1_439' title='bbox 998 5387 1120 5442; x_wconf 90' lang='lat' dir='ltr'><strong>illos</strong></span> <span class='ocrx_word' id='word_1_440' title='bbox 1163 5387 1334 5456; x_wconf 74' lang='lat' dir='ltr'><strong>magis</strong></span> <span class='ocrx_word' id='word_1_441' title='bbox 1377 5385 1782 5455; x_wconf 83' lang='lat' dir='ltr'><strong>pcrstringeret,</strong></span> <span class='ocrx_word' id='word_1_442' title='bbox 1824 5386 1962 5442; x_wconf 87' lang='lat' dir='ltr'><strong>irra-</strong></span> 
     </span>
    </p>
   </div>
   <div class='ocr_carea' id='block_1_55' title="bbox 373 5478 1965 5550">
    <p class='ocr_par' dir='ltr' id='par_1_55' title="bbox 373 5478 1965 5550">
     <span class='ocr_line' id='line_1_55' title="bbox 373 5478 1965 5550; baseline -0.003 -9"><span class='ocrx_word' id='word_1_443' title='bbox 373 5483 650 5545; x_wconf 82' lang='lat' dir='ltr'><strong>tionabilia</strong></span> <span class='ocrx_word' id='word_1_444' title='bbox 686 5481 938 5539; x_wconf 80' lang='lat' dir='ltr'><strong>animalia</strong></span> <span class='ocrx_word' id='word_1_445' title='bbox 979 5480 1316 5535; x_wconf 88' lang='lat' dir='ltr'><strong>memoravit.</strong></span> <span class='ocrx_word' id='word_1_446' title='bbox 1356 5478 1411 5535; x_wconf 87' lang='lat' dir='ltr'><strong>Si</strong></span> <span class='ocrx_word' id='word_1_447' title='bbox 1456 5479 1599 5534; x_wconf 91' lang='lat' dir='ltr'><strong>enim</strong></span> <span class='ocrx_word' id='word_1_448' title='bbox 1630 5479 1805 5550; x_wconf 86' lang='lat' dir='ltr'><strong>jnstos</strong></span> <span class='ocrx_word' id='word_1_449' title='bbox 1843 5480 1965 5536; x_wconf 87' lang='lat' dir='ltr'><strong>illos</strong></span> 
     </span>
    </p>
   </div>
   <div class='ocr_carea' id='block_1_56' title="bbox 371 5570 1964 5648">
    <p class='ocr_par' dir='ltr' id='par_1_56' title="bbox 371 5570 1964 5648">
     <span class='ocr_line' id='line_1_56' title="bbox 371 5570 1964 5648; baseline -0.003 -16"><span class='ocrx_word' id='word_1_450' title='bbox 371 5575 677 5648; x_wconf 79' lang='lat' dir='ltr'><strong>allegasset,</strong></span> <span class='ocrx_word' id='word_1_451' title='bbox 704 5575 885 5631; x_wconf 88' lang='lat' dir='ltr'><strong>dicere</strong></span> <span class='ocrx_word' id='word_1_452' title='bbox 908 5571 1223 5644; x_wconf 87' lang='lat' dir='ltr'><strong>potuissent.</strong></span> <span class='ocrx_word' id='word_1_453' title='bbox 1245 5570 1490 5627; x_wconf 87' lang='lat' dir='ltr'><strong>Nondum</strong></span> <span class='ocrx_word' id='word_1_454' title='bbox 1518 5571 1584 5626; x_wconf 86' lang='lat' dir='ltr'><strong>ad</strong></span> <span class='ocrx_word' id='word_1_455' title='bbox 1612 5570 1823 5626; x_wconf 86' lang='lat' dir='ltr'><strong>illorum</strong></span> <span class='ocrx_word' id='word_1_456' title='bbox 1849 5573 1964 5627; x_wconf 78' lang='lat' dir='ltr'><strong>vir-</strong></span> 
     </span>
    </p>
   </div>
   <div class='ocr_carea' id='block_1_57' title="bbox 376 5663 1963 5738">
    <p class='ocr_par' dir='ltr' id='par_1_57' title="bbox 376 5663 1963 5738">
     <span class='ocr_line' id='line_1_57' title="bbox 376 5663 1963 5738; baseline -0.003 -12"><span class='ocrx_word' id='word_1_457' title='bbox 376 5678 546 5726; x_wconf 85' lang='lat' dir='ltr'><strong>tntcm</strong></span> <span class='ocrx_word' id='word_1_458' title='bbox 574 5665 907 5738; x_wconf 75' lang='lat' dir='ltr'><strong>pcrtigimus.</strong></span> <span class='ocrx_word' id='word_1_459' title='bbox 956 5663 1110 5721; x_wconf 81' lang='lat' dir='ltr'><strong>Nunc</strong></span> <span class='ocrx_word' id='word_1_460' title='bbox 1154 5670 1332 5719; x_wconf 85' lang='lat' dir='ltr'><strong>autem</strong></span> <span class='ocrx_word' id='word_1_461' title='bbox 1381 5677 1502 5719; x_wconf 87' lang='lat' dir='ltr'><strong>cum</strong></span> <span class='ocrx_word' id='word_1_462' title='bbox 1547 5663 1669 5718; x_wconf 90' lang='lat' dir='ltr'><strong>illos</strong></span> <span class='ocrx_word' id='word_1_463' title='bbox 1696 5664 1878 5731; x_wconf 88' lang='lat' dir='ltr'><strong>tacuit,</strong></span> <span class='ocrx_word' id='word_1_464' title='bbox 1911 5676 1963 5721; x_wconf 89' lang='lat' dir='ltr'><strong>et</strong></span> 
     </span>
    </p>
   </div>
   <div class='ocr_carea' id='block_1_58' title="bbox 372 5755 1963 5822">
    <p class='ocr_par' dir='ltr' id='par_1_58' title="bbox 372 5755 1963 5822">
     <span class='ocr_line' id='line_1_58' title="bbox 372 5755 1963 5822; baseline -0.001 -7"><span class='ocrx_word' id='word_1_465' title='bbox 372 5761 610 5821; x_wconf 75' lang='lat' dir='ltr'><strong>volatilia</strong></span> <span class='ocrx_word' id='word_1_466' title='bbox 637 5759 754 5814; x_wconf 65' lang='lat' dir='ltr'><strong>cadi</strong></span> <span class='ocrx_word' id='word_1_467' title='bbox 778 5756 1005 5822; x_wconf 77' lang='lat' dir='ltr'><strong>induxit,</strong></span> <span class='ocrx_word' id='word_1_468' title='bbox 1035 5768 1251 5810; x_wconf 82' lang='lat' dir='ltr'><strong>omnem</strong></span> <span class='ocrx_word' id='word_1_469' title='bbox 1279 5755 1385 5809; x_wconf 90' lang='lat' dir='ltr'><strong>illis</strong></span> <span class='ocrx_word' id='word_1_470' title='bbox 1422 5756 1757 5809; x_wconf 81' lang='lat' dir='ltr'><strong>occasionem</strong></span> <span class='ocrx_word' id='word_1_471' title='bbox 1789 5759 1963 5813; x_wconf 89' lang='lat' dir='ltr'><strong>succi-</strong></span> 
     </span>
    </p>
   </div>
   <div class='ocr_carea' id='block_1_59' title="bbox 370 5825 1966 5917">
    <p class='ocr_par' dir='ltr' id='par_1_59' title="bbox 370 5825 1966 5917">
     <span class='ocr_line' id='line_1_59' title="bbox 370 5825 1966 5917; baseline -0.003 -8"><span class='ocrx_word' id='word_1_472' title='bbox 370 5856 473 5915; x_wconf 82' lang='lat' dir='ltr'><strong>dit.</strong></span> <span class='ocrx_word' id='word_1_473' title='bbox 516 5825 614 5906; x_wconf 70' lang='lat' dir='ltr'><strong>hac</strong></span> <span class='ocrx_word' id='word_1_474' title='bbox 645 5852 698 5906; x_wconf 89' lang='lat' dir='ltr'><strong>in</strong></span> <span class='ocrx_word' id='word_1_475' title='bbox 741 5867 801 5906; x_wconf 90' lang='lat' dir='ltr'><strong>re</strong></span> <span class='ocrx_word' id='word_1_476' title='bbox 828 5858 1061 5905; x_wconf 82' lang='lat' dir='ltr'><strong>veterem</strong></span> <span class='ocrx_word' id='word_1_477' title='bbox 1108 5847 1278 5917; x_wconf 77' lang='lat' dir='ltr'><strong>legem</strong></span> <span class='ocrx_word' id='word_1_478' title='bbox 1321 5846 1576 5900; x_wconf 79' lang='lat' dir='ltr'><strong>imitatus.</strong></span> <span class='ocrx_word' id='word_1_479' title='bbox 1622 5846 1753 5901; x_wconf 87' lang='lat' dir='ltr'><strong>Nam</strong></span> <span class='ocrx_word' id='word_1_480' title='bbox 1803 5848 1966 5904; x_wconf 83' lang='lat' dir='ltr'><strong>Vetus</strong></span> 
     </span>
    </p>
   </div>
   <div class='ocr_carea' id='block_1_60' title="bbox 370 5937 1958 6013">
    <p class='ocr_par' dir='ltr' id='par_1_60' title="bbox 370 5937 1958 6013">
     <span class='ocr_line' id='line_1_60' title="bbox 370 5937 1958 6013; baseline -0.001 -15"><span class='ocrx_word' id='word_1_481' title='bbox 370 5944 784 6013; x_wconf 72' lang='lat' dir='ltr'><strong>Testamentum</strong></span> <span class='ocrx_word' id='word_1_482' title='bbox 808 5937 874 6006; x_wconf 79' lang='lat' dir='ltr'><strong>ad</strong></span> <span class='ocrx_word' id='word_1_483' title='bbox 904 5952 1056 6008; x_wconf 84' lang='lat' dir='ltr'><strong>apem</strong></span> <span class='ocrx_word' id='word_1_484' title='bbox 1098 5940 1277 6007; x_wconf 89' lang='lat' dir='ltr'><strong>mittit,</strong></span> <span class='ocrx_word' id='word_1_485' title='bbox 1313 5937 1380 5992; x_wconf 85' lang='lat' dir='ltr'><strong>ad</strong></span> <span class='ocrx_word' id='word_1_486' title='bbox 1395 5938 1692 6007; x_wconf 64' lang='lat' dir='ltr'><strong>formicam,</strong></span> <span class='ocrx_word' id='word_1_487' title='bbox 1739 5940 1803 5995; x_wconf 80' lang='lat' dir='ltr'><strong>ad</strong></span> <span class='ocrx_word' id='word_1_488' title='bbox 1845 5950 1958 5998; x_wconf 83' lang='lat' dir='ltr'><strong>lur-</strong></span> 
     </span>
    </p>
   </div>
   <div class='ocr_carea' id='block_1_61' title="bbox 1357 418 2632 542">
    <p class='ocr_par' dir='ltr' id='par_1_61' title="bbox 1357 418 2632 542">
     <span class='ocr_line' id='line_1_61' title="bbox 1357 418 2632 542; baseline -0.004 0"><span class='ocrx_word' id='word_1_489' title='bbox 1357 486 1422 542; x_wconf 84' lang='lat' dir='ltr'><strong>IN</strong></span> <span class='ocrx_word' id='word_1_490' title='bbox 1458 479 1860 541; x_wconf 67' lang='lat' dir='ltr'><strong>MATTIIAEUM</strong></span> <span class='ocrx_word' id='word_1_491' title='bbox 1901 477 2126 537; x_wconf 77' lang='lat' dir='ltr'><strong>llUMlL.</strong></span> <span class='ocrx_word' id='word_1_492' title='bbox 2169 478 2313 535; x_wconf 76' lang='lat' dir='ltr'><strong>XXI.</strong></span> <span class='ocrx_word' id='word_1_493' title='bbox 2352 480 2423 536; x_wconf 86' lang='lat' dir='ltr'><strong>al.</strong></span> <span class='ocrx_word' id='word_1_494' title='bbox 2465 418 2632 537; x_wconf 69' lang='lat' dir='ltr'><strong>ml.</strong></span> 
     </span>
    </p>
   </div>
   <div class='ocr_carea' id='block_1_62' title="bbox 3543 482 3697 541">
    <p class='ocr_par' dir='ltr' id='par_1_62' title="bbox 3543 482 3697 541">
     <span class='ocr_line' id='line_1_62' title="bbox 3543 482 3697 541; baseline 0.026 -4"><span class='ocrx_word' id='word_1_495' title='bbox 3543 482 3697 541; x_wconf 57' lang='lat' dir='ltr'><strong>2G8-</strong></span> 
     </span>
    </p>
   </div>
   <div class='ocr_carea' id='block_1_63' title="bbox 2058 592 3651 664">
    <p class='ocr_par' dir='ltr' id='par_1_63' title="bbox 2058 592 3651 664">
     <span class='ocr_line' id='line_1_63' title="bbox 2058 592 3651 664; baseline 0.003 -16"><span class='ocrx_word' id='word_1_496' title='bbox 2058 600 2258 660; x_wconf 84' lang='lat' dir='ltr'><strong>turem,</strong></span> <span class='ocrx_word' id='word_1_497' title='bbox 2288 594 2353 649; x_wconf 88' lang='lat' dir='ltr'><strong>ad</strong></span> <span class='ocrx_word' id='word_1_498' title='bbox 2384 592 2749 649; x_wconf 74' lang='lat' dir='ltr'><strong>hirundinem.</strong></span> <span class='ocrx_word' id='word_1_499' title='bbox 2787 593 2897 650; x_wconf 80' lang='lat' dir='ltr'><strong>Nec</strong></span> <span class='ocrx_word' id='word_1_500' title='bbox 2925 607 3165 664; x_wconf 52' lang='lat' dir='ltr'><strong>parvum»</strong></span> <span class='ocrx_word' id='word_1_501' title='bbox 3194 595 3298 652; x_wconf 82' lang='lat' dir='ltr'><strong>hoc</strong></span> <span class='ocrx_word' id='word_1_502' title='bbox 3327 605 3411 652; x_wconf 85' lang='lat' dir='ltr'><strong>est</strong></span> <span class='ocrx_word' id='word_1_503' title='bbox 3448 598 3651 654; x_wconf 81' lang='lat' dir='ltr'><strong>homini</strong></span> 
     </span>
    </p>
   </div>
   <div class='ocr_carea' id='block_1_64' title="bbox 2061 686 3650 758">
    <p class='ocr_par' dir='ltr' id='par_1_64' title="bbox 2061 686 3650 758">
     <span class='ocr_line' id='line_1_64' title="bbox 2061 686 3650 758; baseline 0.003 -17"><span class='ocrx_word' id='word_1_504' title='bbox 2061 686 2280 742; x_wconf 85' lang='lat' dir='ltr'><strong>honoris</strong></span> <span class='ocrx_word' id='word_1_505' title='bbox 2307 694 2700 758; x_wconf 79' lang='lat' dir='ltr'><strong>argumentum,</strong></span> <span class='ocrx_word' id='word_1_506' title='bbox 2724 687 2941 758; x_wconf 86' lang='lat' dir='ltr'><strong>quando</strong></span> <span class='ocrx_word' id='word_1_507' title='bbox 2965 703 3086 758; x_wconf 68' lang='lat' dir='ltr'><strong>quae</strong></span> <span class='ocrx_word' id='word_1_508' title='bbox 3109 688 3198 743; x_wconf 89' lang='lat' dir='ltr'><strong>illa</strong></span> <span class='ocrx_word' id='word_1_509' title='bbox 3233 704 3299 745; x_wconf 78' lang='lat' dir='ltr'><strong>ex</strong></span> <span class='ocrx_word' id='word_1_510' title='bbox 3337 697 3526 745; x_wconf 82' lang='lat' dir='ltr'><strong>natura</strong></span> <span class='ocrx_word' id='word_1_511' title='bbox 3553 693 3650 746; x_wconf 88' lang='lat' dir='ltr'><strong>ha-</strong></span> 
     </span>
    </p>
   </div>
   <div class='ocr_carea' id='block_1_65' title="bbox 2063 779 3649 851">
    <p class='ocr_par' dir='ltr' id='par_1_65' title="bbox 2063 779 3649 851">
     <span class='ocr_line' id='line_1_65' title="bbox 2063 779 3649 851; baseline 0.002 -16"><span class='ocrx_word' id='word_1_512' title='bbox 2063 779 2218 846; x_wconf 74' lang='lat' dir='ltr'><strong>bent,</strong></span> <span class='ocrx_word' id='word_1_513' title='bbox 2255 795 2355 835; x_wconf 90' lang='lat' dir='ltr'><strong>nos</strong></span> <span class='ocrx_word' id='word_1_514' title='bbox 2396 794 2682 851; x_wconf 79' lang='lat' dir='ltr'><strong>possumus</strong></span> <span class='ocrx_word' id='word_1_515' title='bbox 2720 795 2785 835; x_wconf 82' lang='lat' dir='ltr'><strong>ex</strong></span> <span class='ocrx_word' id='word_1_516' title='bbox 2816 780 3108 836; x_wconf 82' lang='lat' dir='ltr'><strong>voluntatis</strong></span> <span class='ocrx_word' id='word_1_517' title='bbox 3135 779 3363 836; x_wconf 83' lang='lat' dir='ltr'><strong>arbitrio</strong></span> <span class='ocrx_word' id='word_1_518' title='bbox 3390 782 3649 838; x_wconf 86' lang='lat' dir='ltr'><strong>nancisci.</strong></span> 
     </span>
    </p>
   </div>
   <div class='ocr_carea' id='block_1_66' title="bbox 2060 871 3652 943">
    <p class='ocr_par' dir='ltr' id='par_1_66' title="bbox 2060 871 3652 943">
     <span class='ocr_line' id='line_1_66' title="bbox 2060 871 3652 943; baseline 0 -14"><span class='ocrx_word' id='word_1_519' title='bbox 2060 871 2117 929; x_wconf 70' lang='lat' dir='ltr'><strong>Si</strong></span> <span class='ocrx_word' id='word_1_520' title='bbox 2142 873 2305 943; x_wconf 78' lang='lat' dir='ltr'><strong>igitur-</strong></span> <span class='ocrx_word' id='word_1_521' title='bbox 2322 871 2534 928; x_wconf 87' lang='lat' dir='ltr'><strong>illorum</strong></span> <span class='ocrx_word' id='word_1_522' title='bbox 2560 888 2679 942; x_wconf 67' lang='lat' dir='ltr'><strong>quat</strong></span> <span class='ocrx_word' id='word_1_523' title='bbox 2708 880 2928 943; x_wconf 87' lang='lat' dir='ltr'><strong>propter</strong></span> <span class='ocrx_word' id='word_1_524' title='bbox 2946 886 3045 928; x_wconf 88' lang='lat' dir='ltr'><strong>nos</strong></span> <span class='ocrx_word' id='word_1_525' title='bbox 3071 883 3248 929; x_wconf 87' lang='lat' dir='ltr'><strong>creata</strong></span> <span class='ocrx_word' id='word_1_526' title='bbox 3279 884 3423 940; x_wconf 89' lang='lat' dir='ltr'><strong>sunt,</strong></span> <span class='ocrx_word' id='word_1_527' title='bbox 3450 884 3652 929; x_wconf 85' lang='lat' dir='ltr'><strong>tantam</strong></span> 
     </span>
    </p>
   </div>
   <div class='ocr_carea' id='block_1_67' title="bbox 2061 964 3656 1036">
    <p class='ocr_par' dir='ltr' id='par_1_67' title="bbox 2061 964 3656 1036">
     <span class='ocr_line' id='line_1_67' title="bbox 2061 964 3656 1036; baseline 0.003 -18"><span class='ocrx_word' id='word_1_528' title='bbox 2061 965 2197 1035; x_wconf 76' lang='lat' dir='ltr'><strong>gerit</strong></span> <span class='ocrx_word' id='word_1_529' title='bbox 2227 964 2642 1034; x_wconf 76' lang='lat' dir='ltr'><strong>providentiam,</strong></span> <span class='ocrx_word' id='word_1_530' title='bbox 2667 973 2870 1035; x_wconf 90' lang='lat' dir='ltr'><strong>quanto</strong></span> <span class='ocrx_word' id='word_1_531' title='bbox 2899 965 3069 1036; x_wconf 76' lang='lat' dir='ltr'><strong>magis</strong></span> <span class='ocrx_word' id='word_1_532' title='bbox 3088 968 3372 1021; x_wconf 76' lang='lat' dir='ltr'><strong>nostrum?</strong></span> <span class='ocrx_word' id='word_1_533' title='bbox 3391 967 3437 1023; x_wconf 91' lang='lat' dir='ltr'><strong>si</strong></span> <span class='ocrx_word' id='word_1_534' title='bbox 3465 983 3656 1023; x_wconf 80' lang='lat' dir='ltr'><strong>servo-</strong></span> 
     </span>
    </p>
   </div>
   <div class='ocr_carea' id='block_1_68' title="bbox 2062 1057 3659 1132">
    <p class='ocr_par' dir='ltr' id='par_1_68' title="bbox 2062 1057 3659 1132">
     <span class='ocr_line' id='line_1_68' title="bbox 2062 1057 3659 1132; baseline 0.003 -21"><span class='ocrx_word' id='word_1_535' title='bbox 2062 1072 2202 1123; x_wconf 87' lang='lat' dir='ltr'><strong>rum,</strong></span> <span class='ocrx_word' id='word_1_536' title='bbox 2229 1066 2432 1128; x_wconf 87' lang='lat' dir='ltr'><strong>quanto</strong></span> <span class='ocrx_word' id='word_1_537' title='bbox 2455 1058 2625 1129; x_wconf 78' lang='lat' dir='ltr'><strong>magis</strong></span> <span class='ocrx_word' id='word_1_538' title='bbox 2656 1058 2909 1115; x_wconf 80' lang='lat' dir='ltr'><strong>berorum</strong></span> <span class='ocrx_word' id='word_1_539' title='bbox 2925 1058 2952 1111; x_wconf 77' lang='lat'><strong><em>7</em></strong></span> <span class='ocrx_word' id='word_1_540' title='bbox 2973 1057 3098 1114; x_wconf 89' lang='lat' dir='ltr'><strong>Ideo</strong></span> <span class='ocrx_word' id='word_1_541' title='bbox 3117 1058 3375 1115; x_wconf 63' lang='lat' dir='ltr'><strong>diccbat-ir</strong></span> <span class='ocrx_word' id='word_1_542' title='bbox 3399 1059 3659 1132; x_wconf 76' lang='lat' dir='ltr'><strong>Respicite</strong></span> 
     </span>
    </p>
   </div>
   <div class='ocr_carea' id='block_1_69' title="bbox 2060 1148 3655 1220">
    <p class='ocr_par' dir='ltr' id='par_1_69' title="bbox 2060 1148 3655 1220">
     <span class='ocr_line' id='line_1_69' title="bbox 2060 1148 3655 1220; baseline 0.005 -20"><span class='ocrx_word' id='word_1_543' title='bbox 2060 1148 2288 1203; x_wconf 74' lang='lat' dir='ltr'><strong>volatilia</strong></span> <span class='ocrx_word' id='word_1_544' title='bbox 2314 1164 2335 1203; x_wconf 91' lang='lat'><strong><em>:</em></strong></span> <span class='ocrx_word' id='word_1_545' title='bbox 2359 1163 2460 1205; x_wconf 90' lang='lat' dir='ltr'><strong>nec</strong></span> <span class='ocrx_word' id='word_1_546' title='bbox 2488 1148 2712 1219; x_wconf 89' lang='lat' dir='ltr'><strong>addidit,</strong></span> <span class='ocrx_word' id='word_1_547' title='bbox 2743 1148 2886 1220; x_wconf 86' lang='lat' dir='ltr'><strong>quod</strong></span> <span class='ocrx_word' id='word_1_548' title='bbox 2918 1158 3421 1220; x_wconf 70' lang='lat' dir='ltr'><strong>neueauponentnr</strong></span> <span class='ocrx_word' id='word_1_549' title='bbox 3441 1151 3524 1208; x_wconf 82' lang='lat' dir='ltr'><strong>vel</strong></span> <span class='ocrx_word' id='word_1_550' title='bbox 3554 1168 3655 1208; x_wconf 81' lang='lat' dir='ltr'><strong>ne—</strong></span> 
     </span>
    </p>
   </div>
   <div class='ocr_carea' id='block_1_70' title="bbox 2059 1239 3655 1312">
    <p class='ocr_par' dir='ltr' id='par_1_70' title="bbox 2059 1239 3655 1312">
     <span class='ocr_line' id='line_1_70' title="bbox 2059 1239 3655 1312; baseline 0.006 -21"><span class='ocrx_word' id='word_1_551' title='bbox 2059 1239 2372 1308; x_wconf 73' lang='lat' dir='ltr'><strong>gotiantur:</strong></span> <span class='ocrx_word' id='word_1_552' title='bbox 2407 1241 2523 1296; x_wconf 69' lang='lat' dir='ltr'><strong>haec</strong></span> <span class='ocrx_word' id='word_1_553' title='bbox 2559 1240 3085 1311; x_wconf 76' lang='lat' dir='ltr'><strong>quippeadmodutn</strong></span> <span class='ocrx_word' id='word_1_554' title='bbox 3133 1242 3415 1312; x_wconf 84' lang='lat' dir='ltr'><strong>reprobata</strong></span> <span class='ocrx_word' id='word_1_555' title='bbox 3458 1253 3655 1312; x_wconf 81' lang='lat' dir='ltr'><strong>erant-;</strong></span> 
     </span>
    </p>
   </div>
   <div class='ocr_carea' id='block_1_71' title="bbox 2062 1333 3660 1408">
    <p class='ocr_par' dir='ltr' id='par_1_71' title="bbox 2062 1333 3660 1408">
     <span class='ocr_line' id='line_1_71' title="bbox 2062 1333 3660 1408; baseline 0.002 -18"><span class='ocrx_word' id='word_1_556' title='bbox 2062 1334 2156 1390; x_wconf 81' lang='lat' dir='ltr'><strong>sed</strong></span> <span class='ocrx_word' id='word_1_557' title='bbox 2190 1333 2332 1404; x_wconf 89' lang='lat' dir='ltr'><strong>quod</strong></span> <span class='ocrx_word' id='word_1_558' title='bbox 2350 1350 2465 1388; x_wconf 82' lang='lat' dir='ltr'><strong>non</strong></span> <span class='ocrx_word' id='word_1_559' title='bbox 2492 1343 2694 1401; x_wconf 73' lang='lat' dir='ltr'><strong>serant,</strong></span> <span class='ocrx_word' id='word_1_560' title='bbox 2728 1350 2905 1405; x_wconf 86' lang='lat' dir='ltr'><strong>neque</strong></span> <span class='ocrx_word' id='word_1_561' title='bbox 2928 1343 3150 1391; x_wconf 89' lang='lat' dir='ltr'><strong>metant.</strong></span> <span class='ocrx_word' id='word_1_562' title='bbox 3179 1336 3317 1404; x_wconf 84' lang='lat' dir='ltr'><strong>Quid</strong></span> <span class='ocrx_word' id='word_1_563' title='bbox 3348 1336 3548 1408; x_wconf 78' lang='lat' dir='ltr'><strong>igitur?</strong></span> <span class='ocrx_word' id='word_1_564' title='bbox 3570 1338 3660 1393; x_wconf 87' lang='lat' dir='ltr'><strong>in-</strong></span> 
     </span>
    </p>
   </div>
   <div class='ocr_carea' id='block_1_72' title="bbox 2061 1424 3658 1494">
    <p class='ocr_par' dir='ltr' id='par_1_72' title="bbox 2061 1424 3658 1494">
     <span class='ocr_line' id='line_1_72' title="bbox 2061 1424 3658 1494; baseline 0.005 -18"><span class='ocrx_word' id='word_1_565' title='bbox 2061 1424 2236 1494; x_wconf 90' lang='lat' dir='ltr'><strong>quies,</strong></span> <span class='ocrx_word' id='word_1_566' title='bbox 2249 1440 2426 1479; x_wconf 86' lang='lat' dir='ltr'><strong>annon</strong></span> <span class='ocrx_word' id='word_1_567' title='bbox 2447 1424 2734 1480; x_wconf 79' lang='lat' dir='ltr'><strong>serendum</strong></span> <span class='ocrx_word' id='word_1_568' title='bbox 2755 1426 2856 1481; x_wconf 85' lang='lat' dir='ltr'><strong>erit</strong></span> <span class='ocrx_word' id='word_1_569' title='bbox 2870 1425 3023 1481; x_wconf 78' lang='lat' dir='ltr'><strong>‘lNon</strong></span> <span class='ocrx_word' id='word_1_570' title='bbox 3040 1426 3200 1491; x_wconf 77' lang='lat' dir='ltr'><strong>dixit,</strong></span> <span class='ocrx_word' id='word_1_571' title='bbox 3216 1444 3320 1482; x_wconf 88' lang='lat' dir='ltr'><strong>non</strong></span> <span class='ocrx_word' id='word_1_572' title='bbox 3339 1443 3461 1484; x_wconf 83' lang='lat' dir='ltr'><strong>esse</strong></span> <span class='ocrx_word' id='word_1_573' title='bbox 3478 1444 3658 1485; x_wconf 82' lang='lat' dir='ltr'><strong>scren-</strong></span> 
     </span>
    </p>
   </div>
   <div class='ocr_carea' id='block_1_73' title="bbox 2061 1517 3654 1591">
    <p class='ocr_par' dir='ltr' id='par_1_73' title="bbox 2061 1517 3654 1591">
     <span class='ocr_line' id='line_1_73' title="bbox 2061 1517 3654 1591; baseline 0.002 -19"><span class='ocrx_word' id='word_1_574' title='bbox 2061 1517 2211 1583; x_wconf 88' lang='lat' dir='ltr'><strong>dutn,</strong></span> <span class='ocrx_word' id='word_1_575' title='bbox 2225 1518 2318 1573; x_wconf 85' lang='lat' dir='ltr'><strong>sed</strong></span> <span class='ocrx_word' id='word_1_576' title='bbox 2339 1532 2444 1573; x_wconf 86' lang='lat' dir='ltr'><strong>non</strong></span> <span class='ocrx_word' id='word_1_577' title='bbox 2459 1518 2877 1575; x_wconf 75' lang='lat' dir='ltr'><strong>sollicitumesse</strong></span> <span class='ocrx_word' id='word_1_578' title='bbox 2892 1528 3143 1588; x_wconf 81' lang='lat' dir='ltr'><strong>Oportere</strong></span> <span class='ocrx_word' id='word_1_579' title='bbox 3160 1537 3174 1573; x_wconf 93' lang='lat'><strong>:</strong></span> <span class='ocrx_word' id='word_1_580' title='bbox 3190 1520 3527 1591; x_wconf 79' lang='lat' dir='ltr'><strong>ncquedixit,</strong></span> <span class='ocrx_word' id='word_1_581' title='bbox 3547 1536 3654 1576; x_wconf 86' lang='lat' dir='ltr'><strong>non</strong></span> 
     </span>
    </p>
   </div>
   <div class='ocr_carea' id='block_1_74' title="bbox 2065 1608 3672 1681">
    <p class='ocr_par' dir='ltr' id='par_1_74' title="bbox 2065 1608 3672 1681">
     <span class='ocr_line' id='line_1_74' title="bbox 2065 1608 3672 1681; baseline -0.002 -18"><span class='ocrx_word' id='word_1_582' title='bbox 2065 1609 2412 1679; x_wconf 83' lang='lat' dir='ltr'><strong>operandam,</strong></span> <span class='ocrx_word' id='word_1_583' title='bbox 2431 1608 2524 1665; x_wconf 87' lang='lat' dir='ltr'><strong>sed</strong></span> <span class='ocrx_word' id='word_1_584' title='bbox 2538 1625 2644 1664; x_wconf 88' lang='lat' dir='ltr'><strong>non</strong></span> <span class='ocrx_word' id='word_1_585' title='bbox 2665 1610 3061 1679; x_wconf 85' lang='lat' dir='ltr'><strong>pusillanimum</strong></span> <span class='ocrx_word' id='word_1_586' title='bbox 3074 1625 3217 1675; x_wconf 89' lang='lat' dir='ltr'><strong>esse,</strong></span> <span class='ocrx_word' id='word_1_587' title='bbox 3235 1626 3408 1681; x_wconf 87' lang='lat' dir='ltr'><strong>neque</strong></span> <span class='ocrx_word' id='word_1_588' title='bbox 3423 1626 3544 1668; x_wconf 87' lang='lat' dir='ltr'><strong>sese</strong></span> <span class='ocrx_word' id='word_1_589' title='bbox 3556 1615 3672 1672; x_wconf 67' lang='grc' dir='ltr'><strong>δοιτ,</strong></span> 
     </span>
    </p>
   </div>
   <div class='ocr_carea' id='block_1_75' title="bbox 2066 1701 3655 1775">
    <p class='ocr_par' dir='ltr' id='par_1_75' title="bbox 2066 1701 3655 1775">
     <span class='ocr_line' id='line_1_75' title="bbox 2066 1701 3655 1775; baseline 0.002 -19"><span class='ocrx_word' id='word_1_590' title='bbox 2066 1701 2428 1757; x_wconf 88' lang='lat' dir='ltr'><strong>licitudinihus</strong></span> <span class='ocrx_word' id='word_1_591' title='bbox 2447 1717 2738 1758; x_wconf 88' lang='lat' dir='ltr'><strong>macerare.</strong></span> <span class='ocrx_word' id='word_1_592' title='bbox 2753 1701 2887 1774; x_wconf 78' lang='lat' dir='ltr'><strong>Nam</strong></span> <span class='ocrx_word' id='word_1_593' title='bbox 2900 1703 3150 1757; x_wconf 77' lang='lat' dir='ltr'><strong>alimenta</strong></span> <span class='ocrx_word' id='word_1_594' title='bbox 3168 1706 3655 1775; x_wconf 71' lang='lat' dir='ltr'><strong>stuncreprazcipit,</strong></span> 
     </span>
    </p>
   </div>
   <div class='ocr_carea' id='block_1_76' title="bbox 2064 1793 3703 1866">
    <p class='ocr_par' dir='ltr' id='par_1_76' title="bbox 2064 1793 3703 1866">
     <span class='ocr_line' id='line_1_76' title="bbox 2064 1793 3703 1866; baseline 0.003 -17"><span class='ocrx_word' id='word_1_595' title='bbox 2064 1794 2159 1849; x_wconf 85' lang='lat' dir='ltr'><strong>sed</strong></span> <span class='ocrx_word' id='word_1_596' title='bbox 2184 1794 2385 1863; x_wconf 85' lang='lat' dir='ltr'><strong>absque</strong></span> <span class='ocrx_word' id='word_1_597' title='bbox 2424 1795 2799 1849; x_wconf 69' lang='lat' dir='ltr'><strong>siillicitudine.</strong></span> <span class='ocrx_word' id='word_1_598' title='bbox 2846 1793 2998 1849; x_wconf 90' lang='lat' dir='ltr'><strong>Hunc</strong></span> <span class='ocrx_word' id='word_1_599' title='bbox 3025 1809 3187 1866; x_wconf 84' lang='lat' dir='ltr'><strong>porro</strong></span> <span class='ocrx_word' id='word_1_600' title='bbox 3222 1810 3525 1853; x_wconf 88' lang='lat' dir='ltr'><strong>sermonem</strong></span> <span class='ocrx_word' id='word_1_601' title='bbox 3544 1797 3656 1866; x_wconf 81' lang='lat' dir='ltr'><strong>jam</strong></span> <span class='ocrx_word' id='word_1_602' title='bbox 3696 1848 3703 1854; x_wconf 78' lang='lat'><strong>.</strong></span> 
     </span>
    </p>
   </div>
   <div class='ocr_carea' id='block_1_77' title="bbox 2066 1887 3698 1959">
    <p class='ocr_par' dir='ltr' id='par_1_77' title="bbox 2066 1887 3698 1959">
     <span class='ocr_line' id='line_1_77' title="bbox 2066 1887 3698 1959; baseline 0.001 -16"><span class='ocrx_word' id='word_1_603' title='bbox 2066 1888 2338 1959; x_wconf 63' lang='lat' dir='ltr'><strong>pra-mittit</strong></span> <span class='ocrx_word' id='word_1_604' title='bbox 2381 1888 2564 1949; x_wconf 88' lang='lat' dir='ltr'><strong>David,</strong></span> <span class='ocrx_word' id='word_1_605' title='bbox 2595 1889 2676 1945; x_wconf 91' lang='lat' dir='ltr'><strong>sic</strong></span> <span class='ocrx_word' id='word_1_606' title='bbox 2709 1889 3040 1959; x_wconf 74' lang='lat' dir='ltr'><strong>:enigmatice</strong></span> <span class='ocrx_word' id='word_1_607' title='bbox 3083 1887 3308 1959; x_wconf 87' lang='lat' dir='ltr'><strong>loquens</strong></span> <span class='ocrx_word' id='word_1_608' title='bbox 3339 1907 3353 1945; x_wconf 93' lang='lat'><strong>:</strong></span> <span class='ocrx_word' id='word_1_609' title='bbox 3383 1889 3657 1959; x_wconf 74' lang='lat' dir='ltr'><strong>Aperis-tu</strong></span> <span class='ocrx_word' id='word_1_610' title='bbox 3690 1936 3698 1944; x_wconf 90' lang='lat'><strong>.</strong></span> 
     </span>
    </p>
   </div>
   <div class='ocr_carea' id='block_1_78' title="bbox 2064 1980 3660 2052">
    <p class='ocr_par' dir='ltr' id='par_1_78' title="bbox 2064 1980 3660 2052">
     <span class='ocr_line' id='line_1_78' title="bbox 2064 1980 3660 2052; baseline 0.003 -18"><span class='ocrx_word' id='word_1_611' title='bbox 2064 1996 2271 2034; x_wconf 78' lang='lat' dir='ltr'><strong>mnum</strong></span> <span class='ocrx_word' id='word_1_612' title='bbox 2322 1990 2460 2034; x_wconf 84' lang='lat' dir='ltr'><strong>tuam</strong></span> <span class='ocrx_word' id='word_1_613' title='bbox 2488 2021 2502 2045; x_wconf 94' lang='lat'><strong>,</strong></span> <span class='ocrx_word' id='word_1_614' title='bbox 2557 1992 2602 2035; x_wconf 85' lang='lat' dir='ltr'><strong>ct</strong></span> <span class='ocrx_word' id='word_1_615' title='bbox 2645 1980 2827 2052; x_wconf 80' lang='lat' dir='ltr'><strong>imples</strong></span> <span class='ocrx_word' id='word_1_616' title='bbox 2883 1997 3032 2036; x_wconf 86' lang='lat' dir='ltr'><strong>omne</strong></span> <span class='ocrx_word' id='word_1_617' title='bbox 3078 1982 3273 2037; x_wconf 86' lang='lat' dir='ltr'><strong>animal</strong></span> <span class='ocrx_word' id='word_1_618' title='bbox 3318 1981 3660 2038; x_wconf 76' lang='lat' dir='ltr'><strong>benedictione</strong></span> 
     </span>
    </p>
   </div>
   <div class='ocr_carea' id='block_1_79' title="bbox 2070 2070 3659 2145">
    <p class='ocr_par' dir='ltr' id='par_1_79' title="bbox 2070 2070 3659 2145">
     <span class='ocr_line' id='line_1_79' title="bbox 2070 2070 3659 2145; baseline 0.003 -20"><span class='ocrx_word' id='word_1_619' title='bbox 2070 2070 2241 2143; x_wconf 84' lang='lat' dir='ltr'><strong>(Psai.</strong></span> <span class='ocrx_word' id='word_1_620' title='bbox 2281 2072 2402 2126; x_wconf 73' lang='lat' dir='ltr'><strong>Mi.</strong></span> <span class='ocrx_word' id='word_1_621' title='bbox 2440 2072 2568 2142; x_wconf 77' lang='lat' dir='ltr'><strong>lli):</strong></span> <span class='ocrx_word' id='word_1_622' title='bbox 2600 2080 2656 2127; x_wconf 89' lang='lat' dir='ltr'><strong>et</strong></span> <span class='ocrx_word' id='word_1_623' title='bbox 2697 2086 2902 2137; x_wconf 85' lang='lat' dir='ltr'><strong>rursus,</strong></span> <span class='ocrx_word' id='word_1_624' title='bbox 2956 2072 3057 2138; x_wconf 83' lang='lat' dir='ltr'><strong>Qui</strong></span> <span class='ocrx_word' id='word_1_625' title='bbox 3095 2073 3184 2127; x_wconf 84' lang='lat' dir='ltr'><strong>dat</strong></span> <span class='ocrx_word' id='word_1_626' title='bbox 3205 2075 3454 2145; x_wconf 77' lang='lat' dir='ltr'><strong>jumeutis</strong></span> <span class='ocrx_word' id='word_1_627' title='bbox 3495 2092 3659 2129; x_wconf 84' lang='lat' dir='ltr'><strong>escam</strong></span> 
     </span>
    </p>
   </div>
   <div class='ocr_carea' id='block_1_80' title="bbox 2065 2163 3656 2238">
    <p class='ocr_par' dir='ltr' id='par_1_80' title="bbox 2065 2163 3656 2238">
     <span class='ocr_line' id='line_1_80' title="bbox 2065 2163 3656 2238; baseline 0.004 -22"><span class='ocrx_word' id='word_1_628' title='bbox 2065 2163 2315 2234; x_wconf 77' lang='lat' dir='ltr'><strong>ipsorum,</strong></span> <span class='ocrx_word' id='word_1_629' title='bbox 2332 2173 2382 2218; x_wconf 88' lang='lat' dir='ltr'><strong>et</strong></span> <span class='ocrx_word' id='word_1_630' title='bbox 2398 2164 2553 2234; x_wconf 80' lang='lat' dir='ltr'><strong>pullis</strong></span> <span class='ocrx_word' id='word_1_631' title='bbox 2571 2181 2835 2220; x_wconf 83' lang='lat' dir='ltr'><strong>corvorum</strong></span> <span class='ocrx_word' id='word_1_632' title='bbox 2852 2165 3198 2221; x_wconf 72' lang='lat' dir='ltr'><strong>invocantibus</strong></span> <span class='ocrx_word' id='word_1_633' title='bbox 3208 2183 3324 2221; x_wconf 81' lang='lat' dir='ltr'><strong>eum</strong></span> <span class='ocrx_word' id='word_1_634' title='bbox 3339 2167 3512 2238; x_wconf 80' lang='lat' dir='ltr'><strong>(l’sal.</strong></span> <span class='ocrx_word' id='word_1_635' title='bbox 3532 2168 3656 2224; x_wconf 72' lang='lat'><strong>“6.</strong></span> 
     </span>
    </p>
   </div>
   <div class='ocr_carea' id='block_1_81' title="bbox 2067 2256 3659 2329">
    <p class='ocr_par' dir='ltr' id='par_1_81' title="bbox 2067 2256 3659 2329">
     <span class='ocr_line' id='line_1_81' title="bbox 2067 2256 3659 2329; baseline 0.003 -16"><span class='ocrx_word' id='word_1_636' title='bbox 2067 2256 2148 2329; x_wconf 82' lang='lat'><strong>9).</strong></span> <span class='ocrx_word' id='word_1_637' title='bbox 2194 2256 2261 2312; x_wconf 88' lang='lat' dir='ltr'><strong>Et</strong></span> <span class='ocrx_word' id='word_1_638' title='bbox 2285 2257 2503 2326; x_wconf 89' lang='lat' dir='ltr'><strong>quinam</strong></span> <span class='ocrx_word' id='word_1_639' title='bbox 2533 2267 2680 2325; x_wconf 91' lang='lat' dir='ltr'><strong>sunt,</strong></span> <span class='ocrx_word' id='word_1_640' title='bbox 2724 2259 2953 2329; x_wconf 86' lang='lat' dir='ltr'><strong>inquies,</strong></span> <span class='ocrx_word' id='word_1_641' title='bbox 3004 2260 3095 2329; x_wconf 87' lang='lat' dir='ltr'><strong>qui</strong></span> <span class='ocrx_word' id='word_1_642' title='bbox 3138 2276 3247 2315; x_wconf 88' lang='lat' dir='ltr'><strong>non</strong></span> <span class='ocrx_word' id='word_1_643' title='bbox 3291 2261 3505 2316; x_wconf 88' lang='lat' dir='ltr'><strong>solliciti</strong></span> <span class='ocrx_word' id='word_1_644' title='bbox 3541 2264 3659 2317; x_wconf 82' lang='lat' dir='ltr'><strong>iue-</strong></span> 
     </span>
    </p>
   </div>
   <div class='ocr_carea' id='block_1_82' title="bbox 2066 2350 3658 2423">
    <p class='ocr_par' dir='ltr' id='par_1_82' title="bbox 2066 2350 3658 2423">
     <span class='ocr_line' id='line_1_82' title="bbox 2066 2350 3658 2423; baseline 0.003 -19"><span class='ocrx_word' id='word_1_645' title='bbox 2066 2350 2232 2405; x_wconf 88' lang='lat' dir='ltr'><strong>runt?</strong></span> <span class='ocrx_word' id='word_1_646' title='bbox 2255 2350 2372 2405; x_wconf 81' lang='lat' dir='ltr'><strong>Non</strong></span> <span class='ocrx_word' id='word_1_647' title='bbox 2399 2350 2594 2405; x_wconf 85' lang='lat' dir='ltr'><strong>audisti</strong></span> <span class='ocrx_word' id='word_1_648' title='bbox 2630 2361 2761 2422; x_wconf 89' lang='lat' dir='ltr'><strong>quot</strong></span> <span class='ocrx_word' id='word_1_649' title='bbox 2787 2351 2928 2414; x_wconf 76' lang='lat' dir='ltr'><strong>viros</strong></span> <span class='ocrx_word' id='word_1_650' title='bbox 2953 2352 3307 2423; x_wconf 82' lang='lat' dir='ltr'><strong>protulerim?</strong></span> <span class='ocrx_word' id='word_1_651' title='bbox 3333 2368 3509 2408; x_wconf 86' lang='lat' dir='ltr'><strong>annon</strong></span> <span class='ocrx_word' id='word_1_652' title='bbox 3534 2368 3658 2409; x_wconf 89' lang='lat' dir='ltr'><strong>eum</strong></span> 
     </span>
    </p>
   </div>
   <div class='ocr_carea' id='block_1_83' title="bbox 2066 2441 3663 2514">
    <p class='ocr_par' dir='ltr' id='par_1_83' title="bbox 2066 2441 3663 2514">
     <span class='ocr_line' id='line_1_83' title="bbox 2066 2441 3663 2514; baseline 0.003 -18"><span class='ocrx_word' id='word_1_653' title='bbox 2066 2441 2173 2496; x_wconf 89' lang='lat' dir='ltr'><strong>illis</strong></span> <span class='ocrx_word' id='word_1_654' title='bbox 2191 2441 2302 2512; x_wconf 90' lang='lat' dir='ltr'><strong>jam</strong></span> <span class='ocrx_word' id='word_1_655' title='bbox 2332 2443 2642 2498; x_wconf 88' lang='lat' dir='ltr'><strong>memoratis</strong></span> <span class='ocrx_word' id='word_1_656' title='bbox 2688 2441 2864 2497; x_wconf 85' lang='lat' dir='ltr'><strong>vidisti</strong></span> <span class='ocrx_word' id='word_1_657' title='bbox 2908 2442 3165 2497; x_wconf 84' lang='lat' dir='ltr'><strong>.lacobum</strong></span> <span class='ocrx_word' id='word_1_658' title='bbox 3212 2442 3417 2498; x_wconf 86' lang='lat' dir='ltr'><strong>nudum</strong></span> <span class='ocrx_word' id='word_1_659' title='bbox 3451 2458 3517 2500; x_wconf 78' lang='lat' dir='ltr'><strong>ex</strong></span> <span class='ocrx_word' id='word_1_660' title='bbox 3568 2460 3663 2514; x_wconf 85' lang='lat' dir='ltr'><strong>pa-</strong></span> 
     </span>
    </p>
   </div>
   <div class='ocr_carea' id='block_1_84' title="bbox 2070 2535 3662 2605">
    <p class='ocr_par' dir='ltr' id='par_1_84' title="bbox 2070 2535 3662 2605">
     <span class='ocr_line' id='line_1_84' title="bbox 2070 2535 3662 2605; baseline 0.003 -16"><span class='ocrx_word' id='word_1_661' title='bbox 2070 2543 2217 2590; x_wconf 87' lang='lat' dir='ltr'><strong>terna</strong></span> <span class='ocrx_word' id='word_1_662' title='bbox 2249 2535 2410 2590; x_wconf 90' lang='lat' dir='ltr'><strong>domo</strong></span> <span class='ocrx_word' id='word_1_663' title='bbox 2441 2536 2772 2605; x_wconf 84' lang='lat' dir='ltr'><strong>proiectum?</strong></span> <span class='ocrx_word' id='word_1_664' title='bbox 2800 2550 2906 2590; x_wconf 87' lang='lat' dir='ltr'><strong>non</strong></span> <span class='ocrx_word' id='word_1_665' title='bbox 2929 2535 3083 2593; x_wconf 84' lang='lat' dir='ltr'><strong>audis</strong></span> <span class='ocrx_word' id='word_1_666' title='bbox 3109 2545 3567 2605; x_wconf 81' lang='lat' dir='ltr'><strong>eum&#39;precantetn</strong></span> <span class='ocrx_word' id='word_1_667' title='bbox 3597 2552 3662 2594; x_wconf 90' lang='lat' dir='ltr'><strong>ac</strong></span> 
     </span>
    </p>
   </div>
   <div class='ocr_carea' id='block_1_85' title="bbox 2067 2626 3661 2696">
    <p class='ocr_par' dir='ltr' id='par_1_85' title="bbox 2067 2626 3661 2696">
     <span class='ocr_line' id='line_1_85' title="bbox 2067 2626 3661 2696; baseline 0 -13"><span class='ocrx_word' id='word_1_668' title='bbox 2067 2626 2333 2683; x_wconf 82' lang='lat' dir='ltr'><strong>dicentem</strong></span> <span class='ocrx_word' id='word_1_669' title='bbox 2364 2647 2378 2681; x_wconf 89' lang='lat'><strong>:</strong></span> <span class='ocrx_word' id='word_1_670' title='bbox 2406 2626 2469 2683; x_wconf 87' lang='lat' dir='ltr'><strong>Si</strong></span> <span class='ocrx_word' id='word_1_671' title='bbox 2494 2627 2689 2682; x_wconf 81' lang='lat' dir='ltr'><strong>dederit</strong></span> <span class='ocrx_word' id='word_1_672' title='bbox 2714 2628 2839 2681; x_wconf 79' lang='lat' dir='ltr'><strong>mihi</strong></span> <span class='ocrx_word' id='word_1_673' title='bbox 2868 2627 3005 2682; x_wconf 82' lang='lat' dir='ltr'><strong>Deus</strong></span> <span class='ocrx_word' id='word_1_674' title='bbox 3037 2644 3218 2696; x_wconf 87' lang='lat' dir='ltr'><strong>panem</strong></span> <span class='ocrx_word' id='word_1_675' title='bbox 3247 2628 3319 2682; x_wconf 78' lang='lat' dir='ltr'><strong>ad</strong></span> <span class='ocrx_word' id='word_1_676' title='bbox 3345 2629 3661 2683; x_wconf 72' lang='lat' dir='ltr'><strong>manducon-</strong></span> 
     </span>
    </p>
   </div>
   <div class='ocr_carea' id='block_1_86' title="bbox 2067 2717 3677 2790">
    <p class='ocr_par' dir='ltr' id='par_1_86' title="bbox 2067 2717 3677 2790">
     <span class='ocr_line' id='line_1_86' title="bbox 2067 2717 3677 2790; baseline 0.003 -18"><span class='ocrx_word' id='word_1_677' title='bbox 2067 2718 2210 2782; x_wconf 81' lang='lat' dir='ltr'><strong>dum,</strong></span> <span class='ocrx_word' id='word_1_678' title='bbox 2255 2728 2303 2773; x_wconf 84' lang='lat' dir='ltr'><strong>et</strong></span> <span class='ocrx_word' id='word_1_679' title='bbox 2344 2719 2689 2773; x_wconf 77' lang='lat' dir='ltr'><strong>vestimentum</strong></span> <span class='ocrx_word' id='word_1_680' title='bbox 2731 2735 2831 2787; x_wconf 89' lang='lat' dir='ltr'><strong>quo</strong></span> <span class='ocrx_word' id='word_1_681' title='bbox 2877 2719 3079 2787; x_wconf 84' lang='lat' dir='ltr'><strong>operiar</strong></span> <span class='ocrx_word' id='word_1_682' title='bbox 3107 2717 3263 2789; x_wconf 81' lang='lat' dir='ltr'><strong>(Gen.</strong></span> <span class='ocrx_word' id='word_1_683' title='bbox 3308 2718 3402 2775; x_wconf 74' lang='lat'><strong>28.</strong></span> <span class='ocrx_word' id='word_1_684' title='bbox 3443 2719 3677 2790; x_wconf 51' lang='lat' dir='ltr'><strong>20)?&#39;ld:</strong></span> 
     </span>
    </p>
   </div>
   <div class='ocr_carea' id='block_1_87' title="bbox 2066 2809 3659 2882">
    <p class='ocr_par' dir='ltr' id='par_1_87' title="bbox 2066 2809 3659 2882">
     <span class='ocr_line' id='line_1_87' title="bbox 2066 2809 3659 2882; baseline 0.002 -18"><span class='ocrx_word' id='word_1_685' title='bbox 2066 2809 2208 2880; x_wconf 90' lang='lat' dir='ltr'><strong>quod</strong></span> <span class='ocrx_word' id='word_1_686' title='bbox 2240 2824 2344 2864; x_wconf 92' lang='lat' dir='ltr'><strong>non</strong></span> <span class='ocrx_word' id='word_1_687' title='bbox 2375 2809 2613 2875; x_wconf 89' lang='lat' dir='ltr'><strong>solliciti,</strong></span> <span class='ocrx_word' id='word_1_688' title='bbox 2656 2809 2752 2865; x_wconf 84' lang='lat' dir='ltr'><strong>sed</strong></span> <span class='ocrx_word' id='word_1_689' title='bbox 2792 2826 2823 2866; x_wconf 90' lang='lat' dir='ltr'><strong>a</strong></span> <span class='ocrx_word' id='word_1_690' title='bbox 2859 2811 2970 2866; x_wconf 89' lang='lat' dir='ltr'><strong>Deo</strong></span> <span class='ocrx_word' id='word_1_691' title='bbox 2998 2819 3165 2866; x_wconf 90' lang='lat' dir='ltr'><strong>totum</strong></span> <span class='ocrx_word' id='word_1_692' title='bbox 3192 2811 3485 2882; x_wconf 66' lang='lat' dir='ltr'><strong>quaerentis</strong></span> <span class='ocrx_word' id='word_1_693' title='bbox 3522 2821 3659 2867; x_wconf 88' lang='lat' dir='ltr'><strong>erat.</strong></span> 
     </span>
    </p>
   </div>
   <div class='ocr_carea' id='block_1_88' title="bbox 2069 2899 3665 2972">
    <p class='ocr_par' dir='ltr' id='par_1_88' title="bbox 2069 2899 3665 2972">
     <span class='ocr_line' id='line_1_88' title="bbox 2069 2899 3665 2972; baseline 0.002 -16"><span class='ocrx_word' id='word_1_694' title='bbox 2069 2899 2184 2956; x_wconf 87' lang='lat' dir='ltr'><strong>Hoc</strong></span> <span class='ocrx_word' id='word_1_695' title='bbox 2223 2909 2279 2955; x_wconf 88' lang='lat' dir='ltr'><strong>et</strong></span> <span class='ocrx_word' id='word_1_696' title='bbox 2321 2900 2553 2971; x_wconf 87' lang='lat' dir='ltr'><strong>apostoli</strong></span> <span class='ocrx_word' id='word_1_697' title='bbox 2608 2899 2820 2957; x_wconf 80' lang='lat' dir='ltr'><strong>fortiter</strong></span> <span class='ocrx_word' id='word_1_698' title='bbox 2866 2910 3111 2972; x_wconf 81' lang='lat' dir='ltr'><strong>egerunt,</strong></span> <span class='ocrx_word' id='word_1_699' title='bbox 3155 2902 3408 2957; x_wconf 88' lang='lat' dir='ltr'><strong>omnibus</strong></span> <span class='ocrx_word' id='word_1_700' title='bbox 3463 2903 3665 2959; x_wconf 85' lang='lat' dir='ltr'><strong>relictis</strong></span> 
     </span>
    </p>
   </div>
   <div class='ocr_carea' id='block_1_89' title="bbox 2068 2993 3665 3066">
    <p class='ocr_par' dir='ltr' id='par_1_89' title="bbox 2068 2993 3665 3066">
     <span class='ocr_line' id='line_1_89' title="bbox 2068 2993 3665 3066; baseline 0.001 -16"><span class='ocrx_word' id='word_1_701' title='bbox 2068 2995 2201 3050; x_wconf 88' lang='lat' dir='ltr'><strong>nihil</strong></span> <span class='ocrx_word' id='word_1_702' title='bbox 2231 2993 2444 3051; x_wconf 88' lang='lat' dir='ltr'><strong>solliciti</strong></span> <span class='ocrx_word' id='word_1_703' title='bbox 2479 3013 2494 3050; x_wconf 91' lang='lat'><strong>:</strong></span> <span class='ocrx_word' id='word_1_704' title='bbox 2522 2995 2601 3050; x_wconf 89' lang='lat' dir='ltr'><strong>sic</strong></span> <span class='ocrx_word' id='word_1_705' title='bbox 2640 2994 2730 3050; x_wconf 87' lang='lat' dir='ltr'><strong>illa</strong></span> <span class='ocrx_word' id='word_1_706' title='bbox 2758 2994 2996 3066; x_wconf 88' lang='lat' dir='ltr'><strong>quinque</strong></span> <span class='ocrx_word' id='word_1_707' title='bbox 3035 2994 3222 3060; x_wconf 87' lang='lat' dir='ltr'><strong>millia,</strong></span> <span class='ocrx_word' id='word_1_708' title='bbox 3267 2993 3347 3050; x_wconf 88' lang='lat' dir='ltr'><strong>sic</strong></span> <span class='ocrx_word' id='word_1_709' title='bbox 3370 2995 3471 3051; x_wconf 86' lang='lat' dir='ltr'><strong>tria</strong></span> <span class='ocrx_word' id='word_1_710' title='bbox 3498 2995 3665 3051; x_wconf 90' lang='lat' dir='ltr'><strong>millia</strong></span> 
     </span>
    </p>
   </div>
   <div class='ocr_carea' id='block_1_90' title="bbox 2069 3085 3665 3161">
    <p class='ocr_par' dir='ltr' id='par_1_90' title="bbox 2069 3085 3665 3161">
     <span class='ocr_line' id='line_1_90' title="bbox 2069 3085 3665 3161; baseline 0.003 -20"><span class='ocrx_word' id='word_1_711' title='bbox 2069 3087 2344 3142; x_wconf 89' lang='lat' dir='ltr'><strong>hominum</strong></span> <span class='ocrx_word' id='word_1_712' title='bbox 2373 3085 2472 3161; x_wconf 89' lang='lat' dir='ltr'><strong>(a).</strong></span> <span class='ocrx_word' id='word_1_713' title='bbox 2500 3087 2556 3143; x_wconf 89' lang='lat' dir='ltr'><strong>Si</strong></span> <span class='ocrx_word' id='word_1_714' title='bbox 2588 3102 2717 3142; x_wconf 87' lang='lat' dir='ltr'><strong>vero</strong></span> <span class='ocrx_word' id='word_1_715' title='bbox 2742 3086 2825 3142; x_wconf 88' lang='lat' dir='ltr'><strong>his</strong></span> <span class='ocrx_word' id='word_1_716' title='bbox 2847 3087 3063 3152; x_wconf 88' lang='lat' dir='ltr'><strong>auditis,</strong></span> <span class='ocrx_word' id='word_1_717' title='bbox 3094 3102 3201 3141; x_wconf 90' lang='lat' dir='ltr'><strong>non</strong></span> <span class='ocrx_word' id='word_1_718' title='bbox 3229 3088 3464 3143; x_wconf 88' lang='lat' dir='ltr'><strong>sustines</strong></span> <span class='ocrx_word' id='word_1_719' title='bbox 3485 3088 3665 3145; x_wconf 87' lang='lat' dir='ltr'><strong>adhuc</strong></span> 
     </span>
    </p>
   </div>
   <div class='ocr_carea' id='block_1_91' title="bbox 2069 3179 3662 3250">
    <p class='ocr_par' dir='ltr' id='par_1_91' title="bbox 2069 3179 3662 3250">
     <span class='ocr_line' id='line_1_91' title="bbox 2069 3179 3662 3250; baseline 0.003 -15"><span class='ocrx_word' id='word_1_720' title='bbox 2069 3179 2185 3236; x_wconf 65' lang='lat' dir='ltr'><strong>haec</strong></span> <span class='ocrx_word' id='word_1_721' title='bbox 2211 3179 2347 3236; x_wconf 87' lang='lat' dir='ltr'><strong>dura</strong></span> <span class='ocrx_word' id='word_1_722' title='bbox 2367 3181 2577 3235; x_wconf 88' lang='lat' dir='ltr'><strong>vincula</strong></span> <span class='ocrx_word' id='word_1_723' title='bbox 2606 3179 2836 3246; x_wconf 83' lang='lat' dir='ltr'><strong>solvere,</strong></span> <span class='ocrx_word' id='word_1_724' title='bbox 2866 3180 3078 3250; x_wconf 83' lang='lat' dir='ltr'><strong>cognita</strong></span> <span class='ocrx_word' id='word_1_725' title='bbox 3104 3180 3298 3236; x_wconf 89' lang='lat' dir='ltr'><strong>saltem</strong></span> <span class='ocrx_word' id='word_1_726' title='bbox 3326 3196 3471 3238; x_wconf 66' lang='lat' dir='ltr'><strong>curae</strong></span> <span class='ocrx_word' id='word_1_727' title='bbox 3497 3182 3662 3239; x_wconf 91' lang='lat' dir='ltr'><strong>inuti-</strong></span> 
     </span>
    </p>
   </div>
   <div class='ocr_carea' id='block_1_92' title="bbox 2069 3270 3690 3344">
    <p class='ocr_par' dir='ltr' id='par_1_92' title="bbox 2069 3270 3690 3344">
     <span class='ocr_line' id='line_1_92' title="bbox 2069 3270 3690 3344; baseline 0.001 -19"><span class='ocrx_word' id='word_1_728' title='bbox 2069 3271 2239 3336; x_wconf 85' lang='lat' dir='ltr'><strong>litate,</strong></span> <span class='ocrx_word' id='word_1_729' title='bbox 2270 3270 2423 3326; x_wconf 86' lang='lat' dir='ltr'><strong>solve</strong></span> <span class='ocrx_word' id='word_1_730' title='bbox 2460 3270 2876 3327; x_wconf 86' lang='lat' dir='ltr'><strong>sollicitudinem</strong></span> <span class='ocrx_word' id='word_1_731' title='bbox 2910 3288 2924 3325; x_wconf 93' lang='lat'><strong>:</strong></span> <span class='ocrx_word' id='word_1_732' title='bbox 2954 3271 3048 3325; x_wconf 71' lang='lat'><strong>27.</strong></span> <span class='ocrx_word' id='word_1_733' title='bbox 3081 3271 3212 3338; x_wconf 78' lang='lat' dir='ltr'><strong>Quis</strong></span> <span class='ocrx_word' id='word_1_734' title='bbox 3230 3273 3468 3327; x_wconf 67' lang='lat' dir='ltr'><strong>milites:</strong></span> <span class='ocrx_word' id='word_1_735' title='bbox 3502 3272 3690 3344; x_wconf 36' lang='lat' dir='ltr'><strong>vobis,</strong></span> 
     </span>
    </p>
   </div>
   <div class='ocr_carea' id='block_1_93' title="bbox 2068 3362 3702 3434">
    <p class='ocr_par' dir='ltr' id='par_1_93' title="bbox 2068 3362 3702 3434">
     <span class='ocr_line' id='line_1_93' title="bbox 2068 3362 3702 3434; baseline 0.004 -17"><span class='ocrx_word' id='word_1_736' title='bbox 2068 3362 2259 3433; x_wconf 84' lang='lat' dir='ltr'><strong>inquit,</strong></span> <span class='ocrx_word' id='word_1_737' title='bbox 2312 3363 2522 3417; x_wconf 75' lang='lat' dir='ltr'><strong>sollicite</strong></span> <span class='ocrx_word' id='word_1_738' title='bbox 2553 3363 2785 3434; x_wconf 75' lang='lat' dir='ltr'><strong>cogitans</strong></span> <span class='ocrx_word' id='word_1_739' title='bbox 2832 3372 2992 3432; x_wconf 78' lang='lat' dir='ltr'><strong>potest</strong></span> <span class='ocrx_word' id='word_1_740' title='bbox 3036 3364 3261 3431; x_wconf 68' lang='lat' dir='ltr'><strong>adiicere</strong></span> <span class='ocrx_word' id='word_1_741' title='bbox 3303 3365 3375 3418; x_wconf 78' lang='lat' dir='ltr'><strong>ad</strong></span> <span class='ocrx_word' id='word_1_742' title='bbox 3403 3377 3702 3424; x_wconf 51' lang='lat' dir='ltr'><strong>staturam.</strong></span> 
     </span>
    </p>
   </div>
   <div class='ocr_carea' id='block_1_94' title="bbox 2065 3452 3665 3527">
    <p class='ocr_par' dir='ltr' id='par_1_94' title="bbox 2065 3452 3665 3527">
     <span class='ocr_line' id='line_1_94' title="bbox 2065 3452 3665 3527; baseline 0.004 -19"><span class='ocrx_word' id='word_1_743' title='bbox 2065 3469 2212 3509; x_wconf 81' lang='lat' dir='ltr'><strong>suam</strong></span> <span class='ocrx_word' id='word_1_744' title='bbox 2239 3452 2459 3508; x_wconf 66' lang='lat' dir='ltr'><strong>cubitant</strong></span> <span class='ocrx_word' id='word_1_745' title='bbox 2479 3469 2636 3507; x_wconf 78' lang='lat' dir='ltr'><strong>unum</strong></span> <span class='ocrx_word' id='word_1_746' title='bbox 2651 3454 2678 3507; x_wconf 70' lang='lat'><strong>.9</strong></span> <span class='ocrx_word' id='word_1_747' title='bbox 2703 3452 2838 3517; x_wconf 67' lang='lat' dir='ltr'><strong>Vide</strong></span> <span class='ocrx_word' id='word_1_748' title='bbox 2862 3454 3218 3524; x_wconf 72' lang='lat' dir='ltr'><strong>quomodoex</strong></span> <span class='ocrx_word' id='word_1_749' title='bbox 3237 3470 3308 3511; x_wconf 89' lang='lat' dir='ltr'><strong>eo</strong></span> <span class='ocrx_word' id='word_1_750' title='bbox 3322 3458 3473 3527; x_wconf 49' lang='lat' dir='ltr'><strong>quod.</strong></span> <span class='ocrx_word' id='word_1_751' title='bbox 3488 3459 3665 3515; x_wconf 80' lang='lat' dir='ltr'><strong>mani-</strong></span> 
     </span>
    </p>
   </div>
   <div class='ocr_carea' id='block_1_95' title="bbox 2068 3539 3662 3616">
    <p class='ocr_par' dir='ltr' id='par_1_95' title="bbox 2068 3539 3662 3616">
     <span class='ocr_line' id='line_1_95' title="bbox 2068 3539 3662 3616; baseline 0.004 -15"><span class='ocrx_word' id='word_1_752' title='bbox 2068 3546 2261 3601; x_wconf 85' lang='lat' dir='ltr'><strong>l&#39;estnm</strong></span> <span class='ocrx_word' id='word_1_753' title='bbox 2284 3586 2300 3613; x_wconf 91' lang='lat'><strong>,</strong></span> <span class='ocrx_word' id='word_1_754' title='bbox 2360 3545 2413 3600; x_wconf 89' lang='lat' dir='ltr'><strong>id</strong></span> <span class='ocrx_word' id='word_1_755' title='bbox 2465 3539 2605 3616; x_wconf 81' lang='lat' dir='ltr'><strong>quod</strong></span> <span class='ocrx_word' id='word_1_756' title='bbox 2655 3546 2926 3601; x_wconf 86' lang='lat' dir='ltr'><strong>occultum</strong></span> <span class='ocrx_word' id='word_1_757' title='bbox 2981 3547 3371 3604; x_wconf 79' lang='lat' dir='ltr'><strong>erat—clarum-</strong></span> <span class='ocrx_word' id='word_1_758' title='bbox 3400 3549 3662 3608; x_wconf 63' lang='lat' dir='ltr'><strong>cll&#39;merit.</strong></span> 
     </span>
    </p>
   </div>
   <div class='ocr_carea' id='block_1_96' title="bbox 2067 3636 3715 3711">
    <p class='ocr_par' dir='ltr' id='par_1_96' title="bbox 2067 3636 3715 3711">
     <span class='ocr_line' id='line_1_96' title="bbox 2067 3636 3715 3711; baseline 0.007 -22"><span class='ocrx_word' id='word_1_759' title='bbox 2067 3636 2528 3704; x_wconf 78' lang='lat' dir='ltr'><strong>Quemadmodum</strong></span> <span class='ocrx_word' id='word_1_760' title='bbox 2570 3637 2713 3692; x_wconf 82' lang='lat' dir='ltr'><strong>enim</strong></span> <span class='ocrx_word' id='word_1_761' title='bbox 2752 3638 2987 3707; x_wconf 86' lang='lat' dir='ltr'><strong>corpori,</strong></span> <span class='ocrx_word' id='word_1_762' title='bbox 3028 3637 3221 3711; x_wconf 85' lang='lat' dir='ltr'><strong>inquit,</strong></span> <span class='ocrx_word' id='word_1_763' title='bbox 3252 3656 3353 3709; x_wconf 81' lang='lat' dir='ltr'><strong>ne</strong></span> <span class='ocrx_word' id='word_1_764' title='bbox 3378 3642 3665 3702; x_wconf 82' lang='lat' dir='ltr'><strong>minimum</strong></span> <span class='ocrx_word' id='word_1_765' title='bbox 3706 3692 3715 3707; x_wconf 52' lang='grc' dir='ltr'>ι</span> 
     </span>
    </p>
   </div>
   <div class='ocr_carea' id='block_1_97' title="bbox 2065 3728 3665 3802">
    <p class='ocr_par' dir='ltr' id='par_1_97' title="bbox 2065 3728 3665 3802">
     <span class='ocr_line' id='line_1_97' title="bbox 2065 3728 3665 3802; baseline 0.008 -20"><span class='ocrx_word' id='word_1_766' title='bbox 2065 3728 2282 3800; x_wconf 87' lang='lat' dir='ltr'><strong>quidem</strong></span> <span class='ocrx_word' id='word_1_767' title='bbox 2331 3736 2565 3784; x_wconf 30' lang='lat' dir='ltr'><strong>statutae.</strong></span> <span class='ocrx_word' id='word_1_768' title='bbox 2597 3728 2833 3801; x_wconf 76' lang='lat' dir='ltr'><strong>adjicere</strong></span> <span class='ocrx_word' id='word_1_769' title='bbox 2869 3729 3111 3801; x_wconf 74' lang='lat' dir='ltr'><strong>cogitans</strong></span> <span class='ocrx_word' id='word_1_770' title='bbox 3150 3732 3402 3802; x_wconf 41' lang='lat' dir='ltr'><strong>poterisn:</strong></span> <span class='ocrx_word' id='word_1_771' title='bbox 3433 3735 3513 3790; x_wconf 90' lang='lat' dir='ltr'><strong>sic</strong></span> <span class='ocrx_word' id='word_1_772' title='bbox 3564 3752 3665 3794; x_wconf 89' lang='lat' dir='ltr'><strong>nec</strong></span> 
     </span>
    </p>
   </div>
   <div class='ocr_carea' id='block_1_98' title="bbox 2066 3824 3661 3897">
    <p class='ocr_par' dir='ltr' id='par_1_98' title="bbox 2066 3824 3661 3897">
     <span class='ocr_line' id='line_1_98' title="bbox 2066 3824 3661 3897; baseline 0.004 -18"><span class='ocrx_word' id='word_1_773' title='bbox 2066 3825 2317 3880; x_wconf 84' lang='lat' dir='ltr'><strong>alimenta</strong></span> <span class='ocrx_word' id='word_1_774' title='bbox 2369 3838 2726 3895; x_wconf 75' lang='lat' dir='ltr'><strong>congregare,</strong></span> <span class='ocrx_word' id='word_1_775' title='bbox 2786 3824 3001 3880; x_wconf 85' lang='lat' dir='ltr'><strong>etiamsi</strong></span> <span class='ocrx_word' id='word_1_776' title='bbox 3047 3834 3100 3881; x_wconf 88' lang='lat' dir='ltr'><strong>te</strong></span> <span class='ocrx_word' id='word_1_777' title='bbox 3154 3839 3316 3897; x_wconf 86' lang='lat' dir='ltr'><strong>posse</strong></span> <span class='ocrx_word' id='word_1_778' title='bbox 3336 3829 3661 3887; x_wconf 76' lang='lat' dir='ltr'><strong>,existimes.</strong></span> 
     </span>
    </p>
   </div>
   <div class='ocr_carea' id='block_1_99' title="bbox 2068 3917 3665 3988">
    <p class='ocr_par' dir='ltr' id='par_1_99' title="bbox 2068 3917 3665 3988">
     <span class='ocr_line' id='line_1_99' title="bbox 2068 3917 3665 3988; baseline 0.004 -15"><span class='ocrx_word' id='word_1_779' title='bbox 2068 3918 2205 3974; x_wconf 60' lang='lat' dir='ltr'><strong>illinc</strong></span> <span class='ocrx_word' id='word_1_780' title='bbox 2246 3927 2424 3973; x_wconf 88' lang='lat' dir='ltr'><strong>autem</strong></span> <span class='ocrx_word' id='word_1_781' title='bbox 2455 3917 2672 3988; x_wconf 88' lang='lat' dir='ltr'><strong>planum</strong></span> <span class='ocrx_word' id='word_1_782' title='bbox 2715 3926 2819 3983; x_wconf 89' lang='lat' dir='ltr'><strong>est,</strong></span> <span class='ocrx_word' id='word_1_783' title='bbox 2869 3933 2976 3973; x_wconf 89' lang='lat' dir='ltr'><strong>non</strong></span> <span class='ocrx_word' id='word_1_784' title='bbox 3016 3933 3202 3974; x_wconf 83' lang='lat' dir='ltr'><strong>curam</strong></span> <span class='ocrx_word' id='word_1_785' title='bbox 3238 3927 3517 3984; x_wconf 83' lang='lat' dir='ltr'><strong>nostram,</strong></span> <span class='ocrx_word' id='word_1_786' title='bbox 3565 3923 3665 3979; x_wconf 83' lang='lat' dir='ltr'><strong>sed</strong></span> 
     </span>
    </p>
   </div>
   <div class='ocr_carea' id='block_1_100' title="bbox 2071 4008 3664 4080">
    <p class='ocr_par' dir='ltr' id='par_1_100' title="bbox 2071 4008 3664 4080">
     <span class='ocr_line' id='line_1_100' title="bbox 2071 4008 3664 4080; baseline 0.004 -17"><span class='ocrx_word' id='word_1_787' title='bbox 2071 4010 2165 4064; x_wconf 89' lang='lat' dir='ltr'><strong>Dei</strong></span> <span class='ocrx_word' id='word_1_788' title='bbox 2204 4009 2595 4079; x_wconf 86' lang='lat' dir='ltr'><strong>providentiam</strong></span> <span class='ocrx_word' id='word_1_789' title='bbox 2626 4008 2680 4062; x_wconf 89' lang='lat' dir='ltr'><strong>in</strong></span> <span class='ocrx_word' id='word_1_790' title='bbox 2708 4008 2773 4062; x_wconf 90' lang='lat' dir='ltr'><strong>iis</strong></span> <span class='ocrx_word' id='word_1_791' title='bbox 2795 4009 2956 4065; x_wconf 81' lang='lat' dir='ltr'><strong>etiam</strong></span> <span class='ocrx_word' id='word_1_792' title='bbox 2982 4023 3102 4079; x_wconf 61' lang='lat' dir='ltr'><strong>quae</strong></span> <span class='ocrx_word' id='word_1_793' title='bbox 3122 4023 3288 4080; x_wconf 85' lang='lat' dir='ltr'><strong>opera</strong></span> <span class='ocrx_word' id='word_1_794' title='bbox 3327 4020 3508 4067; x_wconf 85' lang='lat' dir='ltr'><strong>nostra</strong></span> <span class='ocrx_word' id='word_1_795' title='bbox 3546 4013 3664 4070; x_wconf 87' lang='lat' dir='ltr'><strong>lieri</strong></span> 
     </span>
    </p>
   </div>
   <div class='ocr_carea' id='block_1_101' title="bbox 2069 4099 3664 4175">
    <p class='ocr_par' dir='ltr' id='par_1_101' title="bbox 2069 4099 3664 4175">
     <span class='ocr_line' id='line_1_101' title="bbox 2069 4099 3664 4175; baseline 0.004 -20"><span class='ocrx_word' id='word_1_796' title='bbox 2069 4112 2338 4172; x_wconf 85' lang='lat' dir='ltr'><strong>putamus,</strong></span> <span class='ocrx_word' id='word_1_797' title='bbox 2365 4110 2534 4155; x_wconf 91' lang='lat' dir='ltr'><strong>totum</strong></span> <span class='ocrx_word' id='word_1_798' title='bbox 2565 4099 2826 4171; x_wconf 79' lang='lat' dir='ltr'><strong>perlicere</strong></span> <span class='ocrx_word' id='word_1_799' title='bbox 2852 4116 2867 4153; x_wconf 88' lang='lat'><strong>:</strong></span> <span class='ocrx_word' id='word_1_800' title='bbox 2898 4100 2969 4155; x_wconf 88' lang='lat' dir='ltr'><strong>ita</strong></span> <span class='ocrx_word' id='word_1_801' title='bbox 2999 4109 3056 4157; x_wconf 90' lang='lat' dir='ltr'><strong>ut</strong></span> <span class='ocrx_word' id='word_1_802' title='bbox 3080 4101 3125 4156; x_wconf 90' lang='lat' dir='ltr'><strong>si</strong></span> <span class='ocrx_word' id='word_1_803' title='bbox 3151 4116 3252 4156; x_wconf 85' lang='lat' dir='ltr'><strong>nos</strong></span> <span class='ocrx_word' id='word_1_804' title='bbox 3279 4101 3370 4158; x_wconf 91' lang='lat' dir='ltr'><strong>ille</strong></span> <span class='ocrx_word' id='word_1_805' title='bbox 3393 4104 3664 4175; x_wconf 88' lang='lat' dir='ltr'><strong>relinque-</strong></span> 
     </span>
    </p>
   </div>
   <div class='ocr_carea' id='block_1_102' title="bbox 2067 4189 3715 4260">
    <p class='ocr_par' dir='ltr' id='par_1_102' title="bbox 2067 4189 3715 4260">
     <span class='ocr_line' id='line_1_102' title="bbox 2067 4189 3715 4260; baseline 0 -13"><span class='ocrx_word' id='word_1_806' title='bbox 2067 4200 2171 4256; x_wconf 89' lang='lat' dir='ltr'><strong>ret,</strong></span> <span class='ocrx_word' id='word_1_807' title='bbox 2203 4206 2304 4248; x_wconf 88' lang='lat' dir='ltr'><strong>nec</strong></span> <span class='ocrx_word' id='word_1_808' title='bbox 2327 4205 2480 4259; x_wconf 84' lang='lat' dir='ltr'><strong>cura,</strong></span> <span class='ocrx_word' id='word_1_809' title='bbox 2511 4205 2613 4247; x_wconf 92' lang='lat' dir='ltr'><strong>nec</strong></span> <span class='ocrx_word' id='word_1_810' title='bbox 2655 4189 2984 4259; x_wconf 89' lang='lat' dir='ltr'><strong>sollicitudo,</strong></span> <span class='ocrx_word' id='word_1_811' title='bbox 3023 4205 3126 4247; x_wconf 86' lang='lat' dir='ltr'><strong>nec</strong></span> <span class='ocrx_word' id='word_1_812' title='bbox 3150 4190 3339 4260; x_wconf 69' lang='lat' dir='ltr'><strong>labor,</strong></span> <span class='ocrx_word' id='word_1_813' title='bbox 3371 4209 3473 4251; x_wconf 88' lang='lat' dir='ltr'><strong>nec</strong></span> <span class='ocrx_word' id='word_1_814' title='bbox 3513 4194 3663 4251; x_wconf 87' lang='lat' dir='ltr'><strong>aliud</strong></span> <span class='ocrx_word' id='word_1_815' title='bbox 3698 4240 3715 4251; x_wconf 32' lang='grc' dir='ltr'><strong>λ.</strong></span> 
     </span>
    </p>
   </div>
   <div class='ocr_carea' id='block_1_103' title="bbox 2066 4284 3719 4360">
    <p class='ocr_par' dir='ltr' id='par_1_103' title="bbox 2066 4284 3719 4360">
     <span class='ocr_line' id='line_1_103' title="bbox 2066 4284 3719 4360; baseline 0.003 -21"><span class='ocrx_word' id='word_1_816' title='bbox 2066 4285 2338 4356; x_wconf 89' lang='lat' dir='ltr'><strong>quidpiam</strong></span> <span class='ocrx_word' id='word_1_817' title='bbox 2377 4284 2554 4341; x_wconf 86' lang='lat' dir='ltr'><strong>simile</strong></span> <span class='ocrx_word' id='word_1_818' title='bbox 2581 4297 2957 4341; x_wconf 85' lang='lat' dir='ltr'><strong>successurum</strong></span> <span class='ocrx_word' id='word_1_819' title='bbox 2986 4286 3287 4352; x_wconf 61' lang='lat' dir='ltr'><strong>such—scd</strong></span> <span class='ocrx_word' id='word_1_820' title='bbox 3317 4289 3508 4343; x_wconf 73' lang='lat' dir='ltr'><strong>omnia</strong></span> <span class='ocrx_word' id='word_1_821' title='bbox 3541 4303 3666 4360; x_wconf 82' lang='lat' dir='ltr'><strong>pes-</strong></span> <span class='ocrx_word' id='word_1_822' title='bbox 3702 4339 3719 4344; x_wconf 89' lang='lat'><strong><em>_</em></strong></span> 
     </span>
    </p>
   </div>
   <div class='ocr_carea' id='block_1_104' title="bbox 2066 4366 3591 4431">
    <p class='ocr_par' dir='ltr' id='par_1_104' title="bbox 2066 4366 3591 4431">
     <span class='ocr_line' id='line_1_104' title="bbox 2066 4366 3591 4431; baseline 0 -1"><span class='ocrx_word' id='word_1_823' title='bbox 2066 4390 2184 4431; x_wconf 89' lang='lat' dir='ltr'><strong>sum</strong></span> <span class='ocrx_word' id='word_1_824' title='bbox 2215 4376 2444 4431; x_wconf 89' lang='lat' dir='ltr'><strong>abirent.</strong></span> <span class='ocrx_word' id='word_1_825' title='bbox 3588 4366 3591 4371; x_wconf 59' lang='grc'><strong>”</strong></span> 
     </span>
    </p>
   </div>
   <div class='ocr_carea' id='block_1_105' title="bbox 2138 4465 3664 4543">
    <p class='ocr_par' dir='ltr' id='par_1_105' title="bbox 2138 4465 3664 4543">
     <span class='ocr_line' id='line_1_105' title="bbox 2138 4465 3664 4543; baseline 0.005 -20"><span class='ocrx_word' id='word_1_826' title='bbox 2138 4468 2193 4523; x_wconf 78' lang='grc'><strong>4.</strong></span> <span class='ocrx_word' id='word_1_827' title='bbox 2235 4465 2503 4537; x_wconf 63' lang='lat' dir='ltr'><strong>Praecpta</strong></span> <span class='ocrx_word' id='word_1_828' title='bbox 2531 4465 2628 4522; x_wconf 86' lang='lat' dir='ltr'><strong>Dei</strong></span> <span class='ocrx_word' id='word_1_829' title='bbox 2648 4467 2852 4539; x_wconf 85' lang='lat' dir='ltr'><strong>impleri</strong></span> <span class='ocrx_word' id='word_1_830' title='bbox 2878 4476 3110 4539; x_wconf 77' lang='lat' dir='ltr'><strong>possunt.</strong></span> <span class='ocrx_word' id='word_1_831' title='bbox 3132 4497 3205 4511; x_wconf 85' lang='grc'><strong>·-</strong></span> <span class='ocrx_word' id='word_1_832' title='bbox 3236 4467 3321 4527; x_wconf 78' lang='lat' dir='ltr'><strong>Ne</strong></span> <span class='ocrx_word' id='word_1_833' title='bbox 3343 4472 3520 4543; x_wconf 80' lang='lat' dir='ltr'><strong>itaque</strong></span> <span class='ocrx_word' id='word_1_834' title='bbox 3560 4487 3664 4542; x_wconf 77' lang='lat' dir='ltr'><strong>pu-</strong></span> 
     </span>
    </p>
   </div>
   <div class='ocr_carea' id='block_1_106' title="bbox 2070 4558 3665 4630">
    <p class='ocr_par' dir='ltr' id='par_1_106' title="bbox 2070 4558 3665 4630">
     <span class='ocr_line' id='line_1_106' title="bbox 2070 4558 3665 4630; baseline 0.006 -18"><span class='ocrx_word' id='word_1_835' title='bbox 2070 4566 2245 4613; x_wconf 89' lang='lat' dir='ltr'><strong>temus</strong></span> <span class='ocrx_word' id='word_1_836' title='bbox 2273 4568 2538 4628; x_wconf 76' lang='lat' dir='ltr'><strong>przecepta</strong></span> <span class='ocrx_word' id='word_1_837' title='bbox 2569 4558 2777 4629; x_wconf 88' lang='lat' dir='ltr'><strong>impleri</strong></span> <span class='ocrx_word' id='word_1_838' title='bbox 2816 4574 2922 4614; x_wconf 90' lang='lat' dir='ltr'><strong>non</strong></span> <span class='ocrx_word' id='word_1_839' title='bbox 2952 4572 3146 4630; x_wconf 72' lang='lat' dir='ltr'><strong>posse:</strong></span> <span class='ocrx_word' id='word_1_840' title='bbox 3168 4560 3322 4616; x_wconf 83' lang='lat' dir='ltr'><strong>multi</strong></span> <span class='ocrx_word' id='word_1_841' title='bbox 3348 4563 3492 4619; x_wconf 90' lang='lat' dir='ltr'><strong>enim</strong></span> <span class='ocrx_word' id='word_1_842' title='bbox 3521 4574 3665 4622; x_wconf 81' lang='lat' dir='ltr'><strong>nunc</strong></span> 
     </span>
    </p>
   </div>
   <div class='ocr_carea' id='block_1_107' title="bbox 2069 4649 3661 4723">
    <p class='ocr_par' dir='ltr' id='par_1_107' title="bbox 2069 4649 3661 4723">
     <span class='ocr_line' id='line_1_107' title="bbox 2069 4649 3661 4723; baseline 0.002 -17"><span class='ocrx_word' id='word_1_843' title='bbox 2069 4650 2230 4706; x_wconf 88' lang='lat' dir='ltr'><strong>etiam</strong></span> <span class='ocrx_word' id='word_1_844' title='bbox 2258 4659 2404 4717; x_wconf 89' lang='lat' dir='ltr'><strong>sunt,</strong></span> <span class='ocrx_word' id='word_1_845' title='bbox 2432 4650 2522 4720; x_wconf 86' lang='lat' dir='ltr'><strong>qui</strong></span> <span class='ocrx_word' id='word_1_846' title='bbox 2550 4649 2640 4705; x_wconf 88' lang='lat' dir='ltr'><strong>illa</strong></span> <span class='ocrx_word' id='word_1_847' title='bbox 2661 4659 2980 4722; x_wconf 84' lang='lat' dir='ltr'><strong>sequuntur.</strong></span> <span class='ocrx_word' id='word_1_848' title='bbox 3013 4650 3072 4708; x_wconf 87' lang='lat' dir='ltr'><strong>Si</strong></span> <span class='ocrx_word' id='word_1_849' title='bbox 3100 4660 3155 4707; x_wconf 90' lang='lat' dir='ltr'><strong>tu</strong></span> <span class='ocrx_word' id='word_1_850' title='bbox 3180 4651 3284 4708; x_wconf 83' lang='lat' dir='ltr'><strong>hoc</strong></span> <span class='ocrx_word' id='word_1_851' title='bbox 3317 4653 3553 4723; x_wconf 77' lang='lat' dir='ltr'><strong>ignoras,</strong></span> <span class='ocrx_word' id='word_1_852' title='bbox 3575 4655 3661 4711; x_wconf 88' lang='lat' dir='ltr'><strong>ni-</strong></span> 
     </span>
    </p>
   </div>
   <div class='ocr_carea' id='block_1_108' title="bbox 2069 4739 3661 4814">
    <p class='ocr_par' dir='ltr' id='par_1_108' title="bbox 2069 4739 3661 4814">
     <span class='ocr_line' id='line_1_108' title="bbox 2069 4739 3661 4814; baseline 0.003 -19"><span class='ocrx_word' id='word_1_853' title='bbox 2069 4739 2143 4796; x_wconf 86' lang='lat' dir='ltr'><strong>hil</strong></span> <span class='ocrx_word' id='word_1_854' title='bbox 2172 4741 2390 4809; x_wconf 85' lang='lat' dir='ltr'><strong>mirum,</strong></span> <span class='ocrx_word' id='word_1_855' title='bbox 2436 4740 2704 4812; x_wconf 85' lang='lat' dir='ltr'><strong>siquidem</strong></span> <span class='ocrx_word' id='word_1_856' title='bbox 2733 4741 2917 4799; x_wconf 82' lang='lat' dir='ltr'><strong>Helias</strong></span> <span class='ocrx_word' id='word_1_857' title='bbox 2943 4756 3005 4798; x_wconf 91' lang='lat' dir='ltr'><strong>se</strong></span> <span class='ocrx_word' id='word_1_858' title='bbox 3044 4741 3220 4798; x_wconf 88' lang='lat' dir='ltr'><strong>solum</strong></span> <span class='ocrx_word' id='word_1_859' title='bbox 3259 4758 3391 4800; x_wconf 81' lang='lat' dir='ltr'><strong>esse</strong></span> <span class='ocrx_word' id='word_1_860' title='bbox 3407 4745 3661 4814; x_wconf 76' lang='lat' dir='ltr'><strong>putabat;</strong></span> 
     </span>
    </p>
   </div>
   <div class='ocr_carea' id='block_1_109' title="bbox 2067 4832 3661 4911">
    <p class='ocr_par' dir='ltr' id='par_1_109' title="bbox 2067 4832 3661 4911">
     <span class='ocr_line' id='line_1_109' title="bbox 2067 4832 3661 4911; baseline 0.001 -23"><span class='ocrx_word' id='word_1_861' title='bbox 2067 4832 2162 4888; x_wconf 85' lang='lat' dir='ltr'><strong>sed</strong></span> <span class='ocrx_word' id='word_1_862' title='bbox 2188 4832 2390 4889; x_wconf 88' lang='lat' dir='ltr'><strong>audivit</strong></span> <span class='ocrx_word' id='word_1_863' title='bbox 2408 4850 2422 4887; x_wconf 91' lang='lat'><strong>:</strong></span> <span class='ocrx_word' id='word_1_864' title='bbox 2446 4832 2646 4904; x_wconf 83' lang='lat' dir='ltr'><strong>Reliqui</strong></span> <span class='ocrx_word' id='word_1_865' title='bbox 2668 4834 2993 4904; x_wconf 74' lang='lat' dir='ltr'><strong>milii-septem</strong></span> <span class='ocrx_word' id='word_1_866' title='bbox 3008 4834 3173 4889; x_wconf 85' lang='lat' dir='ltr'><strong>millia</strong></span> <span class='ocrx_word' id='word_1_867' title='bbox 3183 4836 3413 4895; x_wconf 71' lang='lat' dir='ltr'><strong>virorum</strong></span> <span class='ocrx_word' id='word_1_868' title='bbox 3428 4836 3519 4903; x_wconf 75' lang='lat'><strong>(3.-</strong></span> <span class='ocrx_word' id='word_1_869' title='bbox 3530 4837 3661 4911; x_wconf 83' lang='lat' dir='ltr'><strong>Reg,</strong></span> 
     </span>
    </p>
   </div>
   <div class='ocr_carea' id='block_1_110' title="bbox 2071 4924 3661 5000">
    <p class='ocr_par' dir='ltr' id='par_1_110' title="bbox 2071 4924 3661 5000">
     <span class='ocr_line' id='line_1_110' title="bbox 2071 4924 3661 5000; baseline 0.001 -20"><span class='ocrx_word' id='word_1_870' title='bbox 2071 4925 2158 4980; x_wconf 82' lang='lat' dir='ltr'><strong>l9.</strong></span> <span class='ocrx_word' id='word_1_871' title='bbox 2187 4924 2297 4998; x_wconf 83' lang='lat' dir='ltr'><strong>l8).</strong></span> <span class='ocrx_word' id='word_1_872' title='bbox 2346 4924 2501 4980; x_wconf 85' lang='lat' dir='ltr'><strong>Unde</strong></span> <span class='ocrx_word' id='word_1_873' title='bbox 2527 4925 2745 4995; x_wconf 88' lang='lat' dir='ltr'><strong>planum</strong></span> <span class='ocrx_word' id='word_1_874' title='bbox 2773 4934 2876 4991; x_wconf 85' lang='lat' dir='ltr'><strong>est,</strong></span> <span class='ocrx_word' id='word_1_875' title='bbox 2906 4926 3066 4981; x_wconf 90' lang='lat' dir='ltr'><strong>etiam</strong></span> <span class='ocrx_word' id='word_1_876' title='bbox 3097 4941 3240 4994; x_wconf 80' lang='lat' dir='ltr'><strong>nunc</strong></span> <span class='ocrx_word' id='word_1_877' title='bbox 3262 4940 3385 4983; x_wconf 88' lang='lat' dir='ltr'><strong>esse</strong></span> <span class='ocrx_word' id='word_1_878' title='bbox 3406 4928 3498 4999; x_wconf 91' lang='lat' dir='ltr'><strong>qui</strong></span> <span class='ocrx_word' id='word_1_879' title='bbox 3527 4945 3661 5000; x_wconf 84' lang='lat' dir='ltr'><strong>apo-</strong></span> 
     </span>
    </p>
   </div>
   <div class='ocr_carea' id='block_1_111' title="bbox 2066 5016 3670 5087">
    <p class='ocr_par' dir='ltr' id='par_1_111' title="bbox 2066 5016 3670 5087">
     <span class='ocr_line' id='line_1_111' title="bbox 2066 5016 3670 5087; baseline 0.005 -15"><span class='ocrx_word' id='word_1_880' title='bbox 2066 5017 2312 5072; x_wconf 87' lang='lat' dir='ltr'><strong>stolicam</strong></span> <span class='ocrx_word' id='word_1_881' title='bbox 2358 5016 2557 5073; x_wconf 90' lang='lat' dir='ltr'><strong>ducant</strong></span> <span class='ocrx_word' id='word_1_882' title='bbox 2606 5017 2791 5085; x_wconf 83' lang='lat' dir='ltr'><strong>vitam,</strong></span> <span class='ocrx_word' id='word_1_883' title='bbox 2840 5016 3294 5087; x_wconf 87' lang='lat' dir='ltr'><strong>quemadmodum</strong></span> <span class='ocrx_word' id='word_1_884' title='bbox 3335 5028 3391 5074; x_wconf 88' lang='lat' dir='ltr'><strong>et</strong></span> <span class='ocrx_word' id='word_1_885' title='bbox 3422 5030 3549 5077; x_wconf 83' lang='lat' dir='ltr'><strong>tunc</strong></span> <span class='ocrx_word' id='word_1_886' title='bbox 3583 5028 3670 5080; x_wconf 81' lang='lat' dir='ltr'><strong>ter</strong></span> 
     </span>
    </p>
   </div>
   <div class='ocr_carea' id='block_1_112' title="bbox 2069 5110 3669 5182">
    <p class='ocr_par' dir='ltr' id='par_1_112' title="bbox 2069 5110 3669 5182">
     <span class='ocr_line' id='line_1_112' title="bbox 2069 5110 3669 5182; baseline 0.004 -18"><span class='ocrx_word' id='word_1_887' title='bbox 2069 5110 2216 5165; x_wconf 89' lang='lat' dir='ltr'><strong>mille</strong></span> <span class='ocrx_word' id='word_1_888' title='bbox 2239 5119 2294 5166; x_wconf 92' lang='lat' dir='ltr'><strong>et</strong></span> <span class='ocrx_word' id='word_1_889' title='bbox 2321 5110 2601 5182; x_wconf 88' lang='lat' dir='ltr'><strong>quinquies</strong></span> <span class='ocrx_word' id='word_1_890' title='bbox 2629 5111 2777 5167; x_wconf 85' lang='lat' dir='ltr'><strong>mille</strong></span> <span class='ocrx_word' id='word_1_891' title='bbox 2801 5110 3065 5166; x_wconf 85' lang='lat' dir='ltr'><strong>homines.</strong></span> <span class='ocrx_word' id='word_1_892' title='bbox 3099 5110 3181 5169; x_wconf 53' lang='lat' dir='ltr'><strong>Si~</strong></span> <span class='ocrx_word' id='word_1_893' title='bbox 3194 5122 3372 5170; x_wconf 89' lang='lat' dir='ltr'><strong>autem</strong></span> <span class='ocrx_word' id='word_1_894' title='bbox 3404 5130 3513 5170; x_wconf 87' lang='lat' dir='ltr'><strong>non</strong></span> <span class='ocrx_word' id='word_1_895' title='bbox 3548 5128 3669 5172; x_wconf 87' lang='lat' dir='ltr'><strong>cre-</strong></span> 
     </span>
    </p>
   </div>
   <div class='ocr_carea' id='block_1_113' title="bbox 2069 5202 3667 5277">
    <p class='ocr_par' dir='ltr' id='par_1_113' title="bbox 2069 5202 3667 5277">
     <span class='ocr_line' id='line_1_113' title="bbox 2069 5202 3667 5277; baseline 0.006 -23"><span class='ocrx_word' id='word_1_896' title='bbox 2069 5202 2266 5268; x_wconf 84' lang='lat' dir='ltr'><strong>dimus,</strong></span> <span class='ocrx_word' id='word_1_897' title='bbox 2310 5217 2416 5257; x_wconf 87' lang='lat' dir='ltr'><strong>non</strong></span> <span class='ocrx_word' id='word_1_898' title='bbox 2464 5202 2589 5275; x_wconf 87' lang='lat' dir='ltr'><strong>quia</strong></span> <span class='ocrx_word' id='word_1_899' title='bbox 2626 5202 2839 5267; x_wconf 21' lang='lat' dir='ltr'><strong>desunt,</strong></span> <span class='ocrx_word' id='word_1_900' title='bbox 2861 5204 2954 5274; x_wconf 86' lang='lat' dir='ltr'><strong>qui</strong></span> <span class='ocrx_word' id='word_1_901' title='bbox 2997 5214 3156 5261; x_wconf 87' lang='lat' dir='ltr'><strong>recte</strong></span> <span class='ocrx_word' id='word_1_902' title='bbox 3186 5205 3392 5273; x_wconf 70' lang='lat' dir='ltr'><strong>vivant,</strong></span> <span class='ocrx_word' id='word_1_903' title='bbox 3419 5205 3513 5261; x_wconf 89' lang='lat' dir='ltr'><strong>scd</strong></span> <span class='ocrx_word' id='word_1_904' title='bbox 3541 5208 3667 5277; x_wconf 87' lang='lat' dir='ltr'><strong>quia</strong></span> 
     </span>
    </p>
   </div>
   <div class='ocr_carea' id='block_1_114' title="bbox 2073 5294 3672 5367">
    <p class='ocr_par' dir='ltr' id='par_1_114' title="bbox 2073 5294 3672 5367">
     <span class='ocr_line' id='line_1_114' title="bbox 2073 5294 3672 5367; baseline 0.003 -19"><span class='ocrx_word' id='word_1_905' title='bbox 2073 5294 2231 5366; x_wconf 87' lang='lat' dir='ltr'><strong>longe</strong></span> <span class='ocrx_word' id='word_1_906' title='bbox 2254 5294 2324 5350; x_wconf 89' lang='lat' dir='ltr'><strong>ab</strong></span> <span class='ocrx_word' id='word_1_907' title='bbox 2354 5295 2461 5351; x_wconf 88' lang='lat' dir='ltr'><strong>illis</strong></span> <span class='ocrx_word' id='word_1_908' title='bbox 2487 5296 2764 5364; x_wconf 80' lang='lat' dir='ltr'><strong>absumus,</strong></span> <span class='ocrx_word' id='word_1_909' title='bbox 2794 5297 2873 5352; x_wconf 79' lang='lat' dir='ltr'><strong>ita</strong></span> <span class='ocrx_word' id='word_1_910' title='bbox 2893 5296 3069 5352; x_wconf 82' lang='lat' dir='ltr'><strong>all‘ecti</strong></span> <span class='ocrx_word' id='word_1_911' title='bbox 3098 5312 3305 5353; x_wconf 83' lang='lat' dir='ltr'><strong>sumus.</strong></span> <span class='ocrx_word' id='word_1_912' title='bbox 3334 5296 3487 5353; x_wconf 88' lang='lat' dir='ltr'><strong>Sicut</strong></span> <span class='ocrx_word' id='word_1_913' title='bbox 3511 5296 3556 5353; x_wconf 89' lang='lat' dir='ltr'><strong>is</strong></span> <span class='ocrx_word' id='word_1_914' title='bbox 3575 5296 3672 5367; x_wconf 89' lang='lat' dir='ltr'><strong>qui</strong></span> 
     </span>
    </p>
   </div>
   <div class='ocr_carea' id='block_1_115' title="bbox 2070 5388 3671 5461">
    <p class='ocr_par' dir='ltr' id='par_1_115' title="bbox 2070 5388 3671 5461">
     <span class='ocr_line' id='line_1_115' title="bbox 2070 5388 3671 5461; baseline 0.001 -17"><span class='ocrx_word' id='word_1_915' title='bbox 2070 5389 2252 5445; x_wconf 89' lang='lat' dir='ltr'><strong>ebrius</strong></span> <span class='ocrx_word' id='word_1_916' title='bbox 2284 5399 2388 5455; x_wconf 86' lang='lat' dir='ltr'><strong>est,</strong></span> <span class='ocrx_word' id='word_1_917' title='bbox 2426 5406 2538 5445; x_wconf 87' lang='lat' dir='ltr'><strong>non</strong></span> <span class='ocrx_word' id='word_1_918' title='bbox 2579 5388 2741 5446; x_wconf 71' lang='lat' dir='ltr'><strong>facile</strong></span> <span class='ocrx_word' id='word_1_919' title='bbox 2761 5390 2955 5446; x_wconf 86' lang='lat' dir='ltr'><strong>credat</strong></span> <span class='ocrx_word' id='word_1_920' title='bbox 2996 5405 3119 5447; x_wconf 88' lang='lat' dir='ltr'><strong>esse</strong></span> <span class='ocrx_word' id='word_1_921' title='bbox 3150 5390 3420 5447; x_wconf 84' lang='lat' dir='ltr'><strong>hominem</strong></span> <span class='ocrx_word' id='word_1_922' title='bbox 3468 5391 3560 5461; x_wconf 89' lang='lat' dir='ltr'><strong>qui</strong></span> <span class='ocrx_word' id='word_1_923' title='bbox 3599 5405 3671 5446; x_wconf 90' lang='lat' dir='ltr'><strong>ne</strong></span> 
     </span>
    </p>
   </div>
   <div class='ocr_carea' id='block_1_116' title="bbox 2071 5483 3671 5556">
    <p class='ocr_par' dir='ltr' id='par_1_116' title="bbox 2071 5483 3671 5556">
     <span class='ocr_line' id='line_1_116' title="bbox 2071 5483 3671 5556; baseline 0.002 -18"><span class='ocrx_word' id='word_1_924' title='bbox 2071 5498 2264 5556; x_wconf 87' lang='lat' dir='ltr'><strong>aquam</strong></span> <span class='ocrx_word' id='word_1_925' title='bbox 2291 5483 2506 5554; x_wconf 86' lang='lat' dir='ltr'><strong>quidem</strong></span> <span class='ocrx_word' id='word_1_926' title='bbox 2535 5485 2812 5556; x_wconf 73' lang='lat' dir='ltr'><strong>degustet:</strong></span> <span class='ocrx_word' id='word_1_927' title='bbox 2843 5486 3057 5542; x_wconf 88' lang='lat' dir='ltr'><strong>etiamsi</strong></span> <span class='ocrx_word' id='word_1_928' title='bbox 3083 5486 3186 5542; x_wconf 90' lang='lat' dir='ltr'><strong>hoc</strong></span> <span class='ocrx_word' id='word_1_929' title='bbox 3214 5494 3399 5542; x_wconf 88' lang='lat' dir='ltr'><strong>nostro</strong></span> <span class='ocrx_word' id='word_1_930' title='bbox 3426 5492 3671 5556; x_wconf 87' lang='lat' dir='ltr'><strong>tempore</strong></span> 
     </span>
    </p>
   </div>
   <div class='ocr_carea' id='block_1_117' title="bbox 2072 5575 3673 5648">
    <p class='ocr_par' dir='ltr' id='par_1_117' title="bbox 2072 5575 3673 5648">
     <span class='ocr_line' id='line_1_117' title="bbox 2072 5575 3673 5648; baseline 0.002 -19"><span class='ocrx_word' id='word_1_931' title='bbox 2072 5575 2226 5630; x_wconf 89' lang='lat' dir='ltr'><strong>multi</strong></span> <span class='ocrx_word' id='word_1_932' title='bbox 2273 5576 2659 5631; x_wconf 87' lang='lat' dir='ltr'><strong>monachorum</strong></span> <span class='ocrx_word' id='word_1_933' title='bbox 2699 5576 2956 5645; x_wconf 62' lang='lat' dir='ltr'><strong>fuerint;</strong></span> <span class='ocrx_word' id='word_1_934' title='bbox 3001 5586 3057 5632; x_wconf 86' lang='lat' dir='ltr'><strong>et</strong></span> <span class='ocrx_word' id='word_1_935' title='bbox 3098 5578 3337 5648; x_wconf 77' lang='lat' dir='ltr'><strong>quicum</strong></span> <span class='ocrx_word' id='word_1_936' title='bbox 3376 5577 3673 5633; x_wconf 75' lang='lat' dir='ltr'><strong>innumeris</strong></span> 
     </span>
    </p>
   </div>
   <div class='ocr_carea' id='block_1_118' title="bbox 2073 5668 3671 5740">
    <p class='ocr_par' dir='ltr' id='par_1_118' title="bbox 2073 5668 3671 5740">
     <span class='ocr_line' id='line_1_118' title="bbox 2073 5668 3671 5740; baseline 0.001 -18"><span class='ocrx_word' id='word_1_937' title='bbox 2073 5668 2684 5734; x_wconf 79' lang='lat' dir='ltr'><strong>coitmulieribns,.non</strong></span> <span class='ocrx_word' id='word_1_938' title='bbox 2712 5669 2904 5726; x_wconf 80' lang='lat' dir='ltr'><strong>credet</strong></span> <span class='ocrx_word' id='word_1_939' title='bbox 2945 5669 3101 5726; x_wconf 81' lang='lat' dir='ltr'><strong>facile</strong></span> <span class='ocrx_word' id='word_1_940' title='bbox 3146 5682 3267 5726; x_wconf 80' lang='lat' dir='ltr'><strong>esse</strong></span> <span class='ocrx_word' id='word_1_941' title='bbox 3309 5668 3671 5740; x_wconf 75' lang='lat' dir='ltr'><strong>virginitatem</strong></span> 
     </span>
    </p>
   </div>
   <div class='ocr_carea' id='block_1_119' title="bbox 2137 5826 3707 5892">
    <p class='ocr_par' dir='ltr' id='par_1_119' title="bbox 2137 5826 3707 5892">
     <span class='ocr_line' id='line_1_119' title="bbox 2137 5826 3707 5892; baseline 0.004 -17"><span class='ocrx_word' id='word_1_942' title='bbox 2137 5826 2230 5892; x_wconf 66' lang='grc' dir='ltr'><strong>(τι)⁸</strong></span> <span class='ocrx_word' id='word_1_943' title='bbox 2246 5826 2563 5892; x_wconf 62' lang='grc' dir='ltr'><strong>Ιιιλίιυὶηίιιιθ</strong></span> <span class='ocrx_word' id='word_1_944' title='bbox 2584 5826 2734 5877; x_wconf 85' lang='lat' dir='ltr'><strong>millia</strong></span> <span class='ocrx_word' id='word_1_945' title='bbox 2758 5833 2810 5879; x_wconf 87' lang='lat' dir='ltr'><strong>et</strong></span> <span class='ocrx_word' id='word_1_946' title='bbox 2833 5828 2925 5892; x_wconf 84' lang='lat' dir='ltr'><strong>tria</strong></span> <span class='ocrx_word' id='word_1_947' title='bbox 2948 5827 3097 5892; x_wconf 82' lang='lat' dir='ltr'><strong>millia</strong></span> <span class='ocrx_word' id='word_1_948' title='bbox 3119 5827 3673 5892; x_wconf 68' lang='lat' dir='ltr'><strong>botttinttm.dequibus</strong></span> <span class='ocrx_word' id='word_1_949' title='bbox 3698 5877 3707 5883; x_wconf 90' lang='lat'><strong>.</strong></span> 
     </span>
    </p>
   </div>
   <div class='ocr_carea' id='block_1_120' title="bbox 2074 5889 3675 6003">
    <p class='ocr_par' dir='ltr' id='par_1_120' title="bbox 2074 5889 3675 6003">
     <span class='ocr_line' id='line_1_120' title="bbox 2074 5889 3675 6003; baseline 0.002 -66"><span class='ocrx_word' id='word_1_950' title='bbox 2074 5889 2445 6003; x_wconf 39' lang='lat' dir='ltr'><strong>.mtithr,</strong></span> <span class='ocrx_word' id='word_1_951' title='bbox 2473 5889 2919 5942; x_wconf 73' lang='lat' dir='ltr'><strong>inemorantursub</strong></span> <span class='ocrx_word' id='word_1_952' title='bbox 2951 5889 3142 5941; x_wconf 86' lang='lat' dir='ltr'><strong>initium</strong></span> <span class='ocrx_word' id='word_1_953' title='bbox 3185 5890 3295 5941; x_wconf 81' lang='lat' dir='ltr'><strong>libri</strong></span> <span class='ocrx_word' id='word_1_954' title='bbox 3328 5889 3537 5941; x_wconf 78' lang='lat' dir='ltr'><strong>Aetnam</strong></span> <span class='ocrx_word' id='word_1_955' title='bbox 3558 5902 3675 5954; x_wconf 85' lang='lat' dir='ltr'><strong>apo-</strong></span> 
     </span>
    </p>
   </div>
  </div>
