4036 6440
302 458 404 516 δθι

304 582 352 636 si
374 593 503 649 erga
528 576 717 634 istth
741 583 796 631 et
822 573 891 631 ad
916 572 1115 630 nullius
1138 570 1396 626 momenti
1422 582 1576 623 usum
1617 567 1761 622 Deus
1786 576 1903 621 tan-

307 683 417 745 tam
443 670 668 728 exhibet
690 667 1079 740 providentiam
1096 706 1114 734 ,
1142 661 1416 735 quomodo
1447 670 1500 717 te
1528 661 1761 732 negliget
1784 674 1902 714 om-

305 766 455 825 nium
499 761 738 819 maxime
766 759 1130 820 necessarium
1157 753 1401 811 animal?
1425 752 1603 820 Quare
1636 766 1768 820 ergo
1791 758 1898 804 tam

306 856 533 928 pulchra
559 852 684 925 fecit
710 851 796 909 illa
822 849 938 924 illi
961 863 1114 905 suam
1137 846 1449 911 ostenderet
1473 843 1813 915 sapientiam,
1845 850 1901 896 et

304 953 416 1022 vim
441 930 698 1019 potentiae
723 959 835 1003 suae
862 985 880 1009 ,
907 957 1015 1014 quo
1039 941 1273 1011 undique
1297 940 1416 1010 ejus
1439 938 1662 1010 gloriam
1689 935 1899 992 edisca-

303 1057 449 1099 nms.
477 1038 664 1110 Neque
691 1037 835 1097 enim
862 1034 986 1094 (Itali
1031 1041 1235 1087 tantum
1269 1040 1511 1085 enarrem
1555 1027 1773 1100 gloriam
1803 1025 1900 1079 Dei

304 1137 326 1207 (
357 1134 506 1191 Psal.
539 1131 634 1188 18.
663 1129 758 1202 2),
804 1126 899 1184 sed
952 1127 1116 1183 etiam
1162 1133 1302 1180 terra
1335 1122 1538 1193 :idque
1592 1120 1897 1192 signiﬁcans

301 1225 471 1293 David
497 1222 746 1286 dicebat:
776 1218 1008 1274 Laudale
1034 1215 1334 1280 Dominum,
1365 1214 1507 1285 ligna
1531 1211 1817 1282 fructifera,
1848 1219 1896 1264 et

298 1333 474 1390 omnes
496 1312 677 1386 σθαι-ἱ(
707 1310 855 1381 Psal.
882 1309 1008 1365 £48.
1038 1308 1073 1365 9
1102 1309 1141 1387 ).
1170 1306 1288 1380 Alia
1310 1305 1453 1361 enim
1500 1318 1595 1374 per
1622 1303 1850 1366 fructum
1874 1340 1891 1366 ,

297 1412 404 1471 alia
426 1425 522 1480 per
542 1403 986 1477 magnitudinem,
1009 1400 1111 1455 alia
1134 1414 1230 1469 per
1259 1394 1705 1468 pulchritudinem
1732 1390 1895 1467 Grea-

301 1502 405 1558 tori
432 1497 644 1571 laudem
670 1494 941 1559 emittunt,
969 1490 1170 1559 Magum
1204 1503 1419 1559 quoque
1456 1485 1588 1547 illud
1615 1484 1891 1555 sapientiae

298 1602 381 1656 est
406 1599 461 1647 et
490 1586 771 1661 potestatis
795 1585 1026 1655 signum,
1057 1596 1181 1647 cum
1203 1580 1366 1636 etiam
1393 1594 1455 1633 ea
1485 1595 1606 1649 qua:
1635 1576 1890 1640 vilissima

299 1696 427 1743 sunt
454 1682 609 1756 (quid
635 1681 779 1738 enim
801 1680 962 1743 vilius
992 1676 1084 1731 illo
1100 1674 1242 1745 quod
1265 1672 1426 1741 hodie
1449 1685 1555 1737 est,
1586 1685 1706 1726 cras
1726 1669 1891 1731 mini-

302 1797 388 1843 me
411 1781 435 1835 ἲ
460 1780 481 1850 )
511 1788 654 1833 tanta
677 1775 898 1832 decorat
943 1769 1354 1843 pulchritudine.
1406 1768 1462 1823 Si
1508 1767 1669 1839 igitur
1704 1764 1849 1821 [ωηο
1871 1803 1888 1829 ,

299 1871 444 1944 quod
471 1868 673 1931 nullius
710 1880 841 1935 usus
870 1872 995 1929 est,
1053 1861 1106 1917 id
1153 1859 1384 1925 dederit,
1413 1856 1563 1930 (quid
1591 1856 1737 1916 enim
1774 1855 1892 1925 pul-

300 1962 555 2025 chritudo
569 1960 687 2031 ejus
714 1957 780 2012 ad
804 1957 940 2029 ignis
963 1954 1277 2016 alimentum
1298 1951 1512 2009 confert
1540 1950 1593 2020 ?)
1615 1948 1890 2019 quomodo

298 2053 529 2125 tibi,qui
558 2066 694 2123 opus
721 2048 911 2116 habes,
936 2061 1042 2102 non
1062 2045 1254 2101 dabit?
1279 2043 1335 2100 Si
1362 2042 1506 2114 quod
1532 2042 1774 2098 onmium
1805 2041 1885 2096 vi-

294 2144 566 2221 lissimum
592 2151 677 2200 est
700 2139 1036 2198 abundanter
1060 2137 1270 2194 ornavit
1288 2176 1305 2201 ,
1350 2144 1404 2190 et
1430 2134 1534 2190 hoc
1558 2148 1666 2189 non
1692 2130 1759 2188 ad
1783 2130 1885 2187 ali-

295 2254 460 2309 quem
497 2249 650 2292 usum
671 2277 689 2302 ,
714 2232 812 2295 sed
832 2227 1374 2301 admagniﬁcentiam
1405 2267 1421 2293 ,
1449 2225 1618 2280 nmlto
1644 2223 1812 2294 magis
1835 2232 1888 2288 te

295 2332 540 2400 omnium
567 2326 1015 2403 pretiosissimum
1045 2323 1102 2394 in
1126 2321 1191 2392 iis
1222 2360 1242 2393 η
1271 2335 1389 2393 qua:
1428 2318 1495 2377 ad
1537 2331 1694 2384 usum
1723 2314 1890 2386 peni-

298 2434 453 2492 nent,
483 2422 790 2484 honorabit,

366 2520 424 2576 2.
456 2516 723 2588 Quoniam
753 2514 915 2585 igitur
948 2510 1168 2571 multam
1198 2504 1432 2569 ostendit
1465 2504 1561 2560 Dei
1597 2500 1887 2577 providen-

298 2613 450 2675 tiam,
476 2618 534 2666 et
556 2609 835 2676 increpare
878 2603 999 2658 illos
1024 2609 1208 2672 postea
1238 2596 1562 2669 oportebat,
1590 2593 1680 2649 hic
1705 2601 1883 2658 tamen

295 2704 519 2761 lenitate
539 2703 706 2756 utitur
725 2740 742 2768 ,
776 2713 881 2755 non
909 2694 1337 2752 incredulitatem
1360 2732 1375 2757 ,
1406 2689 1501 2746 sed
1529 2688 1792 2747 modicam
1817 2684 1884 2750 ﬁ-

290 2778 418 2868 dent
437 2796 540 2851 illis
569 2796 857 2864 impulans.
891 2791 955 2847 ss
979 2789 1113 2845 enim
1139 2788 1330 2858 [ωηαηι
1353 2784 1503 2856 agri,
1531 2780 1718 2853 inquit,
1749 2779 1885 2834 Deus

289 2892 367 2960 sic
400 2889 563 2953 vestit,
602 2886 764 2949 multo
793 2884 952 2955 magis
1003 2898 1111 2947 vos,
1155 2878 1365 2934 modica:
1411 2876 1551 2947 ﬁdei.
1576 2873 1738 2943 Atqui
1766 2872 1882 2934 hac

290 2983 470 3047 omnia
500 2983 612 3051 ipse
631 2987 900 3049 operatur;
923 2990 1044 3030 nam
1070 2972 1255 3041 Omnia
1281 2987 1369 3041 per
1391 2971 1559 3039 ipsum
1582 2971 1716 3038 facta
1742 2974 1879 3029 sunt,

289 3086 341 3147 et
364 3075 475 3130 sine
499 3074 610 3143 ipso
635 3074 827 3143 factum
847 3077 919 3122 est
939 3065 1067 3121 nihil
1088 3063 1271 3135 (lacu.
1303 3063 1352 3127 l.
1382 3062 1439 3128 5)
1458 3068 1717 3115 :attamen
1749 3055 1882 3147 nihil

291 3145 514 3240 usquam
537 3164 1090 3229 desecommpmorat.
1110 3153 1417 3220 Sufﬁciebat
1431 3152 1571 3208 enim
1586 3147 1800 3204 interim

289 3238 762 3327 dentonstrandam
783 3250 1155 3316 auctoritatem
1186 3261 1335 3303 suam
1361 3287 1377 3310 ,
1405 3242 1548 3313 quod
1569 3240 1782 3296 diceret
1810 3238 1879 3293 ad

289 3350 502 3422 singula
537 3354 803 3420 praecepta
831 3361 845 3399 :
873 3341 1099 3397 Audistis
1136 3337 1255 3409 quia
1281 3336 1470 3403 dictum
1506 3341 1579 3399 est
1619 3329 1880 3422 antiquis:

287 3417 405 3516 (90—
422 3417 586 3497 autent
613 3440 727 3495 dico
754 3436 892 3500 uobis
936 3433 1151 3505 (Matth.
1191 3431 1245 3487 5.
1274 3429 1365 3483 9|.
1390 3426 1480 3482 22.
1511 3424 1646 3496 sqq.)
1686 3422 1763 3478 Ne
1779 3417 1881 3516 itas

288 3511 396 3611 que
419 3533 630 3591 mireris
647 3545 771 3591 cum
799 3529 852 3585 in
875 3525 1238 3594 sequentibus
1254 3539 1378 3582 sese
1397 3521 1756 3584 occultat,aut
1780 3511 1880 3568 ltu-

292 3606 424 3684 ntile
446 3629 719 3702 quidpiam
747 3626 815 3681 de
839 3638 899 3679 se
925 3620 1182 3691 loquitur.
1218 3614 1392 3671 Unum
1423 3612 1622 3685 quippe
1661 3606 1880 3673 interim

286 3725 535 3791 curabat,
567 3730 626 3777 nt
643 3725 896 3787 acceptus
920 3723 976 3770 et
994 3708 1280 3787 probabilis
1307 3708 1412 3763 illis
1437 3718 1617 3761 sermo
1637 3709 1881 3769 esset,ac

293 3834 397 3890 per
421 3815 603 3873 omnia
627 3809 957 3872 ostenderet,
987 3822 1048 3861 se
1073 3820 1179 3859 non
1208 3816 1329 3887 esse
1352 3801 1461 3856 Deo
1489 3795 1879 3871 adversarium,

288 3884 391 3967 sed
426 3923 550 3965 cum
595 3906 756 3963 Patre
789 3898 1217 3959 consentientem
1247 3884 1321 3963 yet
1356 3889 1701 3948 concordem.
1728 3884 1880 3953 Quod

287 4002 455 4065 etiam
503 3999 591 4053 hic
635 3996 780 4062 facit.
810 3993 938 4057 Post
964 3998 1042 4059 tpt
1068 3989 1212 4049 enim
1256 3996 1537 4045 sermones
1574 3980 1884 4051 frequenter

289 4070 443 4157 illum
471 4092 526 4147 in
547 4089 782 4146 medium
805 4078 1046 4147 adducit,
1072 4078 1343 4135 admirans
1371 4075 1488 4144 ejus
1512 4070 1827 4141 sapientiam
1859 4108 1876 4135 ,

290 4183 690 4258 providentiam
712 4181 765 4234 in
792 4175 1041 4234 omnibus
1065 4215 1082 4238 ,
1107 4173 1160 4227 in
1179 4167 1474 4239 majoribus
1499 4174 1555 4226 et
1581 4164 1633 4218 in
1656 4161 1881 4222 minori-

289 4256 417 4336 bus.
445 4276 576 4332 Nam
597 4289 719 4331 cum
738 4272 809 4327 dc
833 4266 1169 4339 Jerosolyma
1199 4262 1435 4326 diceret,
1476 4256 1747 4313 civitatem
1772 4267 1886 4307 ma-

288 4370 384 4442 gni
406 4367 728 4440 regisipsam
757 4360 961 4417 vocavit
995 4374 1010 4413 :
1040 4367 1239 4412 etcum
1265 4351 1456 4409 cretum
1489 4359 1882 4407 commemora-

290 4434 381 4519 ret
402 4501 420 4528 ,
458 4434 650 4516 solium
696 4456 790 4511 Dei
816 4448 1106 4522 appellavit
1133 4465 1149 4499 :
1180 4452 1382 4501 etcum
1411 4441 1480 4497 de
1505 4437 1693 4495 mundi
1716 4434 1886 4528 admi-

289 4526 614 4613 nistratione
633 4547 795 4617 verba
823 4545 1041 4608 laceret,
1068 4538 1167 4610 ipsi
1190 4550 1403 4593 rursum
1432 4531 1609 4588 omnia
1628 4526 1885 4585 adscribit

287 4647 481 4715 dicens
502 4660 516 4699 :
543 4642 646 4712 Qui
666 4640 822 4703 solent
841 4652 989 4692 suum
1008 4632 1130 4689 oriri
1153 4630 1273 4702 facit
1292 4643 1444 4698 super
1462 4625 1623 4680 malos
1641 4634 1689 4678 et
1704 4621 1882 4688 bonos,

289 4718 517 4814 ρι’ριιιίι
555 4756 707 4811 super
724 4739 896 4809 justas
918 4741 966 4807 et
1003 4732 1220 4803 injustas
1248 4726 1269 4800 (
1299 4723 1439 4780 Ibid.
1468 4739 1520 4778 υ.
1549 4721 1620 4777 ss
1651 4718 1693 4791 ).
1731 4717 1799 4772 Et
1827 4716 1883 4770 in

289 4834 539 4892 oratione
567 4832 645 4887 sic
667 4829 850 4890 dicere
884 4822 1070 4887 docuit
1097 4838 1111 4877 :
1148 4820 1284 4887 Quia
1306 4819 1415 4888 ejus
1451 4820 1525 4870 est
1552 4826 1763 4882 regnum
1790 4847 1805 4873 ,
1837 4815 1884 4861 et

291 4924 540 4999 potentia,
555 4930 606 4977 et
624 4920 809 4993 gloria.
828 4917 928 4977 llic
940 4928 1152 4986 quoque
1171 4910 1242 4968 de
1261 4910 1404 4980 illius
1425 4902 1756 4999 providentia
1776 4899 1889 4999 dis-

288 4991 482 5075 serens
497 5055 515 5081 ,
536 5023 595 5071 et
615 4991 906 5069 ostendens
926 5008 1100 5078 ipsum
1116 5003 1203 5060 vel
1222 5003 1277 5057 iu
1302 4999 1478 5072 parvis
1497 4997 1755 5067 optimum
1772 4991 1887 5060 epi-

288 5114 452 5181 licem
472 5122 614 5172 esse,
629 5107 726 5172 ait,
750 5103 970 5159 Fanum
990 5099 1101 5172 agri
1123 5097 1285 5166 vestit.
1302 5098 1378 5151 Ac
1395 5106 1654 5164 nusquam
1678 5099 1885 5161 patrem

289 5217 452 5267 suum
464 5207 641 5265 vocat,
653 5198 748 5255 sed
760 5196 976 5253 illorum
993 5212 1008 5250 :
1031 5201 1157 5248 utet
1172 5191 1275 5245 hoc
1299 5188 1504 5253 honore
1526 5190 1884 5256 permoveret,

284 5270 347 5365 et
383 5306 507 5359 cum
547 5297 756 5362 patrem
795 5301 951 5342 suum
990 5291 1176 5355 postea
1200 5281 1443 5343 diceret,
1492 5292 1597 5332 non
1642 5273 1887 5341 indigna-

287 5393 498 5441 rentur.
520 5382 581 5439 Si
607 5395 739 5438 vero
764 5378 833 5435 de
859 5377 1053 5432 vilibus
1072 5383 1126 5429 et
1146 5371 1462 5430 necessariis
1472 5367 1755 5423 sollicitum
1769 5379 1890 5419 esse

289 5491 403 5531 non
428 5482 693 5546 oporteat,
705 5485 810 5542 qua
823 5466 1168 5525 excusatione
1180 5464 1325 5534 digni
1342 5470 1466 5518 sunt
1486 5460 1576 5532 qui
1597 5458 1666 5515 de
1686 5454 1889 5527 magni-

291 5566 412 5623 ficis
437 5580 623 5624 curam
657 5560 889 5620 habent?
918 5560 1026 5615 imo
1049 5559 1222 5628 potius
1244 5571 1347 5626 qua
1376 5550 1720 5610 excusatione
1743 5547 1888 5618 digni

286 5669 444 5735 sunt,
471 5659 562 5732 qui
587 5670 694 5711 non
730 5652 1023 5714 dormiunt.
1045 5658 1106 5707 ut
1121 5649 1295 5704 aliena
1332 5648 1471 5703 bona
1491 5644 1702 5717 rapiant
1735 5642 1759 5696 ἲ
1796 5641 1887 5697 51.

295 5744 471 5826 Nolite
485 5765 605 5820 ergo
627 5747 831 5826 solliciti
845 5762 973 5813 esse,
990 5745 1211 5800 dicentes
1233 5756 1253 5795 :
1274 5739 1411 5808 Quid
1436 5734 1851 5791 manducabimus
1869 5772 1885 5798 ,

279 5822 519 5909 autquid
539 5822 783 5905 bibemus,
805 5848 891 5893 aut
910 5855 1009 5913 quo
1030 5835 1350 5906 aperientur?
1367 5832 1450 5888 59.
1485 5830 1608 5884 Hu'c
1629 5828 1761 5882 enim
1780 5841 1888 5880 om-

276 5934 377 6005 nia
396 5934 573 5999 mundi
592 5943 760 6003 gentes
790 5930 1062 6000 inquirunt.
1090 5919 1546 5995 Vidcn‘quomodo
1566 5921 1888 5976 rursusillos

1295 450 1360 507 IN
1399 448 1805 509 MATTllEUil
1849 449 2060 508 IIOMIL
2097 450 2265 509 XXII.
2309 453 2381 508 al.
2422 453 2611 511 XXIII.

2010 576 2066 624 et
2089 568 2258 639 magis
2284 568 2638 641 increpaverit
2661 615 2676 641 ,
2726 582 2782 630 ct
2805 574 3156 635 declarsvcrit
3175 621 3192 649 ,
3224 594 3284 636 se
3303 582 3435 638 nihil
3460 597 3589 638 one-

2007 675 2189 715 rosum
2215 662 2296 716 vel
2320 663 2515 718 durum
2543 667 2920 735 praecepisse?
2941 668 3087 725 Sicut
3117 672 3277 742 igitur
3299 689 3420 728 cum
3448 674 3584 731 dice-

2004 760 2086 806 ret
2106 792 2124 816 .
2147 751 2211 809 Si
2245 753 2458 825 diligitis
2494 755 2762 827 diligentes
2809 773 2915 825 sos,
2946 762 3076 817 nihil
3118 779 3360 835 magnum
3382 768 3579 836 reicitis,

2003 864 2124 901 nam
2150 857 2198 902 et
2215 849 2401 903 ethnici
2426 851 2521 906 hoc
2539 855 2737 924 faciunt
2760 853 2973 928 (Matth.
3003 859 3052 914 5.
3076 859 3168 915 46.
3194 861 3312 931 47),
3330 862 3399 917 ab
3412 862 3591 919 ethni-

1999 953 2189 994 eorum
2214 944 2730 1000 commemoratione
2756 947 2902 1012 ipsos
2930 948 2997 1004 ad
3034 949 3257 1007 meliora
3297 955 3587 1012 excitavit:

1998 1034 2077 1084 sic
2120 1040 2176 1086 et
2204 1048 2347 1088 nunc
2385 1034 2507 1090 illos
2551 1036 2602 1089 in
2651 1037 2887 1093 medium
2933 1039 3190 1109 adducit,
3224 1046 3589 1117 perstringens

1999 1137 2093 1178 eos
2113 1164 2128 1187 ,
2160 1133 2213 1179 et
2241 1125 2531 1186 ostendens
2553 1166 2568 1190 ,
2618 1141 2678 1183 se
2707 1132 3067 1187 necessarium
3094 1148 3127 1189 a
3152 1134 3308 1191 nobis
3349 1137 3589 1195 debitum

1998 1214 2230 1285 exigere.
2259 1216 2317 1271 Si
2338 1217 2481 1271 cutim
2509 1218 2627 1288 plus
2652 1234 2812 1289 quam
2839 1222 3046 1279 scnibas
3072 1233 3129 1279 et
3160 1224 3459 1284 Pharisacos
3495 1244 3590 1285 cx-

2000 1307 2181 1365 hibere
2206 1318 2496 1378 oporteat,
2540 1327 2644 1381 qua
2677 1327 2834 1383 paena
2878 1315 3022 1386 digni
3066 1317 3269 1374 erimus
3299 1360 3315 1385 ,
3342 1322 3432 1390 qui
3480 1338 3589 1378 non

1997 1400 2158 1455 modo
2187 1401 2311 1457 illos
2337 1419 2444 1457 non
2475 1419 2811 1473 superamus,
2842 1407 2934 1462 sed
2957 1419 3012 1463 et
3039 1409 3091 1464 in
3110 1411 3445 1473 ethnicorum
3470 1416 3590 1475 vili-

1996 1497 2105 1547 tate
2133 1508 2431 1558 manemus,
2453 1502 2511 1549 et
2536 1495 2746 1551 illorum
2760 1500 3248 1568 pusillanimitatem
3278 1506 3589 1563 imitamur?

1994 1580 2103 1638 Nec
2136 1583 2268 1645 satis
2296 1585 2481 1641 habuit
2508 1588 2819 1658 increpasse
2841 1632 2857 1657 ,
2903 1593 2997 1647 sed
3024 1609 3148 1649 cum
3179 1598 3583 1666 perstrinxisset

1994 1673 2134 1742 illos,
2152 1676 2439 1732 excitasset
2451 1692 2516 1734 ac
2545 1678 2746 1749 pudore
2774 1680 3040 1741 affecisset
3065 1699 3188 1741 eum
3215 1688 3576 1759 vehementia,

1994 1765 2211 1822 aliunde
2250 1767 2375 1823 illos
2402 1770 2714 1826 consolatur
2735 1770 2922 1829 dicens
2952 1791 2969 1831 :
2997 1775 3107 1829 Scit
3133 1778 3263 1831 sitim
3310 1779 3466 1837 Pater
3493 1797 3578 1835 ve-

1992 1868 2095 1915 ster
2121 1862 2368 1931 celestis,
2394 1864 2516 1930 quia
2562 1865 2642 1921 his
2687 1866 2919 1922 omnibus
2944 1869 3199 1941 indigetis.
3248 1871 3362 1926 Non
3393 1873 3528 1928 dixit
3557 1918 3574 1938 .

1991 1952 2107 2010 Scit
2126 1952 2287 2018 Deus,
2316 1954 2433 2019 sed,
2458 1955 2570 2012 Scit
2599 1954 2778 2024 Pater,
2811 1969 2866 2014 ut
2890 1959 3010 2015 illos
3038 1961 3104 2015 ad
3139 1963 3396 2031 majorem
3425 1979 3576 2034 spem

1991 2045 2181 2114 erigat.
2204 2045 2259 2101 Si
2281 2047 2424 2102 enim
2454 2058 2607 2118 pater
2630 2059 2715 2105 est
2742 2090 2759 2129 ,
2788 2060 2845 2106 et
2869 2036 3020 2121 pater
3049 2054 3172 2110 talis
3200 2096 3216 2120 ,
3250 2073 3354 2111 non
3383 2061 3583 2127 poterit

1992 2135 2276 2208 despicere
2304 2138 2443 2194 ﬁlios
2464 2140 2517 2195 in
2550 2144 2809 2199 extremis
2834 2145 2990 2200 malis
3017 2156 3294 2215 versantes
3322 2166 3336 2203 :
3368 2150 3585 2220 quando

1991 2242 2062 2284 ne
2102 2228 2349 2295 homines
2388 2231 2606 2301 quidem
2646 2241 2825 2304 patres
2866 2236 2968 2292 hoc
2995 2238 3291 2306 patiuntur.
3319 2217 3583 2312 Aliudque

1992 2331 2175 2391 postea
2203 2321 2410 2378 inducit
2438 2325 2797 2381 ratiocinium.
2825 2327 3106 2396 Quodnam
3136 2331 3263 2386 illud
3294 2332 3318 2386 Υ
3346 2333 3478 2399 Quia
3501 2324 3589 2407 his,

1991 2411 2223 2467 omnibus
2260 2412 2516 2485 indigetis.
2550 2414 2664 2471 Hoc
2705 2426 2885 2473 autem
2916 2419 3033 2475 vult
3074 2420 3398 2491 signiﬁcare.
3440 2423 3579 2481 Num

1988 2502 2258 2574 superﬂua
2279 2513 2405 2563 sunt
2429 2505 2544 2559 haec
2572 2546 2589 2570 ,
2625 2516 2681 2561 ιιι
2703 2507 3004 2578 despiciat?
3030 2511 3191 2582 Atqui
3213 2528 3281 2567 ne
3304 2506 3358 2568 in
3385 2523 3578 2584 Super-

1988 2593 2111 2650 lluis
2139 2595 2353 2665 quidem
2380 2597 2643 2667 despexit,
2672 2609 2729 2653 ut
2759 2600 2813 2654 in
2837 2602 3013 2656 lazno:
3038 2618 3178 2660 nunc
3203 2613 3380 2660 autem
3397 2615 3451 2661 et
3484 2622 3576 2665 nev

1987 2688 2224 2742 cessaria
2254 2695 2400 2743 sunt.
2432 2688 2615 2761 Itaque
2638 2691 2781 2762 quod
2813 2704 2966 2762 putas
2991 2708 3207 2749 causam
3232 2710 3351 2751 esse
3380 2697 3576 2755 εοιιίεἰπ

1990 2778 2210 2843 tudinis,
2237 2779 2287 2835 id
2309 2780 2432 2835 dico
2454 2781 2704 2842 idotmum
2730 2798 2851 2839 esse
2872 2785 2938 2839 ad
2966 2785 3283 2857 abigendam
3322 2788 3414 2842 tibi
3442 2788 3577 2844 hanc

1985 2871 2418 2928 sollicitudinem.
2445 2874 2598 2940 Quod
2619 2876 2662 2930 si
2688 2875 2855 2943 dicas,
2880 2876 3006 2933 Ideo
3034 2893 3120 2934 me
3147 2878 3431 2935 sollicitum
3456 2896 3579 2951 esse

1986 2972 2218 3034 oportet,
2246 2966 2369 3035 quia
2398 2968 2700 3022 necessaria
2724 2977 2885 3024 sunt:
2909 2984 3009 3040 ego
3032 2980 3218 3026 contra
3246 2972 3573 3045 respondeo:

1986 3054 2109 3111 ideo
2138 3071 2205 3110 ne
2231 3057 2493 3115 sollicitus
2519 3059 2616 3126 sis,
2643 3059 2768 3129 quia
2812 3062 3115 3131 necessaria
3145 3072 3290 3117 sunt.
3324 3064 3383 3120 Si
3427 3065 3573 3119 enim

1978 3142 2253 3218 superﬂua
2298 3160 2512 3218 essent,
2546 3167 2722 3223 neque
2747 3153 2826 3209 sic
2846 3153 3240 3230 desperandum
3269 3165 3449 3225 esset,
3478 3157 3572 3211 sed

1982 3239 2358 3297 conﬁdendum
2387 3257 2450 3297 ea
2482 3242 2575 3298 tibi
2601 3243 2928 3313 suppeditari
2960 3259 3116 3314 posse
3140 3265 3154 3299 :
3176 3262 3299 3316 qma
3328 3262 3456 3301 vero
3486 3262 3576 3300 ne-

1982 3332 2215 3387 cessaria
2247 3344 2393 3398 sunt,
2418 3349 2522 3393 non
2566 3333 2707 3392 ultra
2725 3331 3001 3402 ambigere
3024 3340 3259 3402 oportet.
3277 3331 3415 3396 Quis
3432 3330 3582 3385 enim

1983 3433 2140 3498 pater
2154 3424 2391 3495 negligat
2413 3421 2507 3478 ﬁlii
2566 3420 2681 3474 suis
2706 3419 3011 3482 necessaria
3034 3418 3274 3488 prmbcre
3298 3419 3323 3472 ἲ
3346 3418 3577 3488 Ideoque

1984 3514 2204 3569 omnino
2226 3514 2367 3568 Deus
2387 3513 2439 3568 id
2469 3512 2695 3567 daturus
2714 3520 2817 3566 est.
2842 3511 2976 3567 Nam
3005 3512 3119 3582 ipse
3139 3520 3343 3567 natura:
3363 3522 3578 3566 creator

1984 3620 2086 3668 εει.
2105 3606 2301 3676 etquid
2328 3606 2428 3676 ipsi
2456 3604 2821 3663 necessarium
2840 3606 2913 3661 sit
2934 3613 3184 3660 accurate
3206 3604 3376 3660 novit.
3393 3604 3576 3675 Neque

1984 3699 2126 3757 enim
2151 3698 2335 3754 dicere
2362 3698 2537 3768 possis
2568 3738 2583 3764 ,
2610 3699 2791 3767 ipsum
2830 3697 3050 3767 quidem
3089 3710 3212 3752 esse
3237 3705 3441 3768 patrem
3474 3738 3489 3763 ,
3522 3707 3578 3753 et

1986 3791 2288 3852 necessaria
2334 3805 2455 3849 esse
2485 3805 2546 3845 ea
2591 3806 2712 3861 quae
2761 3790 3112 3861 requiruntur
3142 3831 3158 3857 ,
3197 3789 3290 3844 sed
3333 3790 3578 3860 ignorare

1987 3898 2109 3943 cum
2127 3882 2368 3952 nosipsis
2387 3896 2626 3953 egemus.
2648 3879 2780 3936 Nam
2810 3881 2900 3952 qui
2929 3890 3175 3935 naturam
3205 3881 3378 3950 ipsam
3404 3880 3576 3945 novit,

1986 3986 2041 4030 et
2060 3985 2270 4032 creator
2294 3974 2411 4045 qius
2440 3984 2543 4040 cst,
2572 3974 2826 4044 illamque
2851 3972 2954 4028 hoc
2975 3973 3134 4028 modo
3157 3972 3402 4027 formavit
3430 4012 3446 4037 ,
3479 3987 3574 4026 nco

1985 4069 2295 4123 cessitatem
2322 4065 2461 4136 ejus,
2491 4075 2553 4120 ut
2581 4065 2753 4136 palam
2776 4074 2884 4131 est,
2908 4064 3102 4127 melius
3131 4065 3279 4119 novit
3301 4079 3460 4134 quam
3491 4073 3570 4126 tn,

1986 4158 2077 4230 qui
2108 4159 2161 4213 in
2189 4158 2509 4225 necessitate
2528 4157 2850 4213 constitutus
2863 4171 2943 4212 es.
2964 4155 3097 4210 Nam
3124 4155 3224 4224 ipsi
3252 4155 3332 4210 sic
3359 4154 3576 4225 placuit,

1989 4260 2049 4305 nt
2088 4251 2141 4304 in
2180 4248 2487 4320 hujusmodi
2514 4250 2837 4304 necessitate
2860 4262 3032 4303 esses.
3058 4248 3172 4302 Non
3207 4262 3336 4317 ergo
3359 4256 3576 4301 contra-

1990 4347 2100 4400 rius
2123 4346 2228 4400 erit
2250 4345 2315 4400 iis
2343 4360 2463 4415 quae
2496 4343 2667 4400 voluit
2689 4384 2706 4411 ,
2737 4344 2808 4398 ita
2837 4353 2898 4399 ut
2925 4351 2978 4400 te
3004 4344 3056 4398 in
3090 4344 3413 4398 necessitate
3442 4355 3579 4396 con-

1987 4438 2196 4500 stituat.
2227 4446 2284 4492 et
2301 4451 2330 4490 a
2363 4436 2683 4492 necessariis
2705 4435 2895 4505 privet.

2060 4533 2117 4586 ὅ.
2166 4531 2411 4585 Anxietas
2434 4529 2565 4583 nihil
2590 4531 2814 4600 prodest.
2862 4527 3206 4583 Providentia:
3233 4525 3349 4588 Dei,
3378 4524 3580 4580 Christo

1988 4634 2235 4690 monente,
2279 4623 2558 4692 ﬁdendunt.
2591 4621 2684 4676 Dei
2710 4622 2903 4677 auxilio
2928 4623 3058 4675 bona
3092 4621 3293 4689 agimus
3319 4618 3579 4670 θηητὴρ-ε

1990 4717 2068 4773 Ne
2109 4719 2287 4787 itaque
2326 4714 2538 4770 solliciti
2568 4713 2766 4776 simus;
2796 4726 2971 4782 neque
3015 4711 3159 4765 enim
3190 4707 3319 4778 quid
3354 4706 3583 4776 amplius

1989 4824 2422 4881 consequemur,
2468 4792 2629 4878 quam
2679 4805 2821 4877 quod
2872 4818 2973 4859 nos
3008 4803 3152 4858 curis
3191 4799 3580 4856 distendamns.

1991 4904 2125 4960 Cum
2176 4904 2321 4959 enim
2375 4901 2528 4957 nobis
2566 4901 2680 4955 sive
2719 4897 2984 4964 sollicitis,
3016 4896 3128 4949 sive
3168 4907 3273 4948 non
3313 4892 3581 4955 sollicitis,

1992 4999 2101 5053 imo
2134 4997 2306 5067 potius
2336 5010 2440 5049 non
2472 4990 2713 5048 sollicitis
2735 5030 2752 5056 ,
2788 4989 2840 5045 id
2866 4994 3104 5058 prmstet,
3148 4984 3274 5055 quid
3318 4982 3413 5037 tibi
3451 4998 3581 5038 am—

1994 5090 2132 5160 plius
2164 5103 2229 5143 ex
2265 5085 2623 5142 sollicitudine
2649 5080 2907 5142 manebit,
2930 5094 3087 5149 quam
3137 5076 3279 5147 quod
3326 5089 3514 5146 paruas
3553 5089 3583 5127 a

1994 5182 2166 5249 teipse
2182 5176 2480 5248 superﬂuas
2493 5172 2765 5244 exegeris?
2784 5171 2966 5240 Neque
2986 5169 3127 5224 enim
3154 5169 3272 5237 quis
3291 5167 3358 5222 ad
3380 5166 3584 5221 lautum

1990 5272 2293 5329 convivium
2337 5281 2687 5331 accessurus,
2734 5265 2802 5319 de
2842 5264 2977 5318 cibis
3024 5276 3278 5331 umquam
3316 5259 3581 5314 sollicitus

1992 5365 2114 5427 erit;
2143 5379 2319 5432 neque
2338 5361 2384 5416 is
2406 5361 2497 5430 qui
2526 5359 2594 5413 ad
2626 5359 2825 5413 fontem
2854 5354 3081 5419 accedit,
3112 5354 3179 5408 de
3198 5361 3329 5423 potu
3355 5352 3459 5405 erit
3487 5366 3592 5404 att-

1994 5458 2134 5512 xins.
2166 5455 2243 5511 Ne
2272 5455 2449 5524 itaque
2486 5467 2604 5518 nos,
2632 5451 2825 5521 quibus
2851 5448 3152 5504 afﬂuentior
3201 5444 3356 5500 adest
3404 5455 3581 5499 rerum

1996 5551 2149 5619 copia
2170 5588 2187 5612 ,
2233 5562 2394 5617 quam
2421 5547 2473 5601 in
2501 5545 2649 5601 mille
2684 5543 2920 5598 fontibus
2955 5550 3008 5597 et
3035 5538 3301 5595 conviviis
3323 5577 3341 5604 ,
3392 5551 3585 5607 nempe

2006 5644 2102 5700 Dei
2132 5639 2663 5714 providentia,qnasi
2692 5652 2959 5709 pauperes
2986 5634 3365 5706 pusillanimes
3385 5631 3582 5687 simus.

1999 5736 2136 5793 Cum
2169 5732 2500 5803 supradictis
2534 5732 2678 5785 cnim
2699 5730 2848 5784 aliud
2894 5729 2948 5781 in
2973 5726 3185 5782 cunctis
3204 5724 3368 5779 rebus
3387 5720 3585 5777 ﬁdentli

1996 5829 2377 5893 argumentum
2396 5818 2629 5890 suggerit
2642 5817 2851 5882 ,diccns
2868 5834 2881 5870 :
2900 5816 2987 5869 5'5.
3009 5812 3246 5878 Qumrite
3260 5826 3475 5880 regnum
3490 5822 3586 5893 crc-

1995 5908 2188 5974 lorum,
2214 5920 2261 5966 et
2278 5888 2575 5966 hwcontuia
2594 5907 2909 5979 adjiciuntur
2928 5903 3089 5959 vobis.
3121 5902 3417 5973 Postquam
3437 5888 3585 5957 cuitu
