4036 6432
189 360 295 422 505

185 490 361 534 tamen
384 478 616 530 eumtot
645 475 896 540 tantaque
918 466 1060 524 dicta
1082 467 1213 532 sint,
1243 482 1344 522 nos
1368 466 1435 521 de
1456 466 1540 520 his
1565 465 1776 520 solliciti

186 580 394 633 sumus,
423 561 657 621 caelestia
683 568 863 617 autem
884 573 992 614 non
1012 571 1284 625 curamus,
1313 557 1407 612 sed
1432 557 1675 611 ordinem
1700 556 1782 610 itt-

184 657 477 721 vertimtts,
534 653 785 723 utrinque
826 658 1014 706 contra
1058 663 1216 720 supra
1270 649 1411 705 dicta
1462 657 1778 718 tmgnantes.

186 748 464 821 Perpende
486 760 716 816 namque
754 763 769 802 :
810 743 942 800 dicit
966 743 1099 799 ille:
1145 741 1223 797 Ne
1248 741 1470 798 omnino
1499 740 1780 810 praesentia

188 842 473 915 quaeratis;
504 853 602 895 nos
624 848 802 896 autem
832 836 920 891 illa
962 832 1178 891 assidue
1205 833 1515 904 querimus.
1547 831 1782 901 Quaerite

189 934 443 999 caelestia,
485 930 687 1001 inquit;
730 943 830 993 nos
868 936 1046 984 autem
1090 942 1158 981 ne
1186 940 1352 996 parvo
1378 924 1593 995 quidem
1633 924 1781 980 horae

191 1025 342 1084 unius
364 1023 541 1093 spatio
566 1022 654 1076 illa
682 1020 1011 1091 qun-rimus;
1046 1017 1142 1079 sed
1171 1027 1423 1089 quantam
1461 1018 1530 1073 de
1558 1018 1782 1073 sarcula-

191 1118 344 1174 ribus
358 1115 775 1185 sollicitudinem
805 1112 1141 1176 exhibemus,
1173 1118 1374 1167 tantam
1407 1111 1459 1165 in
1490 1110 1777 1180 spirituali-

193 1211 286 1269 bus
323 1208 699 1280 negligentiam
728 1204 1083 1273 ostendimus,
1114 1204 1225 1259 imo
1265 1203 1435 1260 multo
1473 1204 1731 1273 majorem
1761 1221 1776 1257 :

193 1301 281 1357 sed
307 1315 413 1355 non
442 1314 658 1369 semper
687 1298 802 1354 lucc
829 1296 984 1352 nobis
1026 1309 1285 1367 prospere
1311 1294 1640 1366 precedent;
1682 1309 1780 1349 ne-

193 1411 289 1463 que
314 1407 531 1461 semper
559 1392 629 1446 ita
661 1398 885 1462 possunt
909 1388 1151 1446 evenire.
1192 1388 1334 1445 Ecce
1360 1387 1548 1445 decem
1591 1387 1780 1444 diebus

194 1483 601 1548 contemnimus,
631 1497 757 1537 ecce
785 1479 992 1551 viginti,
1021 1494 1148 1536 ecce
1174 1488 1409 1535 centum.
1450 1478 1644 1534 Annon
1688 1491 1782 1532 ne-

195 1594 337 1635 cesse
363 1592 599 1648 prorsus.
615 1584 698 1632 est
724 1576 895 1639 obire,
937 1585 993 1632 et
1023 1574 1075 1629 in
1097 1574 1388 1645 iudicantis
1412 1583 1603 1629 manus
1642 1573 1781 1629 inci-

194 1670 350 1724 dere?
373 1668 483 1724 Sed
510 1667 694 1723 dilatio
717 1666 1139 1723 consolationem
1162 1663 1341 1721 affert.
1370 1665 1434 1720 Et
1452 1680 1574 1735 quae
1596 1673 1783 1721 (ποτιδοι

200 1761 335 1826 latio,
364 1775 488 1815 cum
520 1759 759 1829 quotidie
798 1764 1142 1828 exspectatur
1166 1755 1489 1827 supplicium
1521 1765 1577 1812 et
1615 1756 1781 1812 ultio?

195 1850 247 1906 Si
272 1851 402 1906 velis
427 1850 573 1906 enim
594 1865 659 1905 ex
681 1849 784 1905 hac
808 1848 1065 1905 dilatione
1090 1847 1514 1904 consolationem
1543 1847 1777 1918 aliquam

198 1942 445 2012 accipere,
476 1943 664 2011 accipe
705 1955 848 2006 eam,
892 1954 1013 2010 qua:
1051 1939 1380 2010 paenitentiae
1425 1939 1634 1995 fructus
1674 1948 1779 2005 est,

198 2034 639 2091 emendationem.
667 2031 800 2087 Nam
843 2032 889 2087 si
931 2047 999 2088 ex
1028 2045 1098 2087 eo
1123 2031 1266 2102 quod
1306 2030 1438 2087 ultio
1480 2030 1778 2092 ditl‘eratur,

199 2125 413 2196 aliquam
457 2124 678 2195 prodire
728 2131 885 2192 putas
921 2122 1364 2189 consolationem,
1396 2122 1567 2177 multo
1610 2122 1782 2193 majus

200 2219 390 2277 lucrum
419 2226 505 2274 est
550 2232 655 2272 non
696 2216 935 2273 incidere
973 2217 1027 2271 in
1067 2216 1349 2272 ultionem.
1393 2215 1617 2271 Utamur
1653 2231 1783 2285 ergo

202 2312 290 2367 hac
315 2311 592 2375 dilatione,
638 2318 695 2364 ut
731 2307 953 2364 omnino
977 2307 1048 2363 ab
1077 2307 1477 2364 imminentibus
1507 2309 1679 2378 pratis
1717 2307 1784 2361 li-

202 2403 455 2458 beremur.
498 2401 580 2456 Ex
613 2400 679 2456 iis
700 2401 845 2456 enim
883 2415 1005 2471 qua:
1044 2408 1305 2470 praecepta
1348 2406 1473 2454 sunt
1515 2398 1649 2453 nihil
1695 2398 1782 2454 vel

202 2510 470 2551 onerosum
500 2494 589 2550 vel
615 2494 903 2549 molestum
933 2501 1045 2557 est;
1072 2489 1168 2547 sed
1198 2491 1376 2546 omnia
1407 2491 1477 2546 ita
1519 2489 1698 2559 pervia
1726 2499 1783 2545 et

204 2586 381 2652 facilia,
422 2596 480 2641 ut
506 2586 555 2640 si
585 2593 885 2655 promptam
918 2583 1094 2639 solum
1118 2582 1446 2638 voluntatem
1471 2580 1779 2646 offeramus,

205 2679 364 2734 omnia
405 2677 683 2734 valeamus
724 2674 1023 2745 perﬁcere,
1070 2673 1283 2729 etiamsi
1330 2673 1562 2728 millibus
1613 2674 1781 2728 simus

205 2768 418 2837 peccatis
441 2766 686 2824 obnoxii.
714 2765 987 2821 Manasses
1012 2765 1157 2820 enim
1184 2762 1513 2820 exsecranda
1549 2762 1782 2819 facinora

206 2872 371 2925 ausus,
424 2859 521 2930 qui
572 2856 829 2912 adversus
878 2863 1062 2910 saneta
1113 2868 1302 2910 manus
1349 2853 1683 2922 extenderat,
1728 2862 1785 2910 et

206 2949 612 3005 abominationes
638 2949 690 3002 in
717 2947 978 3018 templum
1009 2945 1310 3012 induxerat,
1335 2946 1783 3018 czedibusqueur-

209 3038 313 3110 bern
340 3043 660 3111 repleverat,
708 3039 980 3109 multaque
1018 3038 1123 3094 alia
1169 3028 1369 3094 fecerat
1413 3053 1534 3110 quis
1571 3028 1780 3094 veniam

209 3146 300 3188 non
327 3135 668 3190 merebantur
711 3130 786 3205 (ι.
832 3131 961 3203 Reg.
1007 3132 1104 3201 21)
1136 3151 1151 3186 :
1182 3138 1418 3187 attamen
1464 3139 1584 3202 post
1621 3133 1780 3187 talem

208 3234 494 3298 tantamque
549 3225 921 3297 inlquitatem,
974 3224 1154 3279 omnia
1206 3225 1293 3280 illa
1345 3226 1548 3280 scelera
1592 3225 1776 3282 abluit.

208 3316 462 3385 Quomodo
487 3324 542 3373 et
564 3332 665 3388 qua
696 3315 941 3372 ratione?
968 3313 1070 3371 Per
1100 3314 1466 3386 paenitentiam
1491 3331 1555 3371 ac
1583 3317 1779 3372 bonum

213 3411 538 3476 propositum.

273 3502 320 3555 5.
344 3501 458 3555 Non
478 3512 553 3556 est
585 3492 842 3569 peceatum
859 3499 995 3568 quod
1012 3496 1313 3570 paenitentire
1331 3513 1430 3552 non
1452 3499 1619 3555 cedat.
1644 3497 1782 3554 Dens

215 3592 299 3644 non
336 3594 511 3647 inritos
552 3590 733 3647 solvat.
765 3591 1031 3657 Quomodo
1067 3604 1213 3644 orare
1240 3590 1508 3644 debeamus
1538 3600 1593 3644 ut
1619 3607 1777 3646 exau-

215 3685 414 3743 dimnur.
441 3686 732 3742 Assidtdtas
753 3692 995 3754 quantum
1023 3685 1228 3739 bonum.
1254 3713 1326 3724 -
1352 3676 1466 3739 Non
1503 3693 1586 3739 est
1615 3684 1781 3748 enim,

214 3791 307 3829 non
330 3787 408 3832 est
428 3786 578 3834 certe
612 3780 907 3846 peccatum.
942 3775 1084 3847 quod
1128 3791 1230 3830 non
1257 3774 1411 3829 cedat
1434 3775 1483 3830 vi
1521 3777 1784 3845 paenituit.

217 3865 320 3931 tiae;
344 3867 447 3923 imo
472 3868 651 3940 potius
675 3869 861 3938 gratia:
880 3866 1099 3922 Christi.
1131 3866 1261 3920 Nam
1292 3866 1336 3921 si
1366 3866 1526 3921 modo
1553 3882 1784 3922 convcr-

218 3964 389 4023 ttnnur,
417 3961 505 4016 ille
538 3960 693 4014 nobis
726 3959 879 4014 adest
911 3958 1203 4029 opitulator
1235 3976 1248 4012 :
1278 3974 1342 4013 ac
1370 3959 1413 4012 si
1446 3959 1576 4013 Velis
1614 3960 1787 4014 bonus

217 4061 340 4111 esse,
368 4065 526 4106 nemo
548 4049 800 4120 impedit;
834 4049 942 4104 imo
972 4050 1149 4119 potius
1188 4059 1271 4104 cst
1297 4050 1387 4119 qui
1414 4050 1675 4120 impedire
1695 4066 1787 4106 co-

219 4147 359 4196 netur
374 4142 637 4209 diabolus,
667 4156 840 4212 neque
863 4150 1061 4212 potest,
1089 4150 1141 4196 te
1167 4142 1368 4210 Optima
1394 4140 1646 4210 eligente,
1674 4142 1783 4197 sic—

220 4243 311 4297 que
338 4233 496 4290 Deum
517 4234 582 4289 ad
605 4233 956 4304 patrocinium
980 4232 1302 4288 attrahente.
1330 4233 1424 4288 Sin
1446 4241 1502 4288 tu
1524 4234 1783 4300 nolueris,

222 4324 304 4378 sed
342 4327 609 4395 resilieris,
653 4325 923 4397 quomodo
963 4326 1056 4382 tibi
1108 4325 1559 4395 patrocinabitur?
1604 4325 1789 4397 Neque

222 4417 352 4472 enim
379 4419 426 4473 vi
454 4432 543 4474 aut
570 4418 907 4484 necessitate,
938 4416 1033 4473 sed
1062 4417 1315 4473 libentem
1342 4425 1393 4472 tc
1420 4416 1533 4472 vult
1559 4417 1786 4474 salutem

223 4511 474 4582 consequi.
505 4510 636 4566 Nam
678 4511 724 4565 sl
759 4520 815 4566 tu
839 4522 1054 4565 servum
1084 4508 1312 4564 haberes
1357 4518 1409 4564 te
1437 4508 1562 4564 odio
1591 4508 1791 4565 haben-

226 4605 319 4652 tem
345 4607 399 4655 et
431 4609 785 4665 aversantem,
831 4613 1082 4670 saepeque
1124 4598 1462 4654 recedentem
1492 4614 1555 4654 ac
1586 4598 1793 4671 fugiend

226 4698 341 4755 tetu,
369 4694 537 4751 nolles
580 4705 727 4751 certe
765 4695 1021 4760 retinere,
1049 4691 1153 4748 etsi
1183 4692 1299 4760 ejus
1329 4692 1627 4748 ministerio
1655 4707 1790 4763 Opus

227 4778 431 4839 haberes
461 4804 475 4841 :
503 4786 671 4841 multo
712 4785 880 4856 magis
920 4784 1080 4847 Dens,
1114 4784 1200 4852 qui
1233 4797 1337 4837 non
1382 4781 1453 4838 ob
1490 4797 1644 4838 suam
1686 4785 1790 4837 ali-

227 4884 365 4940 quam
390 4880 780 4944 necessitatem,
804 4877 897 4933 sed
925 4877 996 4932 ob
1015 4877 1238 4931 salutem
1270 4885 1412 4930 tuam
1439 4877 1615 4932 omnia
1642 4877 1788 4944 facit,

231 4966 374 5022 nollet
395 4979 446 5024 te
481 4972 530 5025 vi
572 4971 823 5027 retinere.
852 4968 984 5024 Cum
1012 4979 1197 5023 contra
1226 4968 1271 5022 si
1302 4974 1627 5023 voluntatem
1671 4978 1789 5023 tan-

230 5061 325 5110 tum
351 5061 617 5127 exhibeas,
647 5076 935 5132 numquam
964 5069 1015 5116 te
1037 5060 1126 5114 ille
1149 5059 1379 5125 deseret,
1404 5060 1792 5130 quantumlibet

229 5143 451 5206 diabolus
473 5154 752 5209 adversum
780 5153 996 5208 nitatur.
1031 5150 1209 5221 Itaque
1236 5167 1333 5205 nos
1354 5165 1512 5205 causa
1539 5153 1794 5221 perniciei

228 5246 406 5295 uostne
432 5257 630 5299 sumus.
660 5244 843 5315 Neque
881 5243 1022 5299 enim
1062 5242 1128 5297 ad
1168 5242 1315 5297 illum
1342 5241 1664 5307 accedimus,
1699 5257 1790 5301 neu

229 5338 321 5393 que
345 5333 604 5403 supplices
634 5338 863 5403 adimus,
896 5349 1067 5405 neque
1113 5349 1360 5405 rogamus
1394 5342 1453 5388 ut
1481 5350 1578 5405 par
1603 5346 1748 5393 esset
1776 5354 1791 5394 :

222 5421 309 5475 sal
342 5425 551 5484 etiamsi
582 5428 921 5491 accedamus,
962 5426 1067 5481 hoc
1113 5424 1184 5480 ita
1231 5423 1455 5479 facimus
1492 5427 1647 5497 quasi
1685 5444 1793 5483 non

218 5510 563 5588 impetraturi,
605 5535 708 5577 uec
743 5535 865 5576 cum
898 5518 1003 5574 llde
1047 5519 1384 5587 congruenti,
1433 5531 1606 5590 neque
1640 5523 1790 5591 quasi

223 5605 475 5676 exigentes
503 5628 527 5677 ;
569 5613 660 5668 sed
700 5613 991 5668 oscitantes
1040 5623 1104 5665 ac
1143 5618 1418 5679 torpentes
1458 5610 1635 5664 omnia
1666 5610 1794 5667 faei-

235 5714 359 5756 mus.
393 5708 541 5778 Atqui
570 5709 709 5766 Deus
746 5709 857 5763 vult
886 5722 982 5764 nos
1007 5708 1156 5779 qtmsi
1183 5706 1458 5778 exigentes
1488 5706 1714 5779 precari,
1739 5714 1792 5760 et

234 5796 349 5846 tunc
377 5796 561 5863 gratias
585 5800 679 5857 tibi
707 5814 924 5872 magnas
949 5798 1131 5854 habet.
1160 5796 1257 5853 llic
1284 5800 1480 5870 quippe
1511 5799 1658 5852 solus
1691 5797 1787 5851 de-

1202 351 1280 409 1N
1321 349 1732 408 HATTHEUM
1772 348 2000 407 ηοιιιιι
2045 352 2209 412 XXII.
2251 358 2322 411 al.
2367 359 2554 416 XXIII.

3366 360 3467 417 596

1887 467 2043 536 bitur,
2072 474 2287 543 quando
2313 476 2588 547 exigimus,
2631 477 2827 549 gratias
2848 477 3029 547 habet,
3057 487 3112 534 et
3134 493 3195 535 ea
3218 493 3336 550 quae
3363 492 3468 533 non

1884 575 2070 618 mutuo
2093 565 2339 621 dedimus
2368 568 2560 623 reddit.
2596 568 2660 625 Et
2689 570 2735 625 si
2773 571 2927 627 valde
2967 571 3256 627 instantem
3277 571 3471 627 viderit

1882 670 2005 709 eum
2031 658 2122 725 qui
2153 658 2339 729 exigit,
2369 661 2535 715 etiam
2556 675 2641 728 ea,
2687 676 2807 732 qua:
2852 679 2958 719 non
2985 666 3194 733 accepit
3231 672 3262 717 ιι
3292 663 3468 729 nobis,

1884 746 2085 808 solvit;
2115 749 2159 802 si
2189 763 2318 804 vero
2358 750 2596 821 segnius,
2643 751 2732 807 ille
2767 751 2947 810 differt
2969 795 2984 818 ,
3017 767 3123 809 non
3168 754 3311 824 quod
3341 754 3472 810 dare

1884 838 2038 905 nolit,
2080 839 2175 895 sed
2223 842 2346 912 quia
2394 843 2622 901 libenter
2655 844 2799 902 videt
2830 860 2926 902 nos
2969 847 3039 902 ab
3073 849 3190 920 ipso
3231 850 3467 921 exigere.

1882 929 2114 1001 Ideoque
2135 933 2227 987 tibi
2248 936 2551 1006 exemplum
2581 939 2760 993 attulit
2788 939 2947 995 amici
2972 939 3115 995 illius
3136 950 3293 996 noctu
3318 947 3472 997 acce-

1883 1024 2080 1091 dentis,
2121 1034 2179 1081 et
2223 1035 2416 1096 panem
2465 1031 2713 1098 petentis.
2764 1044 2971 1088 necnon
3014 1032 3209 1103 judicia
3246 1034 3338 1104 qul
3373 1049 3471 1089 nec

1886 1114 2055 1170 Deum
2089 1118 2328 1184 timebat,
2361 1120 2462 1175 nec
2505 1120 2754 1177 homines
2791 1125 3154 1180 reverebatnr.
3197 1124 3379 1194 Neque
3418 1126 3471 1180 in

1881 1210 2145 1279 exemplis
2175 1210 2430 1278 substitit,
2455 1213 2550 1268 sed
2579 1215 2630 1269 id
2661 1215 2775 1285 ipse
2799 1228 3015 1287 quoque
3039 1218 3293 1287 Operibus
3317 1217 3468 1271 exhi-

1885 1297 2018 1366 buit,
2050 1305 2265 1373 quando
2292 1307 2624 1364 Phoenissam
2652 1311 2796 1365 illam
2840 1311 3119 1368 mulierem
3151 1324 3346 1382 magno
3373 1311 3471 1365 lto.

1885 1404 2129 1451 noratam
2151 1396 2295 1453 dono
2318 1400 2542 1454 remisit.
2574 1401 2626 1455 ln
2660 1400 2758 1457 hac
2779 1416 2912 1458 vero
2952 1403 3204 1469 ostendit,
3232 1417 3291 1458 se
3310 1403 3472 1457 etiam

1885 1489 1997 1556 illa,
2027 1505 2145 1559 «gnte
2175 1504 2284 1545 non
2307 1506 2602 1563 congruere
2626 1495 2892 1556 videntur,
2941 1495 3204 1549 instanter
3244 1494 3472 1563 petenti-

1884 1581 1986 1638 διε
2010 1583 2209 1655 largiri.
2240 1583 2363 1639 Non
2391 1596 2482 1651 est,
2515 1586 2722 1657 inquit,
2771 1589 2957 1642 bomtm
2998 1588 3176 1643 tollere
3201 1593 3384 1657 patrem
3407 1588 3471 1657 ﬁ—

1883 1675 2089 1743 liorum,
2120 1684 2168 1731 et
2192 1678 2442 1748 projicere
2462 1680 2670 1733 canibus
2715 1678 2927 1750 (Matth.
2963 1680 3047 1735 l5.
3078 1680 3195 1748 26);
3223 1682 3474 1734 Attamen

1884 1766 2032 1822 dedit
2055 1767 2179 1837 quia
2212 1769 2299 1825 illa
2341 1768 2688 1825 vehementer
2727 1771 2959 1840 petebat.
3000 1771 3100 1826 Per
3135 1772 3349 1826 Judmos
3372 1782 3471 1825 au-

1885 1866 1993 1914 tem
2030 1860 2380 1931 significavit,
2427 1876 2486 1916 se
2514 1862 2796 1918 desidiosis
2841 1878 2907 1918 ne
2947 1863 3033 1917 illa
3060 1863 3275 1934 quidem
3318 1862 3471 1927 dare,

1882 1966 2004 2023 qua:
2042 1953 2109 2007 ad
2150 1954 2293 2024 ipsos
2330 1956 2685 2025 pertinebant.
2733 1955 2917 2025 itaque
2965 1957 3039 2012 illi
3087 1955 3221 2011 nihil
3247 1969 3473 2024 accepe-

1883 2051 2027 2109 runt,
2058 2044 2153 2101 sed
2189 2046 2350 2101 etiam
2376 2061 2471 2102 sua
2502 2047 2866 2118 perdiderunt.
2906 2048 2973 2103 Et
3011 2048 3062 2102 bi
3084 2048 3326 2119 quidem,
3349 2048 3472 2118 quia

1886 2149 1992 2191 non
2037 2136 2302 2206 petierunt
2333 2135 2376 2205 ³,
2420 2152 2491 2194 ne
2515 2153 2608 2194 sua
2648 2140 2861 2208 quidem
2898 2154 3197 2210 accepere:
3230 2141 3314 2195 illa
3345 2154 3477 2195 vero

1885 2226 2009 2297 quia
2039 2229 2386 2285 vehementer
2412 2230 2620 2296 institit,
2648 2232 2818 2287 aliena
2843 2233 3019 2302 potuit
3045 2232 3148 2287 sibi
3179 2232 3471 2297 vindicare,

1874 2329 1941 2375 et
1963 2335 2084 2391 qua:
2114 2321 2343 2376 filiorum
2362 2334 2515 2378 erant
2533 2324 2754 2378 catellus
2770 2324 2995 2393 accepit.
3016 2322 3244 2378 Tantum
3273 2323 3473 2378 bonum

1884 2421 1969 2468 est
1991 2412 2295 2468 assiduitas.
2330 2414 2443 2470 Etsi
2482 2417 2627 2470 enim
2651 2416 2800 2471 canis
2840 2415 3028 2481 foetis;
3073 2416 3118 2470 si
3166 2415 3476 2487 frequenter

1885 2506 2072 2573 instes,
2115 2505 2226 2560 filio
2256 2506 2427 2563 desidi
2469 2509 2857 2577 anteponeris:
2889 2512 3007 2578 (pne
3035 2507 3180 2563 enim
3211 2521 3315 2563 non
3347 2522 3475 2578 prr-

1886 2595 2012 2652 fecit
2060 2597 2316 2666 amicitia,
2365 2595 2420 2654 id
2464 2599 2691 2669 perfecit
2739 2599 3025 2655 assiduitas
3071 2599 3350 2670 precandi:
3399 2599 3475 2653 Ne

1885 2689 2034 2745 dicas
2067 2688 2246 2760 igitur,
2297 2687 2548 2747 Inimicus
2585 2690 2717 2747 mihi
2762 2700 2844 2746 est
2870 2691 3031 2759 Dens,
3082 2686 3181 2745 nec
3227 2689 3476 2745 examliet

1886 2796 1994 2838 me.
2026 2782 2147 2840 Cito
2184 2783 2279 2839 tibi
2309 2783 2673 2855 reSpondebit,
2717 2784 2761 2840 si
2793 2784 3096 2856 frequenter
3130 2784 3276 2839 illum
3311 2784 3477 2839 intor-

1888 2875 2054 2946 pelles
2097 2883 2151 2932 et
2179 2890 2406 2947 urgeas;
2439 2884 2493 2932 et
2522 2877 2565 2931 si
2605 2891 2711 2932 non
2753 2876 2821 2932 ob
2863 2875 3172 2939 amicitiam,
3221 2884 3369 2931 certe
3408 2877 3478 2929 ob

1885 2968 2254 3026 assiduitatem
2284 2988 2299 3026 :
2329 2985 2394 3026 ac
2421 2986 2595 3041 neque
2616 2970 2914 3039 fnimicitia,
2947 2984 3123 3040 neque
3158 2969 3474 3037 importuni-

1888 3072 1989 3132 tas,
2018 3079 2194 3135 neque
2214 3063 2355 3119 aliud
2381 3064 2653 3135 quidpiam
2697 3064 3077 3136 impeditncnto
3103 3076 3225 3119 esse
3261 3061 3473 3132 poterit.

1808 3206 1813 3211 .
1884 3155 1965 3212 Ne
1991 3155 2163 3223 dicas,
2201 3155 2317 3211 Non
2362 3171 2479 3230 sum
2514 3157 2738 3228 dignus,
2786 3157 2907 3213 ideo
2945 3172 3050 3210 non
3090 3170 3278 3226 precor
3309 3171 3324 3212 :
3356 3168 3477 3209 nam

1888 3247 2009 3307 talis
2036 3257 2153 3303 erat
2174 3247 2606 3320 Syrophmnissa.
2646 3248 2725 3306 Ne
2753 3249 2922 3315 dicas,
2951 3248 3173 3304 Multum
3219 3248 3434 3319 peccavi
3458 3285 3476 3309 ,

1888 3355 1987 3396 nec
2018 3354 2233 3411 possum
2279 3342 2470 3395 iratum
2516 3356 2704 3411 rogare
2756 3358 2769 3395 :
2819 3356 2923 3395 non
2980 3342 3122 3397 enim
3165 3340 3475 3410 dignitatem

1890 3435 2030 3489 Dens
2066 3443 2291 3504 spectat,
2326 3435 2421 3490 sed
2458 3436 2806 3491 voluntatem.
2837 3434 2969 3490 Nam
3000 3435 3044 3489 si
3085 3432 3375 3505 principem
3416 3433 3478 3485 il-

1889 3525 1996 3580 lum
2021 3527 2111 3597 qui
2141 3538 2240 3582 nec
2268 3527 2434 3581 Deum
2460 3527 2698 3592 timebat,
2723 3540 2822 3581 nec
2844 3526 3086 3581 homines
3114 3526 3477 3587 reverehatnr.

1890 3618 2044 3673 vidua
2069 3617 2271 3673 inﬂexit
2291 3636 2303 3673 :
2323 3618 2490 3673 multo
2505 3618 2673 3689 inagis
2687 3618 2886 3674 bonum
2900 3617 3001 3672 sibi
3020 3616 3250 3672 attrahet
3267 3619 3477 3672 assidua

1888 3713 2228 3784 supplicatio.
2252 3706 2328 3767 Ita
2358 3723 2418 3767 ut
2437 3710 2644 3767 etiamsi
2664 3726 2767 3765 non
2800 3710 3006 3766 amicus
3023 3709 3117 3779 sis,
3141 3711 3348 3765 etiamsi
3375 3725 3479 3764 non

1889 3805 2071 3863 debita
2089 3806 2291 3876 exigas,
2315 3804 2523 3860 etiamsi
2537 3811 2757 3875 paterna
2781 3802 2916 3858 bona
2938 3800 3317 3872 absumpseris,
3344 3802 3481 3855 mul-

1891 3906 2053 3970 toque
2084 3907 2323 3968 tempore
2369 3897 2567 3952 absens
2614 3895 2795 3958 fueris,
2845 3895 3052 3950 etiamsi
3089 3893 3321 3963 degener
3365 3907 3481 3946 om-

1891 3992 2145 4061 niumque
2167 3998 2505 4061 postremus,
2539 3989 2748 4044 etiamsi
2787 3989 2981 4044 iratum
3011 3988 3481 4058 indignantemque

1891 4078 2221 4147 convenias;
2253 4079 2305 4134 in
2335 4080 2571 4143 animum
2612 4078 2830 4135 inducas
2858 4087 3057 4133 tantum
3087 4079 3292 4146 precari
3319 4087 3479 4148 atque

1891 4173 1957 4229 ad
1989 4169 2138 4228 illum
2164 4171 2359 4236 redire,
2398 4179 2454 4226 et
2478 4171 2657 4226 omnia
2696 4171 2950 4241 accipies,
2977 4181 3139 4242 atque
3167 4174 3299 4226 iram
3328 4171 3483 4226 dant-

1893 4267 2268 4334 nationemqne
2293 4264 2471 4318 statim
2495 4263 2819 4333 exstingues.
2838 4263 2996 4333 Atqui
3023 4277 3232 4332 precor,-
3249 4263 3481 4333 inquies,

1893 4366 1949 4412 et
1979 4356 2110 4411 nihil
2138 4356 2377 4426 proficio.
2409 4353 2516 4411 Sed
2559 4370 2667 4409 non
2714 4355 2947 4423 precaris
2987 4365 3044 4408 ut
3091 4355 3196 4421 illi,
3238 4365 3295 4410 ut
3321 4356 3481 4425 Syro-

1893 4446 2188 4519 phmnissa,
2220 4446 2362 4513 dico,
2396 4456 2450 4500 ut
2473 4449 2676 4502 amicus
2716 4447 3031 4517 intempesta
3056 4456 3211 4503 nocte
3238 4449 3484 4517 veniens,

1895 4551 1950 4597 ut
1983 4541 2137 4595 vidua
2176 4557 2293 4611 qua:
2336 4534 2643 4611 frequenter
2676 4540 2908 4611 judicem
2958 4542 3199 4612 urgebat,
3247 4556 3300 4597 ut
3344 4542 3483 4599 filius

1894 4633 1983 4704 qui
2018 4643 2236 4704 paterna
2264 4632 2398 4688 bona
2417 4633 2808 4703 absumpserat.
2832 4633 2965 4688 Nam
2980 4635 3023 4687 si
3049 4635 3125 4689 sic
3151 4649 3353 4698 orares,
3377 4634 3483 4688 cito

1897 4726 2231 4796 impetrares.
2264 4721 2475 4781 Etenim
2513 4726 2721 4781 etiamsi
2749 4726 3068 4780 contumelia
3112 4725 3334 4780 all‘ectus
3363 4726 3433 4779 sit
3466 4741 3481 4787 ;

1895 4826 1949 4871 at
1977 4827 2125 4886 pater
2158 4825 2280 4872 est:
2313 4817 2520 4872 etiamsi
2560 4817 2729 4872 iratus
2762 4828 2864 4883 est,
2910 4825 2966 4871 at
3014 4817 3150 4870 filios
3189 4827 3370 4872 amat:
3399 4827 3482 4871 at-

1894 4926 2000 4980 que
2043 4926 2208 4964 unum
2240 4918 2445 4965 tantum
2474 4910 2695 4980 quaerit,
2741 4926 2844 4964 non
2884 4909 2952 4966 de
2991 4909 3330 4965 contumeliis
3369 4920 3484 4979 ιω-

1897 5017 1994 5056 nas
2011 5002 2246 5071 exigere,
2273 5001 2368 5056 sed
2387 5008 2438 5056 te
2452 5015 2771 5057 conversum
2802 5011 2853 5055 et
2878 5002 3263 5072 supplicantem
3281 5002 3483 5058 videre.

1966 5090 2021 5147 ti.
2060 5090 2294 5149 Charitas
2322 5091 2419 5147 Dei
2460 5109 2579 5164 erga
2609 5109 2722 5146 uos.
2764 5092 2845 5146 Ad
2874 5093 3042 5163 ipsum
3064 5093 3356 5147 accedentes
3385 5094 3486 5147 im-

1898 5183 2102 5255 portuni
2129 5194 2403 5253 numquam
2422 5193 2558 5238 sunt.
2590 5213 2661 5223 —
2685 5183 2895 5239 Utinam
2925 5198 3022 5239 nos
3053 5183 3124 5238 ita
3152 5185 3486 5253 ardercmus,

1898 5287 1956 5333 ut
1980 5278 2184 5334 viscera
2212 5278 2300 5332 illa
2326 5277 2391 5331 ad
2421 5278 2760 5333 dilectionem
2787 5291 2916 5348 erga
2945 5292 3042 5333 nos
3068 5272 3485 5332 inilamuunuur.

1897 5369 2001 5426 30d
2023 5368 2158 5438 ignis
2179 5368 2271 5424 ille
2292 5371 2626 5422 occasionem
2648 5370 2821 5424 solum
2847 5368 3099 5438 requirit:
3120 5379 3174 5422 et
3197 5368 3240 5422 si
3268 5383 3486 5439 parvam

1898 5462 1973 5517 illi
1999 5461 2282 5517 scintillant
2316 5460 2554 5530 prztrbeas
2573 5499 2590 5526 ,
2621 5461 2891 5530 ingentem
2930 5459 3312 5515 beneficiorum
3338 5458 3488 5514 flam-

1899 5570 2042 5610 mam
2068 5554 2336 5610 accendis.
2367 5552 2550 5621 Neque
2575 5553 2721 5607 cnint
2751 5553 2892 5623 quod
2919 5553 3246 5607 contumelia-
3267 5542 3489 5610 edoctus

1898 5648 1990 5710 sit,
2026 5645 2329 5715 indignatur
2352 5686 2367 5707 ,
2397 5644 2491 5698 scd
2519 5645 2641 5713 quia
2688 5653 2740 5696 tu
2768 5644 3186 5699 contumeliosus
3229 5659 3287 5697 es
3312 5685 3329 5711 ,
3354 5655 3407 5698 et
3434 5654 3487 5696 ιιι

1966 5805 1986 5836 ⁸
2016 5800 2179 5863 Sam,
2201 5799 2313 5865 quia
2334 5798 2625 5865 negligenter
2647 5798 2898 5863 petieram.
