4036 6464
298 458 403 515 309

299 570 459 628 cebat
477 610 497 636 ,
537 580 637 624 nec
663 579 769 621 non
797 577 894 621 eos
916 563 1006 634 qui
1053 560 1451 617 innumerorum
1476 559 1556 614 rei
1587 557 1847 613 malorum
1873 597 1890 615 .

305 661 553 717 innoxios
585 655 1007 713 criminabantur
1036 671 1049 707 :
1086 653 1137 708 id
1177 651 1319 725 quod
1344 651 1509 706 etiam
1538 650 1624 705 hic
1649 648 1893 705 Chrisms

301 752 691 816 subindicavit,
726 763 826 805 nec
873 746 1036 802 modo
1061 745 1437 810 subindicavit,
1466 742 1565 801 sed
1590 750 1647 798 et
1669 742 1892 796 multum

299 844 529 901 incussit
567 845 838 907 timorem,
866 838 1161 908 indixitque
1190 836 1511 907 supplicium
1563 833 1890 890 inevitabile.

304 938 359 991 ‘3.
388 935 457 991 In
483 951 579 1006 quo
607 934 741 989 enim
762 932 981 1004 judicio,
1010 930 1211 1001 inquit,
1236 926 1608 1000 judicaveritis,
1631 925 1895 997 judicatu-

305 1042 390 1084 tur
411 1031 475 1083 de
498 1029 656 1083 vobis.
704 1026 822 1081 Non
847 1024 987 1079 enim
1020 1022 1172 1078 illum
1212 1020 1559 1085 condemnas,
1585 1018 1773 1088 inquit.
1799 1015 1897 1071 sed

304 1122 557 1191 teipsum,
589 1128 641 1174 et
674 1114 1065 1172 formidandum
1087 1112 1182 1167 tibi
1213 1126 1370 1182 paras
1388 1108 1645 1173 tribunal,
1675 1121 1894 1163 accura-

306 1212 606 1280 tioremque
676 1207 1003 1263 reddendam
1079 1204 1365 1258 rationem.
1434 1197 1896 1268 Quemadmodum

306 1302 448 1359 enim
499 1302 552 1355 in
605 1299 927 1355 remissione
973 1290 1639 1367 peccatorum,»principia
1684 1305 1713 1343 a
1743 1288 1897 1344 nobis

305 1402 580 1464 petuntur,
614 1392 690 1448 sic
710 1398 765 1445 et
785 1391 835 1444 in
863 1388 967 1443 hoc
992 1386 1213 1457 judicio,
1245 1382 1604 1440 damnationis
1632 1394 1897 1435 mensura:

305 1499 578 1560 ponuntur
608 1502 636 1540 a
668 1485 840 1540 nobis.
892 1483 1008 1537 Non
1055 1480 1196 1536 enim
1224 1476 1549 1549 exprobrare
1577 1482 1788 1545 oportet
1815 1472 1896 1527 vel

305 1581 587 1644 insultare,
612 1577 707 1632 sed
728 1576 1020 1631 admonere
1046 1590 1059 1626 :
1088 1588 1194 1628 non
1225 1570 1564 1634 maledicere,
1593 1567 1685 1622 sed
1713 1565 1894 1621 consi-

306 1675 438 1728 iium
485 1673 615 1727 dare
643 1689 655 1724 :
687 1684 788 1725 nec
824 1675 1140 1738 arroganter
1160 1665 1437 1735 insurgere
1460 1703 1476 1729 ,
1509 1660 1603 1717 sed
1624 1675 1747 1716 cum
1766 1659 1900 1713 dile-

306 1767 490 1820 ctione
541 1765 833 1833 corrigere.
880 1761 995 1815 Non
1042 1759 1185 1813 enim
1234 1757 1405 1820 illum,
1453 1754 1547 1810 sed
1580 1763 1631 1808 te
1656 1763 1898 1809 extremo

306 1857 487 1913 trades
515 1855 797 1924 supplicio,
826 1852 951 1907 dum
981 1866 1085 1905 non
1111 1849 1285 1920 parcis
1310 1847 1385 1903 illi
1406 1844 1623 1916 quando
1650 1843 1892 1915 oportuit

302 1950 374 2005 de
397 1949 541 2002 illius
566 1947 774 2002 delictis
799 1946 936 1999 ferre
957 1942 1298 1997 sententiam.

374 2042 430 2096 2.
461 2040 647 2095 Viden‘
665 2035 932 2109 quomodo
962 2036 1077 2088 haec
1103 2034 1209 2088 duo
1231 2038 1494 2102 praecepta
1518 2038 1573 2084 et
1601 2028 1739 2083 levia
1766 2027 1893 2091 sint,

305 2147 358 2192 et
391 2149 704 2207 magnorum
750 2128 1168 2200 obsequentibus
1197 2140 1374 2182 causa:
1421 2125 1704 2187 honorum,
1756 2130 1814 2175 ut
1845 2127 1900 2174 et

309 2228 573 2283 malorum
617 2239 725 2278 non
769 2218 1217 2277 attendentibus?
1257 2217 1388 2273 Nam
1429 2225 1485 2271 et
1524 2216 1614 2285 qui
1654 2213 1899 2284 proximo

305 2318 548 2385 dimittit,
575 2332 636 2372 se
665 2315 835 2385 magis
873 2328 1031 2383 quam
1060 2312 1209 2366 illum
1240 2310 1358 2364 sine
1381 2309 1491 2363 ullo
1517 2307 1699 2361 labore
1739 2304 1899 2360 reati-

307 2412 408 2467 bus
434 2410 666 2473 liberat;
698 2415 753 2461 et
781 2405 872 2476 qui
902 2403 1238 2472 indulgenter
1268 2409 1486 2470 peccata
1513 2399 1741 2454 aliorum
1772 2410 1900 2451 exa-

307 2508 478 2562 minat
508 2545 522 2566 ,
571 2516 820 2569 magnum
873 2499 974 2554 sibi
1021 2498 1197 2553 venia:
1251 2496 1467 2552 lmnus‘
1499 2510 1565 2548 ex
1612 2492 1701 2547 tali
1736 2491 1900 2544 allato

308 2598 521 2654 calculo
549 2603 719 2665 parat.
752 2590 889 2660 Quid
922 2590 1099 2661 igitur,
1130 2589 1362 2658 inquies,
1390 2590 1435 2643 si
1465 2585 1753 2640 fornicatus
1783 2584 1899 2636 fue-

308 2694 380 2746 rit
403 2691 427 2744 ?
453 2705 560 2745 non
581 2688 754 2743 dicam
781 2684 974 2739 malam
995 2698 1108 2737 rem
1130 2696 1252 2737 esse
1279 2680 1699 2740 fornicationem,
1729 2690 1902 2745 neque

309 2783 599 2853 corripiant
643 2776 1060 2835 lascivientem?
1097 2774 1321 2845 Corripe
1367 2772 1605 2844 quidem,
1653 2770 1747 2826 sed
1795 2784 1899 2823 non

310 2886 368 2930 nt
415 2872 586 2928 hostis
627 2871 711 2926 vel
749 2868 1000 2924 inimicus
1048 2867 1309 2921 ultionem
1353 2878 1670 2934 exposcens,
1719 2860 1815 2916 sed
1846 2870 1903 2914 ut

311 2966 552 3021 medicus
586 2959 828 3018 remedia
871 2972 1157 3030 apparens.
1205 2955 1391 3024 Neque
1437 2955 1577 3010 etiim
1627 2953 1779 3017 dixit,
1825 2949 1904 3005 Ne

308 3058 568 3114 eohibeas
613 3060 950 3124 peccantem,
1000 3049 1119 3115 sed,
1168 3048 1246 3104 Ne
1288 3047 1497 3118 judices
1531 3063 1546 3103 :
1576 3045 1625 3100 id
1666 3054 1769 3109 est,
1825 3043 1904 3099 Ne

310 3151 540 3205 acerbus
560 3148 634 3202 sis
657 3145 843 3216 judex.
872 3144 1124 3213 Alioquin
1153 3151 1330 3197 autem
1355 3157 1459 3195 non
1490 3140 1558 3195 de
1584 3138 1787 3209 magnis
1813 3152 1902 3192 re-

314 3244 416 3297 bus
438 3249 530 3296 aut
551 3238 858 3311 prohibitis,
890 3235 1097 3301 utdixi,
1128 3235 1221 3290 sed
1244 3235 1312 3289 de
1342 3234 1407 3289 iis
1434 3248 1553 3302 quae
1584 3246 1688 3285 non
1721 3229 1906 3284 viden-

315 3346 406 3389 tur
424 3348 547 3388 esse
566 3331 814 3396 crimina,
846 3328 949 3384 hoc
974 3327 1177 3382 dictum
1208 3325 1323 3379 fuit.
1360 3324 1716 3393 Quamobrem
1754 3321 1905 3375 dice-

315 3429 407 3482 bat
433 3444 450 3481 :
477 3426 531 3480 5.
555 3423 693 3492 Quid
707 3423 845 3477 rides
862 3426 1105 3491 festucam
1121 3420 1174 3473 in
1190 3419 1335 3473 oculo
1356 3418 1529 3487 fratris
1560 3417 1633 3469 tui
1652 3417 1678 3469 .9
1698 3415 1903 3469 Etenim

316 3517 471 3573 multi
520 3530 665 3571 nunc
707 3513 761 3570 id
804 3512 1041 3578 faciunt,
1092 3511 1183 3581 qui
1229 3510 1276 3565 si
1313 3510 1540 3564 viderint
1584 3507 1905 3562 monachum

315 3606 589 3676 superﬂuo
644 3606 836 3661 vestitu
896 3602 1139 3658 indutum
1171 3641 1184 3666 ,
1235 3602 1405 3673 legem
1464 3600 1537 3655 illi
1586 3598 1906 3655 dominicam

315 3699 611 3769 objiciunt,
640 3698 766 3752 licet
789 3695 890 3765 ipsi
915 3694 1077 3750 millia
1106 3693 1406 3762 abripiant,
1457 3706 1521 3747 ac
1560 3690 1802 3759 quotidie
1827 3690 1911 3745 di-

315 3793 476 3848 vitias
514 3788 856 3846 accumulant
887 3806 900 3842 :
940 3795 996 3842 et
1038 3786 1084 3843 si
1123 3784 1353 3841 viderint
1378 3784 1608 3854 largiore
1648 3783 1726 3839 uti
1752 3782 1907 3848 cibo,

316 3882 499 3939 acerbi
526 3883 726 3936 instant
752 3886 1112 3942 accusatores,
1145 3877 1272 3932 licet
1289 3876 1527 3947 quotidie
1551 3875 1651 3945 ipsi
1677 3874 1911 3944 crapulm

314 3985 372 4029 et
397 3971 643 4029 ebrietati
672 3970 1058 4040 dentoperam,
1087 3968 1397 4040 ignorantes
1428 3982 1487 4023 se
1520 3967 1752 4038 propriis
1771 3982 1909 4021 onu-

317 4075 435 4119 stus
462 4062 715 4135 peccatis,
752 4060 1009 4131 majorem
1048 4058 1175 4114 hinc
1197 4059 1298 4115 sibi
1320 4058 1495 4129 ignem
1529 4057 1782 4128 colligere
1804 4097 1820 4121 ,
1848 4072 1913 4112 ac

319 4172 444 4213 sese
471 4156 617 4212 omni
648 4155 994 4212 excusatione
1018 4153 1249 4224 privare.
1281 4152 1431 4220 Quod
1472 4152 1614 4206 enim
1641 4161 1726 4206 tua
1757 4164 1915 4206 accu-

321 4261 441 4308 rate
465 4252 575 4308 sint
612 4248 997 4315 examinanda,
1028 4256 1085 4303 tu
1110 4248 1259 4318 prius
1289 4245 1427 4301 hanc
1452 4245 1622 4316 legem
1652 4244 1873 4315 posuisti
1893 4285 1911 4308 .

320 4358 445 4398 cum
474 4342 545 4398 ita
561 4341 630 4397 de
647 4340 891 4412 proximo
912 4348 1005 4395 tuo
1019 4338 1285 4411 judicasti.
1308 4336 1386 4392 Ne
1409 4336 1587 4406 itaque
1607 4335 1734 4391 illud
1751 4350 1915 4407 grave

322 4449 453 4491 esse
492 4434 769 4490 existimes
791 4473 807 4498 ,
847 4433 895 4487 si
941 4431 1079 4487 tales
1106 4441 1163 4486 et
1203 4429 1320 4500 ipse
1358 4443 1545 4500 pteuas
1569 4428 1791 4484 daturus
1816 4427 1911 4484 sis.

323 4528 381 4584 5.
423 4524 740 4597 Hypocrita,
787 4524 914 4596 εἰὶσε
960 4524 1124 4593 primo
1153 4522 1344 4576 trabem
1371 4536 1437 4575 ea:
1481 4520 1629 4575 oculo
1658 4529 1765 4574 tuo.
1819 4520 1914 4575 llic

325 4622 465 4675 iram
504 4620 619 4675 vult
660 4618 916 4674 exhibere
954 4616 1272 4687 plurimam,
1317 4631 1478 4686 quam
1514 4615 1750 4683 concipit
1786 4630 1913 4685 erga

325 4713 447 4766 illos
484 4710 575 4781 qui
625 4710 714 4763 tali
760 4723 821 4764 se
857 4716 1051 4778 gerunt
1090 4706 1272 4763 modo.
1302 4705 1435 4761 Nam
1477 4709 1917 4776 quotiescumque

324 4804 440 4857 vult
475 4800 761 4857 ostendere
798 4813 1046 4869 magnum
1092 4813 1214 4853 esse
1245 4805 1517 4867 peccatum
1538 4838 1556 4862 ,
1591 4796 1914 4866 multamque

326 4907 541 4962 [mnam
569 4902 624 4947 et
649 4891 908 4946 ultionem
938 4890 1036 4959 ipsi
1067 4896 1325 4958 paratam,
1357 4904 1388 4943 ιι
1416 4888 1660 4943 convicio
1684 4887 1914 4942 orditur.

324 4981 792 5051 Quemadmodum
830 4989 885 5035 et
909 4988 1094 5035 contra
1122 4978 1271 5033 illum
1297 4978 1386 5048 qui
1418 4989 1636 5033 centum
1665 4977 1919 5033 denarios

323 5075 608 5144 exigebat,
643 5075 932 5142 indignans
975 5070 1185 5125 dicebat
1232 5089 1245 5123 :
1292 5068 1448 5123 Serve
1493 5086 1724 5139 nequam,
1773 5086 1921 5125 omne

327 5165 552 5219 debitum
570 5164 705 5218 illud
743 5163 915 5217 dimisi
954 5162 1054 5225 tibi,
1073 5162 1092 5231 (
1112 5161 1293 5216 Matth.
1330 5162 1415 5216 l8.
1442 5160 1512 5216 52
1538 5162 1555 5230 )
1586 5181 1600 5217 :
1631 5163 1711 5217 sic
1737 5172 1792 5218 et
1818 5163 1917 5219 hoc

327 5261 451 5313 loco
500 5257 657 5323 dicit,
707 5254 1009 5326 Hypocrita.
1057 5255 1172 5310 Non
1215 5256 1358 5311 enim
1403 5271 1585 5310 curam
1621 5258 1758 5325 atqui
1805 5255 1920 5312 haec

328 5351 595 5406 sententia
643 5350 893 5414 exhibet,
942 5348 1039 5405 sed
1086 5347 1568 5414 inhumanitatcm;
1619 5360 1676 5406 et
1714 5350 1917 5406 larvam

327 5442 547 5511 quidem
576 5440 928 5496 humanitatis
951 5455 1063 5508 pra;
1092 5454 1152 5495 se
1173 5439 1297 5506 fert,
1329 5455 1626 5496 extremam
1657 5457 1788 5497 vero
1827 5459 1920 5498 ne-

327 5533 555 5603 qustiam
593 5541 846 5592 exercet.
891 5530 1018 5587 dum
1049 5530 1316 5599 superﬂua
1364 5531 1609 5600 proximo
1633 5534 1920 5605 opprobria

328 5633 493 5694 atque
530 5622 755 5678 crimina
801 5621 1027 5693 afﬁngit,
1074 5630 1130 5677 et
1177 5622 1353 5676 locum
1398 5622 1634 5693 magistri
1678 5624 1917 5693 invadit,

325 5718 419 5788 qui
485 5730 592 5770 non
637 5715 828 5786 dignus
887 5725 969 5770 est
1013 5729 1135 5770 esse
1183 5715 1472 5785 discipulus
1513 5733 1528 5769 :
1569 5718 1919 5786 quamobrem

328 5808 667 5880 hypocritam
698 5807 847 5862 illum
868 5807 1097 5862 vocavit.
1126 5805 1256 5862 Nam
1279 5807 1449 5878 qui-in
1470 5806 1659 5863 alienis
1680 5808 1751 5863 ita
1780 5825 1922 5867 accr-

395 5921 412 5952 ¹
452 5917 564 5975 Alii,
586 5931 804 5978 magnam
830 5916 921 5969 sibi
938 5918 1085 5970 emite
1106 5916 1421 5982 largitionem.

1260 445 1327 502 ΙΝ
1364 440 1767 501 ΜΛΤΪΗεΕὒΜ
1810 437 2041 496 ΠΟΜΙΙ..
2082 437 2250 494 XXIII
2297 441 2369 494 al.
2413 440 2601 497 XXIV.

3495 447 3596 501 510

2005 555 2104 609 bus
2129 569 2206 621 es,
2253 564 2309 610 ut
2335 556 2495 611 etiam
2536 557 2722 628 exigua
2752 558 2932 614 videas
2951 601 2965 624 ,
2996 562 3266 627 quomodo
3309 564 3361 617 in
3392 565 3498 618 tuis
3526 566 3596 619 ita

2002 646 2275 717 negligens
2301 646 2468 713 fuisti,
2503 658 2562 704 ut
2584 650 2745 706 etiam
2769 668 2957 722 magna
2979 664 3375 712 transcurreres
3401 658 3425 710 .’
3451 655 3602 729 Ejice

2004 741 2223 807 primum
2269 740 2458 795 trabem
2489 743 2553 797 de
2580 744 2728 798 oculo
2756 752 2861 798 tuo.
2908 746 3091 809 Viden‘
3116 748 3259 816 quod
3303 764 3409 803 non
3451 758 3597 806 vetet

1997 832 2260 900 judicare,
2287 836 2382 889 sed
2408 834 2596 903 jubeat
2621 837 2850 904 primum
2882 838 3081 907 ejicere
3112 841 3315 895 trabem
3344 856 3411 895 ex
3437 839 3597 895 oculo

2003 932 2115 990 tuo,
2144 933 2199 978 et
2229 933 2356 981 tunc
2396 926 2622 981 aliorum
2647 938 2822 982 errata
2849 930 3139 999 corrigere.
3171 931 3302 985 Nam
3327 948 3422 987 sua
3449 934 3599 1003 quis-

2002 1030 2106 1083 que
2137 1017 2308 1085 magis
2353 1018 2498 1070 novit
2530 1033 2689 1087 quam
2732 1019 2942 1085 aliena,
2979 1031 3034 1075 et
3076 1021 3277 1091 majora
3309 1023 3453 1077 videt
3478 1024 3597 1093 plus

2001 1121 2163 1175 quam
2190 1107 2430 1172 minora,
2471 1124 2637 1179 seque
2680 1111 2850 1181 magis
2895 1123 3039 1165 amat
3070 1128 3229 1182 quam
3269 1115 3592 1184 proximum.

2004 1195 2186 1267 Itaque
2209 1199 2253 1253 si
2275 1214 2455 1254 curam
2478 1216 2672 1271 gerens
2700 1202 2750 1257 id
2784 1201 2937 1272 facis,
2968 1206 3039 1259 tui
3067 1221 3248 1260 curam
3272 1222 3396 1272 gere
3427 1210 3592 1277 prius,
3648 1262 3654 1269 ,

2002 1289 2092 1344 ubi
2120 1299 2174 1346 ct
2194 1291 2388 1346 clarius
2413 1301 2466 1347 et
2510 1294 2683 1365 majus
2709 1304 2793 1350 est
2825 1305 3121 1364 peccatum.
3153 1296 3304 1363 Quod
3330 1299 3373 1351 si
3405 1307 3596 1354 temet-

2002 1385 2176 1454 ipsum
2215 1386 2512 1442 contemnis
2535 1428 2550 1449 ,
2584 1388 2757 1455 palam
2807 1399 2890 1443 est
2943 1398 2998 1444 te
3041 1405 3146 1445 non
3178 1390 3298 1446 ideo
3325 1392 3396 1448 de
3434 1393 3597 1447 fratre

2004 1485 2092 1531 tuo
2115 1477 2391 1546 judicare,
2435 1480 2577 1549 quod
2602 1480 2718 1549 ejus
2748 1497 2930 1537 Olll'altl
2955 1498 3111 1552 geras
3134 1525 3148 1546 ,
3180 1483 3276 1538 sed
3300 1486 3443 1553 quod
3469 1484 3597 1537 odio

2004 1570 2204 1625 habeas
2244 1583 2298 1626 et
2334 1571 2612 1628 diifatnare
2650 1574 2802 1629 velis.
2840 1575 2898 1629 Si
2928 1576 3071 1629 enim
3113 1586 3360 1646 oporteat
3388 1577 3457 1631 dc
3504 1577 3594 1630 illo

1998 1662 2244 1732 iudicari.
2296 1662 2364 1716 ab
2409 1680 2473 1718 eo
2503 1663 2765 1734 judicium
2814 1665 3120 1735 ferendum
3177 1671 3266 1736 qui
3316 1667 3447 1727 nihil
3491 1668 3596 1720 tale

2002 1756 2308 1823 commisit,
2352 1772 2456 1812 non
2503 1774 2534 1812 a
2582 1769 2652 1814 te.
2691 1760 2823 1825 Quia
2866 1761 3008 1814 enim
3050 1777 3239 1832 magna
3267 1770 3320 1816 et
3347 1762 3595 1817 sublimia

2003 1850 2182 1920 posuit
2205 1850 2556 1920 phiIOSOphia:
2594 1853 2875 1922 dogmata,
2909 1870 2975 1908 ne
3002 1855 3122 1925 quis
3150 1855 3383 1919 diceret,
3413 1856 3465 1909 in
3493 1856 3596 1910 illis

2003 1957 2252 1998 sermone
2294 1942 2666 2013 philosophari
2697 1945 2856 2000 facile
2881 1962 3001 2000 esse
3023 1988 3038 2011 ,
3070 1956 3127 2000 ut
3163 1946 3389 2002 ﬁdenter
3416 1958 3598 2002 osten«

2002 2036 2127 2102 dat,
2159 2051 2219 2092 se
2244 2037 2295 2090 iu
2325 2052 2484 2108 supra
2512 2037 2776 2093 dictorum
2807 2039 2955 2093 nullo
2976 2041 3167 2093 rationi
3193 2040 3479 2096 reddemke
3500 2041 3599 2095 ob-

2005 2128 2223 2183 noxium
2246 2143 2365 2183 esse
2389 2170 2405 2195 ,
2432 2129 2527 2184 sed
2549 2130 2729 2184 omnia
2755 2131 3049 2201 perfecisse
3083 2150 3097 2185 :
3121 2133 3257 2187 hanc
3287 2132 3593 2202 parabolam

2002 2218 2161 2275 dixit.
2212 2218 2345 2275 Nam
2396 2221 2512 2289 ipse
2552 2237 2766 2292 quoque
2818 2233 3003 2292 postea
3043 2233 3158 2278 erat
3201 2225 3538 2294 judicaturus
3580 2244 3593 2279 :

2015 2312 2102 2368 Va:
2117 2314 2272 2381 vobis,
2289 2315 2469 2369 scriba:
2483 2324 2530 2367 et
2554 2313 2806 2368 Plzariswi
2827 2316 3103 2386 hypocritae
3129 2317 3342 2387 (Matth.
3366 2318 3455 2372 25.
3479 2320 3539 2372 Η
3553 2321 3569 2387 )
3581 2359 3595 2377 .

2006 2403 2176 2473 inquit
2203 2420 2219 2468 ;
2247 2413 2301 2458 at
2331 2404 2422 2459 ille
2448 2421 2553 2460 non
2577 2414 2694 2460 erat
2733 2406 2858 2471 illis,
2888 2423 3007 2477 quas
3033 2409 3262 2472 diccbat,
3292 2410 3594 2464 obnoxius:

2004 2508 2178 2561 neque
2204 2495 2346 2549 enim
2373 2493 2632 2551 fesmcam
2661 2496 2909 2565 ejecerat,
2954 2513 3127 2567 neque
3154 2499 3358 2554 trabem
3389 2501 3440 2553 in
3467 2514 3599 2553 ocn-

2004 2588 2071 2641 lis
2103 2587 2335 2643 habebat
2367 2606 2381 2654 ;
2415 2588 2508 2643 sed
2541 2589 2592 2642 in
2622 2589 2706 2643 bis
2733 2590 2984 2645 omnibus
3012 2591 3196 2647 insons
3222 2604 3269 2647 et
3304 2608 3490 2660 purus,
3518 2593 3599 2647 sic

2002 2676 2242 2735 bmnium
2284 2690 2499 2751 peccata
2539 2681 2860 2753 corrigebat.
2892 2683 3075 2754 Neque
3101 2685 3242 2738 enim
3270 2685 3433 2739 debet
3459 2685 3503 2739 is
3530 2684 3600 2738 de

2003 2772 2214 2827 ca-teris
2251 2771 2512 2841 judicare,
2536 2774 2625 2845 qui
2654 2774 2840 2829 iisdem
2871 2776 3041 2845 culpis
3071 2777 3184 2845 ipse
3210 2778 3277 2834 sit
3308 2778 3588 2833 obnoxius.

2012 2867 2077 2920 Et
2104 2867 2230 2937 quid
2260 2867 2493 2931 miraris,
2520 2868 2563 2923 si
2592 2868 2727 2922 hanc
2760 2870 2875 2938 ipse
2897 2869 3065 2939 legem
3098 2871 3353 2938 posuerit,
3385 2871 3600 2941 quando

2007 2960 2146 3013 latro
2178 2959 2228 3012 in
2257 2973 2417 3013 cruce
2464 2958 2635 3028 ipsam
2665 2961 2910 3029 agnovit,
2941 2977 3061 3015 cum
3093 2959 3249 3015 aiteri
3285 2962 3475 3016 latroni
3507 2963 3596 3015 cli-

2007 3061 2155 3105 ceret
2183 3068 2197 3106 :
2231 3050 2409 3118 Neque
2443 3062 2499 3103 tu
2524 3053 2668 3105 times
2710 3052 2869 3106 Deum
2904 3053 3083 3125 :quoil
3110 3071 3200 3107 nos
3226 3055 3277 3108 in
3307 3055 3482 3108 eadem
3505 3056 3601 3108 da-

2010 3145 2264 3197 mnatione
2281 3161 2455 3197 sumus
2476 3142 2630 3216 (Luc.
2650 3144 2740 3198 ‘25.
2771 3144 2862 3213 40)
2896 3163 2907 3199 :
2936 3144 3135 3200 Christi
3166 3149 3443 3202 sententia
3467 3163 3601 3203 con-

2008 3252 2139 3290 soua
2169 3236 2399 3290 dicens?
2440 3237 2518 3290 'l‘u
2555 3252 2682 3290 vero
2725 3237 2927 3292 trabem
2970 3249 3113 3292 tuam
3155 3255 3262 3293 non
3305 3241 3462 3293 modo
3494 3256 3600 3295 non

2007 3329 2188 3401 ejicis,
2238 3330 2330 3383 sed
2375 3344 2441 3384 ne
2482 3330 2630 3383 vides
2673 3328 2888 3399 quidem
2919 3346 2932 3395 ;
2963 3330 3140 3384 fratris
3188 3348 3315 3385 vero
3347 3332 3599 3387 festucam

2012 3438 2116 3476 non
2148 3421 2307 3475 modo
2336 3421 2516 3485 vides,
2547 3421 2639 3476 sed
2671 3421 2903 3491 judicas,
2948 3422 3197 3491 illamque
3228 3423 3420 3492 ejicere
3440 3437 3603 3477 cona-

2012 3513 2086 3566 ris
2116 3531 2129 3566 :
2157 3528 2218 3566 ac
2256 3513 2299 3567 si
2331 3514 2451 3582 quis
2479 3522 2569 3567 aut
2596 3513 2889 3585 hydropisi,
2923 3522 3017 3568 aut
3039 3515 3144 3568 alio
3172 3516 3359 3569 morbo
3387 3510 3613 3570 iucurao‘

2012 3604 2103 3657 bili
2126 3604 2414 3659 admodum
2456 3604 2740 3670 laborans,
2771 3605 2823 3661 id
2854 3606 3184 3676 negligeret.
3230 3607 3605 3679 incusaretque

2011 3698 2172 3751 alium
2201 3698 2289 3767 qui
2322 3698 2492 3753 levem
2529 3699 2763 3768 aliquem
2807 3709 3071 3755 tumorem
3114 3716 3220 3755 non
3260 3712 3494 3757 ctu-aret.
3546 3700 3602 3757 Si

2013 3808 2144 3848 vero
2180 3793 2379 3847 malum
2418 3801 2503 3848 est
2531 3808 2624 3846 sua
2666 3801 2884 3863 peccata
2911 3808 3018 3847 non
3044 3793 3255 3858 videre,
3284 3794 3479 3864 duplex
3511 3793 3605 3847 tri-

2015 3889 2245 3958 plexque
2266 3889 2463 3944 malum
2491 3897 2575 3942 est
2600 3887 2673 3942 de
2700 3887 2821 3942 aliis
2840 3886 3082 3956 judicare
3101 3902 3216 3951 eos,
3240 3888 3329 3957 qui
3352 3888 3467 3941 sine
3494 3887 3607 3941 ullo

2015 3980 2214 4036 doloris
2242 3994 2402 4035 sensu
2434 3981 2614 4034 trahes
2640 3980 2692 4033 in
2721 3974 2901 4034 oculis
2923 3978 3039 4034 suis
3059 3988 3291 4049 gestant.
3319 3978 3606 4035 Peccatum

2014 4073 2211 4143 quippe
2231 4072 2381 4128 trabe
2402 4072 2617 4142 gravius
2644 4080 2746 4127 est.

2088 4168 2141 4223 5.
2183 4163 2413 4221 Christus
2440 4182 2542 4219 non
2567 4175 2696 4219 uetat
2726 4165 2859 4220 alios
2897 4181 3109 4237 arguere
3125 4206 3140 4230 ,
3169 4164 3258 4220 sed
3284 4165 3407 4235 quid
3434 4172 3563 4219 vetat
3578 4164 3608 4221 1

2018 4257 2336 4330 Επριαηαιὶο
2384 4258 2544 4322 illius,
2571 4257 2745 4313 Nolite
2797 4257 2928 4314 dare
2976 4267 3160 4312 sancta
3210 4258 3465 4325 canibus,
3504 4270 3605 4312 etc.

2020 4352 2269 4423 Mysteria
2307 4366 2402 4405 cur
2426 4350 2607 4421 januis
2641 4350 2834 4404 clausis
2857 4350 3246 4404 celebrarentur.
3279 4378 3348 4389 —
3369 4348 3481 4404 Hoc
3506 4349 3609 4419 igi~

2020 4455 2106 4500 tur
2129 4459 2228 4516 per
2252 4459 2314 4498 ea
2343 4458 2463 4513 qum
2490 4442 2634 4497 dicta
2661 4452 2787 4499 sunt
2816 4442 3072 4513 praecepit
3091 4483 3107 4507 ,
3145 4457 3342 4513 nempe
3365 4457 3490 4498 eum
3516 4442 3608 4510 qui

2020 4535 2290 4592 sexcentis
2320 4535 2465 4590 vitiis
2491 4535 2560 4589 sit
2585 4533 2874 4600 obnoxius,
2900 4535 3093 4590 aliena:
3120 4534 3292 4603 culpa:
3315 4550 3419 4588 non
3450 4549 3610 4590 seve-

2021 4647 2139 4686 rum
2165 4645 2288 4685 esse
2318 4628 2557 4699 judicem
2588 4640 2862 4698 oportere,
2893 4630 2936 4682 si
2971 4628 3201 4682 maxime
3226 4628 3456 4681 aliormn
3480 4642 3608 4695 pec-

2019 4733 2137 4780 cata
2162 4723 2269 4780 sint
2287 4723 2421 4778 levia
2453 4741 2468 4777 :
2502 4736 2606 4777 non
2628 4721 2772 4793 quod
2800 4728 2945 4775 vetet
2972 4736 3197 4790 arguere
3214 4729 3266 4775 et
3299 4718 3605 4781 emendare,

2020 4815 2114 4871 sed
2145 4813 2288 4886 quod
2319 4812 2598 4883 prohibeat
2624 4812 2836 4883 propria
2871 4812 3007 4866 mala
3031 4811 3320 4880 negligere,
3347 4819 3401 4864 et
3419 4809 3613 4865 alienis

2022 4910 2296 4966 insultare.
2323 4908 2535 4964 Etenim
2567 4907 2694 4962 illud
2727 4907 2779 4961 in
2815 4920 3064 4975 maguum
3086 4914 3332 4974 vergeret
3360 4903 3613 4974 nequitia:

2022 5010 2386 5072 augmentum,
2419 4999 2797 5069 duplicemque
2836 4996 3113 5052 inveheret
3159 4996 3437 5051 malitiam.
3477 4995 3611 5051 Nam

2022 5094 2111 5164 qui
2136 5091 2368 5162 peccatis
2389 5091 2521 5151 suis,
2549 5089 2651 5143 etsi
2678 5087 2948 5159 gravibus,
2982 5087 3260 5158 neglectis,
3286 5088 3513 5143 aliorum
3536 5089 3615 5141 vi-

2024 5188 2096 5239 tia
2144 5199 2306 5254 parva
2357 5183 2600 5252 leviaque
2643 5180 2891 5235 acerbius
2939 5180 3207 5236 discutere
3256 5180 3528 5245 studeret,
3561 5183 3612 5236 in

2024 5275 2291 5345 duplicem
2334 5274 2632 5328 incurreret
2659 5272 2832 5327 labem
2858 5289 2872 5337 ;
2900 5283 2950 5327 et
2975 5273 3116 5342 quod
3155 5274 3368 5344 propria
3396 5285 3613 5342 peccata

2025 5366 2322 5437 negligeret
2367 5370 2843 5432 contemneretque
2867 5403 2883 5427 ,
2915 5372 2969 5417 et
2997 5362 3140 5433 quod
3171 5364 3409 5418 onmium
3439 5364 3614 5418 offen-

2024 5461 2231 5513 sionem
2288 5455 2729 5524 inimicitiamque
2778 5454 2830 5508 in
2880 5469 2941 5509 se
2987 5456 3311 5515 concitaret.
3356 5463 3518 5526 atque
3562 5457 3615 5513 in

2025 5557 2320 5603 extremam
2357 5545 2797 5600 inhumanitatem
2831 5545 3205 5617 feritatemque
3225 5547 3465 5618 quotidie
3493 5564 3617 5619 pro-

2024 5638 2263 5693 cederet.
2311 5637 2407 5692 llis
2435 5638 2614 5706 itaque
2653 5636 2902 5692 omnibus
2930 5653 3025 5706 per
3054 5638 3193 5692 hanc
3224 5639 3500 5708 pulchram
3543 5641 3618 5695 le-

2024 5744 2147 5798 gem
2175 5729 2420 5791 sublatis,
2452 5727 2557 5782 hoc
2576 5727 2719 5783 aliud
2743 5727 3016 5797 subjuugit
3045 5739 3364 5798 pra-ceptum
3389 5748 3404 5781 :
3432 5731 3485 5785 6.
3513 5729 3614 5785 Ito-

2029 5829 2116 5876 ltte
2154 5830 2331 5876 sancta
2359 5820 2485 5874 dare
2510 5821 2724 5875 canibus
2742 5861 2757 5886 ,
2797 5836 2956 5889 neque
2986 5822 3283 5892 proﬁciatis
3311 5824 3616 5894 margaritas

2027 5922 2217 5969 vestras
2239 5920 2356 5967 ante
2380 5926 2563 5984 porcos
2585 5911 2605 5982 (
2627 5910 2815 5965 Matth.
2851 5913 2935 5968 10.
2969 5911 3039 5967 27
3056 5911 3096 5985 ).
3122 5913 3280 5981 Atqui
3310 5916 3361 5969 iu
3387 5926 3622 5984 sequen-
