4036 6434
512 416 611 472 311

509 534 656 589 tibus
677 574 694 599 ,
726 533 933 606 inquies
960 575 974 600 ,
1017 535 1294 607 praecipit,
1331 535 1400 591 Et
1424 538 1560 606 quod
1594 538 1651 593 in
1692 556 1819 595 aure
1859 540 2046 595 auditis
2070 582 2086 606 ,

508 626 784 694 prcdicate
799 642 954 697 super
976 635 1127 681 tecta.
1160 626 1356 683 Verum
1382 626 1487 683 hoc
1518 629 1682 699 priori
1718 644 1824 685 non
1854 640 1937 686 cst
1959 647 2092 685 con-

509 716 752 772 trarium.
800 717 984 788 Neque
1021 716 1131 773 illic
1172 718 1422 776 omnibus
1458 719 1615 789 jubet
1656 721 1966 790 praedicare,
1998 722 2094 778 sed

506 808 571 861 iis
606 809 800 879 quibus
829 810 1229 881 praedicandum
1261 822 1374 880 est,
1416 829 1537 870 cum
1566 814 1756 871 ﬁducia
1801 816 1853 871 id
1891 814 2090 872 facere.

500 898 675 956 Canes
703 910 880 958 autem
908 903 997 958 hic
1018 913 1174 960 vocat
1194 906 1282 976 qui
1312 906 1365 961 in
1394 906 1669 977 impietate
1696 906 1859 964 vitam
1890 908 2095 965 ducunt

501 993 801 1053 incurahili.
829 1004 884 1051 et
920 995 971 1050 in
998 998 1192 1067 quibus
1220 1013 1345 1069 spes
1377 1000 1522 1055 nulla
1548 1002 1861 1057 mutationis
1898 1007 1952 1058 in
1986 1017 2094 1059 me-

498 1085 624 1140 lius.
673 1085 877 1141 Porcos
915 1104 1042 1143 vero
1073 1088 1191 1144 illos
1220 1091 1310 1160 qui
1341 1090 1554 1146 luxuria
1586 1093 1843 1159 perditam
1875 1109 2091 1165 semper

497 1175 664 1232 vitam
695 1190 878 1248 agunt,
909 1194 1045 1249 quos
1066 1196 1255 1237 omnes
1281 1181 1587 1252 hujusmodi
1609 1185 1849 1241 doctrina
1880 1186 2093 1243 dicebat

499 1267 766 1340 indignos.
801 1270 911 1326 IIoc
942 1273 1082 1327 enim
1114 1275 1273 1328 etiam
1314 1274 1510 1330 Paulus
1544 1278 1807 1348 signiﬁcat
1844 1278 1928 1335 his
1964 1297 2089 1337 ver-

499 1360 579 1415 bis
609 1382 624 1416 :
661 1360 911 1417 Animalia
938 1375 1108 1418 autem
1153 1366 1303 1422 homo
1327 1384 1429 1422 non
1466 1370 1681 1440 percipit
1721 1388 1781 1425 ea
1817 1387 1931 1443 qua:
1959 1372 2087 1442 Spi-

492 1451 625 1506 ritus
650 1462 769 1506 sunt
794 1469 814 1506 :
846 1454 1061 1509 stultitia
1088 1457 1221 1511 enim
1254 1468 1327 1512 est
1351 1459 1431 1514 illi
1461 1462 1540 1531 (1.
1564 1461 1681 1517 Cor.
1710 1463 1766 1517 2.
1801 1464 1913 1535 Ii).
1947 1465 2085 1519 Alibi

494 1556 706 1613 quoque
747 1559 892 1612 saepe
934 1545 1066 1601 dicit
1108 1548 1233 1603 vita:
1272 1553 1670 1620 corruptionem
1702 1553 1754 1608 in
1783 1569 1941 1609 causa
1967 1571 2088 1611 esse

492 1648 589 1689 cur
613 1635 927 1705 perfectiora
948 1638 1194 1710 dogmata
1229 1656 1334 1695 non
1364 1643 1707 1712 recipiantur.
1741 1645 1917 1713 Quare
1939 1656 2087 1703 vetat

493 1727 639 1804 ipsis
662 1730 856 1798 januas
884 1731 1085 1801 aperiri
1120 1752 1134 1789 :
1162 1734 1422 1803 siquidem
1459 1745 1736 1807 postquam
1769 1737 2084 1808 didicerint,

494 1821 786 1878 ferociores
838 1823 1094 1879 evadunt.
1141 1825 1269 1881 Ilaec
1322 1827 1537 1897 quidem
1583 1830 1764 1899 probis
1802 1848 1866 1887 ac
1905 1843 2085 1891 mente

496 1914 796 1970 valentibus
820 1918 1052 1972 revelata
1074 1961 1088 1980 ,
1120 1920 1424 1976 veneranda
1451 1921 1702 1979 videntur
1733 1941 1746 1977 :
1773 1926 2083 1982 socordibus

494 2021 623 2077 vero
650 2009 819 2078 magis
850 2009 1182 2066 honorantur
1213 2012 1471 2081 ignorata.
1510 2013 1578 2069 Iis
1618 2015 1777 2085 igitur
1812 2017 1933 2087 quia
1975 2033 2083 2073 non

493 2107 716 2165 possunt
740 2114 808 2155 ex
848 2109 1036 2156 natura
1074 2103 1164 2157 illa
1195 2103 1459 2171 ediscere,
1489 2107 1846 2174 occultentur,
1889 2108 2081 2179 inquit,

492 2201 549 2247 ut
583 2194 770 2250 saltem
794 2211 862 2250 ex
888 2195 1190 2266 ignorantia
1217 2197 1306 2252 illa
1330 2208 1697 2256 revereantur.
1728 2200 1910 2271 Neque
1936 2202 2080 2257 enim

490 2298 683 2354 porcus
708 2287 853 2342 novit
894 2288 1022 2360 quid
1047 2291 1118 2345 sit
1157 2292 1463 2362 margarita.
1493 2292 1625 2361 Quia
1653 2294 1812 2364 igitur
1851 2310 1955 2349 non
1982 2311 2077 2349 no-

490 2377 584 2440 vit,
608 2393 676 2433 ne
696 2378 871 2435 videat
893 2381 1133 2450 quidem,
1165 2397 1233 2437 ne
1253 2383 1532 2439 conculcet
1554 2399 1619 2440 ea
1641 2401 1760 2456 quae
1788 2402 1893 2440 non
1912 2388 2079 2441 norit.

487 2466 627 2523 Nihil
656 2470 799 2525 enim
829 2472 1032 2527 accedit
1059 2474 1122 2527 iis
1144 2473 1234 2544 qui
1270 2474 1341 2530 ita
1378 2488 1502 2531 sunt
1531 2475 1705 2532 aﬁ'ccti
1744 2478 1788 2531 si
1823 2478 2079 2545 audiant,

490 2561 591 2617 nisi
621 2562 796 2633 majus
837 2563 1114 2621 damnum.
1165 2567 1374 2622 Etenim
1410 2578 1595 2624 sancta
1624 2571 1694 2625 ab
1719 2570 1785 2624 iis
1813 2579 2082 2627 temeran-

487 2662 601 2720 tur,
640 2663 825 2724 utpote
863 2657 955 2712 illa
983 2657 1350 2729 ignorantibus
1381 2678 1394 2713 :
1424 2670 1479 2717 et
1509 2662 1607 2730 ipsi
1632 2661 1863 2719 ferocius
1891 2673 2077 2725 contra

487 2760 587 2802 nos
617 2746 903 2818 insurgunt
926 2751 1139 2804 armati.
1173 2751 1284 2808 Hoc
1314 2754 1458 2808 enim
1490 2753 1755 2823 signiﬁcat
1783 2754 1910 2810 illud
1945 2775 1959 2810 :
1996 2756 2081 2811 Ne

485 2840 778 2897 tmtculeettt
805 2858 909 2908 eas,
936 2852 986 2898 et
1009 2848 1239 2900 conuersi
1265 2846 1563 2918 dirumpunt
1590 2863 1697 2903 vos.
1735 2849 1839 2905 Sed
1870 2851 1937 2904 ita
1967 2850 2079 2904 ior-

488 2936 610 2989 titer
637 2934 847 2990 haerere
868 2936 1156 3004 debebant,
1180 2946 1234 2993 ut
1262 2941 1427 2995 semel
1454 2941 1642 2996 tradita
1676 2942 1867 2998 invicta
1890 2959 2079 2999 mane-

486 3033 626 3093 rent,
658 3041 759 3082 nec
777 3044 962 3083 ansam
991 3030 1094 3085 illis
1120 3038 1307 3086 contra
1334 3047 1433 3088 nos
1467 3033 1789 3102 praeberent.
1814 3036 1927 3090 Non
1951 3053 2081 3107 pra:-

485 3115 611 3170 bent
632 3127 810 3171 autem
831 3118 917 3172 illa
940 3134 1148 3183 ansam,
1166 3120 1258 3176 sed
1283 3120 1335 3175 hi
1356 3123 1446 3193 qui
1470 3125 1615 3193 porci
1638 3135 1795 3180 sunt:
1818 3128 2076 3197 quemad-

486 3205 700 3261 modum
722 3209 1003 3279 margarita
1021 3210 1245 3280 pedibus
1260 3213 1480 3279 calcala,
1502 3230 1606 3269 non
1623 3216 1762 3286 quod
1775 3219 2075 3287 spernenda

484 3298 555 3352 sit
594 3299 964 3366 conculcatur,
996 3301 1090 3357 sed
1121 3302 1241 3373 quia
1290 3305 1343 3359 in
1375 3320 1565 3374 porcos
1595 3308 1798 3363 incidit.
1831 3312 1909 3365 Ac
1952 3311 2078 3381 pul-

481 3393 611 3450 chre
634 3394 769 3450 dixit
795 3412 808 3448 :
833 3395 1071 3451 Conversi
1090 3397 1387 3470 dirumpunt
1411 3415 1516 3456 vos.
1544 3401 1856 3459 Modestiam
1880 3408 2077 3476 quippe

481 3487 770 3554 simulant,
824 3496 881 3543 ut
927 3488 1180 3556 discant;
1228 3499 1508 3562 postquam
1556 3509 1687 3550 vero
1732 3495 2071 3564 didicerunt,

482 3581 571 3635 alii
626 3597 692 3636 ex
745 3582 867 3637 aliis
915 3582 1090 3638 eﬁ'ecti
1145 3582 1374 3639 illudunt
1427 3585 1616 3653 nobis,
1683 3589 1968 3643 traducunt
2022 3600 2078 3645 et

485 3672 709 3729 irrident
753 3688 853 3729 nos
894 3675 1047 3745 quasi
1092 3674 1367 3747 deceptos.
1398 3677 1628 3748 Ideoque
1669 3681 1862 3735 Paulus
1894 3681 2076 3736 Timo-

483 3765 609 3820 theo
655 3764 867 3821 dicebat
915 3782 929 3820 :
983 3767 1145 3833 Quem
1173 3776 1223 3822 et
1266 3777 1323 3822 tu
1370 3769 1536 3825 devita
1563 3785 1584 3824 :
1631 3772 1780 3827 valde
1817 3775 1950 3827 enim
1990 3790 2075 3828 re-

480 3857 604 3912 stitit
653 3858 817 3913 aerbis
873 3860 1058 3914 nostris
1104 3857 1219 3933 (2.
1276 3857 1412 3915 Tim.
1472 3863 1526 3916 4.
1570 3860 1721 3935 15);
1781 3879 2076 3934 rursusque

478 3949 626 4016 alibi,
657 3949 727 4005 Et
749 3949 842 4006 hos
867 3950 1031 4007 devita
1056 3950 1135 4021 (2.
1168 3951 1299 4006 Tim.
1335 3953 1390 4009 5.
1420 3952 1513 4025 5);
1540 3962 1616 4021 et,
1650 3953 1961 4009 Hareticum
1980 3958 2077 4010 Ita-

480 4045 666 4098 minem
694 4054 806 4115 post
832 4062 990 4100 unam
1011 4056 1058 4101 et
1096 4047 1312 4101 alteram
1335 4047 1728 4104 admonitionem
1754 4049 1920 4104 devita
1940 4049 2070 4120 (Tit.

479 4135 533 4189 '5.
565 4135 676 4205 10).
706 4135 823 4191 Non
849 4137 1011 4208 igitur
1036 4136 1105 4193 ab
1130 4138 1238 4195 illis
1256 4147 1555 4204 armantur,
1587 4140 1683 4197 sed
1708 4155 1893 4197 eorum
1918 4156 2076 4197 occa-

478 4228 636 4285 sione
659 4228 808 4284 stulti
845 4230 1098 4295 evadunt,
1126 4231 1319 4300 majori
1344 4233 1645 4303 arrogantia
1680 4234 1890 4305 repleti.
1917 4234 2071 4290 Ideo-

478 4335 585 4390 que
606 4335 711 4375 non
732 4336 919 4390 parum
946 4322 1080 4376 lucri
1107 4322 1232 4379 inde
1253 4323 1477 4390 accedit,
1505 4325 1548 4379 si
1572 4323 1626 4380 in
1646 4339 1745 4381 sua
1773 4326 2070 4396 ignorantia

481 4422 776 4469 maneant:
822 4413 903 4471 sic
930 4414 1075 4470 enim
1118 4430 1226 4470 non
1256 4415 1328 4469 ita
1356 4415 1672 4486 despicient.
1722 4417 1779 4473 Si
1821 4433 1949 4472 vero
1990 4418 2076 4474 di-

479 4514 653 4570 seant,
694 4505 893 4578 duplex
921 4508 1148 4577 emergit
1174 4508 1447 4562 damnum.
1498 4508 1576 4563 Illi
1616 4510 1758 4564 enim
1790 4510 1912 4567 inde
1938 4510 2072 4566 nihil

479 4599 684 4655 fructus
710 4599 1035 4670 percipient;
1068 4602 1177 4655 imo
1201 4601 1370 4671 magis
1397 4599 1678 4668 lmdentur,
1704 4604 1902 4675 tibique
1925 4605 2072 4660 mille

478 4692 690 4764 negotia
731 4692 1091 4749 suscitabunt.
1138 4692 1374 4748 Audiant
1411 4693 1447 4764 ii
1473 4696 1561 4765 qui
1588 4692 1931 4767 impudenter
1957 4711 2073 4753 om-

478 4784 634 4841 nibus
661 4799 720 4840 se
743 4785 1062 4852 admiscent,
1107 4794 1162 4841 et
1189 4785 1494 4841 veneranda
1519 4801 1746 4857 quicque
1769 4787 2070 4858 spernenda

478 4877 728 4933 reddunt.
774 4878 908 4933 Nam
953 4879 1205 4952 mysteria
1247 4879 1367 4933 ideo
1394 4879 1573 4950 januis
1601 4879 1797 4935 clausis
1828 4878 2073 4934 celebra-

481 4981 619 5036 mus,
643 4976 697 5023 et
726 4984 832 5023 non
874 4968 1110 5024 initiatos
1145 4970 1439 5038 abigimus,
1479 4984 1588 5025 non
1621 4967 1762 5039 quod
1792 4968 2073 5024 inﬁrmita-

479 5068 586 5113 tem
613 5060 898 5129 quamdam
927 5062 978 5115 in
1010 5061 1115 5117 illis
1143 5061 1632 5132 deprehendamus,
1657 5062 1751 5118 sed
1774 5063 1893 5132 quia
1918 5062 2070 5117 multi

480 5148 901 5220 itaperl‘ectiores
946 5160 1093 5216 sunt,
1126 5166 1282 5222 quam
1330 5161 1389 5207 ut
1438 5151 1569 5221 ipsis
1613 5151 1819 5221 possint
1856 5152 2068 5210 adesse.

479 5240 603 5297 Ideo
641 5241 731 5296 ille
767 5239 930 5296 multa
971 5241 1024 5296 in
1069 5243 1332 5312 parabolis
1360 5244 1676 5315 loquebatur
1695 5243 1915 5307 Judazis,
1945 5246 2069 5316 quia

480 5333 724 5391 videntes
749 5349 857 5389 non
883 5334 1153 5390 videbant.
1180 5335 1513 5406 Quapropter
1536 5337 1735 5392 Paulus
1760 5338 2071 5406 scirejussit

478 5423 749 5493 quomodo
796 5432 1043 5491 oporteat
1079 5425 1362 5497 unicuique
1404 5426 1754 5497 respondere.
1796 5428 1826 5481 7
1884 5426 2067 5493 Petita,

478 5524 523 5566 et
549 5514 753 5569 dabitur
781 5502 1207 5588 uabisjquazrite,
1239 5527 1285 5573 et
1306 5518 1603 5582 invenietis;
1631 5519 1847 5587 pulsate,
1880 5529 1928 5574 et
1956 5536 2072 5591 αρε·

477 5608 633 5662 riemr
654 5607 808 5663 vobis.
840 5609 971 5676 Quia
1001 5610 1143 5665 enim
1166 5624 1355 5681 magna
1378 5619 1436 5665 et
1463 5610 1774 5667 admiranda
1798 5612 2067 5682 przecepit,

480 5698 728 5754 omnibus
760 5698 926 5768 jussit
953 5699 1234 5756 affectibus
1257 5713 1378 5757 esse
1430 5701 1757 5771 superiores,
1787 5701 1855 5757 ad
1898 5703 2070 5773 ipsum

480 5791 670 5847 malum
700 5790 934 5857 adduxit,
959 5805 1025 5848 ac
1049 5791 1268 5853 studere
1290 5795 1579 5863 prmeepit,
1615 5807 1721 5849 non
1763 5801 1821 5848 ut
1867 5794 2069 5864 angelis

1219 418 1272 476 S.
1308 418 1590 478 JOANNIS
1625 420 2097 479 CIIRYSOSTOMI
2136 422 2436 480 ARCHIEP
2495 423 3054 482 CONSTANTINOP.

3668 430 3771 484 512

2185 547 2237 593 et
2265 539 2637 609 archangelis,
2663 538 2758 595 sed
2784 539 2885 609 ipsi
2910 539 3156 593 omnium
3184 537 3413 593 Domino
3432 539 3473 605 ⁸,
3503 548 3769 609 quantum

2187 626 2300 681 ﬁeri
2337 627 2485 693 licet,
2528 628 2739 683 similes
2763 627 2955 683 simus.
3007 626 3314 697 Discipulos
3339 642 3469 682 vero
3503 642 3613 681 non
3669 628 3771 683 hoc

2186 721 2362 774 solum
2413 720 2696 791 perﬁcere,
2728 720 2822 776 sed
2859 728 2914 775 et
2948 721 3087 776 alios
3126 721 3420 776 emendare
3452 719 3643 791 jussit,
3707 735 3772 775 ac

2183 810 2496 867 discernere
2530 811 2670 867 inter
2705 813 2878 868 malos
2907 808 2962 868 et
2994 813 3188 877 bonos,
3216 812 3359 867 inter
3388 826 3556 867 canes
3583 821 3640 867 et
3663 827 3769 867 non

2184 917 2350 957 canes
2377 902 2573 971 (multa
2601 913 2783 958 autem
2808 905 3015 960 suntin
3046 904 3365 960 hominibus
3398 903 3667 972 occulta),
3707 920 3773 961 ne

2183 992 2428 1050 dicerent
2467 993 2581 1048 haec
2609 993 2745 1049 dura
2773 1005 2827 1049 et
2849 995 3215 1049 intolerabilia
3239 1010 3383 1051 esse.
3439 994 3577 1049 Nam
3606 996 3661 1047 in
3686 1010 3772 1051 se-

2183 1084 2479 1157 quentibus
2516 1084 2631 1139 luec
2671 1085 2867 1142 Petrus
2900 1088 3174 1158 loquitur:
3222 1088 3356 1152 Quis
3392 1096 3564 1157 potest
3595 1087 3772 1140 salvus

2184 1180 2339 1233 esse?
2384 1175 2450 1231 Et
2480 1192 2702 1234 rursus:
2753 1178 2815 1234 Si
2836 1181 2914 1233 ita
2941 1190 3022 1233 est
3042 1196 3208 1234 causa
3242 1178 3495 1242 hominis,
3548 1194 3654 1231 non
3681 1195 3772 1232 ear-

2182 1270 2325 1337 pedit
2355 1273 2547 1327 nubere
2578 1270 2799 1339 (Matth.
2828 1272 2912 1327 i9.
2950 1271 3023 1325 25
3063 1271 3173 1341 10).

2265 1372 2319 1426 4.
2357 1371 2620 1444 Ρνωεερια
2648 1378 2934 1449 evangelica
2971 1381 3223 1450 precando
3262 1382 3483 1439 alienare
3523 1386 3777 1441 debemus.

2200 1460 2627 1521 Perseverandum
2650 1467 2704 1522 in
2731 1470 2976 1523 oratione.
3015 1501 3090 1512 —
3132 1471 3210 1527 Ne
3256 1474 3418 1543 igitur
3468 1475 3586 1531 haec
3615 1478 3773 1531 etiam

2195 1570 2335 1611 nunc
2364 1556 2575 1621 dicant,
2608 1575 2728 1613 cum
2773 1560 2881 1629 jam
2914 1562 2964 1616 in
2994 1563 3422 1631 prmcedcntibus
3462 1567 3778 1625 ostendisset

2196 1647 2280 1700 illa
2333 1662 2452 1703 esse
2495 1650 2704 1717 facilia,
2752 1654 3047 1708 ratiociniis
3086 1654 3451 1725 frequentibus
3498 1659 3778 1724 adductis,

2192 1753 2311 1808 qua:
2333 1738 2384 1792 id
2405 1741 2631 1795 suadere
2663 1754 2897 1811 possent,
2930 1745 3146 1799 demum
3181 1748 3444 1802 facilitatis
3470 1750 3780 1805 coronidem

2191 1831 2442 1899 apponit,
2470 1847 2577 1886 non
2620 1833 2821 1903 vulgari
2868 1837 3163 1905 excogitata
3207 1839 3256 1890 in
3287 1838 3558 1893 laboribus
3587 1856 3777 1896 conso-

2192 1923 2429 1991 latione,
2492 1940 2686 1997 nempe
2747 1927 3080 1982 assiduarnm
3132 1945 3345 1997 precum
3392 1930 3610 1985 auxilio.
3664 1932 3778 1986 Non

2190 2016 2320 2071 satis
2360 2018 2505 2076 enim
2548 2033 2668 2073 esse
2709 2019 2870 2085 dicit,
2912 2020 2955 2074 si
2995 2020 3047 2075 id
3079 2021 3336 2091 perﬁcere
3365 2038 3635 2089 curemus,
3687 2027 3778 2079 sed

2190 2123 2479 2179 supernum
2510 2126 2631 2165 esse
2656 2111 2909 2166 auxilium
2942 2113 3336 2182 implorandum
3369 2134 3380 2167 :
3412 2116 3556 2185 quod
3601 2118 3778 2187 utique

2190 2201 2367 2256 veniet
2393 2210 2449 2256 et
2473 2201 2644 2257 aderit
2672 2244 2684 2265 ,
2729 2202 2889 2274 inque
2913 2206 3296 2260 certaminibus
3321 2221 3419 2261 nos
3444 2208 3688 2276 juvabit,
3727 2218 3776 2263 et

2188 2290 2366 2345 omnia
2408 2289 2579 2345 facilia
2615 2293 2821 2348 reddet.
2858 2293 2982 2349 Ideo
3006 2304 3186 2364 petere
3214 2296 3405 2363 jussit,
3443 2312 3507 2352 ac
3540 2313 3602 2352 se
3630 2298 3776 2352 datu-

2187 2397 2306 2436 rum
2333 2384 2641 2451 Spopttndil.
2669 2384 2867 2440 Verum
2913 2387 3182 2456 postulare
3224 2387 3385 2457 jussit
3431 2401 3540 2441 non
3564 2388 3773 2455 obiter,

2187 2472 2280 2526 sed
2310 2488 2432 2529 cum
2462 2474 2773 2531 assiduitate
2796 2488 2850 2531 et
2874 2478 3215 2534 contentione
3261 2494 3471 2549 magna.
3499 2479 3611 2534 Hoc
3636 2483 3776 2536 enim

2186 2564 2449 2634 signiﬁcat
2479 2566 2607 2620 illud
2629 2609 2643 2632 ,
2674 2568 2912 2632 Quaerite.
2941 2567 3073 2622 Nam
3101 2572 3188 2638 qui
3221 2572 3427 2637 qttmrit,
3458 2572 3581 2625 aliis
3607 2572 3775 2625 omni-

2187 2657 2286 2712 bus
2323 2673 2388 2713 ex
2435 2667 2617 2714 mente
2661 2660 2982 2724 eliminatis,
3033 2662 3110 2715 rei
3165 2670 3366 2714 tantum
3407 2663 3646 2729 quaesitae
3690 2662 3775 2716 dat

2186 2764 2424 2819 operam,
2454 2750 2760 2819 nullamque
2792 2751 3131 2820 praesentium
3162 2752 3321 2806 habet
3351 2751 3632 2806 rationem.
3666 2752 3773 2806 No-

2188 2848 2311 2893 runt
2335 2850 2481 2896 certe
2509 2841 2635 2896 illud
2663 2850 2923 2912 quotquot
2952 2842 3035 2897 vel
3056 2858 3189 2896 auro
3209 2843 3290 2897 vel
3322 2844 3491 2898 servis
3528 2845 3770 2909 amissis,

2187 2933 2302 2986 lucc
2330 2943 2512 3002 postea
2554 2946 2817 3004 qua‘rnut.
2852 2935 2980 2989 Illud
3012 2935 3210 2991 indicat
3254 2951 3351 3005 per
3375 2952 3561 2993 vocem
3594 2937 3775 3003 illam,

2187 3024 2408 3089 Quiut-ite
2431 3044 2450 3090 ;
2474 3041 2594 3080 cum
2624 3041 2751 3081 vero
2779 3027 2930 3090 dicit,
2966 3027 3195 3087 Pulsate,
3229 3028 3578 3083 vehementer
3606 3038 3664 3084 et
3690 3046 3774 3083 ab

2183 3116 2329 3172 denti
2370 3119 2550 3172 animo
2594 3120 2955 3175 accedendum
3001 3136 3122 3201 esse
3165 3122 3449 3192 significat.
3477 3122 3557 3178 Ne
3582 3124 3773 3201 itaque

2183 3211 2466 3272 concidas.
2500 3212 2571 3265 mi
2613 3212 2809 3278 homo,
2841 3230 3015 3284 neque
3059 3199 3320 3270 minorem
3347 3215 3415 3270 de
3443 3199 3638 3270 virtute
3677 3234 3769 3269 rn-

2182 3318 2295 3355 ratn
2323 3302 2612 3367 exhibeas,
2641 3321 2798 3375 quam
2831 3305 2897 3360 de
2946 3308 3203 3375 pecuniis.
3253 3308 3360 3362 llas
3396 3309 3593 3378 quippe
3631 3325 3770 3378 Sa-pe

2183 3410 2428 3461 qtnerens
2457 3411 2559 3449 non
2593 3396 2838 3451 invenisti
2865 3415 2879 3462 ;
2910 3407 2964 3453 et
2992 3408 3168 3455 tamen
3208 3415 3328 3455 cum
3368 3400 3531 3469 probe
3558 3403 3697 3455 scias
3721 3415 3770 3454 te

2182 3484 2319 3539 forte
2374 3501 2482 3540 non
2525 3488 2899 3553 inventurum,
2943 3504 3158 3545 omnem
3211 3491 3457 3560 exploras
3499 3493 3766 3560 qua-rendt

2181 3578 2396 3632 modttm
2434 3595 2447 3633 :
2478 3578 2565 3632 hic
2592 3595 2716 3633 vero
2742 3581 3083 3648 sponsionem
3123 3582 3325 3636 habens
3350 3592 3403 3636 te
3431 3598 3649 3650 prorsus
3674 3597 3766 3637 ac-

2181 3678 2454 3737 cepturum
2484 3684 2633 3733 esse,
2660 3685 2725 3724 ne
2753 3671 3025 3725 minimam
3055 3671 3270 3740 quidem
3304 3672 3444 3727 illius
3466 3673 3626 3727 studii
3650 3689 3768 3742 par—

2183 3768 2288 3813 tem
2321 3759 2559 3815 exhibes.
2607 3761 2663 3815 Si
2694 3778 2821 3817 vero
2850 3778 2954 3816 non
2982 3763 3158 3816 statim
3183 3764 3414 3833 accipias
3435 3806 3448 3826 ,
3482 3779 3549 3819 ne
3574 3764 3767 3834 deSpe‘

2180 3868 2287 3908 res.
2320 3852 2444 3909 Ideo
2469 3855 2613 3910 enim
2645 3855 2818 3921 dixit,
2850 3856 3089 3920 Pulsate,
3116 3867 3177 3912 ut
3199 3858 3449 3913 ostendat
3471 3900 3486 3924 ,
3528 3861 3768 3926 quamvis

2180 3962 2286 4001 non
2313 3949 2493 4002 statim
2520 3951 2741 4017 aperiat,
2779 3950 3098 4005 manendum
3135 3961 3310 4006 tamen
3340 3967 3480 4007 esse.
3508 3951 3563 4008 Si
3591 3965 3764 4007 autem

2180 4055 2314 4094 mea:
2368 4056 2471 4096 non
2519 4041 2710 4095 credas
2759 4042 3070 4111 sponsioni,
3129 4042 3318 4097 saltem
3366 4044 3490 4100 huic
3522 4047 3766 4114 exemplo

2177 4132 2357 4188 crede.
2382 4133 2434 4189 9.
2462 4133 2587 4198 Quis
2616 4149 2678 4186 ea:
2707 4132 2842 4187 vobis
2869 4143 2957 4196 est,
2993 4134 3183 4202 inquit,
3220 4143 3364 4205 pater
3383 4137 3425 4199 ³,
3457 4136 3537 4188 cui
3562 4137 3607 4188 si
3631 4137 3767 4202 ﬁlius

2178 4232 2314 4292 petat
2338 4239 2537 4291 panem.
2559 4224 2802 4289 numquid
2827 4224 3050 4294 lapidem
3076 4225 3212 4277 dabit
3238 4225 3323 4278 et?
3343 4225 3492 4294 Apud
3524 4227 3767 4281 homines

2177 4315 2389 4385 quidem
2416 4316 2461 4369 si
2492 4315 2541 4368 id
2575 4315 2883 4385 frequenter
2908 4317 3068 4369 iacias
3091 4356 3103 4377 ,
3145 4316 3402 4370 molestus
3428 4327 3478 4372 ct
3506 4332 3769 4371 onerosus

2178 4409 2378 4464 videris
2409 4428 2421 4462 :
2452 4408 2590 4477 apud
2622 4409 2786 4462 Deum
2812 4419 3009 4472 autem,
3037 4409 3081 4462 si
3113 4409 3214 4463 hoc
3244 4425 3348 4462 non
3378 4407 3563 4470 facias.
3597 4410 3771 4480 magis

2174 4499 2241 4553 ad
2292 4499 2424 4553 iram
2464 4512 2789 4553 commoves.
2844 4499 2898 4553 Si
2947 4510 3123 4553 autem
3149 4498 3379 4567 petendo
3405 4514 3722 4568 permaneas
3746 4540 3763 4564 ,

2176 4592 2382 4647 etiamsi
2436 4607 2540 4645 non
2591 4592 2770 4645 statim
2821 4591 3085 4659 accipias,
3134 4591 3363 4659 accipies
3393 4600 3591 4645 tamen.
3644 4592 3771 4647 Ideo

2177 4699 2407 4753 namque
2446 4684 2625 4739 clausa
2656 4684 2935 4753 estjanua,
2965 4692 3026 4737 ut
3077 4695 3128 4739 te
3165 4682 3233 4738 ad
3263 4682 3576 4754 pulsandum
3609 4683 3768 4738 indu—

2175 4774 2279 4831 cat.
2310 4775 2436 4831 Ideo
2462 4791 2567 4830 non
2607 4777 2785 4830 statim
2813 4775 3033 4839 annuit,
3073 4783 3130 4827 ut
3175 4784 3321 4843 petas
3353 4792 3367 4827 :
3400 4788 3558 4828 mane
3606 4773 3768 4843 igitur

2178 4867 2227 4921 id
2250 4882 2436 4936 agens,
2465 4874 2520 4921 et
2558 4867 2741 4936 procul
2794 4865 2958 4920 dubio
2986 4866 3232 4932 accipies.
3278 4864 3355 4919 Ne
3398 4865 3539 4918 enim
3568 4864 3716 4919 dicas
3748 4882 3763 4919 :

2176 4959 2313 5026 Quid
2345 4959 2525 5028 igitur,
2550 4957 2594 5013 si
2623 4967 2820 5026 petam,
2853 4965 2909 5010 et
2938 4972 3039 5009 non
3067 4956 3322 5025 accipiam
3346 4955 3368 5009 ?
3410 4970 3505 5023 per
3534 4955 3766 5024 parabo-

2176 5051 2281 5105 lam
2310 5058 2360 5105 te
2382 5049 2435 5104 in
2457 5063 2553 5118 spe
2573 5048 2803 5102 ﬁrmavit
2823 5087 2839 5111 ,
2870 5046 3161 5101 ratiociniis
3189 5062 3397 5100 rursum
3431 5061 3580 5109 usus,
3606 5055 3766 5114 atque

2177 5142 2424 5198 humanis
2449 5141 2708 5210 exemplis
2743 5150 2794 5194 te
2823 5139 2889 5193 ad
2914 5138 3158 5194 ﬁduciam
3191 5154 3251 5192 ea
3277 5139 3328 5190 in
3363 5154 3420 5191 re
3448 5136 3763 5190 sumendam

2178 5236 2457 5303 inducens,
2478 5234 2603 5289 dum
2627 5248 2723 5302 per
2742 5231 2856 5285 haec
2884 5230 3137 5289 ostendit,
3162 5245 3266 5283 non
3290 5228 3449 5283 modo
3474 5230 3764 5299 petendum
3862 5244 3865 5245 '

2175 5345 2316 5397 esse,
2370 5327 2467 5385 sed
2516 5341 2635 5396 qua:
2663 5324 2884 5395 petenda
2925 5323 3052 5377 sint.
3099 5322 3229 5389 Quis
3253 5322 3387 5375 enim
3414 5336 3478 5374 ea:
3508 5320 3648 5374 vobis
3691 5329 3766 5372 est

2177 5433 2339 5492 pater,
2362 5420 2444 5474 cui
2470 5421 2515 5474 si
2541 5417 2680 5487 [ilius
2710 5424 2845 5485 petat
2872 5429 3072 5483 panem,
3104 5411 3351 5481 numquid
3376 5409 3597 5480 lapidem
3623 5408 3768 5462 dabit

2175 5515 2254 5570 illi
2273 5515 2298 5568 ?
2317 5511 2500 5582 Itaque
2528 5511 2573 5565 si
2594 5524 2700 5564 non
2725 5507 2923 5577 accipis
2944 5547 2959 5572 ,
3006 5503 3125 5558 ideo
3153 5518 3258 5557 non
3279 5502 3497 5573 accipis,
3526 5500 3651 5569 quia
3680 5499 3767 5553 la-

2176 5604 2352 5677 pidem
2375 5601 2534 5674 petis.
2556 5599 2773 5655 Etiamsi
2805 5597 2949 5653 enim
2980 5595 3120 5650 ﬁlius
3146 5595 3243 5661 sis,
3265 5593 3316 5648 id
3343 5606 3448 5647 non
3473 5590 3675 5648 sufﬁcit
3698 5589 3766 5646 ad

2233 5764 2259 5834 f
2314 5760 2435 5822 Alit,
2493 5755 2581 5807 sed
2653 5753 2751 5818 ipsi
2868 5749 3087 5803 Domino.
3124 5748 3338 5807 “tused
3361 5747 3646 5823 angelorum
3671 5755 3761 5798 Do-

2176 5834 2425 5945 m'iwvox,
2443 5886 2598 5948 pater,
2624 5878 2768 5929 deest
2789 5877 2842 5925 in
2863 5875 3171 5942 quibusdam.
