4036 6470
301 477 418 534 313

301 593 686 667 accipiendum
720 594 864 648 :itno
886 589 1009 647 illud
1033 591 1202 662 ipsum
1227 591 1468 663 impedit,
1489 589 1775 662 quominus
1803 603 1895 642 ac-

301 686 522 755 cipias,
551 682 723 754 quod,
774 682 916 739 filius
935 699 1054 738 cum
1083 684 1160 738 sis
1183 725 1197 748 ,
1224 683 1311 737 illa
1343 692 1492 752 petas
1533 697 1653 752 qua:
1674 695 1780 735 non
1808 679 1900 735 tibi

303 776 628 847 expediant.
656 775 725 830 Et
768 785 821 829 tu
864 776 1043 846 itaque
1066 773 1195 830 nihil
1236 772 1565 829 mundanum
1590 782 1741 843 petas
1764 811 1780 835 ,
1805 769 1900 825 sed

302 867 617 937 spiritualia
642 866 820 921 omnia
845 874 935 931 ;et
961 876 1110 921 certo
1132 865 1383 935 accipies.
1411 865 1618 919 Etenim
1647 861 1900 918 Salomon

304 957 433 1027 quia
479 957 574 1012 illa
611 957 761 1029 petiit
787 972 906 1028 quae
931 967 1112 1027 petere
1132 955 1433 1026 oportebat,
1461 955 1583 1012 vide
1609 970 1768 1026 quam
1796 955 1904 1010 cito

302 1049 603 1119 acceperit.
638 1049 752 1103 Duo
780 1048 939 1120 igitur
962 1048 1251 1103 observare
1275 1055 1489 1119 oportet
1516 1057 1761 1101 orantem
1782 1086 1798 1108 ,
1850 1055 1906 1100 ut

301 1151 359 1195 et
387 1140 743 1196 vehementer
771 1149 933 1211 petat,
955 1150 1010 1196 et
1036 1155 1099 1196 ea
1127 1147 1272 1211 petat
1299 1154 1419 1212 quae
1443 1138 1544 1194 sibi
1570 1137 1861 1209 expediunt
1889 1155 1901 1191 :

302 1232 747 1302 quandoquidem
790 1240 844 1287 et
873 1246 997 1297 vos,
1047 1232 1250 1303 inquit,
1292 1231 1501 1287 etiamsi
1533 1240 1711 1302 patres
1751 1229 1903 1294 sitis,

305 1324 454 1379 tilius
487 1332 701 1379 vestros
722 1331 901 1394 petere
921 1322 1093 1377 sinitis
1118 1340 1133 1389 ;
1177 1334 1232 1378 et
1268 1322 1312 1378 si
1336 1322 1655 1378 damnosum
1681 1321 1747 1376 sit
1777 1320 1904 1376 illud

304 1414 457 1482 «mod
491 1421 713 1485 petunt,
746 1414 986 1486 negatis;
1015 1415 1097 1470 sin
1125 1414 1254 1470 utile
1279 1413 1368 1482 sit,
1397 1415 1632 1470 annuitis
1663 1422 1718 1469 et
1744 1413 1905 1468 datis.

303 1505 387 1561 Tu
416 1506 584 1576 igitur
603 1505 717 1561 haec
740 1507 1000 1576 cogitans,
1024 1521 1090 1562 ne
1121 1506 1382 1572 absistas,
1402 1505 1577 1562 donec
1597 1507 1902 1577 accepi-ris;

304 1614 374 1651 ne
401 1596 662 1662 recedas,
690 1597 862 1653 donec
904 1598 1174 1653 inveneris
1201 1615 1217 1664 ;
1268 1614 1338 1654 ne
1360 1600 1595 1654 studium
1626 1599 1867 1655 remittas
1887 1640 1901 1664 ,

303 1688 484 1742 donec
507 1688 781 1755 aperiatur
798 1687 982 1758 ianua.
1013 1688 1069 1744 Si
1091 1690 1232 1745 enim
1261 1688 1363 1744 hoc
1389 1690 1568 1746 animo
1590 1690 1900 1754 accesseris,

304 1780 623 1850 dixerisquc
642 1820 656 1844 ,
684 1778 794 1834 Nisi
822 1781 1073 1850 recipiam
1097 1821 1112 1842 ,
1156 1795 1259 1835 non
1290 1782 1425 1836 abeo
1445 1822 1462 1845 ,
1490 1796 1709 1852 prorsus
1759 1780 1904 1836 acci-

303 1874 418 1943 pies
444 1913 466 1938 ,
498 1872 548 1926 si
597 1882 775 1927 tamen
806 1873 893 1928 illa
921 1882 1107 1944 petas,
1146 1889 1267 1942 quae
1294 1881 1349 1929 et
1373 1872 1421 1927 ei
1450 1889 1481 1928 a
1514 1888 1620 1944 quo
1664 1873 1801 1943 petis
1851 1882 1905 1928 et

306 1965 396 2018 tibi
428 1963 656 2032 expedit
698 1976 758 2019 ut
784 1963 994 2020 dentur.
1037 1965 1293 2032 Quaenam
1320 1980 1481 2035 porro
1506 1976 1632 2020 sinit
1657 1965 1817 2021 haec?
1846 1964 1901 2021 Si

303 2056 616 2125 spiritantia
649 2068 798 2127 petas
838 2058 1047 2123 omnia;
1089 2058 1134 2113 si
1161 2066 1439 2127 postquam
1479 2056 1711 2113 oﬂ'ensas
1738 2057 1903 2113 remi-

303 2151 444 2213 sisti,
484 2151 572 2204 sic
609 2149 833 2205 accedas
868 2149 1239 2206 remissionem
1270 2159 1491 2221 petens;
1523 2150 1568 2205 si
1593 2149 1798 2220 absque
1826 2150 1903 2205 ira

302 2253 357 2294 et
420 2240 907 2310 disceptationibus
961 2250 1172 2296 sanctas
1217 2256 1406 2297 manus
1450 2240 1756 2297 attollamus
1803 2242 1901 2311 (l.

305 2329 439 2384 Tim.
469 2330 527 2385 2.
562 2331 654 2402 8).
698 2331 756 2387 Si
787 2332 867 2386 sic
894 2340 1172 2402 petamus,
1194 2330 1536 2401 accipiemus.
1590 2330 1744 2387 Nunc
1777 2346 1906 2387 vero

304 2434 489 2479 nostra
522 2424 714 2495 petitio
745 2425 920 2480 irrisio
956 2433 1069 2491 est,
1106 2426 1389 2497 potiusque
1425 2426 1695 2481 ebriorum
1726 2424 1901 2480 homi-

305 2533 455 2582 num,
483 2532 653 2589 quam
675 2517 997 2573 sobriorum.
1036 2517 1173 2584 Quid
1206 2517 1394 2589 igitur,
1436 2518 1679 2588 inquies,
1720 2518 1763 2572 si
1791 2517 1906 2587 spi-

306 2611 520 2665 ritualia
558 2620 732 2679 petam
754 2652 770 2676 ,
812 2625 913 2666 nec
936 2610 1233 2680 accipiam?
1270 2609 1387 2666 Non
1413 2609 1651 2665 studiose
1689 2611 1905 2680 procul-

304 2704 465 2760 dubio
516 2704 836 2775 postulasti,
867 2705 950 2760 vel
1001 2705 1226 2774 teipsum
1285 2704 1560 2775 indignum
1606 2703 1778 2759 fecisti
1813 2703 1905 2773 qui
1946 2758 1958 2765 ,

304 2797 618 2866 acciperes,
665 2806 756 2852 aut
802 2798 959 2853 citius
995 2814 1153 2868 quam
1196 2812 1292 2868 par
1318 2806 1433 2853 erat
1466 2797 1792 2855 abscessisti.
1839 2798 1905 2853 Et

306 2904 425 2957 cur,
460 2891 677 2960 inquies
698 2931 715 2957 ,
751 2906 856 2945 non
885 2890 1018 2945 dixit
1059 2906 1179 2961 qua:
1210 2899 1458 2960 oporteat
1494 2891 1718 2960 petere?
1744 2890 1905 2946 Certe

306 2983 410 3052 iam
459 2984 647 3039 omnia
679 2983 826 3054 prius
849 2983 1018 3047 dixit,
1051 2991 1106 3039 et
1133 2982 1368 3039 ostendit
1405 2998 1502 3053 pro
1528 2982 1720 3053 quibus
1747 2998 1903 3038 acce-

307 3076 433 3132 dere
456 3085 731 3147 oporteat.
758 3062 835 3132 Ne
853 3079 1031 3146 itaque
1049 3075 1219 3142 dicas,
1242 3075 1482 3143 Accessi,
1499 3084 1553 3131 et
1570 3089 1677 3130 non
1697 3076 1898 3146 accepi.

307 3170 418 3225 Non
458 3172 612 3227 enim
645 3187 739 3240 per
768 3171 933 3227 Deum
973 3170 1122 3226 stetit
1148 3170 1435 3241 quominus
1459 3171 1765 3240 acceperis,
1810 3170 1903 3240 qui

308 3264 437 3319 adeo
480 3264 700 3335 diligit,
750 3274 809 3319 ut
842 3273 1019 3333 patres
1076 3263 1178 3318 hac
1233 3262 1284 3317 in
1334 3279 1391 3319 re
1442 3272 1646 3319 tantum
1681 3263 1901 3329 vincat,

307 3366 567 3424 quantum
597 3358 733 3410 hanc
760 3356 1049 3426 nequitiam
1083 3354 1286 3409 bonitas
1317 3363 1553 3424 superat.
1579 3356 1665 3409 Η.
1685 3355 1746 3410 Si
1771 3355 1904 3409 enim

309 3464 408 3512 vos,
437 3466 561 3503 cum
585 3449 694 3503 sitis
724 3447 866 3514 mali,
899 3449 1054 3502 nostis
1080 3445 1211 3501 bona
1249 3447 1369 3499 data
1397 3445 1521 3500 dare
1546 3446 1668 3515 ﬁliis
1690 3446 1865 3500 vestris
1885 3488 1899 3511 ,

309 3551 489 3609 quanto
537 3542 697 3610 magis
722 3540 877 3595 Pater
912 3549 1071 3594 vester
1096 3539 1308 3592 cwlestis
1325 3537 1352 3590 ?
1386 3537 1513 3592 Haec
1540 3552 1700 3607 porro
1728 3536 1857 3592 dixit
1885 3579 1899 3603 ,

311 3650 412 3689 non
456 3637 770 3706 vituperans
819 3633 1104 3689 humanam
1147 3640 1390 3686 naturam
1415 3672 1430 3696 ,
1462 3645 1561 3686 nec
1601 3644 1773 3701 genus
1808 3645 1904 3685 no-

311 3733 472 3779 strum
505 3725 708 3779 malum
739 3741 859 3780 esse
899 3725 1286 3795 pronuntians;
1330 3722 1503 3778 absit:
1533 3722 1626 3777 sed
1666 3737 1903 3776 amorem

313 3827 615 3885 paternum,
647 3818 692 3872 si
723 3833 842 3872 cum
872 3817 1109 3873 bonitate
1132 3816 1223 3871 Dei
1248 3825 1589 3886 comparetur
1608 3857 1621 3879 ,
1645 3815 1900 3870 malitiam

314 3911 588 3979 appellans
614 3929 626 3965 :
657 3920 803 3965 tanta
832 3910 1034 3965 scilicet
1060 3909 1201 3964 inest
1230 3909 1307 3963 illi
1333 3909 1650 3978 benignitas.

385 4005 436 4060 5.
483 4004 728 4059 Vidistin‘
781 4003 1033 4057 invictum
1083 4010 1494 4072 argumentum,
1546 4000 1685 4071 quod
1736 4003 1905 4070 possit

316 4099 473 4153 etiam
509 4099 887 4167 desperantem
930 4097 981 4150 in
1031 4095 1223 4149 bonam
1268 4110 1417 4165 spem
1459 4094 1759 4149 revocare?
1807 4095 1903 4149 llic

317 4189 526 4257 quidem
581 4189 830 4258 exemplo
886 4196 1091 4257 patrum
1142 4185 1431 4241 bonitatem
1482 4185 1575 4240 Dei
1622 4184 1897 4240 ostendit:

316 4286 559 4352 superius
606 4293 780 4338 autem
809 4297 872 4337 ex
900 4281 1056 4337 donis
1083 4286 1193 4334 suis
1222 4278 1543 4349 majoribus,
1576 4294 1641 4334 ex
1690 4280 1863 4333 anima
1884 4320 1899 4342 ,

317 4392 375 4429 ex
402 4392 666 4446 corpore;
700 4384 754 4430 et
793 4388 1052 4445 nusquam
1079 4383 1236 4444 caput
1283 4372 1544 4427 bonorum
1570 4371 1757 4438 atl'crt,
1805 4388 1900 4426 nec

315 4483 415 4536 que
468 4470 634 4540 ipsius
676 4468 962 4524 adventum
1006 4467 1057 4521 in
1086 4466 1321 4522 medium
1354 4465 1612 4520 adducit:
1643 4480 1768 4520 nam
1813 4465 1901 4536 qui

317 4557 482 4613 tilium
504 4558 857 4615 occidendum
894 4556 1068 4623 dedit,
1099 4555 1369 4627 quomodo
1396 4556 1550 4611 nobis
1576 4571 1682 4612 non
1723 4556 1901 4611 omnia

315 4646 574 4704 donabit?
618 4650 744 4704 llaec
786 4664 916 4703 vero
946 4649 1181 4703 nondum
1223 4657 1533 4703 evenerant.
1563 4647 1669 4704 Sed
1708 4648 1902 4704 Paulus

317 4738 441 4796 illud
467 4742 626 4798 affert
662 4741 746 4796 his
772 4741 951 4797 verbis
983 4757 995 4794 :
1028 4740 1130 4805 Qui
1154 4740 1361 4811 proprio
1400 4740 1509 4807 filio
1530 4756 1631 4794 non
1657 4740 1897 4811 pepercit,

315 4834 564 4899 quomodo
585 4848 688 4887 non
703 4833 858 4887 etiam
885 4847 1002 4886 cum
1023 4848 1082 4886 eo
1107 4833 1279 4886 omnia
1304 4833 1447 4885 nobis
1475 4831 1682 4886 donabit
1708 4831 1894 4905 (Rom.

316 4924 367 4976 8.
400 4924 538 4997 52)?
585 4926 703 4998 Ipse
732 4941 860 4981 vero
885 4925 1129 4981 Christus
1178 4940 1244 4980 ex
1290 4925 1536 4980 humanis
1564 4925 1739 4981 adhuc
1779 4940 1903 4981 cum

316 5015 425 5072 illis
467 5019 701 5075 disserit.
754 5017 958 5075 Deinde
982 5017 1270 5073 ostendens
1292 5058 1309 5083 ,
1338 5032 1437 5072 nec
1465 5016 1691 5072 orationi
1732 5016 1901 5072 fiden-

316 5106 440 5163 dum
468 5126 620 5179 esse,
644 5112 691 5166 si
714 5126 776 5167 ea
798 5125 919 5182 quae
943 5109 997 5165 in
1024 5110 1178 5166 nobis
1205 5118 1331 5166 sunt
1357 5109 1705 5180 negligamus,
1731 5126 1903 5181 neque

318 5197 361 5251 si
392 5200 479 5256 illa
521 5217 808 5268 curemus,
837 5210 1035 5256 nostrae
1078 5215 1222 5256 carie
1265 5214 1327 5255 ac
1364 5199 1654 5272 diligentiae
1697 5209 1902 5256 tantum

320 5290 583 5349 tidendum
629 5309 751 5351 esse
770 5335 785 5362 ,
811 5292 906 5350 sed
935 5308 1225 5363 supernum
1251 5307 1374 5349 esse
1399 5292 1776 5360 requirendum
1804 5308 1903 5348 aus

320 5382 536 5451 xiliuzn,
567 5396 623 5443 et
668 5394 851 5443 nostra
896 5385 1053 5441 simul
1101 5384 1370 5442 afferenda
1419 5399 1576 5448 esse,
1620 5384 1802 5441 ethoc
1848 5396 1904 5442 et

322 5473 443 5530 illud
489 5478 792 5551 frequenter
836 5481 1075 5551 apponit.
1130 5477 1265 5534 Nam
1322 5490 1441 5550 post
1490 5479 1655 5535 multa
1700 5480 1900 5535 monita

318 5568 531 5627 modum
559 5572 744 5628 orandi
769 5573 970 5638 docuit,
1002 5580 1058 5627 et
1085 5582 1365 5642 postquam
1391 5571 1443 5626 id
1466 5570 1756 5637 docuerat,
1784 5587 1905 5626 rur-

310 5667 399 5710 sus
439 5662 513 5718 ad
554 5663 819 5735 agendum
844 5662 1152 5720 cohortatus
1177 5673 1299 5727 est;
1341 5662 1536 5719 abhinc
1565 5664 1756 5720 iterum
1784 5679 1900 5717 mo-

311 5747 416 5803 nuit
441 5757 711 5810 orandum
743 5772 865 5813 esse
907 5755 1249 5826 frequenter,
1301 5771 1423 5811 cum
1471 5755 1644 5821 dixit,
1701 5754 1901 5821 Petita,

308 5841 538 5914 quiuit-ie,
577 5846 805 5917 pulsate;
834 5848 934 5903 sub
961 5846 1076 5903 haec
1116 5862 1352 5915 rursum,
1383 5847 1591 5903 virtutis
1633 5848 1903 5904 studiosos

311 5940 424 5986 esse
445 5950 745 6009 oportere;
786 5956 906 5995 nam
938 5941 1051 6010 ait,
1080 5939 1166 5996 12.
1203 5939 1385 5995 Omnia
1414 5956 1530 6012 ergo
1578 5956 1899 6011 quwruiiiqite

1228 474 1292 529 iN
1329 472 1736 531 MAT'I‘ll/EUM
1777 470 2008 528 iIOMlL.
2055 469 2243 527 XXIII.
2294 473 2363 526 al.
2407 469 2593 527 XXIV.

3498 476 3609 532 5H-

2008 584 2160 640 vultis
2189 595 2243 640 ut
2274 586 2466 657 faciant
2512 586 2652 642 vobis
2694 587 2919 642 homines
2940 630 2954 654 ,
2985 597 3031 643 et
3073 603 3161 645 vos
3183 589 3334 659 facite
3361 588 3500 653 illis;
3549 592 3607 647 in

2010 678 2156 733 brevi
2184 678 2356 747 spatio
2387 688 2577 734 cuncta
2604 694 2883 735 resumens
2913 723 2928 747 ,
2980 681 3408 753 ostendensque,
3449 698 3600 737 com-

2013 769 2352 841 pendiosam,
2378 770 2582 826 facilem
2605 812 2621 837 ,
2658 771 3014 843 omnibusque
3052 781 3239 827 notam
3277 786 3401 830 esse
3434 773 3609 828 virtu~

2013 872 2140 917 tem.
2188 862 2374 933 Neque
2423 863 2738 935 simpliciter
2780 863 2947 930 dixit,
2989 865 3352 937 Quzecumque
3404 866 3603 931 vultis;

2012 955 2126 1019 sed,
2157 955 2343 1010 Omnia
2363 973 2484 1028 ergo
2511 973 2839 1029 quaecumque
2879 959 3050 1013 vultis.
3089 957 3222 1015 Nam
3252 958 3402 1026 illud,
3436 958 3601 1032 Ergo,

2015 1062 2119 1100 non
2176 1047 2292 1102 sine
2342 1062 2502 1103 causa
2542 1048 2771 1119 adjecit,
2826 1049 2921 1105 sed
2954 1049 3056 1106 hoc
3091 1050 3435 1106 subindicans
3481 1069 3496 1106 :
3545 1053 3609 1108 Si

2013 1138 2198 1204 vultis,
2252 1140 2454 1210 inquit,
2477 1140 2683 1207 audiri,
2711 1157 2832 1198 cum
2863 1142 3004 1210 illis,
3046 1158 3167 1215 qua:
3203 1142 3345 1210 dixi,
3392 1155 3446 1200 et
3489 1144 3605 1201 haec

2014 1227 2186 1284 facite.
2217 1228 2474 1298 Quaenam
2516 1230 2648 1285 illa?
2679 1230 3021 1303 Quacumque
3044 1234 3194 1288 vultis
3221 1242 3275 1287 ut
3300 1233 3494 1304 faciant
3518 1251 3602 1288 va.

2011 1318 2371 1377 bis'homines.
2427 1321 2612 1378 Viden’
2635 1323 2909 1395 quomodo.
2933 1324 3265 1395 ostenderit,
3313 1341 3436 1383 cum
3483 1343 3605 1383 ora-

2013 1409 2159 1466 tione
2201 1412 2366 1467 etiam
2411 1414 2582 1483 probo
2608 1414 2731 1470 vita:
2775 1414 3016 1471 instituto
3062 1416 3217 1472 nobis
3263 1432 3398 1487 opus
3440 1432 3563 1474 esse
3581 1420 3620 1472 ?‘

2013 1502 2195 1575 Neque
2221 1504 2387 1573 dixit,
2439 1506 2803 1579 Quacumque
2841 1508 3075 1566 volueris
3105 1509 3197 1565 tibi
3230 1524 3259 1564 a
3294 1511 3405 1567 Deo
3448 1511 3559 1566 fieri
3586 1554 3601 1575 ,

2015 1592 2131 1652 lucc
2158 1596 2239 1652 lac
2287 1605 2343 1652 et
2389 1598 2672 1666 proximo:
2704 1613 2774 1655 ne
2810 1599 3051 1665 diceres,
3085 1602 3151 1656 Et
3194 1580 3479 1673 quomodo.-
3502 1603 3606 1660 hoc

2012 1685 2151 1741 effici
2179 1687 2391 1757 potest?
2421 1688 2509 1743 ille
2537 1688 2678 1744 Deus
2703 1700 2787 1745 est
2807 1730 2827 1757 ,
2855 1700 2909 1745 et
2935 1706 3035 1763 ego
3059 1691 3265 1758 homo;
3292 1693 3386 1748 sed
3404 1734 3419 1759 ,
3450 1694 3617 1761 Qua».

2012 1792 2243 1848 cmnque
2291 1778 2526 1836 volucris
2573 1779 2668 1835 tibi
2724 1780 2838 1836 ﬁeri
2881 1798 2910 1834 a
2969 1797 3270 1850 conservo,
3319 1782 3438 1839 hare
3465 1795 3518 1839 ct
3549 1795 3610 1838 tu

2014 1871 2265 1940 proximo
2313 1880 2407 1928 tuo
2454 1872 2734 1929 exhibeas.
2785 1874 2922 1942 Quid
2964 1873 3064 1930 hac
3102 1891 3161 1932 re
3206 1876 3423 1933 levius?
3472 1878 3619 1948 quid.

2007 1965 2247 2036 justius?
2274 1965 2473 2022 Deinde
2501 1976 2625 2022 ante
2650 1968 2866 2038 praemia
2892 1968 3094 2039 grande
3115 1971 3441 2026 encomium.
3475 1969 3601 2025 "an:

2012 2066 2086 2110 est
2112 2057 2245 2111 enim
2273 2057 2357 2112 lea:
2381 2099 2396 2122 ,
2424 2068 2471 2112 et
2508 2060 2784 2129 prophetat.
2815 2059 2970 2116 Unde
3012 2062 3352 2118 manifestum
3400 2072 3485 2118 est
3521 2078 3607 2118 se-

2012 2148 2246 2206 cundum
2302 2158 2543 2207 naturam
2592 2152 2748 2208 nobis
2797 2153 2974 2208 inesse
3018 2155 3308 2222 virtutem,
3335 2166 3391 2211 et
3432 2169 3531 2211 nos
3576 2170 3617 2210 ι

2015 2242 2169 2298 nobis
2196 2243 2326 2312 ipsis
2345 2244 2472 2314 quid
2501 2244 2572 2300 sit
2610 2245 2876 2316 agendum
2900 2247 3074 2312 seire,
3115 2263 3292 2319 neque
3336 2263 3495 2319 posse
3537 2249 3604 2304 ad

2014 2335 2327 2404 ignorantiae
2356 2335 2753 2392 excusationem
2794 2352 3042 2408 umquam
3067 2337 3378 2409 confugere.

2082 2426 2239 2480 Arcta
2264 2436 2337 2481 est
2363 2427 2443 2480 via
2468 2443 2580 2498 qua:
2620 2428 2759 2483 ducit
2807 2430 2876 2481 ad
2916 2429 3107 2495 vitam;
3153 2431 3403 2501 quomodo
3440 2432 3622 2504 facilis-

2014 2518 2209 2573 evadat.
2239 2548 2310 2558 —
2337 2520 2424 2574 15.
2467 2518 2663 2573 Intrate
2686 2536 2776 2589 per
2804 2530 3070 2591 angustam
3101 2532 3322 2589 portam,
3365 2523 3603 2591 quoniam

2013 2611 2118 2664 lata
2143 2621 2214 2664 est
2246 2621 2392 2681 porta
2412 2653 2427 2677 ,
2458 2620 2505 2665 et
2525 2610 2750 2681 spatiosa
2788 2612 2868 2665 via
2894 2622 2984 2677 est,
3030 2628 3144 2682 qua:
3172 2613 3307 2667 ducit
3331 2614 3401 2669 ad
3437 2616 3619 2686 perdi-

2014 2704 2219 2764 tionem,
2248 2714 2298 2759 et
2344 2704 2493 2758 multi
2517 2713 2653 2768 sunt,
2682 2704 2768 2774 qui
2808 2704 3160 2774 ingrediuntur
3194 2721 3289 2775 per
3326 2722 3438 2759 eam
3467 2722 3486 2761 :
3515 2707 3601 2762 Η.

2012 2807 2060 2850 et
2088 2806 2229 2850 arcta
2257 2809 2329 2851 est
2356 2809 2505 2868 porta
2530 2838 2543 2860 ,
2576 2808 2624 2851 et
2665 2807 2880 2868 angusta
2903 2798 3002 2863 via,
3028 2814 3141 2867 qua:
3167 2798 3305 2852 ducit
3340 2799 3409 2852 ad
3428 2799 3615 2862 vitam,

2013 2897 2059 2943 et
2083 2889 2231 2957 pauci
2259 2899 2397 2955 sunt,
2437 2889 2807 2958 quiinveniunt
2854 2905 2986 2943 eam.
3026 2891 3184 2957 Atqui
3215 2897 3396 2959 postea
3425 2889 3555 2945 dicit
3589 2908 3601 2942 ε

2010 2979 2206 3051 Iugum
2252 2998 2418 3035 meum
2456 2997 2608 3036 suave
2649 2993 2756 3049 est,
2785 2994 2833 3036 et
2869 2999 2998 3037 auus
3038 2999 3203 3037 meum
3235 2983 3337 3038 leve
3371 2982 3602 3055 (Matth.

2016 3075 2103 3128 11.
2146 3074 2289 3145 50);
2338 3085 2499 3145 atque
2521 3077 2682 3130 etiam
2713 3075 2765 3129 in
2795 3075 2857 3130 iis
2879 3118 2894 3142 ,
2926 3091 3049 3146 qua:
3086 3076 3250 3146 paulo
3292 3089 3419 3132 ante
3457 3076 3598 3132 dicta

2013 3175 2177 3230 sunt,
2233 3167 2462 3238 idipsum
2503 3167 2861 3223 subiudicavit
2912 3186 2925 3220 :
2971 3169 3242 3239 quomodo
3280 3177 3463 3226 autem
3516 3170 3605 3225 hic

2012 3268 2213 3316 arctam
2240 3261 2383 3315 illam
2408 3270 2796 3333 angustamque
2822 3260 2950 3318 dicit
2975 3265 3138 3320 esse?
3165 3264 3326 3321 Certe
3355 3265 3400 3319 si
3426 3273 3601 3320 atlcn-

2011 3351 2156 3409 deris
2177 3393 2190 3417 ,
2221 3353 2309 3408 hic
2335 3354 2497 3409 etiam
2528 3352 2764 3409 declarat
2800 3354 2944 3408 illaut
2973 3353 3257 3411 admodum
3284 3368 3406 3411 esse
3428 3355 3621 3413 levem»

2011 3454 2064 3499 et
2092 3444 2322 3499 facilem.
2352 3444 2420 3500 Et
2455 3446 2755 3515 quomodo,
2788 3445 2994 3516 inquies
3013 3486 3028 3513 ,
3060 3446 3150 3501 illa
3171 3487 3186 3513 ,
3229 3462 3349 3516 quae
3376 3456 3522 3502 arcta
3551 3458 3604 3501 et

2009 3546 2253 3608 angusta,
2284 3538 2453 3594 facilis
2480 3538 2624 3596 erit?
2675 3538 2807 3608 Quia
2836 3539 2921 3593 via
2972 3548 3086 3604 est,
3135 3548 3192 3596 et
3234 3549 3419 3610 porta;
3467 3541 3611 3595 sicut-

2010 3633 2171 3687 etiam
2198 3632 2285 3687 illa
2313 3632 2415 3687 alia
2440 3674 2455 3697 ,
2485 3632 2584 3687 etsi
2619 3631 2723 3687 lata
2749 3642 2804 3688 et
2830 3633 3067 3702 spatiosa
3087 3674 3103 3699 ,
3147 3633 3228 3687 via
3257 3642 3341 3688 est
3363 3642 3419 3689 et
3465 3633 3600 3701 ipsa.

2012 3724 2067 3779 In
2102 3724 2188 3779 his
2216 3735 2393 3781 autem
2423 3724 2552 3779 nihil
2587 3734 2800 3790 manet,
2843 3724 2938 3781 sed
2985 3734 3264 3781 transeunt
3309 3725 3487 3781 omnia
3535 3726 3611 3781 ad'

2013 3816 2149 3873 hanc
2191 3819 2350 3874 vitam
2405 3817 2760 3887 pertinentia,
2807 3819 2922 3874 sive
2949 3818 3154 3881 tristia,
3185 3818 3298 3873 sive
3325 3832 3601 3888 prospera.

2010 3912 2120 3967 Nec
2158 3911 2281 3967 ideo
2311 3919 2517 3967 tantum
2560 3909 2730 3967 facilis
2762 3921 2846 3968 est
2870 3912 3070 3976 virtus;
3102 3911 3197 3967 sed
3225 3926 3255 3964 a
3301 3910 3409 3966 fine
3443 3910 3621 3966 ctianr

2010 4004 2215 4059 facilior
2262 4004 2521 4060 redditur.
2558 4002 2743 4074 Neque
2780 4002 2924 4059 enim
2968 4012 3173 4058 tantum
3200 4002 3345 4072 quod
3392 4001 3611 4057 labores

2010 4103 2066 4150 et
2090 4095 2315 4150 sudores
2361 4102 2654 4160 transeant,
2684 4094 2779 4151 sed
2803 4095 2964 4150 etiam
2992 4095 3135 4165 quod
3161 4094 3305 4150 bono
3337 4093 3465 4161 fine,
3494 4095 3602 4148 vita

2011 4200 2203 4255 nempe
2221 4227 2237 4252 ,
2269 4186 2640 4251 terminentur,
2674 4184 2727 4240 id
2749 4184 3174 4242 consolationem
3200 4183 3614 4241 decertantibus-

2011 4293 2202 4348 parere
2230 4276 2412 4333 debet.
2441 4276 2623 4347 Itaque
2649 4286 2704 4332 et
2723 4277 2956 4332 brevitas
2975 4277 3219 4332 laborum
3247 4284 3305 4332 et
3331 4275 3619 4332 aeternitas

2009 4386 2350 4436 coronarum,
2385 4379 2441 4426 et
2464 4370 2605 4442 quod
2636 4370 2753 4427 haec
2772 4370 2881 4425 sint
2905 4370 3091 4442 priora
3107 4411 3122 4435 ,
3155 4371 3258 4426 illa.
3272 4386 3399 4426 vero
3423 4381 3603 4441 poste-

2010 4464 2187 4529 riora;
2220 4463 2337 4518 haec
2362 4470 2509 4518 certe
2532 4464 2711 4518 omnia
2759 4463 3046 4519 maximam
3084 4462 3139 4519 in
3182 4461 3456 4518 laboribus
3478 4461 3619 4519 aﬂ‘e-r

2009 4564 2131 4611 rant
2154 4556 2598 4611 consolationem.
2625 4555 2963 4627 Quapropter
2996 4554 3195 4612 Paulus
3219 4555 3392 4611 levem
3437 4553 3603 4610 tribu.

2013 4650 2264 4706 lationem
2330 4650 2587 4718 vocavit,
2641 4665 2749 4706 non
2796 4649 2869 4706 ob
2928 4656 3177 4707 naturam
3242 4647 3623 4704 accidentium.-

2010 4757 2188 4798 rerum
2210 4784 2226 4808 ,
2267 4742 2362 4798 sed
2394 4743 2468 4799 ob
2493 4752 2793 4813 promptam
2824 4742 3152 4798 voluntatem
3180 4739 3520 4803 certantium,
3549 4750 3617 4793 et.

2008 4848 2159 4904 spem
2206 4832 2527 4889 futurorum.
2578 4832 2708 4889 Leve
2764 4832 3103 4888 tribulationis
3133 4872 3150 4898 ,
3194 4829 3406 4900 inquit,
3445 4846 3625 4897 suprtr

2008 4927 2237 4993 modum,
2288 4935 2531 4983 aeternum
2556 4925 2735 4995 gloria:
2761 4925 2961 4995 pondus
3004 4933 3265 4993 aperatur,
3307 4938 3409 4977 non
3434 4924 3603 4977 consi-

2010 5020 2305 5075 derantibus
2354 5019 2497 5075 nobis
2546 5034 2663 5089 quae
2682 5012 2685 5013 ⁷
2703 5018 2956 5084 videntur,
2986 5016 3075 5071 sed
3103 5031 3218 5087 qua
3246 5032 3347 5070 non
3373 5014 3617 5070 uidentur:

2009 5117 2026 5182 (
2054 5113 2108 5167 2.
2138 5111 2255 5168 Cor.
2286 5115 2345 5169 4.
2378 5115 2467 5168 17.
2497 5112 2621 5183 18).
2664 5110 2797 5167 Nam
2825 5109 2872 5165 si
2895 5108 3089 5165 ﬂuctus
3110 5117 3168 5165 et
3191 5110 3359 5164 maria
3385 5107 3560 5163 nautis
3585 5148 3617 5169 ,.

2008 5222 2072 5262 ac
2122 5207 2300 5263 caedes
2338 5208 2668 5277 uulneraque
2714 5203 3003 5270 militibus,
3048 5201 3222 5258 hiems
3273 5211 3433 5271 atque
3482 5199 3620 5270 gelu.

2008 5299 2277 5367 agricolis,
2310 5297 2681 5370 pugilibusque
2706 5294 3013 5366 frequentes
3047 5295 3248 5365 pingas,
3283 5294 3433 5349 leves
3462 5292 3592 5347 tole-

2008 5390 2314 5461 rabilesque
2347 5391 2596 5447 videntur
2616 5431 2637 5457 ,
2663 5388 2733 5445 ob
2764 5403 2914 5459 spem
2958 5387 3322 5457 praemiorum,
3352 5397 3474 5454 qua:
3518 5392 3601 5436 ta-
3627 5402 3631 5406 ι

2010 5499 2132 5538 men
2182 5483 2323 5538 fluxa
2375 5482 2714 5556 perituraque
2768 5490 2931 5536 sunt:
2964 5478 3137 5534 multo
3182 5476 3351 5548 magis
3385 5474 3621 5546 quandi»

2009 5577 2199 5632 caelum
2225 5576 2378 5630 nobis
2399 5618 2413 5643 ,
2444 5574 2730 5630 ineffabilia
2758 5574 2932 5640 bona,
2959 5571 3285 5642 pramtiaque
3327 5570 3603 5624 immortax

2009 5668 2080 5725 lia
2129 5676 2499 5738 proponuntur
2523 5708 2538 5732 ,
2585 5666 2793 5721 nullum
2817 5665 2937 5735 quis
2964 5663 3308 5734 praesentium
3335 5651 3617 5716 malorum

2011 5773 2225 5814 sensum
2258 5757 2533 5829 percipiat.

2081 5851 2136 5907 6.
2176 5851 2328 5919 Quod
2356 5855 2399 5905 si
2437 5850 2527 5920 qui
2563 5850 2626 5905 iis
2654 5850 2813 5906 etiam
2855 5848 3062 5919 positis.
3104 5846 3244 5901 viam
3276 5844 3416 5898 illam
3446 5840 3596 5898 labo-

2015 5944 2209 6000 riosam
2238 5958 2357 6001 esse
2383 5951 2593 6015 putant,
2622 5957 2691 5998 ex
2716 5940 2929 5999 illorum
2968 5938 3402 5996 desidia-tantum
3430 5935 3603 5990 oritur
