4036 6456
1295 324 1322 351 Ι

427 473 531 527 515

429 583 546 638 h:ec
565 581 819 650 SllSpicit).
855 579 988 634 Vide
1009 579 1153 633 enim
1169 594 1329 648 quam
1355 579 1524 633 levem
1553 579 1700 632 illam
1728 577 1833 633 alio
1857 576 2020 632 modo

429 675 658 735 efficiat,
689 688 808 728 cum
832 671 983 741 jubet
1031 685 1136 724 non
1178 670 1516 724 commisceri
1559 669 1813 731 canibus,
1852 681 2024 736 neque

433 767 608 835 porcis
634 780 693 820 se
721 762 952 824 tradere,
983 773 1034 814 ct
1063 777 1251 816 cavere
1278 776 1306 812 a
1338 760 1837 830 psemloprophetis,
1866 759 2023 812 dum-

427 874 530 928 que
566 871 660 912 eos
696 856 932 925 undique
973 855 1232 909 Sollicitos
1262 854 1456 908 reddit.
1492 854 1606 908 lloc
1651 854 1824 922 ipsum
1870 867 2021 916 vero,

427 952 568 1019 quod
603 951 745 1002 illam
776 961 980 1003 arctam
1023 948 1279 1018 appellat,
1311 947 1548 1001 maxime
1573 948 1784 1000 confert
1811 944 1875 998 ad
1904 961 2022 999 eam

428 1043 639 1098 facilem
666 1041 1014 1105 reddendam,
1047 1042 1342 1093 admonens
1373 1039 1492 1092 illos
1523 1047 1581 1092 ut
1605 1039 1843 1108 vigilent.
1876 1039 2026 1091 Sicut

431 1139 574 1190 enim
605 1137 821 1201 Paulus,
852 1151 972 1189 cum
1010 1134 1164 1195 dixit,
1199 1132 1318 1186 Non
1345 1143 1416 1186 est
1447 1134 1590 1186 nobis
1615 1133 1904 1185 colluctatio
1933 1130 2026 1183 ad-

432 1242 600 1280 versus
650 1227 946 1296 sanguinem
986 1236 1031 1278 ct
1073 1241 1275 1277 carnem
1307 1223 1521 1292 (Ep/tes.
1570 1224 1622 1276 6.
1659 1222 1771 1292 19.),
1827 1239 1932 1276 non
1967 1233 2024 1274 ut

433 1317 670 1386 dejiciat,
714 1317 805 1370 sed
840 1328 894 1369 lll
933 1318 1108 1385 'crigat
1151 1317 1376 1369 militum
1409 1317 1639 1380 animos,
1671 1317 1720 1367 id
1753 1315 1881 1368 dicit
1913 1315 2026 1369 :sic

435 1409 548 1477 ipse
590 1409 842 1462 Dominus
870 1418 923 1461 ut
954 1409 1185 1462 viatores
1224 1424 1253 1462 a
1298 1423 1489 1462 somno
1519 1410 1735 1472 excitet,
1780 1421 2024 1476 aSperam

435 1501 563 1554 dicit
610 1501 746 1554 viam
778 1518 790 1553 :
818 1516 990 1569 neque
1037 1503 1136 1555 hoc
1174 1501 1546 1554 tantummodo
1594 1501 1660 1554 ad
1702 1498 2026 1569 vigi’andum

434 1590 654 1659 inducit,
683 1593 775 1646 sed
807 1594 969 1647 etiam
1007 1609 1126 1646 cum
1159 1593 1360 1662 adjicit,
1395 1594 1589 1646 multos
1629 1607 1748 1647 esse
1779 1594 1866 1663 qui
1899 1610 2027 1662 sup-

435 1685 675 1752 plantare
713 1685 996 1750 studeant;
1025 1686 1274 1756 quodque
1303 1688 1517 1756 gravius
1559 1698 1663 1749 est,
1700 1704 1803 1740 non
1842 1699 2030 1756 aperte

437 1774 759 1844 irrumpunt,
809 1775 902 1831 sed
944 1791 1064 1830 sese
1102 1778 1373 1830 occultant
1405 1799 1415 1831 :
1451 1777 1752 1846 hujusmodi
1801 1795 2030 1847 namque

435 1875 516 1918 est
555 1867 1141 1938 pseudoprophetarmu
1179 1885 1368 1938 genus.
1397 1868 1500 1924 Sed
1530 1887 1596 1926 ne
1630 1872 1753 1924 illud
1787 1872 2034 1925 conside-

438 1972 547 2020 res,
583 1957 772 2026 inquit,
803 1960 945 2027 quod
971 1960 1040 2013 sit
1065 1975 1250 2030 aspera
1279 1971 1330 2014 et
1369 1971 1535 2026 arcta,
1565 1963 1658 2016 sed
1689 1979 1794 2032 quo
1822 1964 2034 2016 desinat

439 2049 747 2118 perpende;
779 2066 948 2120 neque
979 2050 1118 2119 quod
1147 2053 1410 2105 contraria
1454 2055 1534 2106 via
1579 2056 1647 2106 sit
1678 2055 1780 2108 lata
1821 2064 1875 2107 et
1913 2070 2035 2122 spa-

441 2141 597 2204 tiosa,
633 2141 726 2194 sed
769 2158 927 2210 quem
957 2142 1113 2196 linem
1151 2143 1359 2196 habeat.
1394 2145 1516 2198 Ihec
1547 2161 1705 2214 porro
1749 2147 1926 2200 omnia
1955 2146 2036 2199 di-

441 2231 530 2293 cit,
560 2241 616 2284 ut
649 2232 800 2286 nobis
827 2233 1060 2285 animum
1087 2234 1275 2303 erigat,
1305 2245 1438 2288 utet
1467 2237 1590 2289 alibi
1624 2237 1833 2290 diccbat
1864 2258 1875 2290 :
1913 2236 2034 2290 Vio-

443 2321 565 2375 lculi
610 2325 814 2393 rapiunt
845 2323 1209 2394 illud(Matt/t.
1252 2328 1338 2381 Η.
1375 2326 1483 2400 12).
1529 2328 1657 2381 Nam
1690 2329 1778 2398 qui
1820 2329 1884 2381 ad
1929 2344 2037 2382 cer-

445 2425 620 2468 tamen
694 2417 1026 2486 ingreditur,
1095 2421 1180 2474 ubi
1237 2421 1381 2474 clare
1451 2420 1593 2473 videt
1659 2421 2035 2488 agnnothctam

445 2509 798 2560 certaminum
834 2508 1070 2562 laborem
1111 2511 1484 2576 admirantem,
1528 2514 1754 2565 alacrior
1787 2514 2035 2567 efficitur.

449 2595 526 2649 Ne
556 2598 714 2666 igitur
752 2601 990 2653 animum
1029 2603 1477 2670 dcspondeamus,
1519 2620 1638 2656 cum
1680 2606 1842 2658 multa
1886 2606 2040 2658 nobis

445 2686 570 2741 hinc
597 2687 765 2742 tristia
801 2691 1112 2745 acciderint.
1142 2695 1299 2746 Arcta
1330 2696 1470 2747 enim
1499 2707 1578 2749 est
1606 2697 1711 2760 via,
1743 2705 1796 2750 et
1818 2709 2039 2766 angusta

447 2790 596 2848 porta
629 2797 642 2833 :
672 2792 727 2834 at
765 2798 866 2835 non
899 2784 1084 2837 civitas
1115 2785 1221 2837 illa.
1262 2785 1488 2856 Ideoque
1519 2804 1623 2840 non
1652 2788 1736 2842 hic
1775 2790 2040 2858 speranda

446 2870 598 2938 quies
624 2881 726 2934 est,
758 2890 929 2942 neque
961 2874 1068 2929 illic
1097 2877 1386 2944 putandum
1419 2879 1615 2948 aliquid
1655 2881 1830 2934 inesse
1865 2882 2038 2936 triste.

446 2961 580 3013 Cum
609 2961 746 3016 dixit
775 2974 974 3029 autem,
1011 2965 1176 3020 Pauci
1202 2978 1317 3021 sunt
1353 2970 1439 3038 qui
1467 2972 1724 3025 iuveuiunt
1751 2989 1883 3038 eam,
1919 2989 2041 3027 rur-

448 3068 542 3107 sus
585 3057 875 3110 multorum
925 3057 1009 3111 hic
1054 3059 1315 3128 ignaviam
1366 3062 1620 3130 declarat,
1669 3074 1724 3118 et
1771 3065 2043 3118 auditores

450 3145 703 3216 instituit,
730 3165 798 3206 ne
825 3152 1112 3206 multorum
1137 3155 1294 3208 rebus
1326 3158 1598 3225 prosperis
1627 3159 1864 3212 animum
1892 3159 2045 3212 adhi-

448 3241 630 3306 beant,
655 3244 747 3296 sed
779 3259 1064 3313 paucorqu
1095 3247 1384 3302 laboribus.
1416 3250 1632 3304 Plurimi
1664 3268 1912 3322 namque,
1945 3254 2040 3319 ait,

448 3349 557 3386 non
601 3334 760 3390 modo
801 3352 897 3406 per
941 3338 1082 3392 illam
1130 3340 1266 3392 viam
1321 3359 1423 3395 non
1472 3343 1745 3408 incedunt,
1797 3346 1889 3399 sed
1945 3363 2044 3401 nec

447 3426 595 3480 illam
640 3429 844 3498 eligunt
892 3432 1141 3501 quidem;
1188 3435 1329 3502 quod
1379 3445 1676 3490 extremum
1724 3439 2043 3507 insipientia:

449 3530 551 3574 est.
588 3521 778 3576 Verum
823 3541 926 3578 non
957 3537 1038 3578 est
1067 3528 1387 3582 multitudini
1421 3530 1838 3590 atteudcmlum:
1873 3549 2045 3603 neque

451 3611 579 3666 inde
619 3615 814 3667 turbari
847 3627 1078 3685 oportet,
1111 3620 1202 3673 sed
1248 3636 1444 3688 paucos
1476 3625 1591 3677 illos
1617 3625 1830 3688 imitari,
1861 3636 1914 3679 et
1944 3643 2043 3679 ttu-

453 3702 615 3774 dique
649 3720 768 3759 sese
809 3708 1124 3777 colligentes
1163 3711 1240 3764 sic
1286 3728 1380 3781 per
1427 3731 1546 3766 eum
1594 3715 1864 3769 incedere.
1913 3717 2046 3771 Nam

454 3807 808 3867 praeterquam
857 3801 997 3869 quod
1049 3812 1268 3870 angusta
1322 3805 1406 3858 illa
1449 3815 1550 3868 est,
1595 3809 1742 3860 multi
1787 3819 1909 3862 sunt
1959 3813 2046 3880 qui

454 3891 798 3959 supplantare
841 3893 1093 3957 student,
1139 3911 1204 3949 ne
1249 3896 1338 3949 illo
1386 3898 1646 3963 intretur;
1698 3903 2046 3970 quamobrem

455 3982 878 4052 subjunxitdb’.
929 3985 1184 4039 Atteudite
1234 4003 1266 4040 a
1310 3990 1455 4058 falsis
1504 3991 1778 4060 prophetis.
1841 3991 2050 4045 Veniant

457 4075 591 4126 enim
629 4075 698 4126 ad
739 4090 824 4128 vos
863 4077 913 4130 iu
954 4079 1254 4133 vestimentis
1301 4083 1465 4134 ovium
1496 4099 1514 4136 :
1540 4084 1839 4138 intrinsecus
1883 4097 2050 4139 autem

457 4181 574 4219 sunt
601 4168 708 4232 lupi
737 4187 967 4239 rapaces.
1015 4171 1153 4225 Ecce
1183 4189 1303 4227 cmn
1341 4175 1563 4228 canibus
1593 4186 1643 4230 et
1685 4179 1860 4246 porcis
1905 4179 2048 4232 aliud

461 4259 771 4313 insidiarum
817 4277 1004 4328 genus,
1053 4265 1219 4317 uiulto
1252 4267 1599 4333 periculosius
1641 4271 1749 4322 illo.
1799 4271 1875 4323 Illi
1909 4271 2048 4324 enim

461 4360 584 4402 sunt
625 4352 914 4418 manifesti,
949 4365 999 4405 et
1033 4357 1202 4423 palam
1235 4359 1644 4426 aggrediuntur;
1693 4361 1746 4414 hi
1787 4378 1916 4417 vero
1957 4381 2051 4418 oc-

461 4443 614 4495 culti.
657 4443 781 4497 ldeo
820 4443 888 4496 ab
933 4445 1036 4499 illis
1079 4449 1293 4516 quidem
1325 4452 1594 4505 abstinere
1631 4454 1811 4521 jussit,
1859 4457 1927 4508 ab
1972 4456 2054 4512 his

464 4549 591 4588 vero
628 4534 1034 4605 diligentissime
1069 4556 1276 4603 cavere,
1307 4557 1369 4594 ac
1409 4543 1451 4595 si
1493 4543 1706 4598 difficile
1748 4547 1816 4600 sit
1856 4549 1922 4601 ad
1957 4550 2056 4617 pri-

465 4643 611 4681 munt
645 4627 762 4681 illos
792 4643 1140 4698 congressum
1165 4634 1446 4702 explorare
1472 4653 1483 4686 :
1521 4637 1744 4706 ideoque
1773 4639 1926 4705 dixit,
1957 4641 2053 4692 At-

463 4723 664 4786 tendite,
695 4733 748 4776 ut
775 4723 838 4777 ad
859 4725 976 4778 illos
1006 4725 1446 4782 internoscendos
1473 4730 1716 4784 redderet
1749 4732 2055 4802 diligentio-

464 4830 570 4866 res.
602 4815 799 4870 Deinde
822 4833 887 4870 tte
913 4819 1210 4883 audientes,
1247 4821 1295 4873 in
1325 4831 1467 4874 arcta
1498 4833 1550 4874 et
1583 4835 1803 4892 augusta
1848 4826 2057 4878 multis-

465 4922 570 4973 que
613 4910 878 4962 contraria
929 4911 1010 4963 via
1073 4913 1425 4965 incedendum
1484 4929 1642 4976 esse,
1695 4930 1722 4966 a
1779 4917 1956 4984 porcis
2005 4927 2059 4970 ct

467 4997 688 5050 caniluts
718 5001 1033 5066 cavendum,
1074 5005 1395 5074 insuperque
1433 5021 1463 5058 a
1501 5007 1797 5074 maligniori
1836 5025 2055 5076 genere,

470 5103 662 5157 nonipe
692 5091 965 5157 luporum;
991 5110 1056 5147 ne
1081 5096 1308 5148 tristium
1337 5113 1513 5150 rerum
1555 5097 1896 5153 multitudine
1925 5116 2057 5154 con-

467 5182 671 5246 cidant,
703 5180 754 5232 in
787 5186 1110 5238 contrariam
1145 5189 1325 5240 multis
1367 5189 1627 5243 incessuri
1653 5191 1813 5255 viam,
1842 5204 2062 5261 prancr-

469 5290 640 5341 eaque
673 5273 754 5328 his
797 5275 864 5328 de
901 5277 1061 5331 rebus
1087 5281 1300 5333 solliciti
1335 5282 1515 5344 l'nlm-i,
1547 5282 1789 5351 qmedam
1822 5293 2061 5353 tempore

470 5377 677 5433 patrum
703 5383 920 5420 suorum
951 5380 1097 5437 gesta
1123 5373 1458 5439 memoravit,
1489 5374 1981 5444 pseudOprophetas
2009 5379 2061 5430 in

469 5461 704 5512 medium
735 5460 1039 5522 adducens;
1071 5466 1245 5531 prisce
1279 5481 1509 5534 namque
1537 5468 1656 5518 talia
1701 5468 2059 5536 contigerunt.

471 5547 646 5604 Nolite
690 5568 807 5621 ergo
852 5554 1029 5606 terreri
1070 5553 1222 5620 (Luc.
1253 5555 1344 5608 2t.
1391 5557 1468 5627 9),
1525 5559 1727 5627 inquit:
1760 5559 1887 5612 nihil
1920 5561 2060 5614 enim

471 5660 691 5712 novmn,
751 5645 882 5700 nihil
934 5646 1230 5702 inauditum
1280 5652 1504 5704 accidet.
1554 5652 1777 5706 Veritati
1836 5670 2063 5721 namque

471 5739 731 5794 fallaciam
771 5757 984 5810 semper
1013 5743 1284 5797 substituit
1312 5744 1578 5799 diabolus.
1611 5745 2061 5817 Pseudoproplie-

474 5837 554 5881 tas
573 5840 747 5884 autem
773 5830 856 5884 hic
881 5849 982 5885 non
1009 5834 1288 5889 haereticos
1319 5837 1445 5890 mihi
1470 5837 1808 5894 subindicare
1833 5840 2061 5903 videtur,

473 5919 563 5972 sed
622 5935 736 5987 eos,
784 5925 870 5991 qui
922 5940 1041 5978 cum
1085 5929 1322 5997 corrupti
1375 5929 1611 5983 moribus
1669 5941 1721 5983 et
1777 5932 1884 5985 vita
1932 5935 2058 5998 sint,

1181 467 1237 521 S.
1277 466 1553 521 JOANNIS
1589 464 2061 521 CIIRYSOSTOMI
2102 463 2423 519 ARClllEP.
2463 463 2998 520 CONSTANTINOP.

3617 470 3718 525 .316

2133 575 2344 629 virtutis
2367 573 2566 629 larvam
2587 572 2990 642 circumferunt,
3022 592 3156 648 quos
3179 579 3493 636 seductores
3526 596 3721 639 vocare

2133 665 2283 719 multi
2329 665 2522 721 solent.
2555 666 2914 734 Quamobrem
2955 669 3230 739 subjunin
3265 670 3470 736 dicens,
3517 674 3605 727 16.
3644 672 3722 728 Ea:

2131 759 2378 828 fructibus
2416 776 2590 812 eorum
2616 762 2926 830 cognoscetis
2963 778 3066 814 eos.
3101 761 3230 815 Nam
3260 764 3401 831 apud
3443 763 3725 820 him-elices

2131 850 2344 920 quidem
2371 851 2591 906 honesta
2619 852 2720 904 vita
2745 867 2888 920 swpe
2918 855 3171 922 reperitur
3196 870 3210 918 ;
3235 854 3372 924 apud
3400 855 3500 908 hos
3523 869 3726 921 autem,

2131 957 2266 1011 quos
2310 942 2438 1001 dixi,
2477 959 2787 1010 numquzun.
2814 943 2950 1009 Quid
2982 945 3158 1012 igitur,
3191 946 3419 1014 inquies,
3455 946 3498 998 si
3544 964 3725 1001 mores

2135 1034 2334 1103 lingant
2373 1035 2664 1087 lioncsms?
2705 1035 2809 1089 Sed
2847 1035 2999 1089 facile
3028 1037 3324 1104 capientur.
3353 1037 3497 1092 Talis
3528 1039 3731 1108 quippe

2135 1136 2216 1181 cst
2259 1125 2415 1196 hujus
2446 1126 2544 1179 via:
2575 1136 2782 1192 natura,
2835 1145 2937 1197 qua
2986 1129 3234 1183 incedere
3274 1130 3431 1198 jussi,
3464 1131 3731 1186 laboriosa

2135 1238 2329 1290 nempe
2365 1233 2418 1275 et
2457 1223 2607 1275 dura.
2641 1223 2927 1293 Hypocrita
2967 1239 3094 1277 vero
3120 1224 3355 1279 laborem
3388 1226 3528 1279 ferre
3573 1225 3728 1291 nolit,

2135 1314 2228 1366 sed
2271 1315 2523 1368 simulare
2553 1325 2758 1369 tantum
2785 1335 2797 1370 :
2826 1317 3051 1385 ideoque
3087 1315 3242 1370 facile
3282 1315 3726 1386 deprehenditur.

2137 1405 2267 1473 Quia
2290 1407 2432 1459 enim
2456 1407 2607 1471 dixit,
2638 1407 2800 1460 Pauci
2819 1418 2935 1462 sunt
2959 1409 3042 1478 qui
3068 1409 3322 1461 inveniunt
3343 1424 3475 1473 eam,
3502 1411 3732 1463 secernit

2136 1512 2229 1548 eos
2257 1496 2325 1548 ah
2356 1497 2478 1561 illis,
2503 1498 2591 1565 qui
2627 1514 2748 1550 cum
2777 1513 2879 1550 non
2907 1498 3222 1560 invenerint,
3253 1499 3518 1552 invenisse
3557 1508 3733 1552 tamen

2137 1602 2194 1639 se
2223 1587 2495 1653 simulant,
2521 1589 2714 1657 jnbens
2738 1606 2840 1641 non
2874 1590 2937 1641 ad
2969 1591 3109 1654 illos,
3145 1592 3234 1659 qui
3266 1591 3464 1644 larvam
3495 1592 3728 1645 circum-

2139 1677 2335 1743 ferunt,
2365 1680 2654 1747 respicere,
2690 1680 2783 1734 sed
2813 1680 2878 1733 ad
2923 1681 3042 1733 illos
3070 1681 3158 1750 qui
3197 1697 3324 1736 vere
3363 1692 3418 1735 et
3456 1699 3523 1736 ex
3551 1683 3733 1737 animo

2141 1772 2190 1823 in
2224 1772 2312 1825 illa
2355 1772 2628 1826 incedunt.
2670 1773 2734 1826 Et
2774 1789 2874 1841 qua
2899 1773 2968 1826 de
2995 1788 3174 1838 causa,
3214 1774 3441 1841 inquies,
3476 1790 3582 1827 non
3614 1775 3733 1828 illos

2141 1874 2295 1918 notos
2325 1864 2468 1927 fecit,
2494 1864 2586 1917 sed
2614 1880 2711 1917 nos
2746 1866 2796 1918 in
2821 1865 3132 1936 explorandi
3162 1881 3341 1920 curam
3369 1868 3640 1935 eonjccit?
3673 1867 3732 1922 Ut

2143 1957 2441 2024 vigilemus,
2475 1965 2529 2011 et
2569 1957 2781 2010 solliciti
2821 1974 3034 2028 semper
3074 1960 3261 2022 simus,
3303 1959 3428 2013 dum
3480 1977 3733 2014 cavemus

2143 2060 2246 2098 non
2277 2047 2436 2100 modo
2461 2047 2526 2098 ab
2557 2047 2786 2100 inimicis
2814 2047 2918 2100 illis
2945 2049 3033 2118 qui
3064 2049 3234 2117 palam
3278 2051 3411 2104 tales
3449 2061 3576 2105 sunt
3602 2094 3616 2114 ,
3643 2051 3735 2105 sed

2141 2138 2209 2191 ah
2254 2137 2316 2190 iis
2365 2139 2524 2192 etiam
2569 2140 2654 2208 qui
2708 2154 2828 2195 sese
2877 2140 3184 2194 occultant:
3213 2157 3346 2211 quos
3393 2143 3737 2196 subiudicans

2145 2229 2337 2282 Paulus
2363 2231 2574 2284 dicebat
2605 2251 2616 2285 :
2648 2230 2711 2284 Et
2739 2249 2826 2302 per
2847 2231 3018 2286 dulces
3044 2251 3296 2286 sermones
3314 2234 3560 2287 seducunt
3587 2237 3740 2287 corda

2143 2323 2481 2376 innoci'utium
2515 2324 2686 2394 (llam.
2721 2327 2804 2380 16.
2840 2327 2948 2396 i8).
2977 2326 3052 2379 Ne
3082 2327 3257 2396 itaque
3289 2328 3588 2392 turbemur,
3621 2345 3738 2382 cum

2147 2417 2341 2470 multos
2387 2417 2750 2486 lmjuscemodi
2797 2420 2958 2471 etiam
3003 2434 3143 2471 ntmc
3189 2420 3453 2472 videmus.
3511 2419 3641 2473 Nam
3691 2431 3738 2473 et

2149 2507 2275 2560 illud
2306 2524 2462 2576 supra
2494 2508 2734 2562 Christus
2767 2510 3030 2578 pr:edixit:.

2220 2600 2272 2654 7.
2319 2600 2383 2652 Et
2427 2600 2694 2670 perpende
2737 2601 2853 2670 ejus
2899 2603 3380 2656 mansuetudinem.
3434 2601 3549 2657 Non
3595 2604 3733 2657 enim

2149 2691 2275 2742 dixit
2305 2733 2317 2753 ,
2349 2691 2538 2747 Pttnite
2569 2693 2683 2745 illos
2709 2735 2722 2758 ,
2755 2695 2871 2756 sed,
2901 2693 3094 2747 Cavete
3123 2711 3188 2748 ne
3211 2695 3277 2747 ab
3305 2696 3410 2747 illis
3441 2695 3703 2748 hetlamini
3726 2737 3739 2758 ,

2151 2797 2216 2835 ne
2248 2782 2439 2835 incauti
2487 2784 2535 2836 in
2587 2783 2704 2836 illos
2753 2785 3016 2838 incidatis.
3063 2786 3301 2848 Deinde,
3338 2803 3403 2839 ne
3451 2787 3599 2840 dicas
3643 2803 3742 2840 non

2153 2888 2308 2939 posse
2359 2873 2657 2942 lmjusmodi
2701 2875 2946 2930 homines
2989 2879 3276 2930 internosci
3313 2919 3324 2937 .
3357 2880 3424 2931 ab
3471 2878 3742 2932 hominum

2151 2967 2401 3035 exetnplo
2429 2984 2612 3021 rursus
2643 2970 2975 3022 ratiocinium
2996 2970 3209 3023 adhibet
3240 2971 3422 3024 dicens
3448 2989 3459 3024 :
3484 2970 3744 3042 Numquid

2152 3059 2395 3128 colligunt
2427 3059 2488 3111 de
2515 3059 2674 3127 spinis
2713 3076 2834 3112 uvas
2859 3103 2873 3126 ,
2902 3071 2986 3113 aut
3021 3061 3083 3114 de
3112 3063 3306 3114 tribulis
3341 3063 3470 3128 licus
3493 3063 3518 3114 2’
3549 3065 3633 3118 l't'.
3662 3063 3745 3116 Sic

2153 3153 2313 3204 omnis
2339 3151 2490 3204 arbor
2516 3153 2646 3203 bona
2664 3194 2678 3216 ,
2705 3153 2859 3205 bonos
2889 3160 3083 3221 [ructus
3113 3155 3233 3223 facit
3254 3170 3271 3217 ;
3301 3156 3434 3205 mala
3466 3165 3633 3206 autem
3660 3173 3746 3206 ar-

2153 3243 2242 3296 bor
2285 3244 2480 3313 fructus
2534 3246 2694 3298 malos
2743 3246 2886 3315 facit.
2928 3246 3012 3298 18.
3060 3246 3180 3298 Non
3229 3258 3387 3315 potest
3432 3248 3584 3299 arbor
3623 3249 3750 3299 bona

2155 3339 2347 3404 fructus
2377 3337 2536 3388 mulos
2558 3340 2724 3406 facere
2743 3377 2757 3400 ,
2783 3353 2872 3389 nec
2903 3338 3052 3389 arbor
3081 3339 3216 3390 mala
3255 3339 3446 3406 fructus
3480 3338 3635 3391 bonos
3663 3345 3742 3405 fa-

2154 3445 2283 3480 cere.
2319 3427 2470 3493 Quod
2512 3439 2688 3481 autem
2719 3429 2847 3481 dicit
2878 3429 3180 3497 huiusmodi
3226 3440 3307 3481 est
3332 3450 3342 3481 :
3370 3430 3507 3483 Nihil
3557 3432 3751 3484 habent

2157 3521 2283 3572 mite
2303 3522 2381 3572 vel
2413 3520 2601 3583 dulce;
2634 3521 2822 3588 pellem
2855 3521 3026 3573 solum
3056 3521 3170 3572 ovis
3196 3533 3425 3590 gestant,
3461 3523 3579 3575 ideo
3601 3523 3752 3576 facile

2160 3615 2609 3665 internoscuutur.
2638 3613 2702 3666 Et
2733 3628 2802 3666 ne
2831 3615 2910 3666 vel
2942 3614 3215 3665 minimum
3247 3615 3480 3680 dubites,
3511 3615 3759 3666 naturali-

2161 3703 2258 3755 bus
2295 3705 2699 3757 lueet-ssilatibus
2736 3715 3010 3773 comparat
3053 3720 3113 3759 ea
3148 3721 3264 3772 qua:
3308 3706 3461 3758 aliter
3492 3708 3601 3757 ficri
3651 3723 3752 3756 non

2159 3807 2398 3864 possunt.
2433 3796 2583 3862 Quod
2614 3799 2770 3850 etiam
2812 3797 3004 3850 Paulus
3039 3797 3249 3851 dicebat
3275 3817 3285 3850 :
3313 3798 3579 3862 Sapientia
3626 3798 3755 3849 enim

2159 3890 2326 3940 carnis
2349 3929 2363 3953 ,
2397 3906 2533 3941 mors
2557 3901 2628 3940 est
2654 3905 2671 3942 :
2695 3889 2791 3958 legi
2828 3893 2959 3942 enim
3004 3891 3096 3943 Dei
3140 3909 3238 3943 non
3280 3891 3543 3960 subjicitur
3563 3906 3579 3943 .'
3603 3907 3758 3958 neque

2159 3984 2291 4035 enim
2319 3994 2475 4051 potest
2501 3984 2679 4053 (Rom.
2713 3985 2765 4038 8.
2799 3987 2831 4038 6
2881 3985 2954 4055 7).
2982 3986 3132 4052 Quod
3160 3997 3334 4040 autem
3371 3986 3492 4039 illud
3522 3987 3758 4039 secundo

2163 4090 2342 4147 ponat.
2380 4095 2483 4131 nou
2512 4088 2594 4132 est
2622 4081 2890 4147 superﬂua
2924 4081 3171 4148 repetitio
3197 4081 3507 4134 verhorum.
3539 4080 3614 4134 Ne
3641 4083 3759 4148 quis

2163 4171 2302 4224 enim
2333 4171 2554 4232 diceret,
2582 4171 2757 4224 Arbor
2785 4174 2922 4223 mala
2953 4172 3156 4225 fruetus
3185 4173 3398 4241 quidem
3430 4173 3530 4225 fert
3556 4177 3724 4224 malos
3743 4214 3757 4232 ,

2163 4262 2257 4314 sed
2287 4264 2385 4314 l'crt
2415 4263 2574 4315 etiam
2607 4262 2811 4326 honos;
2839 4272 2891 4315 et
2921 4279 3041 4316 cum
3081 4263 3316 4331 duplices
3344 4261 3510 4324 ferat,
3541 4261 3764 4314 dil'licile

2163 4365 2244 4408 est
2278 4355 2396 4408 illos
2427 4355 2790 4409 internoscere
2815 4375 2828 4408 :
2855 4360 2921 4408 At
2943 4371 3027 4409 res
3047 4397 3060 4418 ,
3089 4356 3258 4424 inquit
3285 4398 3299 4421 ,
3334 4372 3436 4408 non
3471 4356 3541 4407 ita
3571 4370 3629 4406 se
3662 4356 3760 4406 ha-

2165 4446 2252 4498 bet
2278 4462 2291 4499 :
2319 4445 2487 4499 malos
2532 4455 2736 4499 tantum
2782 4445 2932 4499 affert
2953 4487 2968 4511 ,
2994 4447 3161 4499 bonos
3204 4462 3527 4513 numquam;
3564 4456 3619 4498 ιιι
3649 4456 3702 4497 ct
3732 4460 3767 4499 e

2163 4537 2453 4589 contrario.
2485 4537 2620 4602 Quid
2650 4537 2841 4604 igitur?
2867 4538 3059 4590 Annon
3102 4549 3181 4590 est
3210 4539 3288 4591 vir
3319 4538 3509 4600 bonus,
3538 4539 3628 4606 qui
3654 4554 3768 4588 tua-

2170 4634 2248 4684 lus
2274 4631 2568 4686 efficiatur?
2588 4634 2661 4686 Ae
2679 4634 2908 4688 vicissim
2937 4634 3218 4687 dicendum
3248 4651 3277 4687 e
3298 4634 3568 4688 contrario
3593 4652 3606 4686 :
3630 4637 3768 4686 mul-

2169 4730 2234 4779 tis
2269 4728 2570 4796 lmjusmotli
2601 4728 2861 4796 exemplis
2892 4729 3105 4797 plenum
3135 4738 3216 4781 est
3257 4729 3530 4781 hominum
3572 4743 3761 4796 genus.

2166 4821 2269 4872 Sed
2296 4820 2539 4873 Christus
2562 4836 2664 4872 non
2694 4819 2820 4872 illud
2848 4820 2994 4884 dicit,
3020 4835 3214 4888 nempe
3243 4835 3346 4871 non
3381 4834 3535 4887 posse
3565 4818 3764 4869 uralum

2169 4912 2436 4965 hominem
2472 4912 2685 4973 nmtari,
2719 4928 2888 4980 neque
2912 4913 3104 4964 bonum
3137 4913 3362 4966 cadere:
3390 4927 3570 4965 verum
3595 4910 3766 4962 donec

2171 5005 2220 5057 in
2254 5005 2484 5072 nequitia
2529 5014 2872 5072 perseverat,
2910 5006 3104 5057 bonum
3148 5022 3251 5057 non
3284 5005 3470 5057 afferet
3511 5005 3763 5056 fructum.

2174 5097 2356 5150 Mutari
2387 5098 2527 5150 enim
2563 5105 2737 5166 potest
2763 5138 2775 5160 ,
2805 5108 2857 5150 et
2888 5113 2948 5149 ex
2991 5097 3233 5165 improbo
3264 5097 3434 5151 bonus
3464 5096 3636 5160 elici;
3671 5096 3768 5149 sed

2172 5190 2222 5241 in
2273 5190 2504 5256 nequitia
2552 5204 2811 5253 manens,
2871 5189 3097 5242 fructum
3150 5204 3254 5242 non
3309 5191 3492 5242 all'eret
3541 5191 3764 5242 bonum.

2171 5283 2451 5348 Quomodo
2471 5298 2598 5352 ergo
2631 5282 2794 5335 David
2816 5325 2828 5344 ,
2860 5284 3031 5336 bomis
3055 5301 3174 5335 eum
3205 5294 3366 5348 esset,
3395 5284 3618 5337 fructum
3652 5300 3765 5335 Ina-

2173 5378 2281 5430 lmn
2323 5377 2480 5430 tulit?
2511 5375 2624 5429 Non
2659 5392 2880 5430 manens
2921 5377 3089 5430 bonus
3116 5419 3129 5443 ,
3164 5377 3255 5430 sed
3307 5387 3537 5430 mutatus
3561 5394 3574 5429 :
3601 5377 3692 5445 qui
3724 5377 3764 5429 si

2175 5481 2434 5538 perpetuo
2459 5469 2744 5522 mansisset
2772 5469 2941 5538 qualis
2965 5480 3079 5522 erat
3102 5511 3114 5534 ,
3140 5484 3426 5538 nmuquam
3462 5469 3619 5522 talem
3653 5468 3764 5522 fru-

2172 5572 2313 5614 ctum
2350 5561 2574 5615 tulisset.
2600 5560 2729 5614 Nam
2761 5562 2803 5614 si
2837 5562 2886 5614 in
2906 5563 3114 5614 virtutis
3143 5561 3308 5630 gradu
3331 5563 3634 5624 mansisset,
3657 5578 3761 5612 non

2174 5670 2333 5708 :tttstls
2364 5664 2506 5708 esset
2538 5655 2654 5706 talia
2691 5664 3020 5722 perpetrare.
3054 5653 3180 5706 Hasc
3218 5663 3393 5706 autem
3437 5653 3678 5714 diei-bat,
3714 5660 3763 5705 ut

2176 5759 2377 5801 temere
2406 5747 2808 5817 obloquenlium
2843 5757 2897 5801 et
2937 5747 3334 5801 criminantium
3379 5761 3472 5800 ora
3507 5746 3758 5800 frenaret.

2174 5841 2306 5907 Quia
2346 5840 2485 5892 enim
2533 5840 2740 5908 plurimi
2775 5839 2943 5892 bonos
2978 5855 3047 5892 ex
3079 5839 3335 5906 improbis
3375 5838 3642 5891 arstimant
3665 5881 3677 5899 ,
3709 5847 3759 5890 ut

2178 5933 2280 5987 iiiis
2307 5948 2517 5987 omnem
2552 5935 2946 5989 excusationem
2974 5933 3256 6000 adimeret,
3285 5933 3386 5988 hoc
3408 5932 3561 5986 dixit.
3585 5929 3759 6001 Neque
