4036 6436
260 480 368 534 517

253 599 404 649 enim
452 593 633 649 dicere
673 592 882 665 possis,
910 591 1318 649 Circumventus
1346 605 1466 645 sum
1494 600 1653 661 atque
1693 588 1855 647 dece-

257 695 382 754 ptus
409 703 424 740 :
453 699 576 738 nam
604 691 907 739 accuratam
935 683 1028 738 tibi
1054 682 1177 739 dedi
1203 698 1269 738 ex
1294 682 1547 752 operibus
1573 682 1813 737 notitiam
1838 724 1853 748 ,

253 777 452 847 jubens
481 792 576 848 per
602 777 746 846 ipsos
764 784 916 831 actus
933 773 1245 846 procedere,
1265 788 1439 849 neque
1455 773 1632 829 omnia
1657 783 1857 828 temere

258 869 498 923 turbare.
529 866 731 922 Deinde
754 867 879 936 quia
906 882 1009 920 non
1035 880 1128 920 eos
1150 865 1331 920 ulcisci
1350 865 1523 935 jussit,
1548 864 1642 920 sed
1668 879 1857 920 cavere

253 960 326 1015 ab
346 959 452 1014 illis
469 967 528 1012 ut
542 972 637 1013 eos
650 959 741 1028 qui
756 958 826 1011 ab
845 957 950 1013 illis
973 956 1296 1013 laederentur
1321 958 1645 1022 consoletur,
1668 958 1856 1013 simul-

254 1068 362 1120 que
386 1058 443 1105 ut
462 1049 720 1106 laedentes
746 1049 1017 1105 deterreat
1034 1058 1091 1103 et
1107 1050 1157 1102 in
1177 1049 1397 1104 meliora
1413 1057 1710 1109 convertat.
1738 1064 1855 1119 pa:-

256 1158 383 1198 nam
401 1143 469 1199 ab
484 1158 544 1198 se
562 1142 691 1212 ipsis
711 1141 1050 1212 inlligeudam
1072 1142 1256 1196 statuit
1281 1150 1336 1197 et
1361 1142 1609 1208 ﬁrmavit,
1640 1141 1853 1196 dicens:

256 1238 345 1292 l9.
370 1236 548 1291 Omnis
564 1235 734 1301 arbor,
746 1250 860 1306 qua:
873 1252 971 1290 non
984 1234 1108 1307 facit
1123 1238 1342 1305 fructum
1359 1235 1564 1301 bonum,
1579 1235 1854 1300 excidatur,

254 1338 304 1380 et
347 1330 402 1382 in
442 1330 609 1398 ignem
637 1329 877 1382 mittetur.
908 1327 1109 1382 Deinde
1136 1341 1439 1382 sermonem
1469 1327 1853 1397 aliquantulmn

259 1429 366 1474 tem
375 1435 588 1488 perans,
610 1419 817 1474 intulit:
834 1418 923 1474 ΞΟ.
943 1416 971 1471 1
978 1419 1113 1490 gitur
1140 1434 1203 1472 ea:
1219 1418 1466 1489 fructibus
1485 1435 1653 1472 eorum
1669 1436 1855 1489 cegno-

253 1511 406 1565 stetis
426 1527 531 1565 eos.
548 1508 629 1566 Ne
642 1519 819 1565 autem
836 1510 1306 1565 comminationem
1330 1510 1562 1566 maxime
1587 1511 1857 1565 videretur

257 1601 537 1665 inducere,
556 1601 706 1671 quasi
731 1616 824 1672 per
835 1599 1254 1655 admonitionem
1270 1610 1324 1655 et
1346 1601 1628 1656 consilium
1650 1602 1858 1657 videtur

251 1691 472 1747 illorum
505 1693 739 1748 animum
769 1707 1008 1747 movere.
1038 1691 1136 1747 ilic
1162 1708 1289 1748 vero
1316 1694 1444 1747 mihi
1471 1692 1686 1750 Judteos
1720 1696 1856 1750 sub-

255 1783 499 1839 indicare
530 1784 757 1850 videtur,
796 1784 887 1856 qtti
920 1783 1052 1839 tales
1083 1783 1425 1853 proferebant
1459 1785 1681 1841 fructus.
1706 1785 1859 1841 Ideo-

255 1889 363 1944 que
387 1873 610 1930 Joannis
634 1874 775 1929 dicta
806 1876 1141 1939 memoravit,
1166 1891 1261 1944 per
1287 1875 1473 1931 eadem
1502 1876 1611 1946 ipsa
1643 1879 1855 1933 nomina

257 1966 579 2036 supplicium
612 1965 717 2021 illis
741 1966 1069 2021 describens.
1100 1965 1233 2021 Nam
1263 1975 1315 2021 et
1344 1967 1433 2021 ille
1470 1966 1585 2021 ιιωο
1610 1968 1819 2023 dicebat
1838 2010 1854 2035 ,

257 2059 530 2124 securim,
560 2058 808 2114 arborem
843 2058 1191 2114 excidendam
1223 2067 1277 2112 et
1305 2060 1479 2129 ignem
1510 2060 1857 2129 ittexstiugui-

256 2148 424 2203 bilem
463 2148 567 2204 illis
600 2165 1031 2205 commemorans
1058 2148 1273 2223 (Matth.
1301 2152 1354 2205 3.
1389 2149 1499 2221 10).
1531 2150 1858 2221 Videturque

256 2257 363 2294 una
406 2251 608 2295 tantum
647 2257 803 2310 pmna
846 2257 1000 2307 esse,
1032 2258 1224 2311 nempe
1262 2243 1602 2308 combustio;
1638 2244 1681 2298 si
1729 2259 1857 2298 vero

254 2332 382 2401 quis
431 2336 546 2387 haec
587 2344 835 2388 accurate
864 2334 1142 2404 exploret,
1171 2333 1365 2404 duplex
1410 2335 1496 2389 hic
1539 2336 1855 2406 supplicium

254 2433 363 2478 est.
386 2423 518 2478 Nam
545 2425 632 2494 qui
658 2425 1007 2489 comburitur,
1026 2440 1057 2479 a
1078 2441 1242 2495 regno
1265 2425 1462 2480 excidit
1482 2427 1720 2490 omnino;
1745 2427 1858 2480 lnec

258 2531 391 2569 vero
418 2532 574 2585 poena
604 2516 775 2585 major
800 2527 901 2571 est.
930 2516 1060 2570 Novi
1100 2527 1249 2571 certe
1284 2519 1479 2572 inultos
1503 2534 1568 2572 ex
1597 2519 1857 2589 gehennm

256 2617 466 2662 tantum
498 2610 712 2662 nomine
744 2609 963 2663 horrere
988 2625 1003 2675 ;
1030 2625 1127 2678 ego
1160 2619 1333 2663 tamen
1366 2610 1532 2664 multo
1557 2610 1858 2680 graviorem

256 2717 382 2757 esse
411 2716 621 2770 pteuam
649 2701 787 2756 duco
808 2717 836 2755 a
863 2702 1026 2772 gloria
1058 2702 1146 2755 illa
1172 2701 1439 2768 excidere,
1469 2719 1627 2773 quam
1658 2704 1860 2773 gehen-

256 2807 384 2846 nam
407 2792 589 2847 subire
606 2793 646 2847 '.
669 2792 722 2847 Si
749 2808 874 2848 vero
895 2793 946 2847 id
971 2807 1073 2846 non
1094 2794 1264 2864 possit
1284 2808 1531 2848 sermone
1551 2796 1858 2859 ministrari,

256 2885 392 2941 nihil
432 2888 644 2940 mirum.
672 2885 857 2957 Neque
893 2888 1036 2941 enim
1071 2889 1312 2941 novimus
1345 2888 1606 2941 honorum
1648 2888 1857 2940 illormn

255 2978 667 3045 beatitudinem,
689 2989 746 3033 ut
769 2980 988 3049 perditae
1006 2980 1170 3049 ipsius
1196 2980 1467 3033 miseriam
1494 2981 1821 3034 mstimemus
1844 2999 1856 3033 :

254 3070 524 3139 siquidem
557 3070 752 3125 Paulus
785 3112 800 3137 ,
825 3086 912 3140 qtu
940 3070 1055 3125 inec
1087 3070 1250 3140 probe
1275 3078 1514 3135 noverat,
1540 3071 1741 3125 sciebat
1768 3088 1863 3125 ex-

255 3162 441 3215 cidere
467 3177 498 3215 e
525 3162 692 3232 gratia
719 3160 920 3216 Christi
945 3176 1054 3216 rem
1076 3175 1197 3216 esse
1223 3161 1462 3215 omnium
1488 3162 1859 3231 gravissimam

257 3251 406 3316 (Gal.
440 3253 493 3308 5.
526 3254 604 3324 4).
638 3254 704 3307 Et
732 3254 833 3307 hoc
862 3268 961 3306 nos
989 3267 1203 3322 quoque
1246 3252 1479 3306 sciemus
1498 3293 1513 3318 ,
1542 3268 1665 3307 cum
1693 3253 1745 3305 in
1778 3253 1856 3307 rei

256 3347 688 3416 experimentum
720 3346 1083 3401 ineiderimus.

334 3440 373 3495 8
414 3438 669 3504 Quantum
699 3441 762 3492 sit
796 3439 985 3491 malum
1016 3438 1245 3492 excidere
1269 3454 1299 3491 α
1323 3453 1479 3509 regno
1510 3436 1606 3490 Dei
1631 3438 1860 3506 exemplo

256 3524 612 3585 adu’mbratur.
637 3530 862 3584 Christus
892 3530 1035 3583 nobis
1073 3530 1243 3583 omnia
1277 3538 1367 3583 est.
1396 3558 1466 3568 —
1492 3527 1597 3583 Sed
1634 3528 1766 3582 faxis
1794 3542 1861 3582 ne

260 3626 366 3679 hoc
397 3626 680 3694 patiamur,
703 3642 735 3677 o
762 3624 1034 3694 unigenite
1062 3623 1156 3677 Dei
1190 3623 1310 3686 Fili,
1337 3638 1512 3693 neque
1542 3621 1860 3676 intolerandi

262 3719 418 3772 istius
483 3718 725 3787 supplicii
783 3732 1036 3787 umquam
1087 3718 1514 3786 experimentum
1566 3731 1859 3770 sumamus.

259 3812 534 3876 Quantum
556 3809 699 3864 enim
728 3809 796 3863 sit
824 3809 1021 3862 malum
1050 3824 1078 3861 a
1105 3808 1262 3863 bonis
1291 3808 1396 3863 illis
1423 3807 1693 3873 excidere,
1718 3807 1863 3861 clare

260 3902 512 3968 cognosci
536 3901 737 3970 nequit.
764 3902 1009 3955 Attamen
1030 3914 1126 3970 pro
1148 3899 1285 3953 virili
1309 3915 1424 3954 mea
1448 3899 1684 3953 conabor
1704 3907 1864 3968 atque

258 3992 603 4059 contendam,
625 3993 727 4047 hoc
745 3992 896 4047 vobis
921 4007 1015 4061 per
1041 3992 1345 4060 exemplum
1376 3991 1568 4045 saltem
1598 3990 1859 4044 tantillum

262 4097 584 4140 monstrare.
617 4086 991 4154 Supponamus
1018 4098 1137 4139 esse
1165 4085 1398 4153 puellum
1424 4084 1740 4149 mirabilem,
1772 4084 1860 4153 qui

260 4179 463 4233 virtute
489 4177 686 4232 llorcns
724 4178 883 4232 totius
909 4177 1069 4231 etiam
1099 4177 1246 4232 orbis
1274 4178 1555 4245 imperium
1582 4176 1821 4230 obtineat
1844 4216 1859 4241 ,

264 4280 517 4341 tantaque
544 4271 738 4325 virtute
760 4270 1061 4339 prmditum,
1087 4278 1145 4323 ut
1166 4269 1331 4339 possit
1357 4270 1596 4323 omnium
1615 4268 1861 4321 affectum

263 4363 319 4416 in
349 4376 407 4417 se
434 4364 502 4415 ita
529 4378 870 4416 commovere
892 4403 907 4427 ,
942 4371 998 4415 ut
1026 4361 1263 4415 universi
1298 4360 1451 4415 illum
1483 4370 1704 4431 paterno
1738 4359 1860 4414 dili—

264 4464 397 4526 gant
423 4470 624 4509 amore.
659 4454 797 4521 Quid
830 4471 936 4508 non
968 4454 1165 4524 putatis
1192 4466 1397 4523 patrem
1422 4453 1539 4523 ejus
1580 4468 1862 4522 passurqu

264 4563 409 4613 esse,
443 4564 509 4601 ne
534 4547 654 4601 talis
680 4547 773 4601 lilii
805 4547 1041 4615 privetur
1060 4546 1364 4614 colloquio?
1379 4545 1502 4614 quid
1529 4555 1620 4599 aut
1646 4560 1863 4614 parvum

267 4648 360 4694 aut
387 4655 635 4709 magnum
671 4640 791 4692 mali
823 4654 927 4692 non
958 4648 1329 4707 suscepturum
1351 4679 1366 4702 ,
1396 4648 1446 4689 ut
1478 4637 1625 4690 illtnn
1652 4637 1862 4699 videat,

269 4733 470 4801 illoque
501 4732 845 4801 perfruatur?
867 4731 981 4786 Hoc
1009 4732 1167 4801 igitur
1186 4739 1241 4785 et
1265 4730 1333 4785 de
1358 4730 1524 4797 gloria
1551 4731 1638 4784 illa
1666 4731 1841 4800 cogite

268 4840 411 4879 mus.
438 4824 617 4894 Neque
644 4825 788 4878 enim
818 4822 957 4878 ﬁlius
982 4822 1313 4892 quantalibet
1341 4822 1536 4876 virtute
1560 4821 1864 4887 decoretur,

269 4918 343 4971 ita
372 4917 505 4985 patri
534 4915 909 4971 desiderabilis
934 4926 987 4969 et
1012 4914 1255 4969 amabilis
1280 4922 1382 4977 est,
1409 4925 1465 4966 ut
1492 4922 1690 4967 sortem
1725 4914 1865 4965 illam

270 5012 535 5063 bonorum
582 5009 828 5077 accipere
851 5049 867 5074 ,
895 5022 957 5060 ac
998 5006 1228 5069 resolvi,
1262 5014 1316 5059 et
1344 5021 1463 5063 esse
1490 5021 1611 5057 cum
1654 5003 1868 5057 Christo

269 5101 532 5172 (Philipp.
556 5103 608 5158 1.
628 5100 749 5171 ‘25).
775 5098 1130 5154 lntolerabilis
1155 5099 1351 5168 quippe
1376 5106 1460 5150 est
1487 5096 1571 5148 illa
1600 5094 1865 5165 gcltcnna,

271 5198 472 5268 illaque
498 5211 673 5265 ptBna.
701 5197 949 5248 Attamen
981 5192 1104 5247 licet
1130 5191 1274 5245 mille
1298 5190 1417 5261 quis
1444 5188 1717 5256 gehennas
1744 5200 1869 5254 pro-

270 5289 509 5359 posuerit
536 5329 551 5353 ,
583 5287 711 5340 nihil
745 5288 849 5341 tale
875 5285 1114 5340 dicturus
1144 5291 1261 5347 est,
1288 5282 1445 5350 quale
1482 5288 1568 5335 est
1602 5294 1670 5333 ex
1715 5278 1867 5333 beata

272 5387 362 5441 illa
389 5384 637 5439 excidere
676 5381 843 5451 gloria
868 5422 882 5443 ,
917 5378 1132 5434 Christo
1155 5392 1375 5431 exosum
1403 5388 1523 5429 esse
1547 5417 1563 5434 ,
1594 5371 1779 5426 audire
1803 5372 1870 5423 ah

274 5478 371 5533 illo
399 5517 416 5541 ,
448 5474 572 5531 Non
613 5475 727 5527 novi
765 5488 852 5527 vos
894 5469 1105 5542 (Matth.
1270 5467 1382 5536 η),
1420 5464 1694 5528 accusari,
1727 5464 1869 5531 quod

274 5573 601 5625 esurientem
628 5567 774 5620 illum
796 5581 918 5619 cum
940 5562 1265 5625 videremus,
1281 5560 1457 5614 cibum
1477 5555 1867 5627 negaverimus.

277 5660 491 5716 Etenim
522 5656 714 5711 melius
740 5665 821 5710 est
850 5653 994 5709 mille
1021 5649 1328 5704 fulminibus
1354 5646 1529 5711 obrui,
1562 5661 1721 5715 quam
1753 5644 1869 5697 vnl-

275 5762 392 5806 tum
423 5750 573 5803 illum
602 5755 936 5800 mansuetum
964 5741 1145 5797 videre
1170 5755 1265 5794 nos
1292 5746 1652 5803 aversantem,
1680 5746 1735 5791 et
1760 5734 1870 5804 pla-

340 5906 359 5938 ι
398 5905 481 5953 Hit‘
505 5903 641 5952 locus
655 5904 728 5951 sic
750 5902 932 5965 legitur
957 5896 1326 5965 in__ttorel._,_e_qo
1346 5899 1503 5946 tantm
1534 5891 1869 5959 gravissimam

272 5979 380 6019 esse
396 5978 590 6030 pinnam
612 5966 735 6015 duco
759 5978 787 6014 a
805 5959 959 6028 gloria
984 5961 1068 6012 illa
1089 5959 1337 6011 excidere.

1202 474 1268 530 IN
1308 473 1715 529 MA'I'TIIIEUM
1759 470 1986 528 IIUMIL
2032 476 2218 533 XXIII.
2258 485 2326 541 al.
2369 486 2558 543 XXIV.

3449 504 3551 557 518

1963 595 2141 651 cidum
2172 601 2387 657 oculum
2417 620 2515 658 nos
2544 608 2782 679 aspicere
2810 626 2914 666 non
2945 614 3320 670 sustinentem.
3348 615 3479 671 Nam
3507 620 3550 671 si

1964 703 2051 743 me
2077 690 2165 745 ille
2193 690 2465 749 inimicum
2492 712 2553 753 sc
2581 699 2705 753 odio
2731 701 3012 757 habentem
3041 714 3096 760 et
3119 715 3453 761 aversantem
3483 708 3551 760 ita

1969 788 2294 847 prosecutus
2308 789 2414 846 est,
2435 790 2491 836 ut
2510 798 2608 838 nec
2630 784 2731 838 sibi
2750 784 2852 854 ipsi
2866 799 3136 852 parceret,
3156 791 3248 844 sed
3262 804 3321 845 se
3334 792 3399 845 ad
3415 807 3558 845 mor-

1969 878 2074 924 tem
2093 874 2349 937 traderet;
2366 889 2489 928 ctun
2504 884 2627 942 post
2642 876 2733 930 illa
2748 880 2929 933 omnia
2945 895 3043 934 nec
3053 883 3312 936 esurienti
3331 883 3551 954 quidem

1962 974 2155 1029 panem
2185 964 2459 1035 porrigere
2484 966 2732 1036 dignatus
2759 967 2930 1036 fuero,
2961 971 3157 1040 quibus
3183 972 3398 1029 demum
3428 991 3552 1029 ocu-

1965 1051 2030 1106 lis
2076 1052 2248 1121 ipsum
2297 1056 2619 1125 respiciam?
2649 1057 2743 1113 Hic
2771 1074 2902 1114 vero
2947 1062 3215 1131 perpende
3253 1063 3369 1132 ejus
3399 1081 3552 1118 tuan-

1961 1142 2317 1199 snetudinem.
2348 1145 2529 1216 Neque
2553 1148 2696 1203 enim
2725 1148 2979 1205 beneﬁcia
3022 1167 3117 1206 sua
3143 1165 3551 1219 commemorat,

1964 1252 2135 1304 neque
2167 1250 2238 1303 te,
2267 1241 2351 1293 cui
2382 1249 2458 1294 tot
2490 1241 2626 1295 bona
2658 1244 2904 1307 contulit,
2936 1243 3084 1299 illum
3115 1245 3392 1313 despicere
3421 1264 3555 1318 quc-

1962 1328 2115 1380 ritur.
2145 1328 2328 1399 Neque
2355 1332 2494 1385 cnim
2525 1332 2690 1387 dicit:
2714 1333 2868 1388 Mene
2893 1334 3142 1404 despicis,
3172 1338 3260 1407 qui
3296 1348 3348 1393 te
3376 1355 3440 1393 ex
3472 1340 3555 1392 ni-

1963 1419 2075 1474 hilo
2102 1422 2345 1490 produxi,
2373 1424 2462 1494 qui
2492 1424 2582 1479 tibi
2609 1425 2839 1479 anituam
2870 1427 3151 1493 insufflavi,
3185 1431 3274 1499 qui
3310 1443 3360 1486 te
3378 1435 3553 1486 omni-

1960 1510 2076 1575 bus,
2107 1528 2225 1582 quae
2248 1514 2297 1567 in
2328 1523 2467 1570 terra
2494 1525 2637 1581 sunt,
2660 1515 2892 1585 pra-feci,
2916 1519 3002 1589 qui
3028 1530 3243 1590 propter
3269 1531 3321 1576 te
3341 1524 3554 1589 etclum,

1964 1612 2159 1658 terram
2180 1645 2197 1669 ,
2227 1620 2404 1670 mare,
2438 1621 2616 1661 aerem
2636 1648 2651 1673 ,
2682 1617 2737 1661 et
2764 1610 2942 1662 omnia
2968 1626 3087 1679 qua:
3117 1611 3381 1667 exsistunt
3412 1614 3510 1667 Paci
3540 1657 3554 1679 ,

1960 1695 2052 1766 qui
2081 1711 2110 1749 a
2140 1704 2191 1749 te
2220 1695 2571 1751 inhonoratus
2614 1715 2730 1752 sum
2775 1708 2829 1754 et
2864 1700 3074 1755 diabolo
3104 1702 3260 1757 vilior
3282 1704 3558 1758 existima-

1965 1792 2051 1839 tus
2072 1828 2087 1851 ,
2120 1786 2207 1855 qui
2238 1801 2410 1857 neque
2439 1787 2518 1842 sic
2544 1787 2758 1856 destiti,
2787 1792 2880 1845 sed
2909 1791 3072 1844 millia
3102 1803 3224 1861 post
3264 1794 3376 1848 hate
3405 1796 3455 1848 in
3484 1797 3558 1850 tui

1960 1876 2183 1945 gratiam
2214 1879 2507 1948 excogitavi
2536 1922 2550 1943 ,
2582 1881 2671 1949 qui
2703 1896 2895 1936 servus
2921 1898 3041 1937 esse
3066 1884 3207 1937 volui
3231 1927 3245 1949 ,
3276 1886 3363 1954 qui
3390 1888 3560 1957 alapis

1961 1982 2155 2034 caesus,
2182 1979 2473 2039 conspulus
2498 1980 2550 2026 et
2575 1974 2783 2027 occisus
2804 1986 2944 2039 smn,
2973 1984 3199 2028 mortem
3230 1991 3417 2046 passus
3447 1986 3558 2031 tur-

1963 2058 2235 2128 pissimam
2262 2061 2389 2129 ,qui
2434 2063 2593 2117 etiam
2637 2064 2691 2117 in
2736 2064 2869 2119 ca'lo
2917 2080 3012 2134 pro
3061 2074 3112 2120 te
3161 2069 3443 2137 supplico,
3471 2071 3561 2140 qui

1963 2149 2222 2216 Spiritum
2250 2151 2342 2204 tibi
2371 2152 2589 2223 largitus
2615 2167 2754 2220 sum,
2780 2155 2869 2225 qui
2895 2165 2944 2210 te
2969 2172 3131 2226 regno
3150 2157 3395 2227 dignatus
3418 2177 3558 2226 sum,

1962 2239 2051 2308 qui
2083 2240 2205 2294 talia
2235 2242 2453 2311 promisi
2485 2243 2615 2309 tibi,
2644 2245 2733 2315 qui
2762 2256 2919 2315 caput
2951 2256 3095 2301 tuum
3126 2263 3248 2303 esse
3283 2251 3442 2316 volui,
3470 2256 3562 2321 qui

1964 2345 2195 2400 sponsus
2225 2348 2365 2399 sum,
2396 2336 2576 2400 vestis,
2610 2337 2818 2401 domus,
2851 2338 2998 2392 radix
3024 2381 3039 2405 ,
3072 2355 3193 2394 esca
3216 2383 3231 2405 ,
3260 2351 3435 2413 potus,
3466 2360 3563 2414 pa-

1964 2433 2095 2485 stor,
2127 2440 2239 2489 rex,
2263 2424 2444 2492 frater,
2471 2430 2558 2497 qui
2580 2436 2631 2483 te
2659 2427 2909 2483 heredem
2931 2441 2985 2484 et
3011 2430 3331 2488 coheredem
3360 2435 3375 2466 ί
3398 2434 3558 2505 elegi,

1963 2514 2055 2582 qui
2095 2530 2159 2568 ex
2207 2518 2439 2571 tenebris
2479 2518 2544 2571 ad
2576 2529 2891 2588 potestatem
2915 2523 2935 2552 ³
2966 2523 3097 2577 lucis
3142 2534 3192 2577 te
3217 2525 3396 2579 eduxi.
3426 2526 3560 2580 Cum

1964 2606 2080 2661 lnrc
2110 2617 2164 2661 et
2205 2608 2285 2663 his
2311 2610 2460 2679 plura
2489 2609 2670 2667 dicere
2698 2623 2920 2682 posset,
2954 2614 3084 2668 nihil
3114 2615 3217 2669 tale
3269 2617 3424 2671 dixit.
3454 2617 3560 2671 Sed

1965 2698 2130 2767 quid?
2157 2700 2340 2753 Solum
2371 2702 2500 2755 illud
2532 2705 2750 2772 protulit
2782 2713 3075 2773 peccatum.
3113 2707 3209 2761 llic
3247 2723 3377 2761 vero
3422 2708 3562 2763 dile-

1964 2788 2194 2841 ctionem
2228 2790 2459 2845 ostendit
2488 2803 2539 2846 et
2564 2808 2823 2860 amorem,
2858 2811 2963 2864 quo
2990 2803 3040 2850 te
3066 2796 3426 2867 prosequitur.
3454 2797 3530 2851 Ne
3548 2828 3560 2838 -

1965 2893 2069 2946 que
2102 2882 2245 2932 enim
2276 2879 2428 2945 dixit,
2454 2880 2527 2937 Ite
2554 2882 2603 2934 iu
2637 2884 2812 2953 ignem
2844 2894 3086 2953 paratum
3113 2886 3282 2951 Vobis,
3306 2888 3422 2953 sed,
3459 2886 3564 2940 Pa-

1965 2980 2131 3024 ratum
2152 2972 2372 3027 diabolo.
2402 2975 2662 3047 Priusque
2681 2976 2810 3031 dicit
2830 2994 3073 3047 quamam
3097 2979 3171 3032 illi
3198 2983 3561 3047 peccaverint.

1968 3081 2141 3136 neque
2189 3076 2365 3122 tamen
2402 3072 2580 3123 omnia
2620 3070 2801 3125 dicere
2844 3072 3108 3137 sustinet,
3137 3072 3231 3126 sed
3277 3088 3466 3143 pauca.
3499 3073 3566 3127 Et

1965 3167 2090 3211 ante
2118 3157 2216 3213 hos
2247 3160 2364 3214 illos
2388 3172 2541 3215 vocat
2564 3162 2652 3232 qui
2686 3163 2823 3217 bona
2850 3161 3110 3228 fecerunt,
3142 3172 3199 3217 ut
3227 3163 3354 3219 hinc
3379 3175 3564 3220 osten-

1965 3251 2119 3306 deret
2147 3267 2207 3306 se
2250 3262 2394 3307 recte
2421 3268 2690 3308 accusare.
2721 3254 2930 3320 Quanto
2973 3271 3101 3325 ergo
3147 3257 3409 3327 supplicio
3449 3257 3567 3313 hare

1964 3341 2125 3395 verba
2173 3357 2276 3396 non
2323 3344 2429 3399 sint
2470 3346 2821 3401 sa.-viom?Si
2864 3347 2983 3417 quis
3027 3347 3169 3401 enim
3220 3348 3491 3404 hominem
3533 3368 3561 3406 a

1964 3449 2072 3504 quo
2110 3433 2370 3488 beneﬁcio
2400 3436 2620 3490 affectus
2649 3437 2718 3489 sit
2743 3439 3065 3492 esurientem
3090 3438 3273 3492 videns
3297 3481 3311 3505 ,
3337 3456 3441 3493 non
3468 3440 3565 3495 de-

1966 3526 2185 3594 Spiciat;
2218 3528 2359 3597 quod
2405 3529 2449 3582 si
2490 3528 2782 3597 deSpiciat,
2816 3531 3168 3599 cxprobratus
3200 3533 3375 3600 potius
3404 3531 3568 3600 eligat

1968 3617 2019 3670 in
2051 3626 2245 3671 terram
2268 3618 2470 3683 defodi,
2502 3636 2661 3690 quam
2693 3620 2902 3676 duobus
2929 3623 3011 3677 vel
3046 3623 3215 3677 tribus
3250 3624 3439 3678 amicis
3480 3633 3562 3680 te-

1968 3710 2136 3765 stilms
2160 3712 2281 3765 talia
2303 3713 2488 3767 audire
2516 3732 2527 3766 :
2562 3713 2686 3782 quid
2716 3730 2813 3768 nos
2844 3716 3107 3784 patientur
3136 3726 3245 3768 toto
3275 3717 3406 3771 urbe
3433 3726 3568 3770 teste

1969 3804 2089 3858 talia
2121 3806 2421 3873 audientes,
2453 3824 2571 3877 qua:
2601 3823 2669 3862 ne
2700 3808 2912 3878 quidem
2940 3816 3066 3869 tunc
3092 3809 3182 3864 ille
3209 3810 3433 3873 diceret,
3460 3811 3561 3864 nisi

1947 3896 2183 3950 causam
2229 3898 2341 3966 ipse
2379 3912 2528 3952 Suam
2559 3899 2850 3955 defendere
2880 3901 3079 3955 vellet?
3106 3901 3256 3967 Quod
3289 3902 3431 3955 enim
3460 3920 3566 3956 non

1968 3991 2301 4058 exprobrans
2338 3990 2390 4043 id
2422 3990 2509 4044 ille
2533 3991 2709 4055 dicat,
2735 3991 2830 4046 sed
2860 4007 2981 4047 sese
3011 4009 3269 4063 purgans,
3304 4002 3360 4047 et
3392 4003 3447 4047 ut
3475 4011 3564 4044 os—

1970 4080 2151 4134 tendat
2194 4097 2253 4135 se
2292 4098 2397 4135 non
2444 4081 2636 4136 frustra
2687 4083 2771 4136 vel
2809 4084 2926 4138 sine
2971 4099 3130 4140 eausa
3177 4085 3387 4147 dicere,
3442 4084 3564 4139 Dis-

1968 4176 2130 4229 cedite
2173 4192 2204 4228 a
2237 4192 2334 4240 me,
2366 4176 2537 4245 palam
2569 4187 2650 4229 est
2691 4192 2757 4231 ex
2786 4176 2901 4246 ejus
2932 4177 3233 4247 ingentibus
3266 4178 3562 4231 beneﬁciis.

1970 4268 2098 4322 Nam
2132 4269 2174 4323 si
2204 4270 2530 4338 exprobrare
2562 4269 2858 4336 voluisset,
2893 4270 2981 4323 illa
3027 4270 3201 4323 omnia
3232 4269 3284 4323 in
3330 4270 3563 4324 medium

1969 4362 2278 4416 adduxisset
2307 4380 2321 4417 :
2349 4377 2492 4416 nunc
2524 4370 2704 4417 autem
2741 4377 2803 4417 ea
2833 4363 3006 4416 solum
3046 4361 3176 4416 dicit
3215 4377 3334 4432 qua:
3379 4375 3569 4432 passus

1969 4466 2072 4510 CSl.

2042 4548 2096 4603 9.
2123 4547 2431 4602 Timeamus
2477 4547 2658 4616 itaque
2681 4590 2698 4615 ,
2730 4547 2951 4613 dilecti,
2980 4546 3096 4601 lucc
3148 4548 3335 4603 audire
3386 4548 3568 4601 verba.

1969 4638 2089 4693 Non
2123 4647 2207 4694 est
2233 4639 2381 4693 lusus
2426 4638 2542 4692 haec
2570 4639 2718 4701 vita;
2753 4639 2859 4693 imo
2887 4639 3061 4708 potius
3106 4637 3222 4692 haec
3267 4638 3375 4691 vita
3422 4637 3574 4692 lusus

1972 4740 2075 4794 est.
2095 4730 2267 4786 futura
2289 4747 2420 4785 vero
2444 4747 2551 4785 non
2578 4730 2726 4785 lusus
2753 4739 2895 4784 sunt.
2920 4730 3079 4784 Forte
3095 4739 3272 4783 autem
3293 4744 3398 4783 non
3423 4727 3573 4783 lusus

1974 4834 2181 4881 tantum
2208 4833 2292 4879 οδι
2322 4825 2458 4889 vita,
2489 4824 2583 4879 sed
2612 4824 2727 4878 lusu
2754 4823 3009 4878 deterior.
3038 4821 3154 4875 Non
3186 4822 3328 4875 enim
3373 4820 3576 4875 desinit

1974 4921 2027 4971 in
2055 4918 2255 4983 risum,
2288 4916 2379 4970 sed
2425 4930 2674 4985 magnum
2719 4914 2879 4968 infert
2920 4914 3171 4967 damnum
3203 4912 3268 4966 iis
3292 4954 3307 4979 ,
3340 4911 3429 4982 qui
3463 4927 3570 4965 non

1973 5003 2257 5073 diligenter
2278 5016 2456 5055 mores
2471 5015 2597 5054 suos
2618 5012 2941 5067 componere
2966 4997 3167 5050 volunt.
3199 4995 3254 5051 In
3276 5012 3385 5066 quo
3405 4995 3571 5061 enim,

1976 5110 2159 5165 qureso
2185 5135 2197 5158 ,
2226 5109 2255 5148 a
2305 5093 2487 5163 pueris
2525 5091 2832 5146 ludentibus
2863 5098 2919 5143 et
2946 5088 3137 5143 domos
3184 5087 3574 5143 aediﬁcantibus

1972 5185 2270 5239 diti‘erimus
2295 5225 2310 5248 ,
2338 5184 2431 5252 qui
2483 5181 2789 5253 splendidas
2834 5180 3197 5235 construimus
3234 5180 3379 5234 auios
3404 5178 3429 5232 ἵ
3456 5193 3578 5248 qua:

1974 5280 2272 5334 differentia
2309 5278 2448 5333 inter
2494 5277 2615 5331 illos
2643 5274 2965 5346 prandentes
3002 5284 3055 5329 et
3084 5288 3183 5329 nos
3224 5274 3363 5327 laute
3396 5271 3578 5326 convi-

1974 5376 2203 5429 vautes?
2230 5372 2380 5427 Nulla
2406 5414 2421 5438 ,
2462 5370 2562 5425 nisi
2611 5371 2661 5423 iu
2704 5379 2961 5438 quantum
3007 5380 3106 5421 nos
3152 5363 3412 5434 supplicio
3455 5362 3573 5431 ple-

1977 5467 2153 5523 etcndi
2194 5466 2247 5520 id
2287 5466 2528 5519 facimus.
2554 5462 2708 5531 Quod
2749 5461 2793 5515 si
2837 5459 3073 5516 nondum
3116 5457 3367 5511 harumce
3396 5468 3575 5508 rerum

1978 5560 2235 5615 vilitatem
2282 5556 2636 5626 perspicimus
2659 5596 2675 5621 ,
2704 5569 2809 5608 non
2854 5561 2939 5608 est
2971 5548 3270 5606 mirandum
3295 5563 3310 5613 ;
3340 5544 3576 5601 nondum

2044 5827 2060 5854 ι
2097 5830 2207 5872 meo
2230 5821 2397 5878 verba,
2422 5826 2467 5869 et
2488 5816 2790 5875 coheredem,
2814 5812 2997 5862 desunt
3020 5812 3066 5860 in
3086 5805 3274 5867 ttorel.,
3291 5801 3379 5854 sed
3402 5798 3572 5852 inaliis

1980 5887 2206 5936 omnibus
2225 5884 2485 5932 habentur.
2576 5940 2584 5944 _
2749 5934 2759 5944 _
2831 5934 2841 5944 ,

2047 5929 2213 6006 ἶλίίἷ,
2227 5929 2722 6010 ἷὶῖιῖἁῖιὲἐέραιίοηευι
2743 5934 2886 5997 lucis;
2906 5946 3002 5986 non
3025 5929 3174 5983 tnale.
