4036 6426
550 425 654 480 519

546 537 691 606 enim
723 537 787 591 ad
817 537 1050 591 virorum
1079 536 1439 592 maturitatem
1482 537 1828 608 pervenimus
1856 553 1872 589 :
1901 551 2020 592 cum
2047 553 2142 591 au-

552 645 654 684 tem
689 631 1124 700 pervenerimus,
1157 629 1516 698 intelligemus
1549 631 1663 684 lucc
1691 630 1866 684 oniuia
1917 629 2140 699 puerilia

547 739 686 779 esse.
717 723 846 777 Nam
877 733 932 777 et
957 723 1042 776 illa
1080 722 1294 794 quando
1320 725 1418 777 viri
1462 738 1647 778 sumus
1685 723 1994 788 irridemus,
2021 738 2142 792 qua:

545 831 663 870 cum
715 815 864 884 pueri
919 832 1160 869 essemus
1213 817 1532 886 putabamus
1583 814 1807 884 alicujus
1855 829 1973 868 esse
2025 830 2141 867 tuo-

543 909 707 964 menti
737 925 749 962 '.
782 917 946 960 testas
973 917 1027 961 et
1054 909 1219 960 lutum
1249 917 1566 976 aggerentes
1591 952 1604 972 ,
1637 924 1742 962 non
1772 907 1948 961 ll‘lilillS
1973 905 2137 960 altum

542 999 921 1068 sapiebamus,
953 1017 1108 1068 quam
1153 1000 1186 1054 ii
1231 1001 1320 1069 qui
1363 1015 1549 1068 magna
1601 1008 1748 1067 septa
1799 1007 2136 1052 construunt.
2194 1063 2198 1068 _

543 1089 740 1146 Verum
774 1089 889 1144 lucc
915 1091 1094 1144 statim
1125 1101 1350 1161 pereunt
1376 1101 1431 1145 et
1471 1089 1702 1152 cadunt,
1735 1106 1906 1160 neque
1933 1090 1976 1143 si
2023 1100 2136 1143 sta-

543 1193 660 1235 rem
689 1223 704 1244 ,
735 1180 886 1234 nobis
915 1181 1063 1234 utilia
1094 1189 1274 1234 essent
1297 1221 1312 1244 ,
1342 1180 1792 1250 quemadmodum
1824 1195 1996 1248 neque
2033 1179 2136 1233 illac

542 1271 688 1325 aedes
724 1272 1034 1341 splendida-3.
1075 1271 1207 1325 Nam
1265 1273 1370 1326 illa:
1412 1272 1529 1326 caeli
1577 1273 1750 1327 civem
1790 1287 1983 1341 capere
2031 1288 2134 1325 non

541 1373 779 1431 possent.
813 1378 984 1432 neque
1010 1364 1060 1416 in
1095 1363 1198 1417 illis
1228 1363 1471 1418 [nubilare
1493 1364 1800 1432 dignaretur
1825 1363 1912 1434 qui
1943 1379 2134 1432 super-

540 1469 663 1506 nam
692 1453 896 1508 obtinet
929 1454 1153 1523 patriam
1178 1473 1190 1506 :
1215 1471 1400 1509 verum
1443 1465 1500 1508 ut
1533 1471 1627 1508 nos
1655 1455 1880 1524 pedibus
1912 1455 2132 1524 puerilia

538 1543 624 1596 illa
649 1543 996 1612 destruimus,
1015 1545 1200 1600 sicille
1229 1546 1408 1600 animo
1429 1547 1558 1600 tales
1585 1546 1726 1600 aedes
1755 1547 2034 1602 subvertit.
2067 1547 2134 1600 Et

536 1635 986 1704 quemadmodum
1016 1651 1144 1702 nos,
1176 1635 1302 1690 dum
1335 1637 1482 1705 pueri
1506 1637 1572 1691 de
1602 1639 1752 1690 ruina
1785 1639 2028 1708 plorant,
2064 1638 2135 1692 ri-

534 1727 724 1780 demus
750 1745 762 1780 :
786 1728 863 1781 sic
883 1735 938 1780 et
958 1727 1066 1792 isti,
1097 1726 1248 1781 nobis
1272 1727 1340 1782 de
1365 1728 1712 1782 subversione
1739 1729 2087 1784 intercutibus
2111 1769 2128 1794 ,

538 1835 642 1872 non
666 1819 825 1872 modo
843 1835 945 1872 non
966 1819 1161 1882 rident,
1190 1820 1283 1874 sed
1305 1821 1464 1874 etiam
1491 1821 1700 1891 plorant
1723 1839 1737 1876 :
1761 1823 2011 1894 quoniam
2039 1840 2133 1878 eu-

537 1925 657 1962 rnm
685 1911 887 1964 viscera
909 1913 1374 1968 conuuiseratione
1404 1915 1556 1982 plena
1585 1924 1728 1979 sunt,
1757 1930 1820 1969 ac
1846 1915 1968 1986 quia
1994 1915 2132 1970 mul-

538 2009 651 2052 tum
685 2001 837 2052 uobis
868 2001 989 2054 inde
1015 2003 1185 2060 oritur
1208 2003 1608 2059 detrimentum.
1639 2005 1816 2060 Simus
1845 2022 1974 2076 ergo
2005 2007 2124 2062 viri.

538 2085 822 2159 Usquequo
849 2090 994 2144 humi
1037 2107 1319 2164 serpemus
1343 2135 1358 2159 ,
1394 2096 1444 2147 in
1473 2095 1734 2163 lapidibus
1759 2105 1812 2150 et
1858 2096 2012 2166 lignis
2053 2096 2130 2149 al-

536 2187 646 2232 tum
678 2181 981 2248 sapientes?
1009 2197 1286 2254 usquequo
1314 2185 1554 2240 ludemus
1575 2186 1598 2239 ?
1620 2189 1790 2257 Atque
1818 2188 2015 2241 utinam
2038 2204 2126 2241 so-

535 2269 642 2322 lum
673 2271 974 2326 luderemus
1001 2292 1015 2328 :
1039 2290 1179 2328 nunc
1207 2285 1384 2330 autem
1415 2287 1653 2332 nostram
1685 2279 1960 2349 prodimus
1985 2279 2130 2333 salu-

536 2371 640 2416 tem
668 2379 682 2427 ;
720 2379 782 2417 ac
809 2364 1256 2434 quemadmodum
1290 2369 1468 2436 pueri,
1493 2386 1614 2422 cum
1657 2370 1912 2440 neglectis
1961 2370 2128 2424 literis

531 2455 583 2508 in
617 2455 699 2509 bis
728 2456 865 2512 ludis
895 2459 1060 2512 otium
1087 2469 1442 2526 consumunt,
1471 2461 1771 2515 durissimis
1815 2461 2127 2517 verberibus

530 2547 840 2618 subjaccut:
865 2550 942 2605 sic
967 2559 1021 2605 et
1041 2565 1140 2606 nos
1167 2553 1254 2621 qui
1286 2553 1338 2606 in
1372 2553 1451 2606 bis
1478 2561 1644 2607 totum
1669 2553 1904 2608 studium
1932 2568 2126 2608 consuo

531 2643 760 2705 mimus,
791 2658 913 2696 cum
953 2659 983 2696 a
1027 2645 1180 2698 nobis
1209 2644 1610 2715 disciplinarum
1655 2645 1792 2700 ratio
1831 2660 1926 2716 per
1962 2661 2123 2714 opera

531 2739 773 2804 exigetur
799 2775 813 2798 ,
845 2736 967 2805 quia
1014 2738 1240 2792 reddere
1287 2755 1392 2790 non
1447 2739 1741 2806 poterimus
1771 2781 1786 2805 ,
1825 2749 2123 2792 extremum

527 2824 738 2879 lueinus
763 2827 1099 2896 supplicium.
1124 2827 1398 2898 Nemoque
1419 2831 1520 2882 erit
1549 2831 1634 2899 qui
1663 2831 1886 2894 liberet,
1917 2829 2123 2883 etiamsi

532 2927 679 2987 pater
705 2960 720 2983 ,
742 2919 948 2973 etiamsi
991 2919 1158 2974 frater
1184 2921 1269 2974 vel
1297 2921 1471 2988 quivis
1496 2922 1653 2975 alius.
1679 2921 1782 2976 Sed
1808 2923 1922 2975 haec
1947 2923 2124 2974 omnia

527 3009 857 3073 abse'edent,
911 3027 1064 3078 [tanta
1119 3021 1298 3065 autem
1351 3029 1418 3066 ex
1467 3013 1570 3066 illis
1625 3024 1774 3082 parta
1813 3023 2010 3066 a-terua
2062 3026 2125 3066 ac

528 3113 784 3172 perpetua
839 3104 1189 3157 manebit:id
1245 3105 1384 3172 quod
1441 3105 1600 3159 etiam
1653 3105 1832 3175 pueris
1883 3105 2120 3170 accidit,

525 3194 594 3248 ob
623 3209 852 3262 quorum
882 3195 1259 3263 negligentiam
1291 3207 1469 3266 patres
1494 3198 1508 3226 ¹
1544 3196 1738 3250 ludicra
1771 3195 1860 3249 illa
1899 3195 2121 3266 puerilia

523 3283 590 3338 de
642 3284 820 3340 medio
871 3286 1378 3357 tollunt,ipsosque
1432 3287 1498 3341 ad
1553 3287 1796 3342 assiduas
1855 3289 2121 3358 lacrymas

523 3377 868 3447 compellunt.
903 3377 972 3435 Ut
1015 3389 1194 3435 autem
1241 3381 1414 3434 discas
1464 3381 1530 3434 ita
1563 3397 1673 3435 rem
1707 3397 1764 3434 se
1807 3380 2118 3436 haberezid

523 3470 663 3539 quod
717 3469 949 3526 maxime
997 3471 1172 3524 studia
1220 3471 1492 3524 immittunt
1553 3487 1816 3540 occupare
1871 3472 2118 3540 videtur,

523 3572 721 3628 nempe
759 3559 990 3624 divitias,
1024 3559 1076 3612 in
1109 3561 1339 3614 medium
1371 3561 1718 3624 adducamus.
1759 3563 1994 3632 ipsisque
2017 3577 2114 3631 op-

522 3663 779 3716 ponamus
798 3665 1186 3720 quatucumque
1202 3653 1433 3706 Volueris
1449 3654 1609 3706 animi
1631 3655 1898 3721 virtutem,
1921 3665 1974 3710 et
1993 3664 2119 3710 tunc

524 3741 755 3796 maxime
783 3757 966 3796 earum
994 3743 1250 3798 vilitatem
1280 3747 1558 3814 aguiturus
1588 3761 1667 3802 es.
1697 3747 1964 3802 Ponantus
1988 3764 2116 3818 ergo

518 3832 654 3885 duos
691 3847 812 3887 esse
844 3833 1126 3899 homines;
1159 3837 1382 3888 necdum
1418 3837 1606 3905 loquar
1637 3839 1704 3892 de
1729 3841 1950 3893 avaritia
1972 3881 1988 3907 ,
2019 3843 2114 3896 sed

517 3924 584 3978 de
609 3925 812 3982 divitiis
836 3928 980 3996 juste
1001 3929 1199 3998 partis:
1223 3945 1288 3984 ex
1315 3931 1458 3984 liisce
1487 3931 1695 3987 duobus
1723 3933 1857 3986 alius
1885 3949 2114 4004 congre-

515 4028 604 4088 gct
627 4020 841 4077 divitias
867 4063 882 4086 ,
913 4037 1060 4076 mare
1087 4024 1311 4079 navibus
1339 4034 1630 4080 trausmeet
1654 4067 1668 4089 ,
1704 4035 1900 4080 terram
1927 4027 2069 4082 colat
2093 4070 2108 4092 ,

516 4113 818 4181 multosque
848 4113 982 4169 alios
1011 4115 1387 4184 negotiationis
1413 4117 1601 4172 modos
1623 4119 1874 4184 inveniat;
1903 4119 2111 4174 etiamsi

517 4207 750 4256 nesciam
773 4213 972 4263 utrum,
985 4203 1101 4258 haec
1129 4204 1335 4260 faciens
1361 4209 1531 4276 possit
1553 4209 1696 4277 juste
1720 4212 1911 4264 lucrari
1939 4227 1952 4272 ;
1983 4221 2113 4266 atta-

519 4307 641 4347 men
697 4309 1060 4363 supponamus
1105 4297 1220 4352 haec
1266 4297 1412 4352 lucra
1464 4300 1698 4368 legitima
1748 4317 1868 4355 esse
1903 4319 1915 4356 :
1953 4318 2110 4374 agros

515 4395 676 4448 emat,
705 4401 910 4451 servos,
947 4399 1000 4442 et
1019 4389 1211 4444 similia
1244 4393 1430 4459 multa,
1459 4395 1710 4465 miliaque
1739 4397 1807 4450 sit
1836 4397 1888 4451 in
1913 4397 1996 4451 his
2025 4415 2110 4454 re-

515 4477 621 4530 bus
650 4475 906 4547 injustitia
931 4493 945 4530 :
966 4479 1102 4534 alter
1130 4495 1258 4536 vero
1299 4498 1451 4552 teque
1481 4483 1663 4550 dives,
1697 4488 1890 4543 vendat
1915 4489 2107 4546 domos

512 4578 568 4626 et
587 4585 708 4625 vasa
735 4586 897 4626 aurea
919 4583 1295 4644 argenteaque,
1319 4577 1499 4646 egenis
1515 4577 1790 4648 largiatur,
1811 4598 2105 4654 pauperes-

511 4680 614 4735 que
644 4663 840 4732 foveat,
869 4681 1042 4737 mgros
1067 4677 1237 4736 curet,
1266 4668 1320 4724 in
1342 4673 1660 4728 necessitate
1686 4677 1887 4746 positos
1911 4679 2102 4745 solvat,

509 4757 644 4813 alios
667 4773 697 4810 a
722 4757 946 4814 vinculis
965 4759 1198 4828 eximat,
1221 4760 1287 4817 ad
1315 4764 1527 4819 metalla
1559 4764 1840 4825 damnatos
1878 4771 2101 4840 liberet,

511 4847 704 4918 laqueo
751 4866 812 4906 se
851 4852 1243 4922 suspendentes
1288 4855 1506 4926 dejiciat
1531 4899 1548 4926 ,
1577 4861 1817 4930 captivos
1858 4878 1887 4916 a
1931 4865 2103 4932 poenis

511 4940 720 4999 liberet.
764 4941 930 5012 Cujus
971 4961 1099 5017 ergo
1141 4948 1310 5016 partis
1351 4964 1473 5004 esse
1516 4952 1806 5008 mavultis?
1856 4953 2100 5010 Nondum

511 5043 690 5090 tamen
714 5035 784 5092 de
806 5037 1029 5105 futuris,
1059 5040 1156 5096 sed
1184 5041 1252 5096 de
1280 5043 1636 5112 praesentibus
1661 5045 1863 5116 loquuti
1892 5065 2098 5104 sumus.

507 5127 678 5192 Quam
716 5126 876 5198 igitur
931 5141 1135 5200 partem
1173 5134 1424 5204 amplecti
1467 5136 1760 5192 mavultis?
1788 5141 1868 5193 An
1912 5156 2098 5195 aurum

507 5218 882 5287 congregantis
903 5261 920 5286 ,
951 5235 1019 5275 an
1064 5222 1290 5279 aliorum
1333 5225 1665 5283 calamitates
1705 5228 1958 5285 solventis
1983 5234 2006 5285 '2
2031 5251 2098 5288 an

507 5323 667 5378 agros
690 5311 919 5366 ementis
939 5352 954 5377 ,
987 5327 1054 5366 an
1076 5314 1191 5384 ejus
1219 5315 1310 5386 qui
1339 5332 1460 5372 sese
1491 5331 1705 5388 portum
1738 5320 1972 5378 lunuauo
1999 5341 2096 5394 ge-

504 5399 925 5456 nericonstituit
945 5403 968 5457 ?
992 5403 1109 5474 ejus
1133 5405 1223 5475 qui
1250 5407 1418 5463 multo
1443 5409 1808 5487 circumdatur
1831 5429 1962 5468 auro
1980 5457 1998 5482 ,
2030 5433 2099 5472 an

502 5491 620 5560 ejus
645 5493 737 5563 qui
760 5493 909 5549 mille
930 5495 1173 5555 laudibus
1193 5513 1482 5557 coronatur
1501 5503 1524 5558 ?
1542 5502 1623 5558 An
1655 5520 1758 5560 non
1781 5507 1866 5562 ille
1884 5509 2097 5578 quidem

503 5586 725 5654 angelus
747 5593 850 5650 est,
869 5586 958 5656 qui
979 5587 1048 5644 de
1070 5589 1205 5644 caalo
1232 5591 1300 5664 ad
1329 5601 1644 5650 caeterorum
1669 5600 2095 5657 emendationem

506 5675 816 5744 descendit,
847 5677 935 5735 hic
961 5696 1090 5737 vero
1119 5698 1227 5738 non
1255 5683 1460 5746 homini
1480 5725 1494 5750 ,
1537 5690 1630 5746 sed
1682 5707 1849 5761 puero
1887 5694 2096 5751 cuidam

568 5874 588 5904 '
625 5882 772 5937 Unus,
795 5885 990 5942 promer
1011 5893 1216 5946 quorum
1237 5887 1502 5950 profectum
1515 5895 1698 5953 patres,
1725 5901 1813 5948 etc,

1291 415 1348 487 5.
1387 415 1666 475 10thle
1690 377 2164 474 CHRYSOSTOMI
2205 421 2524 480 ARCHIEP.
2565 425 3096 488 CONSTANTINOP.
3741 435 3838 490 3-2.0

2249 537 2460 602 similis,
2493 541 2672 594 omnia
2701 541 2896 597 frustra
2927 543 3196 616 colligenti
3219 543 3239 598 ?
3261 542 3318 601 Si
3349 561 3477 602 vero
3509 547 3674 604 etiam
3700 553 3839 620 juste

2249 629 2502 699 pecunias
2528 631 2800 702 colligere,
2833 649 2922 688 res
2947 634 3083 698 adeo
3115 635 3334 691 ridicula
3373 648 3427 692 et
3455 650 3718 696 extrema:
3745 643 3839 697 de-

2247 721 2462 775 mentize
2489 731 2572 776 est
2595 739 2609 777 :
2633 725 2848 794 quando
2876 726 2994 795 quis
3025 741 3128 782 non
3153 727 3298 798 juste
3319 731 3540 802 colligit,
3573 734 3840 804 quomodo

2247 825 2352 863 nun
2403 813 2642 866 omnium
2690 815 3024 872 miserrimus
3052 816 3325 876 fuerit?Si
3368 832 3551 878 autem
3581 837 3673 880 res
3711 825 3838 882 adeo

2246 902 2316 955 sit
2350 903 2590 972 ridicula,
2620 921 2742 960 cum
2775 908 2934 962 etiam
2963 907 3047 962 bis
3071 910 3292 966 accedat
3319 921 3372 966 et
3395 913 3648 982 gehenna
3676 926 3734 972 et
3761 933 3837 971 re-

2245 996 2332 1062 gni
2362 997 2602 1063 antiSsio,
2631 1007 2762 1068 quot
2789 999 2880 1056 ille
2909 1001 3159 1074 lacrymis
3190 1005 3383 1076 dignus
3409 1006 3570 1062 fuerit
3603 1019 3663 1064 et
3690 1011 3838 1066 vivus

2244 1095 2300 1142 et
2326 1090 2604 1144 mortuus?

2318 1183 2403 1236 it).
2439 1181 2605 1250 Quam
2635 1195 2834 1253 prwstel
2860 1187 2936 1240 vir
2964 1187 3171 1243 humilis
3197 1190 3305 1244 viro
3331 1193 3526 1260 potenti
3551 1202 3600 1248 et
3629 1195 3835 1266 inﬂato.

2240 1302 2312 1314 —-—
2332 1273 2435 1326 Sed
2467 1274 2624 1328 aliam
2655 1292 2868 1345 quoque
2890 1319 2906 1344 ,
2937 1279 2981 1332 si
3011 1279 3090 1333 vis
3110 1320 3126 1342 ,
3157 1281 3368 1336 virtutis
3411 1295 3623 1354 partem
3651 1286 3836 1356 explo-

2244 1379 2442 1418 remus.
2478 1363 2684 1419 Rursus
2711 1367 2872 1421 alium
2904 1369 2954 1422 in
2985 1369 3220 1424 medium
3270 1387 3488 1442 agamus
3528 1374 3830 1440 hominem,

2242 1454 2293 1506 in
2320 1456 2552 1523 potentia
2575 1458 2942 1524 constitutum,
2974 1461 3223 1516 omnibus
3251 1465 3603 1536 imperantem
3625 1509 3640 1531 ,
3664 1467 3833 1538 digni-

2242 1554 2348 1602 tate
2375 1563 2564 1617 ntagua
2605 1551 2860 1618 stipatum
2882 1595 2896 1617 ,
2931 1568 3230 1622 pra-conem
3260 1557 3599 1626 splendidum
3635 1549 3833 1618 haben-

2242 1647 2368 1703 tetn,
2400 1639 2630 1693 balteum
2663 1642 2786 1695 item
2814 1682 2830 1706 ,
2867 1643 3083 1699 lictores
3105 1685 3122 1712 ,
3176 1662 3532 1719 magnumque
3560 1651 3830 1708 clientium

2239 1746 2535 1785 numerum.
2573 1732 2764 1787 Annon
2795 1733 2896 1790 hoc
2921 1731 3166 1806 maguum
3203 1738 3412 1794 videtur
3436 1756 3559 1796 esse
3585 1753 3642 1798 et
3674 1743 3828 1800 felici-

2239 1832 2344 1878 tate
2373 1823 2626 1894 pleuum?
2652 1827 2763 1898 Age
2782 1867 2794 1889 ,
2821 1837 2877 1882 et
2905 1828 2980 1882 illi
3007 1845 3216 1886 rursum
3239 1847 3574 1902 opponamus
3604 1837 3829 1893 alterum

2236 1915 2524 1983 patientem
2551 1958 2566 1981 ,
2599 1917 2805 1980 mitem,
2852 1918 3106 1975 humilem
3128 1961 3147 1990 ,
3177 1929 3233 1977 et
3276 1926 3679 1996 magnanimum
3707 1943 3722 1980 :
3751 1929 3830 1986 hic

2239 2021 2365 2061 vero
2411 2007 2617 2078 injuriis
2669 2011 2976 2081 impetatur,
3021 2015 3354 2084 vapulet,et
3407 2018 3524 2074 hate
3569 2023 3830 2092 patienter

2237 2099 2387 2164 ferat,
2413 2111 2572 2170 atque
2599 2101 2712 2156 hate
2746 2103 3096 2162 inferentibus
3122 2107 3419 2165 benedicat.
3446 2111 3604 2179 Uter,
3627 2131 3824 2184 qua-so,

2237 2190 2491 2244 mirabilis
2512 2233 2526 2255 ,
2559 2193 2719 2247 illene
2767 2195 2978 2250 inflatus
3002 2207 3055 2252 et
3082 2208 3328 2268 tumens,
3362 2217 3430 2256 an
3462 2201 3552 2259 hic
3582 2205 3658 2260 ita
3685 2206 3824 2277 deje-

2233 2284 2392 2338 ctus?
2424 2286 2614 2339 Annon
2669 2287 2754 2342 hic
2806 2288 2993 2342 similis
3023 2300 3106 2345 est
3152 2294 3457 2350 ca‘lestibus
3500 2295 3823 2364 virtutibus,

2233 2393 2352 2446 quae
2377 2378 2529 2432 nullo
2557 2381 2722 2433 animi
2769 2392 2914 2436 motu
2959 2384 3273 2448 turbantur,
3303 2387 3393 2442 ille
3430 2399 3614 2444 autem
3639 2393 3824 2448 vesica

2233 2451 2449 2536 inﬂate,
2479 2481 2570 2524 aut
2598 2472 2796 2526 homini
2848 2473 3142 2544 hydropico
3161 2519 3175 2541 ,
3225 2487 3388 2548 atque
3413 2479 3707 2537 admodum
3745 2492 3826 2538 tu-

2232 2559 2438 2613 menti?
2469 2577 2647 2615 nonne
2675 2561 2760 2615 hic
2783 2563 2994 2618 medico
3024 2567 3286 2635 spirituali
3312 2609 3326 2630 ,
3359 2569 3448 2624 ille
3483 2581 3667 2626 autem
3695 2588 3824 2644 pue-

2233 2665 2294 2706 ro
2340 2652 2562 2707 buccam
2609 2655 2808 2710 iullanti
2836 2667 2890 2711 et
2939 2659 3200 2714 ridiculo?
3227 2661 3334 2716 Cur
3381 2664 3546 2718 altum
3577 2667 3757 2736 sapis,
3792 2683 3824 2720 ο

2232 2743 2436 2801 homo?
2464 2765 2530 2802 an
2565 2751 2709 2819 quod
2739 2751 2981 2807 sublimis
3022 2755 3077 2808 in
3107 2771 3264 2810 curru
3295 2757 3548 2814 veheris?
3585 2776 3656 2814 an
3685 2762 3823 2832 quod

2234 2846 2285 2892 te
2316 2841 2477 2896 trahit
2506 2844 2778 2900 mulorum
2815 2847 3044 2917 jugum?
3087 2849 3290 2921 Ecquid
3333 2851 3472 2906 hoc?
3504 2852 3742 2924 ldipsum
3773 2857 3818 2910 in

2231 2931 2388 3003 lignis
2417 2945 2472 2990 et
2497 2937 2548 2989 in
2570 2938 2712 2991 saxis
2736 2939 2917 2994 videre
2937 2951 3036 2994 est.
3066 2942 3143 2995 An
3180 2944 3300 3012 quia
3344 2946 3630 3014 magnifico
3657 2945 3824 3017 fulgeo

2231 3027 2456 3080 vestitu?
2483 3028 2586 3083 Sed
2615 3032 2818 3100 respice
2847 3032 2992 3086 illum
3025 3034 3216 3088 virtute
3238 3036 3684 3092 vestimentorum
3707 3039 3824 3094 'viee

2228 3120 2481 3174 amictum
2503 3161 2516 3181 ,
2545 3132 2599 3176 et
2633 3131 2682 3175 te
2711 3122 2914 3178 videbis
2959 3122 3108 3179 fumo
3131 3126 3344 3194 putrido
3370 3127 3604 3183 similem
3627 3171 3642 3192 ,
3677 3129 3821 3185 illum

2228 3228 2357 3268 vero
2381 3213 2557 3269 arbori
2590 3215 2866 3286 pulchrum
2897 3201 3160 3273 emitteuti
3201 3220 3451 3285 tinctum,
3483 3223 3574 3291 qui
3602 3223 3820 3279 multam

2227 3307 2590 3374 Spectantibus
2647 3307 2884 3362 lmtitiam
2925 3309 3132 3364 aderat.
3164 3311 3242 3365 Tu
3299 3313 3514 3383 quidem
3557 3317 3819 3370 vermium

2225 3411 2405 3452 escam
2426 3399 2741 3454 circumfers
2760 3441 2776 3467 ,
2806 3411 2966 3472 atque
2993 3403 3278 3470 tinearum,
3307 3421 3445 3476 quae,
3473 3407 3518 3461 si
3551 3417 3606 3463 te
3628 3423 3818 3480 aggre-

2223 3487 2456 3555 diantur,
2488 3492 2597 3545 cito
2638 3501 2689 3546 te
2734 3493 2837 3548 hoc
2882 3495 3136 3550 nudatum
3167 3507 3356 3552 ornatu
3389 3497 3634 3552 reddent.
3682 3499 3816 3554 Nam

2223 3582 2626 3648 vestimentum,
2657 3599 2847 3639 aurum
2869 3595 2924 3640 et
2949 3597 3250 3657 argentum,
3281 3589 3422 3642 aliud
3449 3591 3664 3658 quidem
3693 3607 3815 3646 ver-

2225 3670 2390 3725 mium
2441 3672 2544 3727 ﬁlis
2583 3684 2823 3741 constat,
2867 3677 3008 3731 aliud
3056 3687 3197 3733 terra
3239 3691 3293 3733 et
3343 3681 3514 3749 pulvis
3541 3690 3660 3745 est,
3715 3682 3815 3737 ite-

2225 3779 2450 3834 rumque
2481 3774 2618 3820 terra
2639 3807 2653 3830 ,
2686 3777 2738 3822 et
2772 3782 3026 3836 praeterea
3073 3770 3246 3836 nihil;
3280 3773 3367 3842 qui
3413 3782 3590 3826 autem
3623 3775 3814 3829 virtute

2221 3852 2422 3908 circum
2445 3865 2685 3922 ornatur,
2713 3859 2870 3913 talem
2901 3861 3060 3915 habet
3089 3871 3313 3927 vestem,
3337 3880 3494 3934 quam
3522 3881 3628 3918 non
3651 3865 3814 3920 modo

2221 3944 2360 3998 tinea
2381 3987 2398 4011 ,
2425 3946 2517 4000 sed
2568 3963 2634 4002 ne
2684 3966 2829 4005 mors
2859 3953 3072 4022 quidem
3105 3955 3217 4023 ipsa
3251 3955 3569 4010 labefactare
3596 3958 3806 4024 valeat;

2219 4049 2274 4090 et
2297 4038 2419 4107 jure
2445 4041 2658 4110 quidem
2690 4045 2898 4097 merito.
2935 4045 3115 4114 Neque
3153 4048 3295 4100 enim
3331 4048 3412 4101 lue
3442 4050 3607 4102 animi
3640 4051 3812 4104 virtu-

2219 4139 2300 4184 tes
2337 4146 2401 4184 ex
2451 4141 2592 4188 terra
2625 4134 2902 4190 exordium
2943 4139 2960 4168 ⁸
3004 4136 3236 4204 ducunt,
3287 4139 3380 4194 sed
3428 4151 3553 4195 sunt
3605 4141 3812 4198 fructus

2217 4221 2465 4290 spiritus;
2500 4237 2827 4296 quapropter
2857 4230 3117 4284 vermium
3163 4233 3243 4285 ori
3284 4249 3388 4286 non
3424 4244 3602 4302 patent
3635 4254 3648 4288 :
3684 4253 3810 4292 nam

2218 4313 2270 4366 in
2303 4315 2436 4368 Caelo
2466 4316 2768 4386 bujusmndi
2819 4321 3136 4376 vestimenta
3167 4333 3447 4392 texuntur,
3477 4325 3562 4379 ubi
3605 4343 3706 4382 nec
3741 4331 3810 4382 ti-

2217 4422 2312 4475 nea
2335 4447 2349 4470 ,
2393 4425 2491 4462 nec
2523 4411 2740 4477 vermis,
2766 4427 2866 4466 nec
2891 4413 3088 4484 aliquid
3117 4415 3295 4470 simile
3324 4428 3424 4472 est.
3459 4417 3593 4484 Quid
3623 4420 3806 4490 igitur.

2213 4511 2394 4566 quaeso
2419 4541 2434 4565 ,
2466 4499 2656 4555 melius
2677 4543 2691 4564 ,
2723 4503 2980 4568 divitem,
3009 4521 3074 4559 an
3105 4523 3388 4576 pauperem
3421 4510 3578 4562 esse?
3605 4527 3670 4564 an
3711 4529 3809 4582 po-

2216 4596 2414 4643 tentem
2436 4630 2450 4654 ,
2482 4607 2549 4644 an
2583 4592 2956 4647 inhonoratum
2986 4599 3145 4650 esse?
3185 4599 3329 4654 lauta
3359 4599 3456 4654 frui
3487 4617 3669 4656 mensa
3691 4645 3710 4668 ,
3737 4621 3805 4662 an

2213 4677 2407 4734 fannem
2435 4684 2710 4748 experiri?
2743 4685 3096 4743 Proculdubio
3121 4731 3134 4753 ,
3189 4690 3240 4743 iu
3290 4691 3493 4748 honore
3518 4736 3533 4758 ,
3561 4695 3804 4762 deliciis,

2211 4769 2515 4842 divitiisque
2546 4776 2743 4831 vivere.
2776 4777 2828 4830 Si
2862 4793 2990 4848 ergo
3013 4795 3100 4835 res
3127 4783 3299 4850 ipsas,
3333 4801 3438 4838 non
3471 4789 3682 4840 notniua
3714 4805 3801 4845 ve-

2213 4861 2297 4924 lis,
2327 4872 2464 4917 terra
2494 4875 2653 4934 atque
2677 4868 2904 4922 terrenis
2925 4871 3142 4936 relictis,
3173 4871 3224 4925 in
3249 4875 3436 4928 caelum
3463 4887 3514 4932 lc
3535 4883 3798 4934 transiet"

2209 4953 2471 5024 siquidem
2515 4959 2795 5025 pra'seutia
2828 4962 3012 5016 umbra
3061 4976 3212 5029 sunt,
3250 4968 3336 5021 illa
3368 4985 3529 5036 vero,
3579 4990 3666 5027 res
3694 4975 3798 5027 im-

2209 5056 2402 5110 motae,
2435 5047 2620 5113 lirnuc,
2640 5037 2768 5120 qua:
2807 5067 2912 5107 IIOII
2945 5056 3113 5125 abripi
3147 5060 3371 5136 possint.
3405 5061 3532 5118 Haec
3560 5080 3658 5119 nos
3693 5065 3800 5136 igi-

2212 5147 2296 5191 tur
2316 5155 2435 5192 cum
2468 5140 2644 5194 studio
2687 5144 2984 5214 deligamus
3007 5189 3022 5212 ,
3054 5161 3109 5202 ut
3134 5160 3189 5204 et
3227 5167 3258 5204 a
3301 5134 3525 5210 tumultu
3557 5134 3804 5226 praesen-

2210 5228 2338 5282 tium
2393 5247 2572 5286 rerum
2627 5234 2948 5304 liberemur,
2991 5247 3046 5293 et
3077 5239 3146 5294 ad
3193 5246 3530 5314 tranquillum
3585 5261 3802 5318 portum

2206 5325 2535 5392 appellentes
2553 5369 2570 5390 ,
2597 5343 2716 5382 cum
2748 5331 2930 5386 multis
2950 5333 3174 5388 sarcinis
3194 5345 3248 5391 et
3273 5337 3626 5396 ineffabilibus
3649 5343 3805 5401 elee—

2209 5429 2447 5487 mosyua:
2487 5419 2678 5488 opibus
2725 5419 2832 5476 illic
2891 5439 3246 5493 appareamus
3291 5445 3306 5482 :
3349 5429 3544 5499 quibus
3591 5435 3805 5492 utinam

2178 5575 2181 5580 η
2206 5521 2393 5562 omnes
2425 5508 2566 5579 pleni
2593 5511 2660 5565 ad
2687 5511 3014 5571 horrendum
3041 5516 3271 5574 tribunal
3291 5519 3502 5577 adducti
3523 5565 3538 5588 ,
3567 5541 3804 5596 regnum

2205 5597 2460 5654 caelorum
2485 5615 2878 5672 consequamur
2901 5609 3072 5677 gratia
3101 5617 3156 5664 et
3179 5609 3548 5670 misericordia
3581 5616 3806 5676 Domini

2205 5693 2372 5747 nostri
2399 5693 2528 5749 Jesu
2551 5695 2747 5752 Christi
2771 5739 2787 5764 ,
2817 5700 2900 5754 cui
2927 5700 3097 5772 gloria
3125 5711 3181 5760 et
3207 5703 3488 5776 imperium
3516 5705 3571 5764 in
3601 5714 3806 5770 sarcula

2205 5787 2545 5845 saeculorum.
2576 5791 2772 5846 Amen.

2271 5898 2289 5930 ί
2323 5899 2538 5966 Quidam,
2560 5899 2811 5968 originem.
