  <div class='ocr_page' id='page_1' title='image "/cluster/home/n/w/nwhite01/storage/ocr_20150623/57:no.7:pt.1/coo.31924054869577/250.png"; bbox 0 0 4036 6450; ppageno 0'>
   <div class='ocr_carea' id='block_1_1' title="bbox 221 419 323 473">
    <p class='ocr_par' dir='ltr' id='par_1_1' title="bbox 221 419 323 473">
     <span class='ocr_line' id='line_1_1' title="bbox 221 419 323 473; baseline 0 -1"><span class='ocrx_word' id='word_1_1' title='bbox 221 419 323 473; x_wconf 69' lang='grc'><strong>521</strong></span> 
     </span>
    </p>
   </div>
   <div class='ocr_carea' id='block_1_2' title="bbox 1290 598 1497 613">
    <p class='ocr_par' dir='ltr' id='par_1_2' title="bbox 1290 598 1497 613">
     <span class='ocr_line' id='line_1_2' title="bbox 1290 598 1497 613; baseline 0.019 -6"><span class='ocrx_word' id='word_1_2' title='bbox 1290 598 1497 613; x_wconf 70' lang='grc' dir='ltr'><strong>,ρ--ι-</strong></span> 
     </span>
    </p>
   </div>
   <div class='ocr_carea' id='block_1_3' title="bbox 1224 411 2560 470">
    <p class='ocr_par' dir='ltr' id='par_1_3' title="bbox 1224 411 2560 470">
     <span class='ocr_line' id='line_1_3' title="bbox 1224 411 2560 470; baseline 0.001 -3"><span class='ocrx_word' id='word_1_3' title='bbox 1224 411 1293 467; x_wconf 70' lang='lat' dir='ltr'><strong>IV</strong></span> <span class='ocrx_word' id='word_1_4' title='bbox 1329 412 1738 470; x_wconf 46' lang='lat' dir='ltr'><strong>MATTHEUM‘</strong></span> <span class='ocrx_word' id='word_1_5' title='bbox 1778 412 2005 468; x_wconf 73' lang='lat' dir='ltr'><strong>llOMIL.</strong></span> <span class='ocrx_word' id='word_1_6' title='bbox 2055 414 2239 468; x_wconf 77' lang='lat' dir='ltr'><strong>XXIV.</strong></span> <span class='ocrx_word' id='word_1_7' title='bbox 2283 416 2352 469; x_wconf 87' lang='lat' dir='ltr'><strong>al.</strong></span> <span class='ocrx_word' id='word_1_8' title='bbox 2396 413 2560 469; x_wconf 71' lang='lat' dir='ltr'><strong>XXV.</strong></span> 
     </span>
    </p>
   </div>
   <div class='ocr_carea' id='block_1_4' title="bbox 3417 414 3522 468">
    <p class='ocr_par' dir='ltr' id='par_1_4' title="bbox 3417 414 3522 468">
     <span class='ocr_line' id='line_1_4' title="bbox 3417 414 3522 468; baseline 0.019 -3"><span class='ocrx_word' id='word_1_9' title='bbox 3417 414 3522 468; x_wconf 57' lang='grc' dir='ltr'><strong>δίει</strong></span> 
     </span>
    </p>
   </div>
   <div class='ocr_carea' id='block_1_5' title="bbox 1357 687 2364 751">
    <p class='ocr_par' dir='ltr' id='par_1_5' title="bbox 1357 687 2364 751">
     <span class='ocr_line' id='line_1_5' title="bbox 1357 687 2364 751; baseline 0.001 -2"><span class='ocrx_word' id='word_1_10' title='bbox 1357 688 1704 749; x_wconf 81' lang='lat' dir='ltr'><strong>HOMILIA</strong></span> <span class='ocrx_word' id='word_1_11' title='bbox 1751 687 1986 748; x_wconf 79' lang='lat' dir='ltr'><strong>XXIV.</strong></span> <span class='ocrx_word' id='word_1_12' title='bbox 2026 688 2109 749; x_wconf 86' lang='lat' dir='ltr'><strong>al.</strong></span> <span class='ocrx_word' id='word_1_13' title='bbox 2160 690 2364 751; x_wconf 79' lang='lat' dir='ltr'><strong>XXV.</strong></span> 
     </span>
    </p>
   </div>
   <div class='ocr_carea' id='block_1_6' title="bbox 216 870 1823 949">
    <p class='ocr_par' dir='ltr' id='par_1_6' title="bbox 216 870 1823 949">
     <span class='ocr_line' id='line_1_6' title="bbox 216 870 1823 949; baseline -0.01 -10"><span class='ocrx_word' id='word_1_14' title='bbox 216 886 354 940; x_wconf 70' lang='lat' dir='ltr'><strong>CAP.</strong></span> <span class='ocrx_word' id='word_1_15' title='bbox 389 884 447 938; x_wconf 87' lang='lat'><strong>7.</strong></span> <span class='ocrx_word' id='word_1_16' title='bbox 485 899 535 935; x_wconf 73' lang='grc' dir='ltr'><strong>ν.</strong></span> <span class='ocrx_word' id='word_1_17' title='bbox 570 883 621 937; x_wconf 83' lang='grc'><strong>1.</strong></span> <span class='ocrx_word' id='word_1_18' title='bbox 654 881 776 936; x_wconf 85' lang='lat' dir='ltr'><strong>Non</strong></span> <span class='ocrx_word' id='word_1_19' title='bbox 811 881 972 935; x_wconf 87' lang='lat' dir='ltr'><strong>omnis</strong></span> <span class='ocrx_word' id='word_1_20' title='bbox 1000 881 1085 949; x_wconf 87' lang='lat' dir='ltr'><strong>qui</strong></span> <span class='ocrx_word' id='word_1_21' title='bbox 1124 880 1243 933; x_wconf 87' lang='lat' dir='ltr'><strong>dicit</strong></span> <span class='ocrx_word' id='word_1_22' title='bbox 1274 878 1418 940; x_wconf 77' lang='lat' dir='ltr'><strong>milii,</strong></span> <span class='ocrx_word' id='word_1_23' title='bbox 1452 875 1688 934; x_wconf 84' lang='lat' dir='ltr'><strong>Domine,</strong></span> <span class='ocrx_word' id='word_1_24' title='bbox 1716 870 1823 924; x_wconf 89' lang='lat' dir='ltr'><strong>Do-</strong></span> 
     </span>
    </p>
   </div>
   <div class='ocr_carea' id='block_1_7' title="bbox 295 966 1824 1044">
    <p class='ocr_par' dir='ltr' id='par_1_7' title="bbox 295 966 1824 1044">
     <span class='ocr_line' id='line_1_7' title="bbox 295 966 1824 1044; baseline -0.006 -16"><span class='ocrx_word' id='word_1_25' title='bbox 295 978 476 1039; x_wconf 81' lang='lat' dir='ltr'><strong>mine,</strong></span> <span class='ocrx_word' id='word_1_26' title='bbox 524 974 727 1029; x_wconf 74' lang='lat' dir='ltr'><strong>intrabit</strong></span> <span class='ocrx_word' id='word_1_27' title='bbox 766 977 821 1027; x_wconf 87' lang='lat' dir='ltr'><strong>in</strong></span> <span class='ocrx_word' id='word_1_28' title='bbox 863 989 1072 1044; x_wconf 82' lang='lat' dir='ltr'><strong>regnum</strong></span> <span class='ocrx_word' id='word_1_29' title='bbox 1116 972 1354 1024; x_wconf 81' lang='lat' dir='ltr'><strong>t‘tt‘lurum</strong></span> <span class='ocrx_word' id='word_1_30' title='bbox 1379 1011 1394 1027; x_wconf 89' lang='lat'><strong>.</strong></span> <span class='ocrx_word' id='word_1_31' title='bbox 1438 969 1527 1021; x_wconf 86' lang='lat' dir='ltr'><strong>sed</strong></span> <span class='ocrx_word' id='word_1_32' title='bbox 1573 967 1657 1036; x_wconf 86' lang='lat' dir='ltr'><strong>qui</strong></span> <span class='ocrx_word' id='word_1_33' title='bbox 1701 966 1824 1038; x_wconf 81' lang='lat' dir='ltr'><strong>facit</strong></span> 
     </span>
    </p>
   </div>
   <div class='ocr_carea' id='block_1_8' title="bbox 297 1061 1409 1134">
    <p class='ocr_par' dir='ltr' id='par_1_8' title="bbox 297 1061 1409 1134">
     <span class='ocr_line' id='line_1_8' title="bbox 297 1061 1409 1134; baseline -0.007 -14"><span class='ocrx_word' id='word_1_34' title='bbox 297 1066 617 1120; x_wconf 71' lang='lat' dir='ltr'><strong>uoluntatem</strong></span> <span class='ocrx_word' id='word_1_35' title='bbox 657 1063 831 1117; x_wconf 87' lang='lat' dir='ltr'><strong>Patris</strong></span> <span class='ocrx_word' id='word_1_36' title='bbox 859 1065 957 1116; x_wconf 84' lang='lat' dir='ltr'><strong>mei</strong></span> <span class='ocrx_word' id='word_1_37' title='bbox 985 1063 1071 1134; x_wconf 88' lang='lat' dir='ltr'><strong>qui</strong></span> <span class='ocrx_word' id='word_1_38' title='bbox 1096 1063 1147 1114; x_wconf 87' lang='lat' dir='ltr'><strong>in</strong></span> <span class='ocrx_word' id='word_1_39' title='bbox 1172 1061 1308 1114; x_wconf 69' lang='lat' dir='ltr'><strong>uelis</strong></span> <span class='ocrx_word' id='word_1_40' title='bbox 1337 1068 1409 1113; x_wconf 66' lang='grc' dir='ltr'><strong>εδ·</strong></span> 
     </span>
    </p>
   </div>
   <div class='ocr_carea' id='block_1_9' title="bbox 298 1149 1879 1221">
    <p class='ocr_par' dir='ltr' id='par_1_9' title="bbox 298 1149 1879 1221">
     <span class='ocr_line' id='line_1_9' title="bbox 298 1149 1879 1221; baseline -0.008 -8"><span class='ocrx_word' id='word_1_41' title='bbox 298 1160 347 1213; x_wconf 84' lang='grc'><strong>1.</strong></span> <span class='ocrx_word' id='word_1_42' title='bbox 396 1157 525 1212; x_wconf 87' lang='lat' dir='ltr'><strong>Non</strong></span> <span class='ocrx_word' id='word_1_43' title='bbox 553 1158 657 1210; x_wconf 89' lang='lat' dir='ltr'><strong>alia</strong></span> <span class='ocrx_word' id='word_1_44' title='bbox 703 1155 859 1221; x_wconf 82' lang='lat' dir='ltr'><strong>Filii,</strong></span> <span class='ocrx_word' id='word_1_45' title='bbox 889 1154 995 1207; x_wconf 88' lang='lat' dir='ltr'><strong>alia</strong></span> <span class='ocrx_word' id='word_1_46' title='bbox 1045 1152 1216 1205; x_wconf 77' lang='lat' dir='ltr'><strong>Patris</strong></span> <span class='ocrx_word' id='word_1_47' title='bbox 1256 1152 1512 1205; x_wconf 82' lang='lat' dir='ltr'><strong>uoluntas.</strong></span> <span class='ocrx_word' id='word_1_48' title='bbox 1547 1149 1824 1219; x_wconf 85' lang='lat' dir='ltr'><strong>Signorum</strong></span> <span class='ocrx_word' id='word_1_49' title='bbox 1874 1180 1879 1185; x_wconf 87' lang='lat'>-</span> 
     </span>
    </p>
   </div>
   <div class='ocr_carea' id='block_1_10' title="bbox 224 1240 1819 1320">
    <p class='ocr_par' dir='ltr' id='par_1_10' title="bbox 224 1240 1819 1320">
     <span class='ocr_line' id='line_1_10' title="bbox 224 1240 1819 1320; baseline -0.006 -17"><span class='ocrx_word' id='word_1_50' title='bbox 224 1251 458 1320; x_wconf 82' lang='lat' dir='ltr'><strong>operatio</strong></span> <span class='ocrx_word' id='word_1_51' title='bbox 489 1248 598 1301; x_wconf 87' lang='lat' dir='ltr'><strong>sine</strong></span> <span class='ocrx_word' id='word_1_52' title='bbox 625 1247 807 1300; x_wconf 79' lang='lat' dir='ltr'><strong>virtute</strong></span> <span class='ocrx_word' id='word_1_53' title='bbox 832 1245 961 1298; x_wconf 87' lang='lat' dir='ltr'><strong>nihil</strong></span> <span class='ocrx_word' id='word_1_54' title='bbox 985 1244 1189 1315; x_wconf 80' lang='lat' dir='ltr'><strong>prodest</strong></span> <span class='ocrx_word' id='word_1_55' title='bbox 1209 1242 1460 1310; x_wconf 78' lang='lat' dir='ltr'><strong>aperanti.</strong></span> <span class='ocrx_word' id='word_1_56' title='bbox 1489 1272 1558 1281; x_wconf 98' lang='lat'><strong>—</strong></span> <span class='ocrx_word' id='word_1_57' title='bbox 1582 1240 1692 1294; x_wconf 87' lang='lat' dir='ltr'><strong>Cur</strong></span> <span class='ocrx_word' id='word_1_58' title='bbox 1715 1256 1819 1293; x_wconf 89' lang='lat' dir='ltr'><strong>non</strong></span> 
     </span>
    </p>
   </div>
   <div class='ocr_carea' id='block_1_11' title="bbox 227 1330 1825 1410">
    <p class='ocr_par' dir='ltr' id='par_1_11' title="bbox 227 1330 1825 1410">
     <span class='ocr_line' id='line_1_11' title="bbox 227 1330 1825 1410; baseline -0.009 -13"><span class='ocrx_word' id='word_1_59' title='bbox 227 1344 393 1407; x_wconf 70' lang='lat' dir='ltr'><strong>dixit,</strong></span> <span class='ocrx_word' id='word_1_60' title='bbox 421 1339 535 1396; x_wconf 88' lang='lat' dir='ltr'><strong>Sed</strong></span> <span class='ocrx_word' id='word_1_61' title='bbox 567 1340 656 1410; x_wconf 89' lang='lat' dir='ltr'><strong>qui</strong></span> <span class='ocrx_word' id='word_1_62' title='bbox 689 1339 812 1393; x_wconf 79' lang='lat' dir='ltr'><strong>facit</strong></span> <span class='ocrx_word' id='word_1_63' title='bbox 836 1339 1162 1391; x_wconf 76' lang='lat' dir='ltr'><strong>voluntatem</strong></span> <span class='ocrx_word' id='word_1_64' title='bbox 1196 1335 1407 1388; x_wconf 87' lang='lat' dir='ltr'><strong>meam?</strong></span> <span class='ocrx_word' id='word_1_65' title='bbox 1436 1334 1570 1398; x_wconf 77' lang='lat' dir='ltr'><strong>Quia</strong></span> <span class='ocrx_word' id='word_1_66' title='bbox 1610 1330 1712 1387; x_wconf 87' lang='lat' dir='ltr'><strong>hoc</strong></span> <span class='ocrx_word' id='word_1_67' title='bbox 1745 1332 1825 1384; x_wconf 87' lang='lat' dir='ltr'><strong>in-</strong></span> 
     </span>
    </p>
   </div>
   <div class='ocr_carea' id='block_1_12' title="bbox 229 1427 1821 1503">
    <p class='ocr_par' dir='ltr' id='par_1_12' title="bbox 229 1427 1821 1503">
     <span class='ocr_line' id='line_1_12' title="bbox 229 1427 1821 1503; baseline -0.008 -14"><span class='ocrx_word' id='word_1_68' title='bbox 229 1436 382 1490; x_wconf 86' lang='lat' dir='ltr'><strong>terim</strong></span> <span class='ocrx_word' id='word_1_69' title='bbox 436 1440 687 1503; x_wconf 87' lang='lat' dir='ltr'><strong>poterant</strong></span> <span class='ocrx_word' id='word_1_70' title='bbox 733 1431 988 1485; x_wconf 91' lang='lat' dir='ltr'><strong>libentius</strong></span> <span class='ocrx_word' id='word_1_71' title='bbox 1018 1429 1276 1497; x_wconf 81' lang='lat' dir='ltr'><strong>accipere.</strong></span> <span class='ocrx_word' id='word_1_72' title='bbox 1331 1427 1463 1480; x_wconf 91' lang='lat' dir='ltr'><strong>Illud</strong></span> <span class='ocrx_word' id='word_1_73' title='bbox 1505 1427 1646 1479; x_wconf 91' lang='lat' dir='ltr'><strong>enim</strong></span> <span class='ocrx_word' id='word_1_74' title='bbox 1699 1439 1821 1492; x_wconf 77' lang='lat' dir='ltr'><strong>pcr-</strong></span> 
     </span>
    </p>
   </div>
   <div class='ocr_carea' id='block_1_13' title="bbox 230 1514 1820 1594">
    <p class='ocr_par' dir='ltr' id='par_1_13' title="bbox 230 1514 1820 1594">
     <span class='ocr_line' id='line_1_13' title="bbox 230 1514 1820 1594; baseline -0.007 -17"><span class='ocrx_word' id='word_1_75' title='bbox 230 1542 391 1594; x_wconf 84' lang='lat' dir='ltr'><strong>pensa</strong></span> <span class='ocrx_word' id='word_1_76' title='bbox 451 1524 662 1578; x_wconf 89' lang='lat' dir='ltr'><strong>illorum</strong></span> <span class='ocrx_word' id='word_1_77' title='bbox 722 1523 1027 1576; x_wconf 92' lang='lat' dir='ltr'><strong>inﬁrmitate</strong></span> <span class='ocrx_word' id='word_1_78' title='bbox 1072 1530 1196 1574; x_wconf 91' lang='lat' dir='ltr'><strong>tunc</strong></span> <span class='ocrx_word' id='word_1_79' title='bbox 1246 1534 1493 1588; x_wconf 81' lang='lat' dir='ltr'><strong>maguum</strong></span> <span class='ocrx_word' id='word_1_80' title='bbox 1535 1514 1820 1569; x_wconf 75' lang='lat' dir='ltr'><strong>admodum</strong></span> 
     </span>
    </p>
   </div>
   <div class='ocr_carea' id='block_1_14' title="bbox 226 1608 1820 1685">
    <p class='ocr_par' dir='ltr' id='par_1_14' title="bbox 226 1608 1820 1685">
     <span class='ocr_line' id='line_1_14' title="bbox 226 1608 1820 1685; baseline -0.006 -15"><span class='ocrx_word' id='word_1_81' title='bbox 226 1626 358 1671; x_wconf 83' lang='lat' dir='ltr'><strong>erat.</strong></span> <span class='ocrx_word' id='word_1_82' title='bbox 393 1614 650 1685; x_wconf 79' lang='lat' dir='ltr'><strong>Alioquin</strong></span> <span class='ocrx_word' id='word_1_83' title='bbox 680 1629 803 1667; x_wconf 76' lang='lat' dir='ltr'><strong>vero</strong></span> <span class='ocrx_word' id='word_1_84' title='bbox 836 1628 928 1681; x_wconf 87' lang='lat' dir='ltr'><strong>per</strong></span> <span class='ocrx_word' id='word_1_85' title='bbox 957 1612 1083 1665; x_wconf 89' lang='lat' dir='ltr'><strong>illud</strong></span> <span class='ocrx_word' id='word_1_86' title='bbox 1116 1612 1215 1665; x_wconf 88' lang='lat' dir='ltr'><strong>hoc</strong></span> <span class='ocrx_word' id='word_1_87' title='bbox 1248 1611 1416 1679; x_wconf 85' lang='lat' dir='ltr'><strong>ipsum</strong></span> <span class='ocrx_word' id='word_1_88' title='bbox 1447 1610 1608 1662; x_wconf 88' lang='lat' dir='ltr'><strong>etiam</strong></span> <span class='ocrx_word' id='word_1_89' title='bbox 1632 1608 1820 1661; x_wconf 86' lang='lat' dir='ltr'><strong>subiu-</strong></span> 
     </span>
    </p>
   </div>
   <div class='ocr_carea' id='block_1_15' title="bbox 229 1701 1818 1772">
    <p class='ocr_par' dir='ltr' id='par_1_15' title="bbox 229 1701 1818 1772">
     <span class='ocr_line' id='line_1_15' title="bbox 229 1701 1818 1772; baseline -0.006 -10"><span class='ocrx_word' id='word_1_90' title='bbox 229 1707 443 1762; x_wconf 84' lang='lat' dir='ltr'><strong>dicavit.</strong></span> <span class='ocrx_word' id='word_1_91' title='bbox 475 1706 558 1760; x_wconf 80' lang='lat' dir='ltr'><strong>Ad</strong></span> <span class='ocrx_word' id='word_1_92' title='bbox 588 1707 703 1760; x_wconf 60' lang='lat' dir='ltr'><strong>huic</strong></span> <span class='ocrx_word' id='word_1_93' title='bbox 729 1714 909 1759; x_wconf 85' lang='lat' dir='ltr'><strong>autem</strong></span> <span class='ocrx_word' id='word_1_94' title='bbox 944 1702 1070 1758; x_wconf 91' lang='lat' dir='ltr'><strong>illud</strong></span> <span class='ocrx_word' id='word_1_95' title='bbox 1102 1705 1321 1772; x_wconf 87' lang='lat' dir='ltr'><strong>insuper</strong></span> <span class='ocrx_word' id='word_1_96' title='bbox 1355 1701 1639 1756; x_wconf 77' lang='lat' dir='ltr'><strong>dicentium</strong></span> <span class='ocrx_word' id='word_1_97' title='bbox 1665 1744 1679 1765; x_wconf 91' lang='lat'><strong>,</strong></span> <span class='ocrx_word' id='word_1_98' title='bbox 1715 1716 1818 1753; x_wconf 90' lang='lat' dir='ltr'><strong>non</strong></span> 
     </span>
    </p>
   </div>
   <div class='ocr_carea' id='block_1_16' title="bbox 229 1794 1820 1859">
    <p class='ocr_par' dir='ltr' id='par_1_16' title="bbox 229 1794 1820 1859">
     <span class='ocr_line' id='line_1_16' title="bbox 229 1794 1820 1859; baseline -0.006 -5"><span class='ocrx_word' id='word_1_99' title='bbox 229 1815 347 1854; x_wconf 82' lang='lat' dir='ltr'><strong>esse</strong></span> <span class='ocrx_word' id='word_1_100' title='bbox 395 1799 558 1852; x_wconf 82' lang='lat' dir='ltr'><strong>aliam</strong></span> <span class='ocrx_word' id='word_1_101' title='bbox 600 1797 715 1852; x_wconf 87' lang='lat' dir='ltr'><strong>Filii</strong></span> <span class='ocrx_word' id='word_1_102' title='bbox 742 1840 756 1859; x_wconf 89' lang='lat'><strong>,</strong></span> <span class='ocrx_word' id='word_1_103' title='bbox 789 1798 947 1851; x_wconf 88' lang='lat' dir='ltr'><strong>aliam</strong></span> <span class='ocrx_word' id='word_1_104' title='bbox 976 1796 1149 1851; x_wconf 89' lang='lat' dir='ltr'><strong>Patris</strong></span> <span class='ocrx_word' id='word_1_105' title='bbox 1172 1797 1520 1849; x_wconf 72' lang='lat' dir='ltr'><strong>voluntatem.</strong></span> <span class='ocrx_word' id='word_1_106' title='bbox 1555 1794 1650 1848; x_wconf 91' lang='lat' dir='ltr'><strong>llic</strong></span> <span class='ocrx_word' id='word_1_107' title='bbox 1690 1808 1820 1847; x_wconf 86' lang='lat' dir='ltr'><strong>vero</strong></span> 
     </span>
    </p>
   </div>
   <div class='ocr_carea' id='block_1_17' title="bbox 230 1886 1819 1957">
    <p class='ocr_par' dir='ltr' id='par_1_17' title="bbox 230 1886 1819 1957">
     <span class='ocr_line' id='line_1_17' title="bbox 230 1886 1819 1957; baseline -0.004 -12"><span class='ocrx_word' id='word_1_108' title='bbox 230 1890 355 1945; x_wconf 88' lang='lat' dir='ltr'><strong>mihi</strong></span> <span class='ocrx_word' id='word_1_109' title='bbox 410 1891 649 1945; x_wconf 80' lang='lat' dir='ltr'><strong>maxime</strong></span> <span class='ocrx_word' id='word_1_110' title='bbox 698 1888 904 1943; x_wconf 85' lang='lat' dir='ltr'><strong>videtur</strong></span> <span class='ocrx_word' id='word_1_111' title='bbox 946 1888 1159 1943; x_wconf 68' lang='lat' dir='ltr'><strong>Iudaeos</strong></span> <span class='ocrx_word' id='word_1_112' title='bbox 1201 1888 1588 1957; x_wconf 81' lang='lat' dir='ltr'><strong>perstringere,</strong></span> <span class='ocrx_word' id='word_1_113' title='bbox 1631 1887 1720 1954; x_wconf 86' lang='lat' dir='ltr'><strong>qui</strong></span> <span class='ocrx_word' id='word_1_114' title='bbox 1768 1886 1819 1939; x_wconf 93' lang='lat' dir='ltr'><strong>in</strong></span> 
     </span>
    </p>
   </div>
   <div class='ocr_carea' id='block_1_18' title="bbox 226 1977 1818 2049">
    <p class='ocr_par' dir='ltr' id='par_1_18' title="bbox 226 1977 1818 2049">
     <span class='ocr_line' id='line_1_18' title="bbox 226 1977 1818 2049; baseline -0.002 -15"><span class='ocrx_word' id='word_1_115' title='bbox 226 1981 566 2049; x_wconf 77' lang='lat' dir='ltr'><strong>dogmatibus</strong></span> <span class='ocrx_word' id='word_1_116' title='bbox 613 1995 874 2034; x_wconf 88' lang='lat' dir='ltr'><strong>smnmam</strong></span> <span class='ocrx_word' id='word_1_117' title='bbox 917 1994 1094 2033; x_wconf 88' lang='lat' dir='ltr'><strong>rermn</strong></span> <span class='ocrx_word' id='word_1_118' title='bbox 1130 1979 1434 2047; x_wconf 85' lang='lat' dir='ltr'><strong>ponebant,</strong></span> <span class='ocrx_word' id='word_1_119' title='bbox 1468 1993 1566 2031; x_wconf 89' lang='lat' dir='ltr'><strong>ncc</strong></span> <span class='ocrx_word' id='word_1_120' title='bbox 1604 1977 1671 2031; x_wconf 89' lang='lat' dir='ltr'><strong>de</strong></span> <span class='ocrx_word' id='word_1_121' title='bbox 1714 1978 1818 2031; x_wconf 81' lang='lat' dir='ltr'><strong>vita</strong></span> 
     </span>
    </p>
   </div>
   <div class='ocr_carea' id='block_1_19' title="bbox 229 2070 1821 2143">
    <p class='ocr_par' dir='ltr' id='par_1_19' title="bbox 229 2070 1821 2143">
     <span class='ocr_line' id='line_1_19' title="bbox 229 2070 1821 2143; baseline -0.002 -17"><span class='ocrx_word' id='word_1_122' title='bbox 229 2074 389 2143; x_wconf 87' lang='lat' dir='ltr'><strong>probe</strong></span> <span class='ocrx_word' id='word_1_123' title='bbox 419 2072 631 2143; x_wconf 79' lang='lat' dir='ltr'><strong>agenda</strong></span> <span class='ocrx_word' id='word_1_124' title='bbox 653 2072 929 2126; x_wconf 87' lang='lat' dir='ltr'><strong>curabant.</strong></span> <span class='ocrx_word' id='word_1_125' title='bbox 964 2070 1088 2125; x_wconf 86' lang='lat' dir='ltr'><strong>Ideo</strong></span> <span class='ocrx_word' id='word_1_126' title='bbox 1114 2073 1230 2126; x_wconf 83' lang='lat' dir='ltr'><strong>illos</strong></span> <span class='ocrx_word' id='word_1_127' title='bbox 1262 2072 1457 2125; x_wconf 84' lang='lat' dir='ltr'><strong>Paulus</strong></span> <span class='ocrx_word' id='word_1_128' title='bbox 1477 2071 1716 2141; x_wconf 72' lang='lat' dir='ltr'><strong>ctiarguit</strong></span> <span class='ocrx_word' id='word_1_129' title='bbox 1741 2071 1821 2123; x_wconf 73' lang='lat' dir='ltr'><strong>di—</strong></span> 
     </span>
    </p>
   </div>
   <div class='ocr_carea' id='block_1_20' title="bbox 229 2160 1819 2232">
    <p class='ocr_par' dir='ltr' id='par_1_20' title="bbox 229 2160 1819 2232">
     <span class='ocr_line' id='line_1_20' title="bbox 229 2160 1819 2232; baseline -0.003 -15"><span class='ocrx_word' id='word_1_130' title='bbox 229 2177 392 2217; x_wconf 85' lang='lat' dir='ltr'><strong>ecus:</strong></span> <span class='ocrx_word' id='word_1_131' title='bbox 430 2162 568 2216; x_wconf 80' lang='lat' dir='ltr'><strong>Ecce</strong></span> <span class='ocrx_word' id='word_1_132' title='bbox 608 2173 661 2215; x_wconf 90' lang='lat' dir='ltr'><strong>tu</strong></span> <span class='ocrx_word' id='word_1_133' title='bbox 685 2160 902 2215; x_wconf 72' lang='lat' dir='ltr'><strong>Jttdtens</strong></span> <span class='ocrx_word' id='word_1_134' title='bbox 946 2162 1350 2232; x_wconf 83' lang='lat' dir='ltr'><strong>cognominaris,</strong></span> <span class='ocrx_word' id='word_1_135' title='bbox 1378 2172 1423 2214; x_wconf 79' lang='lat' dir='ltr'><strong>et</strong></span> <span class='ocrx_word' id='word_1_136' title='bbox 1464 2161 1729 2228; x_wconf 80' lang='lat' dir='ltr'><strong>requiescis</strong></span> <span class='ocrx_word' id='word_1_137' title='bbox 1768 2162 1819 2212; x_wconf 88' lang='lat' dir='ltr'><strong>in</strong></span> 
     </span>
    </p>
   </div>
   <div class='ocr_carea' id='block_1_21' title="bbox 226 2253 1814 2327">
    <p class='ocr_par' dir='ltr' id='par_1_21' title="bbox 226 2253 1814 2327">
     <span class='ocr_line' id='line_1_21' title="bbox 226 2253 1814 2327; baseline 0.001 -21"><span class='ocrx_word' id='word_1_138' title='bbox 226 2256 348 2325; x_wconf 81' lang='lat' dir='ltr'><strong>lege,</strong></span> <span class='ocrx_word' id='word_1_139' title='bbox 379 2265 426 2308; x_wconf 88' lang='lat' dir='ltr'><strong>et</strong></span> <span class='ocrx_word' id='word_1_140' title='bbox 453 2254 701 2325; x_wconf 70' lang='lat' dir='ltr'><strong>gloriaris</strong></span> <span class='ocrx_word' id='word_1_141' title='bbox 730 2256 783 2308; x_wconf 89' lang='lat' dir='ltr'><strong>in</strong></span> <span class='ocrx_word' id='word_1_142' title='bbox 806 2253 932 2318; x_wconf 88' lang='lat' dir='ltr'><strong>Deo,</strong></span> <span class='ocrx_word' id='word_1_143' title='bbox 962 2266 1009 2308; x_wconf 85' lang='lat' dir='ltr'><strong>et</strong></span> <span class='ocrx_word' id='word_1_144' title='bbox 1036 2255 1169 2307; x_wconf 82' lang='lat' dir='ltr'><strong>nosti</strong></span> <span class='ocrx_word' id='word_1_145' title='bbox 1205 2256 1511 2308; x_wconf 79' lang='lat' dir='ltr'><strong>voluntatem</strong></span> <span class='ocrx_word' id='word_1_146' title='bbox 1538 2256 1555 2327; x_wconf 93' lang='lat'>(</span> <span class='ocrx_word' id='word_1_147' title='bbox 1580 2253 1727 2308; x_wconf 87' lang='lat' dir='ltr'><strong>Rom.</strong></span> <span class='ocrx_word' id='word_1_148' title='bbox 1759 2255 1814 2309; x_wconf 75' lang='lat'><strong>‘2.</strong></span> 
     </span>
    </p>
   </div>
   <div class='ocr_carea' id='block_1_22' title="bbox 232 2346 1818 2417">
    <p class='ocr_par' dir='ltr' id='par_1_22' title="bbox 232 2346 1818 2417">
     <span class='ocr_line' id='line_1_22' title="bbox 232 2346 1818 2417; baseline 0 -18"><span class='ocrx_word' id='word_1_149' title='bbox 232 2346 313 2399; x_wconf 74' lang='grc' dir='ltr'><strong>Π.</strong></span> <span class='ocrx_word' id='word_1_150' title='bbox 344 2346 456 2417; x_wconf 82' lang='grc'><strong>18).</strong></span> <span class='ocrx_word' id='word_1_151' title='bbox 488 2346 687 2401; x_wconf 80' lang='lat' dir='ltr'><strong>Verum</strong></span> <span class='ocrx_word' id='word_1_152' title='bbox 720 2346 853 2401; x_wconf 82' lang='lat' dir='ltr'><strong>nihil</strong></span> <span class='ocrx_word' id='word_1_153' title='bbox 876 2347 965 2402; x_wconf 90' lang='lat' dir='ltr'><strong>tibi</strong></span> <span class='ocrx_word' id='word_1_154' title='bbox 988 2361 1053 2401; x_wconf 80' lang='lat' dir='ltr'><strong>ex</strong></span> <span class='ocrx_word' id='word_1_155' title='bbox 1077 2346 1164 2400; x_wconf 91' lang='lat' dir='ltr'><strong>illa</strong></span> <span class='ocrx_word' id='word_1_156' title='bbox 1192 2346 1429 2411; x_wconf 87' lang='lat' dir='ltr'><strong>accedit,</strong></span> <span class='ocrx_word' id='word_1_157' title='bbox 1462 2346 1671 2415; x_wconf 71' lang='lat' dir='ltr'><strong>(pratulo</strong></span> <span class='ocrx_word' id='word_1_158' title='bbox 1699 2347 1818 2399; x_wconf 63' lang='lat' dir='ltr'><strong>vitae</strong></span> 
     </span>
    </p>
   </div>
   <div class='ocr_carea' id='block_1_23' title="bbox 229 2438 1818 2507">
    <p class='ocr_par' dir='ltr' id='par_1_23' title="bbox 229 2438 1818 2507">
     <span class='ocr_line' id='line_1_23' title="bbox 229 2438 1818 2507; baseline 0.001 -17"><span class='ocrx_word' id='word_1_159' title='bbox 229 2447 273 2490; x_wconf 88' lang='lat' dir='ltr'><strong>ct</strong></span> <span class='ocrx_word' id='word_1_160' title='bbox 301 2452 528 2506; x_wconf 85' lang='lat' dir='ltr'><strong>operum</strong></span> <span class='ocrx_word' id='word_1_161' title='bbox 567 2438 871 2507; x_wconf 77' lang='lat' dir='ltr'><strong>exemplum</strong></span> <span class='ocrx_word' id='word_1_162' title='bbox 901 2454 1005 2492; x_wconf 92' lang='lat' dir='ltr'><strong>non</strong></span> <span class='ocrx_word' id='word_1_163' title='bbox 1045 2438 1214 2492; x_wconf 78' lang='lat' dir='ltr'><strong>adest.</strong></span> <span class='ocrx_word' id='word_1_164' title='bbox 1248 2439 1341 2493; x_wconf 93' lang='lat' dir='ltr'><strong>llle</strong></span> <span class='ocrx_word' id='word_1_165' title='bbox 1382 2448 1557 2492; x_wconf 88' lang='lat' dir='ltr'><strong>autem</strong></span> <span class='ocrx_word' id='word_1_166' title='bbox 1588 2454 1692 2492; x_wconf 91' lang='lat' dir='ltr'><strong>non</strong></span> <span class='ocrx_word' id='word_1_167' title='bbox 1734 2438 1818 2492; x_wconf 91' lang='lat' dir='ltr'><strong>hic</strong></span> 
     </span>
    </p>
   </div>
   <div class='ocr_carea' id='block_1_24' title="bbox 231 2531 1819 2601">
    <p class='ocr_par' dir='ltr' id='par_1_24' title="bbox 231 2531 1819 2601">
     <span class='ocr_line' id='line_1_24' title="bbox 231 2531 1819 2601; baseline 0.001 -19"><span class='ocrx_word' id='word_1_168' title='bbox 231 2531 451 2585; x_wconf 73' lang='lat' dir='ltr'><strong>substitit</strong></span> <span class='ocrx_word' id='word_1_169' title='bbox 476 2575 490 2596; x_wconf 90' lang='lat'><strong>,</strong></span> <span class='ocrx_word' id='word_1_170' title='bbox 528 2532 620 2585; x_wconf 86' lang='lat' dir='ltr'><strong>sed</strong></span> <span class='ocrx_word' id='word_1_171' title='bbox 642 2532 782 2601; x_wconf 88' lang='lat' dir='ltr'><strong>quod</strong></span> <span class='ocrx_word' id='word_1_172' title='bbox 817 2532 983 2586; x_wconf 87' lang='lat' dir='ltr'><strong>multo</strong></span> <span class='ocrx_word' id='word_1_173' title='bbox 1010 2533 1180 2596; x_wconf 75' lang='lat' dir='ltr'><strong>majus</strong></span> <span class='ocrx_word' id='word_1_174' title='bbox 1205 2540 1320 2585; x_wconf 87' lang='lat' dir='ltr'><strong>erat</strong></span> <span class='ocrx_word' id='word_1_175' title='bbox 1342 2532 1474 2586; x_wconf 87' lang='lat' dir='ltr'><strong>dixit</strong></span> <span class='ocrx_word' id='word_1_176' title='bbox 1501 2549 1515 2587; x_wconf 90' lang='lat'><strong>:</strong></span> <span class='ocrx_word' id='word_1_177' title='bbox 1545 2532 1634 2585; x_wconf 69' lang='lat'><strong>22.</strong></span> <span class='ocrx_word' id='word_1_178' title='bbox 1664 2532 1819 2586; x_wconf 79' lang='lat' dir='ltr'><strong>.llnlti</strong></span> 
     </span>
    </p>
   </div>
   <div class='ocr_carea' id='block_1_25' title="bbox 228 2622 1819 2690">
    <p class='ocr_par' dir='ltr' id='par_1_25' title="bbox 228 2622 1819 2690">
     <span class='ocr_line' id='line_1_25' title="bbox 228 2622 1819 2690; baseline 0.004 -18"><span class='ocrx_word' id='word_1_179' title='bbox 228 2622 352 2675; x_wconf 78' lang='lat' dir='ltr'><strong>enim</strong></span> <span class='ocrx_word' id='word_1_180' title='bbox 377 2624 551 2677; x_wconf 80' lang='lat' dir='ltr'><strong>dicent</strong></span> <span class='ocrx_word' id='word_1_181' title='bbox 581 2623 702 2676; x_wconf 84' lang='lat' dir='ltr'><strong>mihi</strong></span> <span class='ocrx_word' id='word_1_182' title='bbox 731 2624 781 2677; x_wconf 89' lang='lat' dir='ltr'><strong>in</strong></span> <span class='ocrx_word' id='word_1_183' title='bbox 819 2624 900 2677; x_wconf 87' lang='lat' dir='ltr'><strong>die</strong></span> <span class='ocrx_word' id='word_1_184' title='bbox 928 2623 1019 2678; x_wconf 88' lang='lat' dir='ltr'><strong>illa</strong></span> <span class='ocrx_word' id='word_1_185' title='bbox 1042 2664 1058 2690; x_wconf 96' lang='lat'><strong>,</strong></span> <span class='ocrx_word' id='word_1_186' title='bbox 1089 2622 1326 2688; x_wconf 79' lang='lat' dir='ltr'><strong>Domine,</strong></span> <span class='ocrx_word' id='word_1_187' title='bbox 1374 2622 1609 2689; x_wconf 82' lang='lat' dir='ltr'><strong>Domine,</strong></span> <span class='ocrx_word' id='word_1_188' title='bbox 1654 2640 1819 2678; x_wconf 87' lang='lat' dir='ltr'><strong>nonne</strong></span> 
     </span>
    </p>
   </div>
   <div class='ocr_carea' id='block_1_26' title="bbox 233 2713 1816 2783">
    <p class='ocr_par' dir='ltr' id='par_1_26' title="bbox 233 2713 1816 2783">
     <span class='ocr_line' id='line_1_26' title="bbox 233 2713 1816 2783; baseline 0.003 -19"><span class='ocrx_word' id='word_1_189' title='bbox 233 2713 277 2765; x_wconf 88' lang='lat' dir='ltr'><strong>in</strong></span> <span class='ocrx_word' id='word_1_190' title='bbox 305 2714 503 2767; x_wconf 83' lang='lat' dir='ltr'><strong>nomine</strong></span> <span class='ocrx_word' id='word_1_191' title='bbox 544 2723 628 2765; x_wconf 85' lang='lat' dir='ltr'><strong>tuo</strong></span> <span class='ocrx_word' id='word_1_192' title='bbox 667 2714 1114 2783; x_wconf 83' lang='lat' dir='ltr'><strong>prophetavimns?</strong></span> <span class='ocrx_word' id='word_1_193' title='bbox 1158 2714 1271 2769; x_wconf 87' lang='lat' dir='ltr'><strong>Non</strong></span> <span class='ocrx_word' id='word_1_194' title='bbox 1306 2714 1449 2769; x_wconf 86' lang='lat' dir='ltr'><strong>enim</strong></span> <span class='ocrx_word' id='word_1_195' title='bbox 1495 2715 1666 2768; x_wconf 89' lang='lat' dir='ltr'><strong>solum</strong></span> <span class='ocrx_word' id='word_1_196' title='bbox 1689 2758 1703 2779; x_wconf 91' lang='lat'><strong>,</strong></span> <span class='ocrx_word' id='word_1_197' title='bbox 1735 2717 1816 2769; x_wconf 86' lang='lat' dir='ltr'><strong>itt-</strong></span> 
     </span>
    </p>
   </div>
   <div class='ocr_carea' id='block_1_27' title="bbox 231 2803 1817 2876">
    <p class='ocr_par' dir='ltr' id='par_1_27' title="bbox 231 2803 1817 2876">
     <span class='ocr_line' id='line_1_27' title="bbox 231 2803 1817 2876; baseline 0.003 -20"><span class='ocrx_word' id='word_1_198' title='bbox 231 2805 366 2871; x_wconf 85' lang='lat' dir='ltr'><strong>quit.</strong></span> <span class='ocrx_word' id='word_1_199' title='bbox 398 2806 487 2873; x_wconf 87' lang='lat' dir='ltr'><strong>qui</strong></span> <span class='ocrx_word' id='word_1_200' title='bbox 543 2803 699 2858; x_wconf 87' lang='lat' dir='ltr'><strong>ﬁdem</strong></span> <span class='ocrx_word' id='word_1_201' title='bbox 749 2806 944 2870; x_wconf 88' lang='lat' dir='ltr'><strong>habet,</strong></span> <span class='ocrx_word' id='word_1_202' title='bbox 981 2806 1024 2858; x_wconf 91' lang='lat' dir='ltr'><strong>si</strong></span> <span class='ocrx_word' id='word_1_203' title='bbox 1067 2808 1170 2859; x_wconf 85' lang='lat' dir='ltr'><strong>vita</strong></span> <span class='ocrx_word' id='word_1_204' title='bbox 1214 2805 1541 2876; x_wconf 75' lang='lat' dir='ltr'><strong>negligatur,</strong></span> <span class='ocrx_word' id='word_1_205' title='bbox 1583 2823 1646 2860; x_wconf 83' lang='lat' dir='ltr'><strong>ex</strong></span> <span class='ocrx_word' id='word_1_206' title='bbox 1674 2806 1817 2861; x_wconf 74' lang='lat' dir='ltr'><strong>cadis</strong></span> 
     </span>
    </p>
   </div>
   <div class='ocr_carea' id='block_1_28' title="bbox 232 2897 1818 2971">
    <p class='ocr_par' dir='ltr' id='par_1_28' title="bbox 232 2897 1818 2971">
     <span class='ocr_line' id='line_1_28' title="bbox 232 2897 1818 2971; baseline 0.003 -22"><span class='ocrx_word' id='word_1_207' title='bbox 232 2897 564 2962; x_wconf 77' lang='lat' dir='ltr'><strong>excluditur;</strong></span> <span class='ocrx_word' id='word_1_208' title='bbox 593 2899 684 2953; x_wconf 90' lang='lat' dir='ltr'><strong>sed</strong></span> <span class='ocrx_word' id='word_1_209' title='bbox 717 2900 924 2953; x_wconf 86' lang='lat' dir='ltr'><strong>etiamsi</strong></span> <span class='ocrx_word' id='word_1_210' title='bbox 957 2916 1078 2954; x_wconf 90' lang='lat' dir='ltr'><strong>cum</strong></span> <span class='ocrx_word' id='word_1_211' title='bbox 1120 2900 1222 2956; x_wconf 87' lang='lat' dir='ltr'><strong>ﬁde</strong></span> <span class='ocrx_word' id='word_1_212' title='bbox 1257 2902 1418 2955; x_wconf 88' lang='lat' dir='ltr'><strong>tnulta</strong></span> <span class='ocrx_word' id='word_1_213' title='bbox 1450 2901 1600 2971; x_wconf 85' lang='lat' dir='ltr'><strong>signa</strong></span> <span class='ocrx_word' id='word_1_214' title='bbox 1632 2901 1818 2956; x_wconf 84' lang='lat' dir='ltr'><strong>edide-</strong></span> 
     </span>
    </p>
   </div>
   <div class='ocr_carea' id='block_1_29' title="bbox 233 2987 1821 3064">
    <p class='ocr_par' dir='ltr' id='par_1_29' title="bbox 233 2987 1821 3064">
     <span class='ocr_line' id='line_1_29' title="bbox 233 2987 1821 3064; baseline 0.004 -25"><span class='ocrx_word' id='word_1_215' title='bbox 233 2987 328 3051; x_wconf 85' lang='lat' dir='ltr'><strong>rit,</strong></span> <span class='ocrx_word' id='word_1_216' title='bbox 360 3005 456 3044; x_wconf 91' lang='lat' dir='ltr'><strong>nec</strong></span> <span class='ocrx_word' id='word_1_217' title='bbox 478 2989 611 3043; x_wconf 86' lang='lat' dir='ltr'><strong>boni</strong></span> <span class='ocrx_word' id='word_1_218' title='bbox 633 2990 900 3060; x_wconf 84' lang='lat' dir='ltr'><strong>quidpiam</strong></span> <span class='ocrx_word' id='word_1_219' title='bbox 931 2991 1147 3056; x_wconf 84' lang='lat' dir='ltr'><strong>fecerit,</strong></span> <span class='ocrx_word' id='word_1_220' title='bbox 1174 3007 1202 3044; x_wconf 89' lang='lat' dir='ltr'><strong>a</strong></span> <span class='ocrx_word' id='word_1_221' title='bbox 1233 2993 1399 3047; x_wconf 87' lang='lat' dir='ltr'><strong>sacris</strong></span> <span class='ocrx_word' id='word_1_222' title='bbox 1423 2992 1670 3047; x_wconf 86' lang='lat' dir='ltr'><strong>similiter</strong></span> <span class='ocrx_word' id='word_1_223' title='bbox 1697 3009 1821 3064; x_wconf 88' lang='lat' dir='ltr'><strong>por-</strong></span> 
     </span>
    </p>
   </div>
   <div class='ocr_carea' id='block_1_30' title="bbox 235 3078 1817 3152">
    <p class='ocr_par' dir='ltr' id='par_1_30' title="bbox 235 3078 1817 3152">
     <span class='ocr_line' id='line_1_30' title="bbox 235 3078 1817 3152; baseline 0.006 -23"><span class='ocrx_word' id='word_1_224' title='bbox 235 3078 292 3132; x_wconf 85' lang='lat' dir='ltr'><strong>tis</strong></span> <span class='ocrx_word' id='word_1_225' title='bbox 318 3083 631 3149; x_wconf 74' lang='lat' dir='ltr'><strong>repellctur.</strong></span> <span class='ocrx_word' id='word_1_226' title='bbox 666 3082 821 3137; x_wconf 80' lang='lat' dir='ltr'><strong>Multi</strong></span> <span class='ocrx_word' id='word_1_227' title='bbox 844 3085 975 3138; x_wconf 86' lang='lat' dir='ltr'><strong>enim</strong></span> <span class='ocrx_word' id='word_1_228' title='bbox 1014 3086 1139 3139; x_wconf 80' lang='lat' dir='ltr'><strong>mihi</strong></span> <span class='ocrx_word' id='word_1_229' title='bbox 1158 3084 1325 3139; x_wconf 85' lang='lat' dir='ltr'><strong>dicent</strong></span> <span class='ocrx_word' id='word_1_230' title='bbox 1364 3085 1417 3139; x_wconf 89' lang='lat' dir='ltr'><strong>in</strong></span> <span class='ocrx_word' id='word_1_231' title='bbox 1445 3085 1526 3138; x_wconf 87' lang='lat' dir='ltr'><strong>die</strong></span> <span class='ocrx_word' id='word_1_232' title='bbox 1552 3085 1676 3152; x_wconf 89' lang='lat' dir='ltr'><strong>illa,</strong></span> <span class='ocrx_word' id='word_1_233' title='bbox 1711 3083 1817 3139; x_wconf 90' lang='lat' dir='ltr'><strong>Do-</strong></span> 
     </span>
    </p>
   </div>
   <div class='ocr_carea' id='block_1_31' title="bbox 233 3174 1821 3252">
    <p class='ocr_par' dir='ltr' id='par_1_31' title="bbox 233 3174 1821 3252">
     <span class='ocr_line' id='line_1_31' title="bbox 233 3174 1821 3252; baseline 0.007 -29"><span class='ocrx_word' id='word_1_234' title='bbox 233 3174 372 3240; x_wconf 85' lang='lat' dir='ltr'><strong>mine,</strong></span> <span class='ocrx_word' id='word_1_235' title='bbox 408 3175 668 3242; x_wconf 82' lang='lat' dir='ltr'><strong>Domine,</strong></span> <span class='ocrx_word' id='word_1_236' title='bbox 717 3194 884 3232; x_wconf 85' lang='lat' dir='ltr'><strong>nonne</strong></span> <span class='ocrx_word' id='word_1_237' title='bbox 926 3180 978 3232; x_wconf 85' lang='lat' dir='ltr'><strong>in</strong></span> <span class='ocrx_word' id='word_1_238' title='bbox 1025 3179 1228 3233; x_wconf 85' lang='lat' dir='ltr'><strong>nomine</strong></span> <span class='ocrx_word' id='word_1_239' title='bbox 1256 3189 1342 3233; x_wconf 86' lang='lat' dir='ltr'><strong>tuo</strong></span> <span class='ocrx_word' id='word_1_240' title='bbox 1370 3180 1821 3252; x_wconf 82' lang='lat' dir='ltr'><strong>prapltetavimw.?</strong></span> 
     </span>
    </p>
   </div>
   <div class='ocr_carea' id='block_1_32' title="bbox 241 3262 1815 3340">
    <p class='ocr_par' dir='ltr' id='par_1_32' title="bbox 241 3262 1815 3340">
     <span class='ocr_line' id='line_1_32' title="bbox 241 3262 1815 3340; baseline 0.006 -25"><span class='ocrx_word' id='word_1_241' title='bbox 241 3262 409 3318; x_wconf 69' lang='lat' dir='ltr'><strong>Viden‘</strong></span> <span class='ocrx_word' id='word_1_242' title='bbox 437 3267 715 3337; x_wconf 81' lang='lat' dir='ltr'><strong>quomodo</strong></span> <span class='ocrx_word' id='word_1_243' title='bbox 745 3283 866 3323; x_wconf 91' lang='lat' dir='ltr'><strong>sese</strong></span> <span class='ocrx_word' id='word_1_244' title='bbox 913 3270 1135 3324; x_wconf 91' lang='lat' dir='ltr'><strong>latenter</strong></span> <span class='ocrx_word' id='word_1_245' title='bbox 1163 3279 1345 3340; x_wconf 87' lang='lat' dir='ltr'><strong>postea</strong></span> <span class='ocrx_word' id='word_1_246' title='bbox 1379 3271 1535 3324; x_wconf 85' lang='lat' dir='ltr'><strong>simul</strong></span> <span class='ocrx_word' id='word_1_247' title='bbox 1565 3270 1815 3338; x_wconf 85' lang='lat' dir='ltr'><strong>inducat,</strong></span> 
     </span>
    </p>
   </div>
   <div class='ocr_carea' id='block_1_33' title="bbox 236 3360 1815 3432">
    <p class='ocr_par' dir='ltr' id='par_1_33' title="bbox 236 3360 1815 3432">
     <span class='ocr_line' id='line_1_33' title="bbox 236 3360 1815 3432; baseline 0.005 -27"><span class='ocrx_word' id='word_1_248' title='bbox 236 3366 498 3426; x_wconf 80' lang='lat' dir='ltr'><strong>postquam</strong></span> <span class='ocrx_word' id='word_1_249' title='bbox 537 3369 698 3413; x_wconf 88' lang='lat' dir='ltr'><strong>totam</strong></span> <span class='ocrx_word' id='word_1_250' title='bbox 724 3360 952 3414; x_wconf 86' lang='lat' dir='ltr'><strong>absolvit</strong></span> <span class='ocrx_word' id='word_1_251' title='bbox 980 3361 1315 3426; x_wconf 83' lang='lat' dir='ltr'><strong>concionem,</strong></span> <span class='ocrx_word' id='word_1_252' title='bbox 1355 3377 1413 3415; x_wconf 90' lang='lat' dir='ltr'><strong>se</strong></span> <span class='ocrx_word' id='word_1_253' title='bbox 1440 3377 1650 3432; x_wconf 86' lang='lat' dir='ltr'><strong>quoque</strong></span> <span class='ocrx_word' id='word_1_254' title='bbox 1670 3361 1815 3430; x_wconf 78' lang='lat' dir='ltr'><strong>judi-</strong></span> 
     </span>
    </p>
   </div>
   <div class='ocr_carea' id='block_1_34' title="bbox 235 3451 1833 3524">
    <p class='ocr_par' dir='ltr' id='par_1_34' title="bbox 235 3451 1833 3524">
     <span class='ocr_line' id='line_1_34' title="bbox 235 3451 1833 3524; baseline 0.004 -27"><span class='ocrx_word' id='word_1_255' title='bbox 235 3460 336 3500; x_wconf 84' lang='lat' dir='ltr'><strong>cetn</strong></span> <span class='ocrx_word' id='word_1_256' title='bbox 365 3451 643 3505; x_wconf 61' lang='lat' dir='ltr'><strong>Ostendit?</strong></span> <span class='ocrx_word' id='word_1_257' title='bbox 688 3451 819 3506; x_wconf 85' lang='lat' dir='ltr'><strong>Nam</strong></span> <span class='ocrx_word' id='word_1_258' title='bbox 850 3453 989 3522; x_wconf 88' lang='lat' dir='ltr'><strong>quod</strong></span> <span class='ocrx_word' id='word_1_259' title='bbox 1036 3454 1165 3507; x_wconf 88' lang='lat' dir='ltr'><strong>ultio</strong></span> <span class='ocrx_word' id='word_1_260' title='bbox 1201 3463 1509 3524; x_wconf 80' lang='lat' dir='ltr'><strong>peccatores</strong></span> <span class='ocrx_word' id='word_1_261' title='bbox 1558 3456 1626 3507; x_wconf 77' lang='lat' dir='ltr'><strong>sit</strong></span> <span class='ocrx_word' id='word_1_262' title='bbox 1675 3455 1833 3506; x_wconf 72' lang='lat' dir='ltr'><strong>iuva:</strong></span> 
     </span>
    </p>
   </div>
   <div class='ocr_carea' id='block_1_35' title="bbox 236 3543 1816 3617">
    <p class='ocr_par' dir='ltr' id='par_1_35' title="bbox 236 3543 1816 3617">
     <span class='ocr_line' id='line_1_35' title="bbox 236 3543 1816 3617; baseline 0.008 -26"><span class='ocrx_word' id='word_1_263' title='bbox 236 3553 366 3604; x_wconf 86' lang='lat' dir='ltr'><strong>sura,</strong></span> <span class='ocrx_word' id='word_1_264' title='bbox 393 3543 510 3611; x_wconf 81' lang='lat' dir='ltr'><strong>jam</strong></span> <span class='ocrx_word' id='word_1_265' title='bbox 542 3545 687 3613; x_wconf 87' lang='lat' dir='ltr'><strong>prius</strong></span> <span class='ocrx_word' id='word_1_266' title='bbox 715 3547 1055 3612; x_wconf 85' lang='lat' dir='ltr'><strong>ostenderat;</strong></span> <span class='ocrx_word' id='word_1_267' title='bbox 1084 3548 1203 3617; x_wconf 75' lang='lat' dir='ltr'><strong>quis</strong></span> <span class='ocrx_word' id='word_1_268' title='bbox 1227 3558 1406 3602; x_wconf 87' lang='lat' dir='ltr'><strong>autem</strong></span> <span class='ocrx_word' id='word_1_269' title='bbox 1436 3548 1578 3602; x_wconf 88' lang='lat' dir='ltr'><strong>ultor</strong></span> <span class='ocrx_word' id='word_1_270' title='bbox 1606 3547 1816 3603; x_wconf 84' lang='lat' dir='ltr'><strong>futurus</strong></span> 
     </span>
    </p>
   </div>
   <div class='ocr_carea' id='block_1_36' title="bbox 235 3636 1814 3712">
    <p class='ocr_par' dir='ltr' id='par_1_36' title="bbox 235 3636 1814 3712">
     <span class='ocr_line' id='line_1_36' title="bbox 235 3636 1814 3712; baseline 0.004 -25"><span class='ocrx_word' id='word_1_271' title='bbox 235 3644 391 3700; x_wconf 79' lang='lat' dir='ltr'><strong>esset,</strong></span> <span class='ocrx_word' id='word_1_272' title='bbox 414 3636 505 3692; x_wconf 89' lang='lat' dir='ltr'><strong>hic</strong></span> <span class='ocrx_word' id='word_1_273' title='bbox 533 3638 748 3693; x_wconf 90' lang='lat' dir='ltr'><strong>demum</strong></span> <span class='ocrx_word' id='word_1_274' title='bbox 780 3640 1017 3705; x_wconf 84' lang='lat' dir='ltr'><strong>revelat;</strong></span> <span class='ocrx_word' id='word_1_275' title='bbox 1049 3656 1147 3696; x_wconf 89' lang='lat' dir='ltr'><strong>nec</strong></span> <span class='ocrx_word' id='word_1_276' title='bbox 1173 3643 1315 3696; x_wconf 85' lang='lat' dir='ltr'><strong>clare</strong></span> <span class='ocrx_word' id='word_1_277' title='bbox 1340 3641 1491 3703; x_wconf 80' lang='lat' dir='ltr'><strong>dixit.</strong></span> <span class='ocrx_word' id='word_1_278' title='bbox 1529 3642 1638 3712; x_wconf 75' lang='lat' dir='ltr'><strong>Ego</strong></span> <span class='ocrx_word' id='word_1_279' title='bbox 1659 3656 1775 3694; x_wconf 91' lang='lat' dir='ltr'><strong>sum</strong></span> <span class='ocrx_word' id='word_1_280' title='bbox 1799 3658 1814 3705; x_wconf 88' lang='lat'><strong>;</strong></span> 
     </span>
    </p>
   </div>
   <div class='ocr_carea' id='block_1_37' title="bbox 236 3727 1816 3801">
    <p class='ocr_par' dir='ltr' id='par_1_37' title="bbox 236 3727 1816 3801">
     <span class='ocr_line' id='line_1_37' title="bbox 236 3727 1816 3801; baseline 0.006 -24"><span class='ocrx_word' id='word_1_281' title='bbox 236 3735 337 3786; x_wconf 77' lang='lat' dir='ltr'><strong>seu,</strong></span> <span class='ocrx_word' id='word_1_282' title='bbox 368 3727 529 3782; x_wconf 84' lang='lat' dir='ltr'><strong>Multi</strong></span> <span class='ocrx_word' id='word_1_283' title='bbox 566 3729 731 3784; x_wconf 85' lang='lat' dir='ltr'><strong>dicent</strong></span> <span class='ocrx_word' id='word_1_284' title='bbox 757 3731 904 3798; x_wconf 81' lang='lat' dir='ltr'><strong>mihi,</strong></span> <span class='ocrx_word' id='word_1_285' title='bbox 938 3732 1166 3801; x_wconf 90' lang='lat' dir='ltr'><strong>idipsum</strong></span> <span class='ocrx_word' id='word_1_286' title='bbox 1197 3748 1385 3787; x_wconf 87' lang='lat' dir='ltr'><strong>rursus</strong></span> <span class='ocrx_word' id='word_1_287' title='bbox 1414 3732 1672 3788; x_wconf 87' lang='lat' dir='ltr'><strong>iudicans.</strong></span> <span class='ocrx_word' id='word_1_288' title='bbox 1705 3733 1816 3787; x_wconf 77' lang='lat' dir='ltr'><strong>Nisi</strong></span> 
     </span>
    </p>
   </div>
   <div class='ocr_carea' id='block_1_38' title="bbox 236 3814 1818 3891">
    <p class='ocr_par' dir='ltr' id='par_1_38' title="bbox 236 3814 1818 3891">
     <span class='ocr_line' id='line_1_38' title="bbox 236 3814 1818 3891; baseline 0.008 -26"><span class='ocrx_word' id='word_1_289' title='bbox 236 3814 364 3870; x_wconf 85' lang='lat' dir='ltr'><strong>enim</strong></span> <span class='ocrx_word' id='word_1_290' title='bbox 394 3822 513 3888; x_wconf 86' lang='lat' dir='ltr'><strong>ipse</strong></span> <span class='ocrx_word' id='word_1_291' title='bbox 536 3819 700 3890; x_wconf 82' lang='lat' dir='ltr'><strong>judcx</strong></span> <span class='ocrx_word' id='word_1_292' title='bbox 731 3830 895 3889; x_wconf 88' lang='lat' dir='ltr'><strong>esset,</strong></span> <span class='ocrx_word' id='word_1_293' title='bbox 922 3823 1195 3891; x_wconf 89' lang='lat' dir='ltr'><strong>quomodo</strong></span> <span class='ocrx_word' id='word_1_294' title='bbox 1221 3823 1446 3880; x_wconf 80' lang='lat' dir='ltr'><strong>dixisset</strong></span> <span class='ocrx_word' id='word_1_295' title='bbox 1474 3825 1552 3879; x_wconf 92' lang='lat' dir='ltr'><strong>eis</strong></span> <span class='ocrx_word' id='word_1_296' title='bbox 1586 3843 1598 3878; x_wconf 87' lang='lat'><strong>:</strong></span> <span class='ocrx_word' id='word_1_297' title='bbox 1624 3824 1716 3879; x_wconf 77' lang='grc'><strong>25.</strong></span> <span class='ocrx_word' id='word_1_298' title='bbox 1747 3822 1818 3878; x_wconf 87' lang='lat' dir='ltr'><strong>Et</strong></span> 
     </span>
    </p>
   </div>
   <div class='ocr_carea' id='block_1_39' title="bbox 240 3913 1819 3988">
    <p class='ocr_par' dir='ltr' id='par_1_39' title="bbox 240 3913 1819 3988">
     <span class='ocr_line' id='line_1_39' title="bbox 240 3913 1819 3988; baseline 0.008 -30"><span class='ocrx_word' id='word_1_299' title='bbox 240 3916 348 3963; x_wconf 83' lang='lat' dir='ltr'><strong>tunc</strong></span> <span class='ocrx_word' id='word_1_300' title='bbox 370 3914 648 3981; x_wconf 78' lang='lat' dir='ltr'><strong>conﬁtebor</strong></span> <span class='ocrx_word' id='word_1_301' title='bbox 667 3915 754 3978; x_wconf 82' lang='lat' dir='ltr'><strong>eis,</strong></span> <span class='ocrx_word' id='word_1_302' title='bbox 782 3913 1036 3968; x_wconf 80' lang='lat' dir='ltr'><strong>Discedite</strong></span> <span class='ocrx_word' id='word_1_303' title='bbox 1062 3932 1094 3969; x_wconf 90' lang='lat' dir='ltr'><strong>a</strong></span> <span class='ocrx_word' id='word_1_304' title='bbox 1114 3932 1213 3982; x_wconf 89' lang='lat' dir='ltr'><strong>me,</strong></span> <span class='ocrx_word' id='word_1_305' title='bbox 1240 3932 1517 3988; x_wconf 86' lang='lat' dir='ltr'><strong>numquam</strong></span> <span class='ocrx_word' id='word_1_306' title='bbox 1553 3917 1669 3971; x_wconf 79' lang='lat' dir='ltr'><strong>novi</strong></span> <span class='ocrx_word' id='word_1_307' title='bbox 1690 3933 1775 3971; x_wconf 83' lang='lat' dir='ltr'><strong>vos</strong></span> <span class='ocrx_word' id='word_1_308' title='bbox 1793 3917 1819 3970; x_wconf 86' lang='lat'><strong><em>?</em></strong></span> 
     </span>
    </p>
   </div>
   <div class='ocr_carea' id='block_1_40' title="bbox 240 3996 1817 4076">
    <p class='ocr_par' dir='ltr' id='par_1_40' title="bbox 240 3996 1817 4076">
     <span class='ocr_line' id='line_1_40' title="bbox 240 3996 1817 4076; baseline 0.007 -26"><span class='ocrx_word' id='word_1_309' title='bbox 240 3996 345 4053; x_wconf 81' lang='lat' dir='ltr'><strong>Non</strong></span> <span class='ocrx_word' id='word_1_310' title='bbox 374 4004 545 4059; x_wconf 88' lang='lat' dir='ltr'><strong>solum</strong></span> <span class='ocrx_word' id='word_1_311' title='bbox 595 4005 648 4058; x_wconf 91' lang='lat' dir='ltr'><strong>in</strong></span> <span class='ocrx_word' id='word_1_312' title='bbox 674 4004 762 4059; x_wconf 90' lang='lat' dir='ltr'><strong>die</strong></span> <span class='ocrx_word' id='word_1_313' title='bbox 786 4004 971 4075; x_wconf 87' lang='lat' dir='ltr'><strong>judicii</strong></span> <span class='ocrx_word' id='word_1_314' title='bbox 990 4047 1006 4073; x_wconf 88' lang='lat'><strong>,</strong></span> <span class='ocrx_word' id='word_1_315' title='bbox 1033 4007 1127 4061; x_wconf 89' lang='lat' dir='ltr'><strong>sed</strong></span> <span class='ocrx_word' id='word_1_316' title='bbox 1174 4022 1347 4076; x_wconf 82' lang='lat' dir='ltr'><strong>neque</strong></span> <span class='ocrx_word' id='word_1_317' title='bbox 1370 4008 1530 4061; x_wconf 89' lang='lat' dir='ltr'><strong>etiam</strong></span> <span class='ocrx_word' id='word_1_318' title='bbox 1561 4022 1679 4062; x_wconf 90' lang='lat' dir='ltr'><strong>cum</strong></span> <span class='ocrx_word' id='word_1_319' title='bbox 1712 4007 1817 4061; x_wconf 89' lang='lat' dir='ltr'><strong>mi—</strong></span> 
     </span>
    </p>
   </div>
   <div class='ocr_carea' id='block_1_41' title="bbox 240 4094 1819 4168">
    <p class='ocr_par' dir='ltr' id='par_1_41' title="bbox 240 4094 1819 4168">
     <span class='ocr_line' id='line_1_41' title="bbox 240 4094 1819 4168; baseline 0.006 -26"><span class='ocrx_word' id='word_1_320' title='bbox 240 4094 403 4148; x_wconf 82' lang='lat' dir='ltr'><strong>racula</strong></span> <span class='ocrx_word' id='word_1_321' title='bbox 434 4096 730 4152; x_wconf 88' lang='lat' dir='ltr'><strong>edideritis.</strong></span> <span class='ocrx_word' id='word_1_322' title='bbox 765 4096 997 4168; x_wconf 89' lang='lat' dir='ltr'><strong>Ideoque</strong></span> <span class='ocrx_word' id='word_1_323' title='bbox 1041 4096 1317 4167; x_wconf 83' lang='lat' dir='ltr'><strong>discipulis</strong></span> <span class='ocrx_word' id='word_1_324' title='bbox 1362 4097 1575 4153; x_wconf 89' lang='lat' dir='ltr'><strong>dicebat</strong></span> <span class='ocrx_word' id='word_1_325' title='bbox 1599 4115 1613 4151; x_wconf 91' lang='lat'><strong>:</strong></span> <span class='ocrx_word' id='word_1_326' title='bbox 1641 4097 1819 4152; x_wconf 85' lang='lat' dir='ltr'><strong>Nolite</strong></span> 
     </span>
    </p>
   </div>
   <div class='ocr_carea' id='block_1_42' title="bbox 241 4187 1820 4264">
    <p class='ocr_par' dir='ltr' id='par_1_42' title="bbox 241 4187 1820 4264">
     <span class='ocr_line' id='line_1_42' title="bbox 241 4187 1820 4264; baseline 0.004 -26"><span class='ocrx_word' id='word_1_327' title='bbox 241 4187 443 4251; x_wconf 82' lang='lat' dir='ltr'><strong>gaudere</strong></span> <span class='ocrx_word' id='word_1_328' title='bbox 460 4230 475 4256; x_wconf 92' lang='lat'><strong>,</strong></span> <span class='ocrx_word' id='word_1_329' title='bbox 504 4190 627 4261; x_wconf 80' lang='lat' dir='ltr'><strong>quia</strong></span> <span class='ocrx_word' id='word_1_330' title='bbox 654 4190 906 4246; x_wconf 79' lang='lat' dir='ltr'><strong>dtemonia</strong></span> <span class='ocrx_word' id='word_1_331' title='bbox 932 4191 1072 4246; x_wconf 75' lang='lat' dir='ltr'><strong>vobis</strong></span> <span class='ocrx_word' id='word_1_332' title='bbox 1091 4193 1445 4264; x_wconf 83' lang='lat' dir='ltr'><strong>subjiciuntur,</strong></span> <span class='ocrx_word' id='word_1_333' title='bbox 1467 4192 1558 4246; x_wconf 86' lang='lat' dir='ltr'><strong>sed</strong></span> <span class='ocrx_word' id='word_1_334' title='bbox 1581 4192 1700 4263; x_wconf 83' lang='lat' dir='ltr'><strong>quia</strong></span> <span class='ocrx_word' id='word_1_335' title='bbox 1725 4209 1820 4246; x_wconf 88' lang='lat' dir='ltr'><strong>no-</strong></span> 
     </span>
    </p>
   </div>
   <div class='ocr_carea' id='block_1_43' title="bbox 243 4277 1819 4355">
    <p class='ocr_par' dir='ltr' id='par_1_43' title="bbox 243 4277 1819 4355">
     <span class='ocr_line' id='line_1_43' title="bbox 243 4277 1819 4355; baseline 0.006 -28"><span class='ocrx_word' id='word_1_336' title='bbox 243 4277 366 4333; x_wconf 81' lang='lat' dir='ltr'><strong>mina</strong></span> <span class='ocrx_word' id='word_1_337' title='bbox 390 4294 552 4337; x_wconf 75' lang='lat' dir='ltr'><strong>vestra</strong></span> <span class='ocrx_word' id='word_1_338' title='bbox 581 4285 768 4355; x_wconf 86' lang='lat' dir='ltr'><strong>scripta</strong></span> <span class='ocrx_word' id='word_1_339' title='bbox 787 4292 905 4338; x_wconf 87' lang='lat' dir='ltr'><strong>sunt</strong></span> <span class='ocrx_word' id='word_1_340' title='bbox 930 4284 985 4338; x_wconf 85' lang='lat' dir='ltr'><strong>in</strong></span> <span class='ocrx_word' id='word_1_341' title='bbox 1013 4286 1150 4339; x_wconf 69' lang='lat' dir='ltr'><strong>cretis</strong></span> <span class='ocrx_word' id='word_1_342' title='bbox 1171 4283 1321 4354; x_wconf 88' lang='lat' dir='ltr'><strong>(Luc.</strong></span> <span class='ocrx_word' id='word_1_343' title='bbox 1349 4285 1435 4339; x_wconf 87' lang='grc'><strong>10.</strong></span> <span class='ocrx_word' id='word_1_344' title='bbox 1467 4284 1583 4355; x_wconf 72' lang='lat'><strong>20).</strong></span> <span class='ocrx_word' id='word_1_345' title='bbox 1617 4285 1676 4338; x_wconf 76' lang='lat' dir='ltr'><strong>Et</strong></span> <span class='ocrx_word' id='word_1_346' title='bbox 1702 4284 1819 4339; x_wconf 85' lang='lat' dir='ltr'><strong>ubi-</strong></span> 
     </span>
    </p>
   </div>
   <div class='ocr_carea' id='block_1_44' title="bbox 242 4373 1818 4446">
    <p class='ocr_par' dir='ltr' id='par_1_44' title="bbox 242 4373 1818 4446">
     <span class='ocr_line' id='line_1_44' title="bbox 242 4373 1818 4446; baseline 0.004 -25"><span class='ocrx_word' id='word_1_347' title='bbox 242 4380 338 4434; x_wconf 83' lang='lat' dir='ltr'><strong>que</strong></span> <span class='ocrx_word' id='word_1_348' title='bbox 364 4373 583 4429; x_wconf 88' lang='lat' dir='ltr'><strong>multam</strong></span> <span class='ocrx_word' id='word_1_349' title='bbox 607 4373 759 4443; x_wconf 87' lang='lat' dir='ltr'><strong>jubet</strong></span> <span class='ocrx_word' id='word_1_350' title='bbox 774 4375 897 4429; x_wconf 75' lang='lat' dir='ltr'><strong>vine</strong></span> <span class='ocrx_word' id='word_1_351' title='bbox 922 4388 1106 4430; x_wconf 87' lang='lat' dir='ltr'><strong>curam</strong></span> <span class='ocrx_word' id='word_1_352' title='bbox 1126 4389 1307 4446; x_wconf 79' lang='lat' dir='ltr'><strong>agere.</strong></span> <span class='ocrx_word' id='word_1_353' title='bbox 1329 4374 1511 4445; x_wconf 86' lang='lat' dir='ltr'><strong>Neque</strong></span> <span class='ocrx_word' id='word_1_354' title='bbox 1532 4375 1675 4430; x_wconf 88' lang='lat' dir='ltr'><strong>enim</strong></span> <span class='ocrx_word' id='word_1_355' title='bbox 1702 4373 1818 4429; x_wconf 88' lang='lat' dir='ltr'><strong>ﬁeri</strong></span> 
     </span>
    </p>
   </div>
   <div class='ocr_carea' id='block_1_45' title="bbox 247 4464 1820 4536">
    <p class='ocr_par' dir='ltr' id='par_1_45' title="bbox 247 4464 1820 4536">
     <span class='ocr_line' id='line_1_45' title="bbox 247 4464 1820 4536; baseline 0.008 -28"><span class='ocrx_word' id='word_1_356' title='bbox 247 4470 481 4530; x_wconf 85' lang='lat' dir='ltr'><strong>umquam</strong></span> <span class='ocrx_word' id='word_1_357' title='bbox 512 4473 714 4536; x_wconf 83' lang='lat' dir='ltr'><strong>potest,</strong></span> <span class='ocrx_word' id='word_1_358' title='bbox 744 4473 802 4520; x_wconf 90' lang='lat' dir='ltr'><strong>ttt</strong></span> <span class='ocrx_word' id='word_1_359' title='bbox 836 4464 1001 4521; x_wconf 86' lang='lat' dir='ltr'><strong>homo</strong></span> <span class='ocrx_word' id='word_1_360' title='bbox 1039 4476 1186 4521; x_wconf 88' lang='lat' dir='ltr'><strong>recte</strong></span> <span class='ocrx_word' id='word_1_361' title='bbox 1213 4467 1374 4520; x_wconf 89' lang='lat' dir='ltr'><strong>vitam</strong></span> <span class='ocrx_word' id='word_1_362' title='bbox 1417 4466 1699 4522; x_wconf 89' lang='lat' dir='ltr'><strong>instituens</strong></span> <span class='ocrx_word' id='word_1_363' title='bbox 1720 4508 1736 4533; x_wconf 92' lang='lat'><strong>,</strong></span> <span class='ocrx_word' id='word_1_364' title='bbox 1766 4476 1820 4521; x_wconf 87' lang='lat' dir='ltr'><strong>ct</strong></span> 
     </span>
    </p>
   </div>
   <div class='ocr_carea' id='block_1_46' title="bbox 243 4550 1818 4628">
    <p class='ocr_par' dir='ltr' id='par_1_46' title="bbox 243 4550 1818 4628">
     <span class='ocr_line' id='line_1_46' title="bbox 243 4550 1818 4628; baseline 0.008 -29"><span class='ocrx_word' id='word_1_365' title='bbox 243 4550 475 4609; x_wconf 88' lang='lat' dir='ltr'><strong>omnibus</strong></span> <span class='ocrx_word' id='word_1_366' title='bbox 515 4554 682 4610; x_wconf 84' lang='lat' dir='ltr'><strong>animi</strong></span> <span class='ocrx_word' id='word_1_367' title='bbox 729 4555 930 4611; x_wconf 85' lang='lat' dir='ltr'><strong>morbis</strong></span> <span class='ocrx_word' id='word_1_368' title='bbox 974 4557 1271 4623; x_wconf 89' lang='lat' dir='ltr'><strong>liberatus,</strong></span> <span class='ocrx_word' id='word_1_369' title='bbox 1313 4557 1670 4628; x_wconf 86' lang='lat' dir='ltr'><strong>despiciatur;</strong></span> <span class='ocrx_word' id='word_1_370' title='bbox 1723 4557 1818 4613; x_wconf 92' lang='lat' dir='ltr'><strong>sed</strong></span> 
     </span>
    </p>
   </div>
   <div class='ocr_carea' id='block_1_47' title="bbox 245 4639 1819 4714">
    <p class='ocr_par' dir='ltr' id='par_1_47' title="bbox 245 4639 1819 4714">
     <span class='ocr_line' id='line_1_47' title="bbox 245 4639 1819 4714; baseline 0.01 -23"><span class='ocrx_word' id='word_1_371' title='bbox 245 4639 335 4693; x_wconf 81' lang='lat' dir='ltr'><strong>etsi</strong></span> <span class='ocrx_word' id='word_1_372' title='bbox 360 4644 644 4714; x_wconf 85' lang='lat' dir='ltr'><strong>aliquando</strong></span> <span class='ocrx_word' id='word_1_373' title='bbox 672 4648 975 4712; x_wconf 87' lang='lat' dir='ltr'><strong>erraverit,</strong></span> <span class='ocrx_word' id='word_1_374' title='bbox 1002 4649 1112 4703; x_wconf 89' lang='lat' dir='ltr'><strong>cito</strong></span> <span class='ocrx_word' id='word_1_375' title='bbox 1141 4649 1288 4703; x_wconf 91' lang='lat' dir='ltr'><strong>illum</strong></span> <span class='ocrx_word' id='word_1_376' title='bbox 1316 4650 1456 4704; x_wconf 90' lang='lat' dir='ltr'><strong>Deus</strong></span> <span class='ocrx_word' id='word_1_377' title='bbox 1479 4649 1546 4705; x_wconf 89' lang='lat' dir='ltr'><strong>ad</strong></span> <span class='ocrx_word' id='word_1_378' title='bbox 1576 4651 1819 4706; x_wconf 88' lang='lat' dir='ltr'><strong>notitiam</strong></span> 
     </span>
    </p>
   </div>
   <div class='ocr_carea' id='block_1_48' title="bbox 246 4730 1818 4810">
    <p class='ocr_par' dir='ltr' id='par_1_48' title="bbox 246 4730 1818 4810">
     <span class='ocr_line' id='line_1_48' title="bbox 246 4730 1818 4810; baseline 0.01 -31"><span class='ocrx_word' id='word_1_379' title='bbox 246 4730 471 4791; x_wconf 73' lang='lat' dir='ltr'><strong>veritatis</strong></span> <span class='ocrx_word' id='word_1_380' title='bbox 501 4736 793 4807; x_wconf 83' lang='lat' dir='ltr'><strong>pertrabet.</strong></span> <span class='ocrx_word' id='word_1_381' title='bbox 824 4737 1022 4794; x_wconf 78' lang='lat' dir='ltr'><strong>Verum</strong></span> <span class='ocrx_word' id='word_1_382' title='bbox 1052 4738 1267 4810; x_wconf 86' lang='lat' dir='ltr'><strong>quidam</strong></span> <span class='ocrx_word' id='word_1_383' title='bbox 1311 4749 1436 4795; x_wconf 89' lang='lat' dir='ltr'><strong>sunt</strong></span> <span class='ocrx_word' id='word_1_384' title='bbox 1472 4741 1561 4810; x_wconf 89' lang='lat' dir='ltr'><strong>qui</strong></span> <span class='ocrx_word' id='word_1_385' title='bbox 1590 4739 1776 4795; x_wconf 88' lang='lat' dir='ltr'><strong>dicunt</strong></span> <span class='ocrx_word' id='word_1_386' title='bbox 1802 4783 1818 4809; x_wconf 92' lang='lat'><strong>,</strong></span> 
     </span>
    </p>
   </div>
   <div class='ocr_carea' id='block_1_49' title="bbox 246 4818 1818 4903">
    <p class='ocr_par' dir='ltr' id='par_1_49' title="bbox 246 4818 1818 4903">
     <span class='ocr_line' id='line_1_49' title="bbox 246 4818 1818 4903; baseline 0.005 -24"><span class='ocrx_word' id='word_1_387' title='bbox 246 4818 380 4887; x_wconf 78' lang='lat' dir='ltr'><strong>ipsos</strong></span> <span class='ocrx_word' id='word_1_388' title='bbox 423 4827 494 4883; x_wconf 89' lang='lat' dir='ltr'><strong>ita</strong></span> <span class='ocrx_word' id='word_1_389' title='bbox 544 4828 745 4886; x_wconf 81' lang='lat' dir='ltr'><strong>dixisse</strong></span> <span class='ocrx_word' id='word_1_390' title='bbox 786 4831 1131 4899; x_wconf 88' lang='lat' dir='ltr'><strong>mentiendo,</strong></span> <span class='ocrx_word' id='word_1_391' title='bbox 1185 4831 1415 4903; x_wconf 88' lang='lat' dir='ltr'><strong>ideoque</strong></span> <span class='ocrx_word' id='word_1_392' title='bbox 1456 4833 1683 4888; x_wconf 86' lang='lat' dir='ltr'><strong>salutem</strong></span> <span class='ocrx_word' id='word_1_393' title='bbox 1713 4849 1818 4887; x_wconf 90' lang='lat' dir='ltr'><strong>non</strong></span> 
     </span>
    </p>
   </div>
   <div class='ocr_carea' id='block_1_50' title="bbox 247 4920 1819 4992">
    <p class='ocr_par' dir='ltr' id='par_1_50' title="bbox 247 4920 1819 4992">
     <span class='ocr_line' id='line_1_50' title="bbox 247 4920 1819 4992; baseline 0.006 -25"><span class='ocrx_word' id='word_1_394' title='bbox 247 4924 356 4967; x_wconf 82' lang='lat' dir='ltr'><strong>esse</strong></span> <span class='ocrx_word' id='word_1_395' title='bbox 380 4928 759 4991; x_wconf 87' lang='lat' dir='ltr'><strong>consequutos.</strong></span> <span class='ocrx_word' id='word_1_396' title='bbox 808 4920 948 4991; x_wconf 78' lang='lat' dir='ltr'><strong>Ergo</strong></span> <span class='ocrx_word' id='word_1_397' title='bbox 979 4930 1187 4987; x_wconf 88' lang='lat' dir='ltr'><strong>contra,</strong></span> <span class='ocrx_word' id='word_1_398' title='bbox 1216 4937 1375 4992; x_wconf 89' lang='lat' dir='ltr'><strong>quam</strong></span> <span class='ocrx_word' id='word_1_399' title='bbox 1417 4923 1693 4987; x_wconf 82' lang='lat' dir='ltr'><strong>voluerat,</strong></span> <span class='ocrx_word' id='word_1_400' title='bbox 1723 4922 1819 4976; x_wconf 81' lang='lat' dir='ltr'><strong>ad-</strong></span> 
     </span>
    </p>
   </div>
   <div class='ocr_carea' id='block_1_51' title="bbox 246 5007 1823 5085">
    <p class='ocr_par' dir='ltr' id='par_1_51' title="bbox 246 5007 1823 5085">
     <span class='ocr_line' id='line_1_51' title="bbox 246 5007 1823 5085; baseline 0.01 -32"><span class='ocrx_word' id='word_1_401' title='bbox 246 5007 411 5062; x_wconf 79' lang='lat' dir='ltr'><strong>struit.</strong></span> <span class='ocrx_word' id='word_1_402' title='bbox 456 5009 585 5067; x_wconf 90' lang='lat' dir='ltr'><strong>Illud</strong></span> <span class='ocrx_word' id='word_1_403' title='bbox 611 5015 810 5085; x_wconf 88' lang='lat' dir='ltr'><strong>quippe</strong></span> <span class='ocrx_word' id='word_1_404' title='bbox 855 5014 966 5069; x_wconf 85' lang='lat' dir='ltr'><strong>vult</strong></span> <span class='ocrx_word' id='word_1_405' title='bbox 1004 5012 1090 5069; x_wconf 88' lang='lat' dir='ltr'><strong>hic</strong></span> <span class='ocrx_word' id='word_1_406' title='bbox 1129 5014 1413 5070; x_wconf 84' lang='lat' dir='ltr'><strong>ostendere</strong></span> <span class='ocrx_word' id='word_1_407' title='bbox 1439 5057 1453 5079; x_wconf 85' lang='lat'><strong>,</strong></span> <span class='ocrx_word' id='word_1_408' title='bbox 1483 5014 1640 5070; x_wconf 92' lang='lat' dir='ltr'><strong>ﬁdem</strong></span> <span class='ocrx_word' id='word_1_409' title='bbox 1691 5013 1823 5069; x_wconf 89' lang='lat' dir='ltr'><strong>nihil</strong></span> 
     </span>
    </p>
   </div>
   <div class='ocr_carea' id='block_1_52' title="bbox 247 5098 1826 5179">
    <p class='ocr_par' dir='ltr' id='par_1_52' title="bbox 247 5098 1826 5179">
     <span class='ocr_line' id='line_1_52' title="bbox 247 5098 1826 5179; baseline 0.011 -33"><span class='ocrx_word' id='word_1_410' title='bbox 247 5098 353 5150; x_wconf 87' lang='lat' dir='ltr'><strong>sine</strong></span> <span class='ocrx_word' id='word_1_411' title='bbox 379 5104 630 5171; x_wconf 87' lang='lat' dir='ltr'><strong>operibus</strong></span> <span class='ocrx_word' id='word_1_412' title='bbox 655 5108 854 5160; x_wconf 88' lang='lat' dir='ltr'><strong>valere.</strong></span> <span class='ocrx_word' id='word_1_413' title='bbox 882 5104 1084 5161; x_wconf 89' lang='lat' dir='ltr'><strong>Deinde</strong></span> <span class='ocrx_word' id='word_1_414' title='bbox 1124 5105 1175 5161; x_wconf 90' lang='lat' dir='ltr'><strong>id</strong></span> <span class='ocrx_word' id='word_1_415' title='bbox 1200 5107 1520 5173; x_wconf 79' lang='lat' dir='ltr'><strong>extendens,</strong></span> <span class='ocrx_word' id='word_1_416' title='bbox 1552 5107 1700 5179; x_wconf 77' lang='lat' dir='ltr'><strong>signa</strong></span> <span class='ocrx_word' id='word_1_417' title='bbox 1729 5107 1826 5162; x_wconf 87' lang='lat' dir='ltr'><strong>ad-</strong></span> 
     </span>
    </p>
   </div>
   <div class='ocr_carea' id='block_1_53' title="bbox 249 5183 1822 5271">
    <p class='ocr_par' dir='ltr' id='par_1_53' title="bbox 249 5183 1822 5271">
     <span class='ocr_line' id='line_1_53' title="bbox 249 5183 1822 5271; baseline 0.01 -33"><span class='ocrx_word' id='word_1_418' title='bbox 249 5183 406 5246; x_wconf 87' lang='lat' dir='ltr'><strong>didit:</strong></span> <span class='ocrx_word' id='word_1_419' title='bbox 430 5196 720 5253; x_wconf 82' lang='lat' dir='ltr'><strong>ostendens</strong></span> <span class='ocrx_word' id='word_1_420' title='bbox 758 5214 865 5253; x_wconf 89' lang='lat' dir='ltr'><strong>non</strong></span> <span class='ocrx_word' id='word_1_421' title='bbox 907 5197 1067 5254; x_wconf 91' lang='lat' dir='ltr'><strong>modo</strong></span> <span class='ocrx_word' id='word_1_422' title='bbox 1098 5196 1289 5266; x_wconf 90' lang='lat' dir='ltr'><strong>ﬁdem,</strong></span> <span class='ocrx_word' id='word_1_423' title='bbox 1332 5200 1427 5255; x_wconf 89' lang='lat' dir='ltr'><strong>sed</strong></span> <span class='ocrx_word' id='word_1_424' title='bbox 1454 5201 1614 5255; x_wconf 88' lang='lat' dir='ltr'><strong>etiam</strong></span> <span class='ocrx_word' id='word_1_425' title='bbox 1639 5201 1822 5271; x_wconf 74' lang='lat' dir='ltr'><strong>signo-</strong></span> 
     </span>
    </p>
   </div>
   <div class='ocr_carea' id='block_1_54' title="bbox 250 5290 1822 5361">
    <p class='ocr_par' dir='ltr' id='par_1_54' title="bbox 250 5290 1822 5361">
     <span class='ocr_line' id='line_1_54' title="bbox 250 5290 1822 5361; baseline 0.011 -32"><span class='ocrx_word' id='word_1_426' title='bbox 250 5290 357 5335; x_wconf 87' lang='lat' dir='ltr'><strong>rum</strong></span> <span class='ocrx_word' id='word_1_427' title='bbox 376 5290 736 5355; x_wconf 84' lang='lat' dir='ltr'><strong>operationem</strong></span> <span class='ocrx_word' id='word_1_428' title='bbox 761 5293 1004 5360; x_wconf 88' lang='lat' dir='ltr'><strong>operanti</strong></span> <span class='ocrx_word' id='word_1_429' title='bbox 1027 5291 1285 5361; x_wconf 79' lang='lat' dir='ltr'><strong>prodesse</strong></span> <span class='ocrx_word' id='word_1_430' title='bbox 1310 5291 1439 5346; x_wconf 89' lang='lat' dir='ltr'><strong>nihil</strong></span> <span class='ocrx_word' id='word_1_431' title='bbox 1465 5292 1583 5347; x_wconf 87' lang='lat' dir='ltr'><strong>sine</strong></span> <span class='ocrx_word' id='word_1_432' title='bbox 1610 5293 1822 5347; x_wconf 89' lang='lat' dir='ltr'><strong>virtute.</strong></span> 
     </span>
    </p>
   </div>
   <div class='ocr_carea' id='block_1_55' title="bbox 253 5366 1826 5454">
    <p class='ocr_par' dir='ltr' id='par_1_55' title="bbox 253 5366 1826 5454">
     <span class='ocr_line' id='line_1_55' title="bbox 253 5366 1826 5454; baseline 0.01 -30"><span class='ocrx_word' id='word_1_433' title='bbox 253 5366 351 5426; x_wconf 83' lang='lat' dir='ltr'><strong>Nisi</strong></span> <span class='ocrx_word' id='word_1_434' title='bbox 380 5386 553 5435; x_wconf 81' lang='lat' dir='ltr'><strong>autem</strong></span> <span class='ocrx_word' id='word_1_435' title='bbox 603 5380 679 5437; x_wconf 89' lang='lat' dir='ltr'><strong>illi</strong></span> <span class='ocrx_word' id='word_1_436' title='bbox 727 5382 878 5452; x_wconf 81' lang='lat' dir='ltr'><strong>signa</strong></span> <span class='ocrx_word' id='word_1_437' title='bbox 925 5381 1209 5448; x_wconf 79' lang='lat' dir='ltr'><strong>iecissent,</strong></span> <span class='ocrx_word' id='word_1_438' title='bbox 1238 5382 1509 5454; x_wconf 91' lang='lat' dir='ltr'><strong>quomodo</strong></span> <span class='ocrx_word' id='word_1_439' title='bbox 1537 5383 1652 5439; x_wconf 64' lang='lat' dir='ltr'><strong>haec</strong></span> <span class='ocrx_word' id='word_1_440' title='bbox 1680 5393 1826 5439; x_wconf 88' lang='lat' dir='ltr'><strong>stare</strong></span> 
     </span>
    </p>
   </div>
   <div class='ocr_carea' id='block_1_56' title="bbox 254 5457 1826 5544">
    <p class='ocr_par' dir='ltr' id='par_1_56' title="bbox 254 5457 1826 5544">
     <span class='ocr_line' id='line_1_56' title="bbox 254 5457 1826 5544; baseline 0.015 -36"><span class='ocrx_word' id='word_1_441' title='bbox 254 5457 346 5516; x_wconf 86' lang='lat' dir='ltr'><strong>hoc</strong></span> <span class='ocrx_word' id='word_1_442' title='bbox 375 5467 489 5523; x_wconf 90' lang='lat' dir='ltr'><strong>loco</strong></span> <span class='ocrx_word' id='word_1_443' title='bbox 521 5472 858 5539; x_wconf 83' lang='lat' dir='ltr'><strong>potuissent?</strong></span> <span class='ocrx_word' id='word_1_444' title='bbox 882 5473 1130 5544; x_wconf 87' lang='lat' dir='ltr'><strong>Alioquin</strong></span> <span class='ocrx_word' id='word_1_445' title='bbox 1177 5485 1356 5529; x_wconf 87' lang='lat' dir='ltr'><strong>autem</strong></span> <span class='ocrx_word' id='word_1_446' title='bbox 1401 5490 1506 5529; x_wconf 91' lang='lat' dir='ltr'><strong>non</strong></span> <span class='ocrx_word' id='word_1_447' title='bbox 1535 5476 1652 5531; x_wconf 85' lang='lat' dir='ltr'><strong>ausi</strong></span> <span class='ocrx_word' id='word_1_448' title='bbox 1697 5476 1826 5531; x_wconf 81' lang='lat' dir='ltr'><strong>luis-</strong></span> 
     </span>
    </p>
   </div>
   <div class='ocr_carea' id='block_1_57' title="bbox 255 5562 1825 5638">
    <p class='ocr_par' dir='ltr' id='par_1_57' title="bbox 255 5562 1825 5638">
     <span class='ocr_line' id='line_1_57' title="bbox 255 5562 1825 5638; baseline 0.014 -35"><span class='ocrx_word' id='word_1_449' title='bbox 255 5562 382 5621; x_wconf 69' lang='lat' dir='ltr'><strong>sem,</strong></span> <span class='ocrx_word' id='word_1_450' title='bbox 410 5573 669 5628; x_wconf 69' lang='lat' dir='ltr'><strong>praesente</strong></span> <span class='ocrx_word' id='word_1_451' title='bbox 690 5563 914 5634; x_wconf 87' lang='lat' dir='ltr'><strong>judicio,</strong></span> <span class='ocrx_word' id='word_1_452' title='bbox 946 5566 1028 5620; x_wconf 87' lang='lat' dir='ltr'><strong>his</strong></span> <span class='ocrx_word' id='word_1_453' title='bbox 1056 5566 1200 5620; x_wconf 91' lang='lat' dir='ltr'><strong>illttm</strong></span> <span class='ocrx_word' id='word_1_454' title='bbox 1240 5567 1460 5636; x_wconf 85' lang='lat' dir='ltr'><strong>alloqui.</strong></span> <span class='ocrx_word' id='word_1_455' title='bbox 1493 5568 1610 5638; x_wconf 86' lang='lat' dir='ltr'><strong>Ipsa</strong></span> <span class='ocrx_word' id='word_1_456' title='bbox 1644 5579 1825 5625; x_wconf 87' lang='lat' dir='ltr'><strong>autem</strong></span> 
     </span>
    </p>
   </div>
   <div class='ocr_carea' id='block_1_58' title="bbox 258 5653 1829 5732">
    <p class='ocr_par' dir='ltr' id='par_1_58' title="bbox 258 5653 1829 5732">
     <span class='ocr_line' id='line_1_58' title="bbox 258 5653 1829 5732; baseline 0.008 -29"><span class='ocrx_word' id='word_1_457' title='bbox 258 5653 540 5720; x_wconf 71' lang='lat' dir='ltr'><strong>rest&#39;ponsio,</strong></span> <span class='ocrx_word' id='word_1_458' title='bbox 565 5665 675 5711; x_wconf 89' lang='lat' dir='ltr'><strong>tum</strong></span> <span class='ocrx_word' id='word_1_459' title='bbox 706 5657 870 5712; x_wconf 86' lang='lat' dir='ltr'><strong>etiam</strong></span> <span class='ocrx_word' id='word_1_460' title='bbox 897 5657 1037 5728; x_wconf 88' lang='lat' dir='ltr'><strong>quod</strong></span> <span class='ocrx_word' id='word_1_461' title='bbox 1067 5659 1166 5729; x_wconf 85' lang='lat' dir='ltr'><strong>ipsi</strong></span> <span class='ocrx_word' id='word_1_462' title='bbox 1199 5658 1578 5729; x_wconf 81' lang='lat' dir='ltr'><strong>interrogando</strong></span> <span class='ocrx_word' id='word_1_463' title='bbox 1604 5660 1829 5732; x_wconf 84' lang='lat' dir='ltr'><strong>loquan-</strong></span> 
     </span>
    </p>
   </div>
   <div class='ocr_carea' id='block_1_59' title="bbox 259 5739 1830 5823">
    <p class='ocr_par' dir='ltr' id='par_1_59' title="bbox 259 5739 1830 5823">
     <span class='ocr_line' id='line_1_59' title="bbox 259 5739 1830 5823; baseline 0.004 -21"><span class='ocrx_word' id='word_1_464' title='bbox 259 5739 613 5823; x_wconf 65' lang='lat' dir='ltr'><strong>“&quot;&#39;a_ostendit</strong></span> <span class='ocrx_word' id='word_1_465' title='bbox 640 5747 786 5818; x_wconf 83' lang='lat' dir='ltr'><strong>ipsos</strong></span> <span class='ocrx_word' id='word_1_466' title='bbox 815 5747 866 5803; x_wconf 89' lang='lat' dir='ltr'><strong>id</strong></span> <span class='ocrx_word' id='word_1_467' title='bbox 905 5764 1032 5805; x_wconf 87' lang='lat' dir='ltr'><strong>vere</strong></span> <span class='ocrx_word' id='word_1_468' title='bbox 1059 5750 1270 5806; x_wconf 80' lang='lat' dir='ltr'><strong>fecisse.</strong></span> <span class='ocrx_word' id='word_1_469' title='bbox 1306 5752 1441 5819; x_wconf 85' lang='lat' dir='ltr'><strong>Quia</strong></span> <span class='ocrx_word' id='word_1_470' title='bbox 1472 5752 1614 5807; x_wconf 87' lang='lat' dir='ltr'><strong>enim</strong></span> <span class='ocrx_word' id='word_1_471' title='bbox 1637 5768 1830 5823; x_wconf 83' lang='lat' dir='ltr'><strong>exspe-</strong></span> 
     </span>
    </p>
   </div>
   <div class='ocr_carea' id='block_1_60' title="bbox 261 5820 1823 5913">
    <p class='ocr_par' dir='ltr' id='par_1_60' title="bbox 261 5820 1823 5913">
     <span class='ocr_line' id='line_1_60' title="bbox 261 5820 1823 5913; baseline 0.019 -43"><span class='ocrx_word' id='word_1_472' title='bbox 261 5820 465 5883; x_wconf 86' lang='lat' dir='ltr'><strong>ctationi</strong></span> <span class='ocrx_word' id='word_1_473' title='bbox 491 5844 600 5891; x_wconf 64' lang='lat' dir='ltr'><strong>sua;</strong></span> <span class='ocrx_word' id='word_1_474' title='bbox 626 5839 953 5897; x_wconf 87' lang='lat' dir='ltr'><strong>contrarium</strong></span> <span class='ocrx_word' id='word_1_475' title='bbox 1002 5840 1163 5897; x_wconf 90' lang='lat' dir='ltr'><strong>ﬁnem</strong></span> <span class='ocrx_word' id='word_1_476' title='bbox 1198 5859 1317 5900; x_wconf 86' lang='lat' dir='ltr'><strong>csse</strong></span> <span class='ocrx_word' id='word_1_477' title='bbox 1342 5840 1631 5913; x_wconf 87' lang='lat' dir='ltr'><strong>videbant,</strong></span> <span class='ocrx_word' id='word_1_478' title='bbox 1654 5854 1708 5902; x_wconf 90' lang='lat' dir='ltr'><strong>et</strong></span> <span class='ocrx_word' id='word_1_479' title='bbox 1737 5820 1823 5900; x_wconf 83' lang='lat' dir='ltr'><strong>Inc</strong></span> 
     </span>
    </p>
   </div>
   <div class='ocr_carea' id='block_1_61' title="bbox 1944 870 3527 955">
    <p class='ocr_par' dir='ltr' id='par_1_61' title="bbox 1944 870 3527 955">
     <span class='ocr_line' id='line_1_61' title="bbox 1944 870 3527 955; baseline 0.01 -34"><span class='ocrx_word' id='word_1_480' title='bbox 1944 870 2203 925; x_wconf 82' lang='lat' dir='ltr'><strong>mirabilia</strong></span> <span class='ocrx_word' id='word_1_481' title='bbox 2234 875 2494 942; x_wconf 86' lang='lat' dir='ltr'><strong>patrando</strong></span> <span class='ocrx_word' id='word_1_482' title='bbox 2536 878 2808 945; x_wconf 90' lang='lat' dir='ltr'><strong>conspicui</strong></span> <span class='ocrx_word' id='word_1_483' title='bbox 2833 919 2847 941; x_wconf 92' lang='lat'><strong>,</strong></span> <span class='ocrx_word' id='word_1_484' title='bbox 2879 879 2981 933; x_wconf 90' lang='lat' dir='ltr'><strong>illic</strong></span> <span class='ocrx_word' id='word_1_485' title='bbox 3029 894 3087 934; x_wconf 89' lang='lat' dir='ltr'><strong>se</strong></span> <span class='ocrx_word' id='word_1_486' title='bbox 3118 883 3376 950; x_wconf 86' lang='lat' dir='ltr'><strong>supplicio</strong></span> <span class='ocrx_word' id='word_1_487' title='bbox 3411 890 3527 955; x_wconf 84' lang='lat' dir='ltr'><strong>ple-</strong></span> 
     </span>
    </p>
   </div>
   <div class='ocr_carea' id='block_1_62' title="bbox 1932 962 3523 1038">
    <p class='ocr_par' dir='ltr' id='par_1_62' title="bbox 1932 962 3523 1038">
     <span class='ocr_line' id='line_1_62' title="bbox 1932 962 3523 1038; baseline 0.009 -26"><span class='ocrx_word' id='word_1_488' title='bbox 1932 962 2154 1017; x_wconf 86' lang='lat' dir='ltr'><strong>ctendos</strong></span> <span class='ocrx_word' id='word_1_489' title='bbox 2197 966 2520 1030; x_wconf 88' lang='lat' dir='ltr'><strong>cernebant,</strong></span> <span class='ocrx_word' id='word_1_490' title='bbox 2570 969 2849 1038; x_wconf 75' lang='lat' dir='ltr'><strong>stupefacti</strong></span> <span class='ocrx_word' id='word_1_491' title='bbox 2896 980 2948 1025; x_wconf 85' lang='lat' dir='ltr'><strong>et</strong></span> <span class='ocrx_word' id='word_1_492' title='bbox 2993 972 3247 1027; x_wconf 83' lang='lat' dir='ltr'><strong>mirantes</strong></span> <span class='ocrx_word' id='word_1_493' title='bbox 3292 974 3523 1029; x_wconf 88' lang='lat' dir='ltr'><strong>dicunt:</strong></span> 
     </span>
    </p>
   </div>
   <div class='ocr_carea' id='block_1_63' title="bbox 1932 1051 3523 1135">
    <p class='ocr_par' dir='ltr' id='par_1_63' title="bbox 1932 1051 3523 1135">
     <span class='ocr_line' id='line_1_63' title="bbox 1932 1051 3523 1135; baseline 0.011 -31"><span class='ocrx_word' id='word_1_494' title='bbox 1932 1051 2170 1121; x_wconf 82' lang='lat' dir='ltr'><strong>Domine,</strong></span> <span class='ocrx_word' id='word_1_495' title='bbox 2204 1055 2439 1122; x_wconf 85' lang='lat' dir='ltr'><strong>Domine,</strong></span> <span class='ocrx_word' id='word_1_496' title='bbox 2474 1076 2641 1113; x_wconf 85' lang='lat' dir='ltr'><strong>nonne</strong></span> <span class='ocrx_word' id='word_1_497' title='bbox 2659 1063 2711 1114; x_wconf 87' lang='lat' dir='ltr'><strong>in</strong></span> <span class='ocrx_word' id='word_1_498' title='bbox 2737 1080 2940 1116; x_wconf 75' lang='lat' dir='ltr'><strong>nomine</strong></span> <span class='ocrx_word' id='word_1_499' title='bbox 2968 1074 3052 1117; x_wconf 86' lang='lat' dir='ltr'><strong>tuo</strong></span> <span class='ocrx_word' id='word_1_500' title='bbox 3085 1066 3523 1135; x_wconf 73' lang='lat' dir='ltr'><strong>prapltetauimus.’</strong></span> 
     </span>
    </p>
   </div>
   <div class='ocr_carea' id='block_1_64' title="bbox 1931 1145 3523 1225">
    <p class='ocr_par' dir='ltr' id='par_1_64' title="bbox 1931 1145 3523 1225">
     <span class='ocr_line' id='line_1_64' title="bbox 1931 1145 3523 1225; baseline 0.012 -31"><span class='ocrx_word' id='word_1_501' title='bbox 1931 1145 2200 1211; x_wconf 88' lang='lat' dir='ltr'><strong>quomodo</strong></span> <span class='ocrx_word' id='word_1_502' title='bbox 2246 1163 2375 1218; x_wconf 78' lang='lat' dir='ltr'><strong>ergo</strong></span> <span class='ocrx_word' id='word_1_503' title='bbox 2423 1166 2565 1205; x_wconf 89' lang='lat' dir='ltr'><strong>nunc</strong></span> <span class='ocrx_word' id='word_1_504' title='bbox 2612 1167 2708 1206; x_wconf 88' lang='lat' dir='ltr'><strong>nos</strong></span> <span class='ocrx_word' id='word_1_505' title='bbox 2753 1154 3063 1207; x_wconf 79' lang='lat' dir='ltr'><strong>aversaris?</strong></span> <span class='ocrx_word' id='word_1_506' title='bbox 3106 1156 3232 1225; x_wconf 90' lang='lat' dir='ltr'><strong>quid</strong></span> <span class='ocrx_word' id='word_1_507' title='bbox 3282 1158 3380 1211; x_wconf 89' lang='lat' dir='ltr'><strong>sibi</strong></span> <span class='ocrx_word' id='word_1_508' title='bbox 3410 1163 3523 1213; x_wconf 79' lang='lat' dir='ltr'><strong>volt</strong></span> 
     </span>
    </p>
   </div>
   <div class='ocr_carea' id='block_1_65' title="bbox 1932 1235 3520 1316">
    <p class='ocr_par' dir='ltr' id='par_1_65' title="bbox 1932 1235 3520 1316">
     <span class='ocr_line' id='line_1_65' title="bbox 1932 1235 3520 1316; baseline 0.011 -31"><span class='ocrx_word' id='word_1_509' title='bbox 1932 1235 2328 1305; x_wconf 74' lang='lat' dir='ltr'><strong>inexspectatus</strong></span> <span class='ocrx_word' id='word_1_510' title='bbox 2378 1240 2465 1294; x_wconf 89' lang='lat' dir='ltr'><strong>ille</strong></span> <span class='ocrx_word' id='word_1_511' title='bbox 2509 1240 2670 1296; x_wconf 88' lang='lat' dir='ltr'><strong>ﬁnis?</strong></span> <span class='ocrx_word' id='word_1_512' title='bbox 2715 1242 2817 1298; x_wconf 89' lang='lat' dir='ltr'><strong>Sed</strong></span> <span class='ocrx_word' id='word_1_513' title='bbox 2869 1245 2942 1299; x_wconf 89' lang='lat' dir='ltr'><strong>illi</strong></span> <span class='ocrx_word' id='word_1_514' title='bbox 2983 1246 3195 1316; x_wconf 88' lang='lat' dir='ltr'><strong>quidem</strong></span> <span class='ocrx_word' id='word_1_515' title='bbox 3239 1252 3520 1309; x_wconf 84' lang='lat' dir='ltr'><strong>mirantur.</strong></span> 
     </span>
    </p>
   </div>
   <div class='ocr_carea' id='block_1_66' title="bbox 1929 1326 3521 1405">
    <p class='ocr_par' dir='ltr' id='par_1_66' title="bbox 1929 1326 3521 1405">
     <span class='ocr_line' id='line_1_66' title="bbox 1929 1326 3521 1405; baseline 0.013 -29"><span class='ocrx_word' id='word_1_516' title='bbox 1929 1326 2069 1394; x_wconf 90' lang='lat' dir='ltr'><strong>quod</strong></span> <span class='ocrx_word' id='word_1_517' title='bbox 2104 1337 2220 1396; x_wconf 88' lang='lat' dir='ltr'><strong>post</strong></span> <span class='ocrx_word' id='word_1_518' title='bbox 2266 1330 2389 1384; x_wconf 88' lang='lat' dir='ltr'><strong>talia</strong></span> <span class='ocrx_word' id='word_1_519' title='bbox 2438 1332 2579 1387; x_wconf 86' lang='lat' dir='ltr'><strong>edita</strong></span> <span class='ocrx_word' id='word_1_520' title='bbox 2625 1348 2787 1403; x_wconf 89' lang='lat' dir='ltr'><strong>opera</strong></span> <span class='ocrx_word' id='word_1_521' title='bbox 2839 1337 3127 1405; x_wconf 88' lang='lat' dir='ltr'><strong>puniantur</strong></span> <span class='ocrx_word' id='word_1_522' title='bbox 3157 1357 3169 1393; x_wconf 90' lang='lat'><strong>:</strong></span> <span class='ocrx_word' id='word_1_523' title='bbox 3200 1349 3252 1392; x_wconf 91' lang='lat' dir='ltr'><strong>tu</strong></span> <span class='ocrx_word' id='word_1_524' title='bbox 3296 1356 3425 1396; x_wconf 89' lang='lat' dir='ltr'><strong>vero</strong></span> <span class='ocrx_word' id='word_1_525' title='bbox 3453 1359 3521 1396; x_wconf 87' lang='lat' dir='ltr'><strong>ne</strong></span> 
     </span>
    </p>
   </div>
   <div class='ocr_carea' id='block_1_67' title="bbox 1930 1418 3524 1503">
    <p class='ocr_par' dir='ltr' id='par_1_67' title="bbox 1930 1418 3524 1503">
     <span class='ocr_line' id='line_1_67' title="bbox 1930 1418 3524 1503; baseline 0.01 -34"><span class='ocrx_word' id='word_1_526' title='bbox 1930 1418 2160 1472; x_wconf 85' lang='lat' dir='ltr'><strong>mireris.</strong></span> <span class='ocrx_word' id='word_1_527' title='bbox 2202 1418 2389 1475; x_wconf 89' lang='lat' dir='ltr'><strong>Omnis</strong></span> <span class='ocrx_word' id='word_1_528' title='bbox 2417 1424 2613 1493; x_wconf 87' lang='lat' dir='ltr'><strong>quippe</strong></span> <span class='ocrx_word' id='word_1_529' title='bbox 2640 1427 2807 1495; x_wconf 82' lang='lat' dir='ltr'><strong>gratia</strong></span> <span class='ocrx_word' id='word_1_530' title='bbox 2835 1444 2898 1481; x_wconf 83' lang='lat' dir='ltr'><strong>ex</strong></span> <span class='ocrx_word' id='word_1_531' title='bbox 2926 1427 3105 1483; x_wconf 89' lang='lat' dir='ltr'><strong>dantis</strong></span> <span class='ocrx_word' id='word_1_532' title='bbox 3137 1447 3362 1487; x_wconf 87' lang='lat' dir='ltr'><strong>munere</strong></span> <span class='ocrx_word' id='word_1_533' title='bbox 3396 1449 3524 1503; x_wconf 86' lang='lat' dir='ltr'><strong>pro-</strong></span> 
     </span>
    </p>
   </div>
   <div class='ocr_carea' id='block_1_68' title="bbox 1926 1509 3522 1596">
    <p class='ocr_par' dir='ltr' id='par_1_68' title="bbox 1926 1509 3522 1596">
     <span class='ocr_line' id='line_1_68' title="bbox 1926 1509 3522 1596; baseline 0.012 -34"><span class='ocrx_word' id='word_1_534' title='bbox 1926 1509 2004 1563; x_wconf 89' lang='lat' dir='ltr'><strong>dit</strong></span> <span class='ocrx_word' id='word_1_535' title='bbox 2034 1529 2046 1563; x_wconf 91' lang='lat'><strong>:</strong></span> <span class='ocrx_word' id='word_1_536' title='bbox 2074 1512 2147 1565; x_wconf 93' lang='lat' dir='ltr'><strong>illi</strong></span> <span class='ocrx_word' id='word_1_537' title='bbox 2177 1527 2304 1567; x_wconf 87' lang='lat' dir='ltr'><strong>vero</strong></span> <span class='ocrx_word' id='word_1_538' title='bbox 2331 1514 2462 1569; x_wconf 89' lang='lat' dir='ltr'><strong>nihil</strong></span> <span class='ocrx_word' id='word_1_539' title='bbox 2493 1531 2522 1569; x_wconf 92' lang='lat' dir='ltr'><strong>a</strong></span> <span class='ocrx_word' id='word_1_540' title='bbox 2551 1518 2741 1587; x_wconf 87' lang='lat' dir='ltr'><strong>seipsis</strong></span> <span class='ocrx_word' id='word_1_541' title='bbox 2770 1520 3098 1589; x_wconf 87' lang='lat' dir='ltr'><strong>attulerunt,</strong></span> <span class='ocrx_word' id='word_1_542' title='bbox 3137 1523 3364 1595; x_wconf 87' lang='lat' dir='ltr'><strong>ideoque</strong></span> <span class='ocrx_word' id='word_1_543' title='bbox 3401 1527 3522 1596; x_wconf 82' lang='lat' dir='ltr'><strong>jure</strong></span> 
     </span>
    </p>
   </div>
   <div class='ocr_carea' id='block_1_69' title="bbox 1926 1604 3522 1684">
    <p class='ocr_par' dir='ltr' id='par_1_69' title="bbox 1926 1604 3522 1684">
     <span class='ocr_line' id='line_1_69' title="bbox 1926 1604 3522 1684; baseline 0.008 -27"><span class='ocrx_word' id='word_1_544' title='bbox 1926 1604 2187 1673; x_wconf 89' lang='lat' dir='ltr'><strong>supplicio</strong></span> <span class='ocrx_word' id='word_1_545' title='bbox 2211 1607 2511 1674; x_wconf 86' lang='lat' dir='ltr'><strong>traduntur,</strong></span> <span class='ocrx_word' id='word_1_546' title='bbox 2535 1624 2601 1663; x_wconf 90' lang='lat' dir='ltr'><strong>eo</strong></span> <span class='ocrx_word' id='word_1_547' title='bbox 2622 1611 2759 1679; x_wconf 88' lang='lat' dir='ltr'><strong>quod</strong></span> <span class='ocrx_word' id='word_1_548' title='bbox 2781 1628 2901 1683; x_wconf 77' lang='lat' dir='ltr'><strong>erga</strong></span> <span class='ocrx_word' id='word_1_549' title='bbox 2923 1629 3043 1667; x_wconf 90' lang='lat' dir='ltr'><strong>eum</strong></span> <span class='ocrx_word' id='word_1_550' title='bbox 3073 1616 3159 1684; x_wconf 91' lang='lat' dir='ltr'><strong>qui</strong></span> <span class='ocrx_word' id='word_1_551' title='bbox 3183 1616 3259 1672; x_wconf 88' lang='lat' dir='ltr'><strong>sic</strong></span> <span class='ocrx_word' id='word_1_552' title='bbox 3281 1617 3404 1673; x_wconf 91' lang='lat' dir='ltr'><strong>illos</strong></span> <span class='ocrx_word' id='word_1_553' title='bbox 3424 1620 3522 1671; x_wconf 84' lang='lat' dir='ltr'><strong>ho-</strong></span> 
     </span>
    </p>
   </div>
   <div class='ocr_carea' id='block_1_70' title="bbox 1928 1701 3518 1781">
    <p class='ocr_par' dir='ltr' id='par_1_70' title="bbox 1928 1701 3518 1781">
     <span class='ocr_line' id='line_1_70' title="bbox 1928 1701 3518 1781; baseline 0.013 -35"><span class='ocrx_word' id='word_1_554' title='bbox 1928 1708 2230 1763; x_wconf 86' lang='lat' dir='ltr'><strong>noraverat,</strong></span> <span class='ocrx_word' id='word_1_555' title='bbox 2256 1709 2312 1753; x_wconf 91' lang='lat' dir='ltr'><strong>ut</strong></span> <span class='ocrx_word' id='word_1_556' title='bbox 2334 1701 2564 1772; x_wconf 80' lang='lat' dir='ltr'><strong>indignis</strong></span> <span class='ocrx_word' id='word_1_557' title='bbox 2589 1704 2742 1758; x_wconf 87' lang='lat' dir='ltr'><strong>talem</strong></span> <span class='ocrx_word' id='word_1_558' title='bbox 2774 1706 2994 1773; x_wconf 82' lang='lat' dir='ltr'><strong>gratiam</strong></span> <span class='ocrx_word' id='word_1_559' title='bbox 3021 1709 3303 1776; x_wconf 88' lang='lat' dir='ltr'><strong>tribueret,</strong></span> <span class='ocrx_word' id='word_1_560' title='bbox 3329 1711 3518 1781; x_wconf 81' lang='lat' dir='ltr'><strong>ingrati</strong></span> 
     </span>
    </p>
   </div>
   <div class='ocr_carea' id='block_1_71' title="bbox 1928 1786 3518 1872">
    <p class='ocr_par' dir='ltr' id='par_1_71' title="bbox 1928 1786 3518 1872">
     <span class='ocr_line' id='line_1_71' title="bbox 1928 1786 3518 1872; baseline 0.011 -33"><span class='ocrx_word' id='word_1_561' title='bbox 1928 1786 2143 1841; x_wconf 79' lang='lat' dir='ltr'><strong>fuerint.</strong></span> <span class='ocrx_word' id='word_1_562' title='bbox 2182 1788 2290 1844; x_wconf 89' lang='lat' dir='ltr'><strong>Cur</strong></span> <span class='ocrx_word' id='word_1_563' title='bbox 2322 1807 2471 1862; x_wconf 86' lang='lat' dir='ltr'><strong>ergo,</strong></span> <span class='ocrx_word' id='word_1_564' title='bbox 2504 1793 2731 1863; x_wconf 83' lang='lat' dir='ltr'><strong>inquies,</strong></span> <span class='ocrx_word' id='word_1_565' title='bbox 2769 1796 3029 1866; x_wconf 86' lang='lat' dir='ltr'><strong>iniquitati</strong></span> <span class='ocrx_word' id='word_1_566' title='bbox 3062 1799 3250 1855; x_wconf 89' lang='lat' dir='ltr'><strong>dantes</strong></span> <span class='ocrx_word' id='word_1_567' title='bbox 3277 1819 3518 1872; x_wconf 84' lang='lat' dir='ltr'><strong>operam,</strong></span> 
     </span>
    </p>
   </div>
   <div class='ocr_carea' id='block_1_72' title="bbox 1928 1878 3520 1962">
    <p class='ocr_par' dir='ltr' id='par_1_72' title="bbox 1928 1878 3520 1962">
     <span class='ocr_line' id='line_1_72' title="bbox 1928 1878 3520 1962; baseline 0.012 -33"><span class='ocrx_word' id='word_1_568' title='bbox 1928 1878 2049 1931; x_wconf 87' lang='lat' dir='ltr'><strong>talia</strong></span> <span class='ocrx_word' id='word_1_569' title='bbox 2079 1880 2226 1949; x_wconf 81' lang='lat' dir='ltr'><strong>signa</strong></span> <span class='ocrx_word' id='word_1_570' title='bbox 2253 1881 2780 1954; x_wconf 85' lang='lat' dir='ltr'><strong>edebant?Suutqui</strong></span> <span class='ocrx_word' id='word_1_571' title='bbox 2808 1885 3118 1955; x_wconf 88' lang='lat' dir='ltr'><strong>dicant,eos</strong></span> <span class='ocrx_word' id='word_1_572' title='bbox 3144 1905 3250 1960; x_wconf 88' lang='lat' dir='ltr'><strong>quo</strong></span> <span class='ocrx_word' id='word_1_573' title='bbox 3279 1902 3520 1962; x_wconf 86' lang='lat' dir='ltr'><strong>tempore</strong></span> 
     </span>
    </p>
   </div>
   <div class='ocr_carea' id='block_1_73' title="bbox 1926 1970 3521 2052">
    <p class='ocr_par' dir='ltr' id='par_1_73' title="bbox 1926 1970 3521 2052">
     <span class='ocr_line' id='line_1_73' title="bbox 1926 1970 3521 2052; baseline 0.011 -31"><span class='ocrx_word' id='word_1_574' title='bbox 1926 1970 2179 2025; x_wconf 88' lang='lat' dir='ltr'><strong>miracula</strong></span> <span class='ocrx_word' id='word_1_575' title='bbox 2204 1973 2502 2041; x_wconf 85' lang='lat' dir='ltr'><strong>patrabant,</strong></span> <span class='ocrx_word' id='word_1_576' title='bbox 2523 1975 2701 2045; x_wconf 90' lang='lat' dir='ltr'><strong>inique</strong></span> <span class='ocrx_word' id='word_1_577' title='bbox 2725 1992 2829 2030; x_wconf 88' lang='lat' dir='ltr'><strong>non</strong></span> <span class='ocrx_word' id='word_1_578' title='bbox 2858 1979 3052 2048; x_wconf 76' lang='lat' dir='ltr'><strong>egisse,</strong></span> <span class='ocrx_word' id='word_1_579' title='bbox 3075 1980 3170 2036; x_wconf 87' lang='lat' dir='ltr'><strong>sed</strong></span> <span class='ocrx_word' id='word_1_580' title='bbox 3194 1992 3379 2052; x_wconf 80' lang='lat' dir='ltr'><strong>postea</strong></span> <span class='ocrx_word' id='word_1_581' title='bbox 3398 2002 3521 2039; x_wconf 61' lang='lat' dir='ltr'><strong>mnu</strong></span> 
     </span>
    </p>
   </div>
   <div class='ocr_carea' id='block_1_74' title="bbox 1928 2062 3519 2141">
    <p class='ocr_par' dir='ltr' id='par_1_74' title="bbox 1928 2062 3519 2141">
     <span class='ocr_line' id='line_1_74' title="bbox 1928 2062 3519 2141; baseline 0.011 -27"><span class='ocrx_word' id='word_1_582' title='bbox 1928 2069 2084 2126; x_wconf 74' lang='lat' dir='ltr'><strong>tatas,</strong></span> <span class='ocrx_word' id='word_1_583' title='bbox 2110 2062 2247 2117; x_wconf 87' lang='lat' dir='ltr'><strong>mala</strong></span> <span class='ocrx_word' id='word_1_584' title='bbox 2268 2064 2427 2120; x_wconf 79' lang='lat' dir='ltr'><strong>fuisse</strong></span> <span class='ocrx_word' id='word_1_585' title='bbox 2443 2067 2916 2134; x_wconf 83' lang='lat' dir='ltr'><strong>aperatos.Verurn</strong></span> <span class='ocrx_word' id='word_1_586' title='bbox 2943 2072 2984 2124; x_wconf 91' lang='lat' dir='ltr'><strong>si</strong></span> <span class='ocrx_word' id='word_1_587' title='bbox 3015 2071 3116 2127; x_wconf 89' lang='lat' dir='ltr'><strong>hoc</strong></span> <span class='ocrx_word' id='word_1_588' title='bbox 3142 2074 3212 2126; x_wconf 87' lang='lat' dir='ltr'><strong>ita</strong></span> <span class='ocrx_word' id='word_1_589' title='bbox 3228 2085 3388 2141; x_wconf 90' lang='lat' dir='ltr'><strong>esset,</strong></span> <span class='ocrx_word' id='word_1_590' title='bbox 3412 2092 3519 2131; x_wconf 81' lang='lat' dir='ltr'><strong>non</strong></span> 
     </span>
    </p>
   </div>
   <div class='ocr_carea' id='block_1_75' title="bbox 1927 2160 3523 2231">
    <p class='ocr_par' dir='ltr' id='par_1_75' title="bbox 1927 2160 3523 2231">
     <span class='ocr_line' id='line_1_75' title="bbox 1927 2160 3523 2231; baseline 0.013 -24"><span class='ocrx_word' id='word_1_591' title='bbox 1927 2166 2107 2224; x_wconf 88' lang='lat' dir='ltr'><strong>posset</strong></span> <span class='ocrx_word' id='word_1_592' title='bbox 2122 2165 2264 2212; x_wconf 89' lang='lat' dir='ltr'><strong>stare</strong></span> <span class='ocrx_word' id='word_1_593' title='bbox 2281 2160 2563 2214; x_wconf 85' lang='lat' dir='ltr'><strong>sententia.</strong></span> <span class='ocrx_word' id='word_1_594' title='bbox 2580 2160 2710 2216; x_wconf 88' lang='lat' dir='ltr'><strong>Nam</strong></span> <span class='ocrx_word' id='word_1_595' title='bbox 2731 2163 2871 2231; x_wconf 88' lang='lat' dir='ltr'><strong>quod</strong></span> <span class='ocrx_word' id='word_1_596' title='bbox 2890 2162 3133 2220; x_wconf 86' lang='lat' dir='ltr'><strong>Christus</strong></span> <span class='ocrx_word' id='word_1_597' title='bbox 3151 2166 3523 2227; x_wconf 87' lang='lat' dir='ltr'><strong>demonstrare</strong></span> 
     </span>
    </p>
   </div>
   <div class='ocr_carea' id='block_1_76' title="bbox 1925 2247 3521 2327">
    <p class='ocr_par' dir='ltr' id='par_1_76' title="bbox 1925 2247 3521 2327">
     <span class='ocr_line' id='line_1_76' title="bbox 1925 2247 3521 2327; baseline 0.013 -30"><span class='ocrx_word' id='word_1_598' title='bbox 1925 2247 2155 2314; x_wconf 77' lang='lat' dir='ltr'><strong>volebat,</strong></span> <span class='ocrx_word' id='word_1_599' title='bbox 2179 2248 2279 2304; x_wconf 91' lang='lat' dir='ltr'><strong>hoc</strong></span> <span class='ocrx_word' id='word_1_600' title='bbox 2296 2261 2439 2305; x_wconf 88' lang='lat' dir='ltr'><strong>erat:</strong></span> <span class='ocrx_word' id='word_1_601' title='bbox 2459 2268 2630 2322; x_wconf 89' lang='lat' dir='ltr'><strong>neque</strong></span> <span class='ocrx_word' id='word_1_602' title='bbox 2652 2254 2830 2320; x_wconf 82' lang='lat' dir='ltr'><strong>Iidem,</strong></span> <span class='ocrx_word' id='word_1_603' title='bbox 2851 2272 3023 2325; x_wconf 86' lang='lat' dir='ltr'><strong>neque</strong></span> <span class='ocrx_word' id='word_1_604' title='bbox 3048 2259 3300 2314; x_wconf 85' lang='lat' dir='ltr'><strong>miracula</strong></span> <span class='ocrx_word' id='word_1_605' title='bbox 3322 2263 3521 2327; x_wconf 86' lang='lat' dir='ltr'><strong>valere,</strong></span> 
     </span>
    </p>
   </div>
   <div class='ocr_carea' id='block_1_77' title="bbox 1925 2341 3517 2415">
    <p class='ocr_par' dir='ltr' id='par_1_77' title="bbox 1925 2341 3517 2415">
     <span class='ocr_line' id='line_1_77' title="bbox 1925 2341 3517 2415; baseline 0.009 -22"><span class='ocrx_word' id='word_1_606' title='bbox 1925 2341 2029 2394; x_wconf 84' lang='lat' dir='ltr'><strong>vita</strong></span> <span class='ocrx_word' id='word_1_607' title='bbox 2060 2356 2166 2395; x_wconf 90' lang='lat' dir='ltr'><strong>non</strong></span> <span class='ocrx_word' id='word_1_608' title='bbox 2189 2345 2592 2400; x_wconf 86' lang='lat' dir='ltr'><strong>consentiente:</strong></span> <span class='ocrx_word' id='word_1_609' title='bbox 2622 2347 2763 2415; x_wconf 90' lang='lat' dir='ltr'><strong>quod</strong></span> <span class='ocrx_word' id='word_1_610' title='bbox 2788 2358 2835 2402; x_wconf 89' lang='lat' dir='ltr'><strong>et</strong></span> <span class='ocrx_word' id='word_1_611' title='bbox 2857 2347 3052 2403; x_wconf 83' lang='lat' dir='ltr'><strong>Paulus</strong></span> <span class='ocrx_word' id='word_1_612' title='bbox 3071 2349 3309 2405; x_wconf 72' lang='lat' dir='ltr'><strong>diccbat:</strong></span> <span class='ocrx_word' id='word_1_613' title='bbox 3338 2351 3398 2407; x_wconf 88' lang='lat' dir='ltr'><strong>Si</strong></span> <span class='ocrx_word' id='word_1_614' title='bbox 3420 2352 3517 2407; x_wconf 84' lang='lat' dir='ltr'><strong>ha-</strong></span> 
     </span>
    </p>
   </div>
   <div class='ocr_carea' id='block_1_78' title="bbox 1923 2431 3515 2513">
    <p class='ocr_par' dir='ltr' id='par_1_78' title="bbox 1923 2431 3515 2513">
     <span class='ocr_line' id='line_1_78' title="bbox 1923 2431 3515 2513; baseline 0.009 -30"><span class='ocrx_word' id='word_1_615' title='bbox 1923 2431 2078 2485; x_wconf 83' lang='lat' dir='ltr'><strong>buero</strong></span> <span class='ocrx_word' id='word_1_616' title='bbox 2103 2432 2277 2501; x_wconf 82' lang='lat' dir='ltr'><strong>ﬁdem,</strong></span> <span class='ocrx_word' id='word_1_617' title='bbox 2298 2434 2367 2486; x_wconf 89' lang='lat' dir='ltr'><strong>ita</strong></span> <span class='ocrx_word' id='word_1_618' title='bbox 2395 2445 2447 2487; x_wconf 88' lang='lat' dir='ltr'><strong>ut</strong></span> <span class='ocrx_word' id='word_1_619' title='bbox 2477 2447 2669 2489; x_wconf 80' lang='lat' dir='ltr'><strong>montes</strong></span> <span class='ocrx_word' id='word_1_620' title='bbox 2699 2440 3087 2509; x_wconf 77' lang='lat' dir='ltr'><strong>transferam,et</strong></span> <span class='ocrx_word' id='word_1_621' title='bbox 3116 2459 3298 2496; x_wconf 83' lang='lat' dir='ltr'><strong>novero</strong></span> <span class='ocrx_word' id='word_1_622' title='bbox 3327 2456 3515 2513; x_wconf 73' lang='lat' dir='ltr'><strong>myste-</strong></span> 
     </span>
    </p>
   </div>
   <div class='ocr_carea' id='block_1_79' title="bbox 1922 2526 3519 2593">
    <p class='ocr_par' dir='ltr' id='par_1_79' title="bbox 1922 2526 3519 2593">
     <span class='ocr_line' id='line_1_79' title="bbox 1922 2526 3519 2593; baseline 0.01 -19"><span class='ocrx_word' id='word_1_623' title='bbox 1922 2526 1999 2574; x_wconf 88' lang='lat' dir='ltr'><strong>ria</strong></span> <span class='ocrx_word' id='word_1_624' title='bbox 2027 2526 2216 2591; x_wconf 86' lang='lat' dir='ltr'><strong>omnia,</strong></span> <span class='ocrx_word' id='word_1_625' title='bbox 2240 2535 2285 2577; x_wconf 93' lang='lat' dir='ltr'><strong>et</strong></span> <span class='ocrx_word' id='word_1_626' title='bbox 2312 2542 2510 2579; x_wconf 83' lang='lat' dir='ltr'><strong>onmem</strong></span> <span class='ocrx_word' id='word_1_627' title='bbox 2539 2528 2789 2593; x_wconf 84' lang='lat' dir='ltr'><strong>notitiam,</strong></span> <span class='ocrx_word' id='word_1_628' title='bbox 2814 2531 3076 2584; x_wconf 86' lang='lat' dir='ltr'><strong>caritatem</strong></span> <span class='ocrx_word' id='word_1_629' title='bbox 3098 2544 3265 2587; x_wconf 86' lang='lat' dir='ltr'><strong>autem</strong></span> <span class='ocrx_word' id='word_1_630' title='bbox 3297 2552 3396 2587; x_wconf 85' lang='lat' dir='ltr'><strong>non</strong></span> <span class='ocrx_word' id='word_1_631' title='bbox 3424 2540 3519 2590; x_wconf 80' lang='lat' dir='ltr'><strong>Ita-</strong></span> 
     </span>
    </p>
   </div>
   <div class='ocr_carea' id='block_1_80' title="bbox 1924 2616 3513 2695">
    <p class='ocr_par' dir='ltr' id='par_1_80' title="bbox 1924 2616 3513 2695">
     <span class='ocr_line' id='line_1_80' title="bbox 1924 2616 3513 2695; baseline 0.008 -27"><span class='ocrx_word' id='word_1_632' title='bbox 1924 2616 2085 2682; x_wconf 83' lang='lat' dir='ltr'><strong>beam,</strong></span> <span class='ocrx_word' id='word_1_633' title='bbox 2105 2617 2233 2671; x_wconf 84' lang='lat' dir='ltr'><strong>nihil</strong></span> <span class='ocrx_word' id='word_1_634' title='bbox 2246 2635 2356 2671; x_wconf 86' lang='lat' dir='ltr'><strong>sum</strong></span> <span class='ocrx_word' id='word_1_635' title='bbox 2378 2619 2452 2687; x_wconf 88' lang='grc'><strong>(1.</strong></span> <span class='ocrx_word' id='word_1_636' title='bbox 2477 2616 2594 2674; x_wconf 87' lang='lat' dir='ltr'><strong>Cor.</strong></span> <span class='ocrx_word' id='word_1_637' title='bbox 2625 2619 2801 2692; x_wconf 57' lang='lat' dir='ltr'><strong>I53).</strong></span> <span class='ocrx_word' id='word_1_638' title='bbox 2824 2622 3050 2689; x_wconf 81' lang='lat' dir='ltr'><strong>Quinam</strong></span> <span class='ocrx_word' id='word_1_639' title='bbox 3080 2624 3258 2694; x_wconf 84' lang='lat' dir='ltr'><strong>igitur,</strong></span> <span class='ocrx_word' id='word_1_640' title='bbox 3285 2627 3513 2695; x_wconf 87' lang='lat' dir='ltr'><strong>inquies.</strong></span> 
     </span>
    </p>
   </div>
   <div class='ocr_carea' id='block_1_81' title="bbox 1924 2708 3516 2788">
    <p class='ocr_par' dir='ltr' id='par_1_81' title="bbox 1924 2708 3516 2788">
     <span class='ocr_line' id='line_1_81' title="bbox 1924 2708 3516 2788; baseline 0.007 -27"><span class='ocrx_word' id='word_1_641' title='bbox 1924 2708 2007 2761; x_wconf 87' lang='lat' dir='ltr'><strong>isti</strong></span> <span class='ocrx_word' id='word_1_642' title='bbox 2039 2711 2205 2764; x_wconf 87' lang='lat' dir='ltr'><strong>sunt?</strong></span> <span class='ocrx_word' id='word_1_643' title='bbox 2231 2710 2381 2765; x_wconf 83' lang='lat' dir='ltr'><strong>Multi</strong></span> <span class='ocrx_word' id='word_1_644' title='bbox 2413 2712 2743 2766; x_wconf 82' lang='lat' dir='ltr'><strong>credentium</strong></span> <span class='ocrx_word' id='word_1_645' title='bbox 2785 2714 2924 2770; x_wconf 87' lang='lat' dir='ltr'><strong>dona</strong></span> <span class='ocrx_word' id='word_1_646' title='bbox 2955 2729 3307 2784; x_wconf 84' lang='lat' dir='ltr'><strong>acceperant;</strong></span> <span class='ocrx_word' id='word_1_647' title='bbox 3343 2719 3516 2788; x_wconf 84' lang='lat' dir='ltr'><strong>qualis</strong></span> 
     </span>
    </p>
   </div>
   <div class='ocr_carea' id='block_1_82' title="bbox 1924 2800 3516 2876">
    <p class='ocr_par' dir='ltr' id='par_1_82' title="bbox 1924 2800 3516 2876">
     <span class='ocr_line' id='line_1_82' title="bbox 1924 2800 3516 2876; baseline 0.008 -25"><span class='ocrx_word' id='word_1_648' title='bbox 1924 2809 2041 2853; x_wconf 89' lang='lat' dir='ltr'><strong>erat</strong></span> <span class='ocrx_word' id='word_1_649' title='bbox 2069 2800 2176 2863; x_wconf 85' lang='lat' dir='ltr'><strong>ille,</strong></span> <span class='ocrx_word' id='word_1_650' title='bbox 2206 2802 2295 2870; x_wconf 87' lang='lat' dir='ltr'><strong>qui</strong></span> <span class='ocrx_word' id='word_1_651' title='bbox 2327 2818 2448 2856; x_wconf 88' lang='lat' dir='ltr'><strong>cum</strong></span> <span class='ocrx_word' id='word_1_652' title='bbox 2475 2803 2645 2872; x_wconf 86' lang='lat' dir='ltr'><strong>ipsum</strong></span> <span class='ocrx_word' id='word_1_653' title='bbox 2678 2819 2780 2857; x_wconf 89' lang='lat' dir='ltr'><strong>non</strong></span> <span class='ocrx_word' id='word_1_654' title='bbox 2823 2816 3160 2876; x_wconf 85' lang='lat' dir='ltr'><strong>sequeretur,</strong></span> <span class='ocrx_word' id='word_1_655' title='bbox 3193 2818 3378 2862; x_wconf 79' lang='lat' dir='ltr'><strong>tamen</strong></span> <span class='ocrx_word' id='word_1_656' title='bbox 3405 2810 3516 2863; x_wconf 83' lang='lat' dir='ltr'><strong>dac-</strong></span> 
     </span>
    </p>
   </div>
   <div class='ocr_carea' id='block_1_83' title="bbox 1925 2891 3512 2973">
    <p class='ocr_par' dir='ltr' id='par_1_83' title="bbox 1925 2891 3512 2973">
     <span class='ocr_line' id='line_1_83' title="bbox 1925 2891 3512 2973; baseline 0.009 -31"><span class='ocrx_word' id='word_1_657' title='bbox 1925 2891 2100 2944; x_wconf 77' lang='lat' dir='ltr'><strong>monia</strong></span> <span class='ocrx_word' id='word_1_658' title='bbox 2129 2892 2375 2962; x_wconf 82' lang='lat' dir='ltr'><strong>ejicicbat</strong></span> <span class='ocrx_word' id='word_1_659' title='bbox 2405 2911 2419 2959; x_wconf 88' lang='lat'><strong>;</strong></span> <span class='ocrx_word' id='word_1_660' title='bbox 2449 2895 2621 2963; x_wconf 87' lang='lat' dir='ltr'><strong>qualis</strong></span> <span class='ocrx_word' id='word_1_661' title='bbox 2649 2905 2764 2951; x_wconf 87' lang='lat' dir='ltr'><strong>erat</strong></span> <span class='ocrx_word' id='word_1_662' title='bbox 2783 2896 2944 2952; x_wconf 88' lang='lat' dir='ltr'><strong>Jndas</strong></span> <span class='ocrx_word' id='word_1_663' title='bbox 2974 2916 2985 2951; x_wconf 89' lang='lat'>:</span> <span class='ocrx_word' id='word_1_664' title='bbox 3022 2914 3140 2952; x_wconf 88' lang='lat' dir='ltr'><strong>nam</strong></span> <span class='ocrx_word' id='word_1_665' title='bbox 3166 2899 3253 2953; x_wconf 88' lang='lat' dir='ltr'><strong>hic</strong></span> <span class='ocrx_word' id='word_1_666' title='bbox 3279 2916 3512 2973; x_wconf 86' lang='lat' dir='ltr'><strong>quoque,</strong></span> 
     </span>
    </p>
   </div>
   <div class='ocr_carea' id='block_1_84' title="bbox 1925 2984 3517 3066">
    <p class='ocr_par' dir='ltr' id='par_1_84' title="bbox 1925 2984 3517 3066">
     <span class='ocr_line' id='line_1_84' title="bbox 1925 2984 3517 3066; baseline 0.008 -29"><span class='ocrx_word' id='word_1_667' title='bbox 1925 3000 2047 3038; x_wconf 83' lang='lat' dir='ltr'><strong>cum</strong></span> <span class='ocrx_word' id='word_1_668' title='bbox 2079 2984 2255 3040; x_wconf 86' lang='lat' dir='ltr'><strong>malus</strong></span> <span class='ocrx_word' id='word_1_669' title='bbox 2280 2998 2439 3046; x_wconf 85' lang='lat' dir='ltr'><strong>esset.</strong></span> <span class='ocrx_word' id='word_1_670' title='bbox 2464 2988 2662 3042; x_wconf 86' lang='lat' dir='ltr'><strong>donum</strong></span> <span class='ocrx_word' id='word_1_671' title='bbox 2694 3000 2993 3060; x_wconf 86' lang='lat' dir='ltr'><strong>acceperat.</strong></span> <span class='ocrx_word' id='word_1_672' title='bbox 3024 2991 3078 3046; x_wconf 92' lang='lat' dir='ltr'><strong>In</strong></span> <span class='ocrx_word' id='word_1_673' title='bbox 3108 2993 3270 3047; x_wconf 85' lang='lat' dir='ltr'><strong>veteri</strong></span> <span class='ocrx_word' id='word_1_674' title='bbox 3303 3010 3517 3066; x_wconf 84' lang='lat' dir='ltr'><strong>quoque</strong></span> 
     </span>
    </p>
   </div>
   <div class='ocr_carea' id='block_1_85' title="bbox 1926 3074 3518 3155">
    <p class='ocr_par' dir='ltr' id='par_1_85' title="bbox 1926 3074 3518 3155">
     <span class='ocr_line' id='line_1_85' title="bbox 1926 3074 3518 3155; baseline 0.007 -27"><span class='ocrx_word' id='word_1_675' title='bbox 1926 3074 2042 3145; x_wconf 83' lang='lat' dir='ltr'><strong>lege</strong></span> <span class='ocrx_word' id='word_1_676' title='bbox 2081 3077 2130 3130; x_wconf 86' lang='lat' dir='ltr'><strong>id</strong></span> <span class='ocrx_word' id='word_1_677' title='bbox 2163 3079 2397 3147; x_wconf 86' lang='lat' dir='ltr'><strong>reperire</strong></span> <span class='ocrx_word' id='word_1_678' title='bbox 2425 3090 2498 3134; x_wconf 85' lang='lat' dir='ltr'><strong>est</strong></span> <span class='ocrx_word' id='word_1_679' title='bbox 2526 3121 2539 3144; x_wconf 94' lang='lat'><strong>,</strong></span> <span class='ocrx_word' id='word_1_680' title='bbox 2564 3081 2790 3149; x_wconf 80' lang='lat' dir='ltr'><strong>gratiam</strong></span> <span class='ocrx_word' id='word_1_681' title='bbox 2816 3097 3006 3152; x_wconf 83' lang='lat' dir='ltr'><strong>nempe</strong></span> <span class='ocrx_word' id='word_1_682' title='bbox 3037 3083 3088 3137; x_wconf 91' lang='lat' dir='ltr'><strong>in</strong></span> <span class='ocrx_word' id='word_1_683' title='bbox 3119 3084 3348 3154; x_wconf 80' lang='lat' dir='ltr'><strong>indignis</strong></span> <span class='ocrx_word' id='word_1_684' title='bbox 3374 3102 3518 3155; x_wconf 78' lang='lat' dir='ltr'><strong>szepe</strong></span> 
     </span>
    </p>
   </div>
   <div class='ocr_carea' id='block_1_86' title="bbox 1923 3173 3514 3241">
    <p class='ocr_par' dir='ltr' id='par_1_86' title="bbox 1923 3173 3514 3241">
     <span class='ocr_line' id='line_1_86' title="bbox 1923 3173 3514 3241; baseline 0.006 -18"><span class='ocrx_word' id='word_1_685' title='bbox 1923 3179 2234 3238; x_wconf 81' lang='lat' dir='ltr'><strong>Operantem</strong></span> <span class='ocrx_word' id='word_1_686' title='bbox 2261 3214 2275 3238; x_wconf 91' lang='lat'><strong>,</strong></span> <span class='ocrx_word' id='word_1_687' title='bbox 2326 3183 2379 3226; x_wconf 92' lang='lat' dir='ltr'><strong>ut</strong></span> <span class='ocrx_word' id='word_1_688' title='bbox 2423 3173 2539 3226; x_wconf 90' lang='lat' dir='ltr'><strong>aliis</strong></span> <span class='ocrx_word' id='word_1_689' title='bbox 2584 3173 2841 3230; x_wconf 86' lang='lat' dir='ltr'><strong>beneﬁcia</strong></span> <span class='ocrx_word' id='word_1_690' title='bbox 2888 3177 3174 3231; x_wconf 73' lang='lat' dir='ltr'><strong>conferret.</strong></span> <span class='ocrx_word' id='word_1_691' title='bbox 3209 3179 3341 3241; x_wconf 78' lang='lat' dir='ltr'><strong>Quia</strong></span> <span class='ocrx_word' id='word_1_692' title='bbox 3372 3180 3514 3232; x_wconf 88' lang='lat' dir='ltr'><strong>enim</strong></span> 
     </span>
    </p>
   </div>
   <div class='ocr_carea' id='block_1_87' title="bbox 1925 3264 3515 3340">
    <p class='ocr_par' dir='ltr' id='par_1_87' title="bbox 1925 3264 3515 3340">
     <span class='ocr_line' id='line_1_87' title="bbox 1925 3264 3515 3340; baseline 0.005 -25"><span class='ocrx_word' id='word_1_693' title='bbox 1925 3276 2028 3315; x_wconf 91' lang='lat' dir='ltr'><strong>non</strong></span> <span class='ocrx_word' id='word_1_694' title='bbox 2061 3278 2246 3318; x_wconf 72' lang='lat' dir='ltr'><strong>clunes</strong></span> <span class='ocrx_word' id='word_1_695' title='bbox 2297 3264 2362 3316; x_wconf 89' lang='lat' dir='ltr'><strong>ad</strong></span> <span class='ocrx_word' id='word_1_696' title='bbox 2410 3267 2589 3318; x_wconf 86' lang='lat' dir='ltr'><strong>omnia</strong></span> <span class='ocrx_word' id='word_1_697' title='bbox 2641 3265 2815 3321; x_wconf 86' lang='lat' dir='ltr'><strong>idonei</strong></span> <span class='ocrx_word' id='word_1_698' title='bbox 2844 3277 3033 3334; x_wconf 89' lang='lat' dir='ltr'><strong>erant;</strong></span> <span class='ocrx_word' id='word_1_699' title='bbox 3065 3268 3157 3322; x_wconf 86' lang='lat' dir='ltr'><strong>sed</strong></span> <span class='ocrx_word' id='word_1_700' title='bbox 3184 3268 3271 3323; x_wconf 89' lang='lat' dir='ltr'><strong>alii</strong></span> <span class='ocrx_word' id='word_1_701' title='bbox 3302 3270 3515 3340; x_wconf 88' lang='lat' dir='ltr'><strong>quidem</strong></span> 
     </span>
    </p>
   </div>
   <div class='ocr_carea' id='block_1_88' title="bbox 1923 3353 3514 3429">
    <p class='ocr_par' dir='ltr' id='par_1_88' title="bbox 1923 3353 3514 3429">
     <span class='ocr_line' id='line_1_88' title="bbox 1923 3353 3514 3429; baseline 0.006 -25"><span class='ocrx_word' id='word_1_702' title='bbox 1923 3353 2084 3407; x_wconf 88' lang='lat' dir='ltr'><strong>vitam</strong></span> <span class='ocrx_word' id='word_1_703' title='bbox 2115 3370 2296 3422; x_wconf 87' lang='lat' dir='ltr'><strong>puram</strong></span> <span class='ocrx_word' id='word_1_704' title='bbox 2328 3356 2575 3425; x_wconf 80' lang='lat' dir='ltr'><strong>agebant,</strong></span> <span class='ocrx_word' id='word_1_705' title='bbox 2606 3372 2781 3425; x_wconf 90' lang='lat' dir='ltr'><strong>neque</strong></span> <span class='ocrx_word' id='word_1_706' title='bbox 2812 3368 2951 3411; x_wconf 84' lang='lat' dir='ltr'><strong>tanta</strong></span> <span class='ocrx_word' id='word_1_707' title='bbox 2978 3358 3081 3414; x_wconf 86' lang='lat' dir='ltr'><strong>ﬁde</strong></span> <span class='ocrx_word' id='word_1_708' title='bbox 3110 3360 3318 3429; x_wconf 74' lang='lat' dir='ltr'><strong>prredili</strong></span> <span class='ocrx_word' id='word_1_709' title='bbox 3339 3372 3514 3425; x_wconf 84' lang='lat' dir='ltr'><strong>eram,</strong></span> 
     </span>
    </p>
   </div>
   <div class='ocr_carea' id='block_1_89' title="bbox 1922 3445 3514 3517">
    <p class='ocr_par' dir='ltr' id='par_1_89' title="bbox 1922 3445 3514 3517">
     <span class='ocr_line' id='line_1_89' title="bbox 1922 3445 3514 3517; baseline 0.004 -20"><span class='ocrx_word' id='word_1_710' title='bbox 1922 3445 2011 3497; x_wconf 87' lang='lat' dir='ltr'><strong>alii</strong></span> <span class='ocrx_word' id='word_1_711' title='bbox 2043 3460 2170 3499; x_wconf 91' lang='lat' dir='ltr'><strong>vero</strong></span> <span class='ocrx_word' id='word_1_712' title='bbox 2197 3460 2229 3499; x_wconf 92' lang='lat' dir='ltr'><strong>e</strong></span> <span class='ocrx_word' id='word_1_713' title='bbox 2260 3447 2528 3500; x_wconf 86' lang='lat' dir='ltr'><strong>contrario</strong></span> <span class='ocrx_word' id='word_1_714' title='bbox 2563 3465 2575 3500; x_wconf 94' lang='lat'>:</span> <span class='ocrx_word' id='word_1_715' title='bbox 2610 3456 2662 3501; x_wconf 89' lang='lat' dir='ltr'><strong>et</strong></span> <span class='ocrx_word' id='word_1_716' title='bbox 2693 3446 2775 3501; x_wconf 90' lang='lat' dir='ltr'><strong>bis</strong></span> <span class='ocrx_word' id='word_1_717' title='bbox 2806 3449 3002 3513; x_wconf 89' lang='lat' dir='ltr'><strong>utitur,</strong></span> <span class='ocrx_word' id='word_1_718' title='bbox 3030 3460 3085 3502; x_wconf 89' lang='lat' dir='ltr'><strong>ut</strong></span> <span class='ocrx_word' id='word_1_719' title='bbox 3118 3451 3237 3504; x_wconf 89' lang='lat' dir='ltr'><strong>illos</strong></span> <span class='ocrx_word' id='word_1_720' title='bbox 3264 3463 3514 3517; x_wconf 89' lang='lat' dir='ltr'><strong>moneat,</strong></span> 
     </span>
    </p>
   </div>
   <div class='ocr_carea' id='block_1_90' title="bbox 1924 3535 3517 3610">
    <p class='ocr_par' dir='ltr' id='par_1_90' title="bbox 1924 3535 3517 3610">
     <span class='ocr_line' id='line_1_90' title="bbox 1924 3535 3517 3610; baseline 0.006 -22"><span class='ocrx_word' id='word_1_721' title='bbox 1924 3545 1974 3588; x_wconf 90' lang='lat' dir='ltr'><strong>ut</strong></span> <span class='ocrx_word' id='word_1_722' title='bbox 2009 3535 2228 3589; x_wconf 90' lang='lat' dir='ltr'><strong>multam</strong></span> <span class='ocrx_word' id='word_1_723' title='bbox 2254 3536 2411 3590; x_wconf 84' lang='lat' dir='ltr'><strong>ﬁdem</strong></span> <span class='ocrx_word' id='word_1_724' title='bbox 2437 3536 2746 3605; x_wconf 82' lang='lat' dir='ltr'><strong>exhibeant,</strong></span> <span class='ocrx_word' id='word_1_725' title='bbox 2772 3549 2827 3594; x_wconf 88' lang='lat' dir='ltr'><strong>et</strong></span> <span class='ocrx_word' id='word_1_726' title='bbox 2851 3539 2970 3595; x_wconf 88' lang='lat' dir='ltr'><strong>illos</strong></span> <span class='ocrx_word' id='word_1_727' title='bbox 3003 3557 3097 3610; x_wconf 87' lang='lat' dir='ltr'><strong>per</strong></span> <span class='ocrx_word' id='word_1_728' title='bbox 3123 3540 3387 3597; x_wconf 83' lang='lat' dir='ltr'><strong>incﬁ‘abile</strong></span> <span class='ocrx_word' id='word_1_729' title='bbox 3415 3542 3517 3599; x_wconf 90' lang='lat' dir='ltr'><strong>hoc</strong></span> 
     </span>
    </p>
   </div>
   <div class='ocr_carea' id='block_1_91' title="bbox 1922 3627 3019 3691">
    <p class='ocr_par' dir='ltr' id='par_1_91' title="bbox 1922 3627 3019 3691">
     <span class='ocr_line' id='line_1_91' title="bbox 1922 3627 3019 3691; baseline 0.005 -12"><span class='ocrx_word' id='word_1_730' title='bbox 1922 3627 2119 3681; x_wconf 74' lang='lat' dir='ltr'><strong>donum</strong></span> <span class='ocrx_word' id='word_1_731' title='bbox 2150 3634 2337 3681; x_wconf 77' lang='lat' dir='ltr'><strong>evocat</strong></span> <span class='ocrx_word' id='word_1_732' title='bbox 2356 3670 2370 3691; x_wconf 94' lang='lat'><strong>,</strong></span> <span class='ocrx_word' id='word_1_733' title='bbox 2405 3638 2463 3682; x_wconf 92' lang='lat' dir='ltr'><strong>ut</strong></span> <span class='ocrx_word' id='word_1_734' title='bbox 2493 3629 2743 3684; x_wconf 85' lang='lat' dir='ltr'><strong>meliores</strong></span> <span class='ocrx_word' id='word_1_735' title='bbox 2772 3630 3019 3686; x_wconf 86' lang='lat' dir='ltr'><strong>evadant.</strong></span> 
     </span>
    </p>
   </div>
   <div class='ocr_carea' id='block_1_92' title="bbox 1994 3718 3514 3795">
    <p class='ocr_par' dir='ltr' id='par_1_92' title="bbox 1994 3718 3514 3795">
     <span class='ocr_line' id='line_1_92' title="bbox 1994 3718 3514 3795; baseline 0.005 -22"><span class='ocrx_word' id='word_1_736' title='bbox 1994 3719 2049 3773; x_wconf 71' lang='grc'><strong>2.</strong></span> <span class='ocrx_word' id='word_1_737' title='bbox 2082 3718 2315 3774; x_wconf 79' lang='lat' dir='ltr'><strong>Potestas</strong></span> <span class='ocrx_word' id='word_1_738' title='bbox 2344 3722 2755 3785; x_wconf 81' lang='lat' dir='ltr'><strong>supernaturalis</strong></span> <span class='ocrx_word' id='word_1_739' title='bbox 2779 3723 2886 3777; x_wconf 81' lang='lat' dir='ltr'><strong>sine</strong></span> <span class='ocrx_word' id='word_1_740' title='bbox 2916 3725 3095 3778; x_wconf 81' lang='lat' dir='ltr'><strong>uirtute</strong></span> <span class='ocrx_word' id='word_1_741' title='bbox 3124 3724 3330 3779; x_wconf 74' lang='lat' dir='ltr'><strong>exitium</strong></span> <span class='ocrx_word' id='word_1_742' title='bbox 3356 3726 3514 3795; x_wconf 80' lang='lat' dir='ltr'><strong>parit.</strong></span> 
     </span>
    </p>
   </div>
   <div class='ocr_carea' id='block_1_93' title="bbox 1937 3812 3515 3888">
    <p class='ocr_par' dir='ltr' id='par_1_93' title="bbox 1937 3812 3515 3888">
     <span class='ocr_line' id='line_1_93' title="bbox 1937 3812 3515 3888; baseline 0.003 -21"><span class='ocrx_word' id='word_1_743' title='bbox 1937 3812 2145 3867; x_wconf 82' lang='lat' dir='ltr'><strong>Virtutis</strong></span> <span class='ocrx_word' id='word_1_744' title='bbox 2172 3814 2541 3884; x_wconf 67' lang='lat' dir='ltr'><strong>prwrogativaz.</strong></span> <span class='ocrx_word' id='word_1_745' title='bbox 2568 3845 2629 3856; x_wconf 93' lang='lat'><strong>—</strong></span> <span class='ocrx_word' id='word_1_746' title='bbox 2662 3814 2893 3885; x_wconf 82' lang='lat' dir='ltr'><strong>Ideoque</strong></span> <span class='ocrx_word' id='word_1_747' title='bbox 2916 3816 3374 3872; x_wconf 83' lang='lat' dir='ltr'><strong>abundantissime</strong></span> <span class='ocrx_word' id='word_1_748' title='bbox 3389 3834 3515 3888; x_wconf 75' lang='lat' dir='ltr'><strong>gra-</strong></span> 
     </span>
    </p>
   </div>
   <div class='ocr_carea' id='block_1_94' title="bbox 1925 3905 3518 3980">
    <p class='ocr_par' dir='ltr' id='par_1_94' title="bbox 1925 3905 3518 3980">
     <span class='ocr_line' id='line_1_94' title="bbox 1925 3905 3518 3980; baseline 0.002 -19"><span class='ocrx_word' id='word_1_749' title='bbox 1925 3908 2050 3961; x_wconf 89' lang='lat' dir='ltr'><strong>tiam</strong></span> <span class='ocrx_word' id='word_1_750' title='bbox 2095 3907 2276 3960; x_wconf 88' lang='lat' dir='ltr'><strong>dabat.</strong></span> <span class='ocrx_word' id='word_1_751' title='bbox 2329 3905 2567 3972; x_wconf 85' lang='lat' dir='ltr'><strong>Virtutes,</strong></span> <span class='ocrx_word' id='word_1_752' title='bbox 2603 3908 2869 3978; x_wconf 87' lang='lat' dir='ltr'><strong>inquiunt,</strong></span> <span class='ocrx_word' id='word_1_753' title='bbox 2919 3910 3105 3962; x_wconf 80' lang='lat' dir='ltr'><strong>mnltas</strong></span> <span class='ocrx_word' id='word_1_754' title='bbox 3149 3911 3379 3980; x_wconf 78' lang='lat' dir='ltr'><strong>fecimus.</strong></span> <span class='ocrx_word' id='word_1_755' title='bbox 3410 3909 3518 3964; x_wconf 86' lang='lat' dir='ltr'><strong>Sed</strong></span> 
     </span>
    </p>
   </div>
   <div class='ocr_carea' id='block_1_95' title="bbox 1925 3996 3518 4070">
    <p class='ocr_par' dir='ltr' id='par_1_95' title="bbox 1925 3996 3518 4070">
     <span class='ocr_line' id='line_1_95' title="bbox 1925 3996 3518 4070; baseline 0.002 -18"><span class='ocrx_word' id='word_1_756' title='bbox 1925 4000 2200 4068; x_wconf 82' lang='lat' dir='ltr'><strong>conﬁtebor</strong></span> <span class='ocrx_word' id='word_1_757' title='bbox 2247 3999 2352 4053; x_wconf 86' lang='lat' dir='ltr'><strong>illis</strong></span> <span class='ocrx_word' id='word_1_758' title='bbox 2396 4008 2543 4063; x_wconf 88' lang='lat' dir='ltr'><strong>tunc,</strong></span> <span class='ocrx_word' id='word_1_759' title='bbox 2575 3996 2699 4051; x_wconf 86' lang='lat' dir='ltr'><strong>Non</strong></span> <span class='ocrx_word' id='word_1_760' title='bbox 2734 4001 2848 4053; x_wconf 85' lang='lat' dir='ltr'><strong>novi</strong></span> <span class='ocrx_word' id='word_1_761' title='bbox 2876 4015 2979 4054; x_wconf 80' lang='lat' dir='ltr'><strong>vos.</strong></span> <span class='ocrx_word' id='word_1_762' title='bbox 3018 3999 3173 4055; x_wconf 89' lang='lat' dir='ltr'><strong>Nunc</strong></span> <span class='ocrx_word' id='word_1_763' title='bbox 3211 4000 3426 4070; x_wconf 86' lang='lat' dir='ltr'><strong>quidem</strong></span> <span class='ocrx_word' id='word_1_764' title='bbox 3456 4016 3518 4055; x_wconf 86' lang='lat' dir='ltr'><strong>se</strong></span> 
     </span>
    </p>
   </div>
   <div class='ocr_carea' id='block_1_96' title="bbox 1923 4091 3518 4161">
    <p class='ocr_par' dir='ltr' id='par_1_96' title="bbox 1923 4091 3518 4161">
     <span class='ocr_line' id='line_1_96' title="bbox 1923 4091 3518 4161; baseline 0.002 -18"><span class='ocrx_word' id='word_1_765' title='bbox 1923 4091 2123 4144; x_wconf 88' lang='lat' dir='ltr'><strong>amicos</strong></span> <span class='ocrx_word' id='word_1_766' title='bbox 2166 4103 2315 4144; x_wconf 88' lang='lat' dir='ltr'><strong>meos</strong></span> <span class='ocrx_word' id='word_1_767' title='bbox 2339 4105 2461 4144; x_wconf 78' lang='lat' dir='ltr'><strong>esse</strong></span> <span class='ocrx_word' id='word_1_768' title='bbox 2488 4098 2680 4160; x_wconf 86' lang='lat' dir='ltr'><strong>putant</strong></span> <span class='ocrx_word' id='word_1_769' title='bbox 2703 4106 2719 4155; x_wconf 87' lang='grc'>;</span> <span class='ocrx_word' id='word_1_770' title='bbox 2755 4100 2881 4144; x_wconf 90' lang='lat' dir='ltr'><strong>tunc</strong></span> <span class='ocrx_word' id='word_1_771' title='bbox 2912 4105 3039 4145; x_wconf 71' lang='grc' dir='ltr'><strong>νει-ο</strong></span> <span class='ocrx_word' id='word_1_772' title='bbox 3077 4100 3405 4161; x_wconf 71' lang='lat' dir='ltr'><strong>C(lgIIOSCt‘ﬂl.</strong></span> <span class='ocrx_word' id='word_1_773' title='bbox 3429 4107 3518 4146; x_wconf 85' lang='lat' dir='ltr'><strong>me</strong></span> 
     </span>
    </p>
   </div>
   <div class='ocr_carea' id='block_1_97' title="bbox 1928 4181 3518 4254">
    <p class='ocr_par' dir='ltr' id='par_1_97' title="bbox 1928 4181 3518 4254">
     <span class='ocr_line' id='line_1_97' title="bbox 1928 4181 3518 4254; baseline -0.001 -15"><span class='ocrx_word' id='word_1_774' title='bbox 1928 4185 2032 4239; x_wconf 88' lang='lat' dir='ltr'><strong>illis</strong></span> <span class='ocrx_word' id='word_1_775' title='bbox 2081 4200 2185 4238; x_wconf 91' lang='lat' dir='ltr'><strong>non</strong></span> <span class='ocrx_word' id='word_1_776' title='bbox 2234 4193 2291 4237; x_wconf 92' lang='lat' dir='ltr'><strong>ut</strong></span> <span class='ocrx_word' id='word_1_777' title='bbox 2344 4183 2531 4238; x_wconf 90' lang='lat' dir='ltr'><strong>amicis</strong></span> <span class='ocrx_word' id='word_1_778' title='bbox 2573 4181 2802 4237; x_wconf 85' lang='lat' dir='ltr'><strong>dedisse.</strong></span> <span class='ocrx_word' id='word_1_779' title='bbox 2842 4184 3046 4254; x_wconf 89' lang='lat' dir='ltr'><strong>Ecquid</strong></span> <span class='ocrx_word' id='word_1_780' title='bbox 3076 4184 3287 4239; x_wconf 88' lang='lat' dir='ltr'><strong>miraris</strong></span> <span class='ocrx_word' id='word_1_781' title='bbox 3313 4184 3357 4237; x_wconf 90' lang='lat' dir='ltr'><strong>si</strong></span> <span class='ocrx_word' id='word_1_782' title='bbox 3389 4185 3518 4238; x_wconf 90' lang='lat' dir='ltr'><strong>viris</strong></span> 
     </span>
    </p>
   </div>
   <div class='ocr_carea' id='block_1_98' title="bbox 1924 4275 3569 4347">
    <p class='ocr_par' dir='ltr' id='par_1_98' title="bbox 1924 4275 3569 4347">
     <span class='ocr_line' id='line_1_98' title="bbox 1924 4275 3569 4347; baseline 0 -16"><span class='ocrx_word' id='word_1_783' title='bbox 1924 4276 2139 4347; x_wconf 84' lang='lat' dir='ltr'><strong>quidem</strong></span> <span class='ocrx_word' id='word_1_784' title='bbox 2168 4276 2220 4329; x_wconf 91' lang='lat' dir='ltr'><strong>iu</strong></span> <span class='ocrx_word' id='word_1_785' title='bbox 2250 4277 2421 4345; x_wconf 90' lang='lat' dir='ltr'><strong>ipsum</strong></span> <span class='ocrx_word' id='word_1_786' title='bbox 2453 4275 2820 4331; x_wconf 83' lang='lat' dir='ltr'><strong>credentibus.</strong></span> <span class='ocrx_word' id='word_1_787' title='bbox 2845 4275 2938 4331; x_wconf 89' lang='lat' dir='ltr'><strong>sed</strong></span> <span class='ocrx_word' id='word_1_788' title='bbox 2969 4277 3132 4331; x_wconf 85' lang='lat' dir='ltr'><strong>vitam</strong></span> <span class='ocrx_word' id='word_1_789' title='bbox 3162 4293 3269 4331; x_wconf 86' lang='lat' dir='ltr'><strong>non</strong></span> <span class='ocrx_word' id='word_1_790' title='bbox 3310 4275 3519 4331; x_wconf 85' lang='lat' dir='ltr'><strong>haben-</strong></span> <span class='ocrx_word' id='word_1_791' title='bbox 3564 4308 3569 4313; x_wconf 56' lang='grc' dir='ltr'><strong>ι</strong></span> 
     </span>
    </p>
   </div>
   <div class='ocr_carea' id='block_1_99' title="bbox 1927 4369 3519 4441">
    <p class='ocr_par' dir='ltr' id='par_1_99' title="bbox 1927 4369 3519 4441">
     <span class='ocr_line' id='line_1_99' title="bbox 1927 4369 3519 4441; baseline 0 -18"><span class='ocrx_word' id='word_1_792' title='bbox 1927 4369 2067 4423; x_wconf 90' lang='lat' dir='ltr'><strong>tibus</strong></span> <span class='ocrx_word' id='word_1_793' title='bbox 2091 4383 2406 4434; x_wconf 88' lang='lat' dir='ltr'><strong>consonam,</strong></span> <span class='ocrx_word' id='word_1_794' title='bbox 2432 4385 2651 4423; x_wconf 86' lang='lat' dir='ltr'><strong>munera</strong></span> <span class='ocrx_word' id='word_1_795' title='bbox 2683 4370 2772 4423; x_wconf 85' lang='lat' dir='ltr'><strong>illa</strong></span> <span class='ocrx_word' id='word_1_796' title='bbox 2800 4370 2967 4436; x_wconf 87' lang='lat' dir='ltr'><strong>dedit,</strong></span> <span class='ocrx_word' id='word_1_797' title='bbox 2991 4371 3205 4441; x_wconf 83' lang='lat' dir='ltr'><strong>quando</strong></span> <span class='ocrx_word' id='word_1_798' title='bbox 3227 4371 3278 4425; x_wconf 91' lang='lat' dir='ltr'><strong>in</strong></span> <span class='ocrx_word' id='word_1_799' title='bbox 3303 4370 3370 4425; x_wconf 89' lang='lat' dir='ltr'><strong>iis</strong></span> <span class='ocrx_word' id='word_1_800' title='bbox 3385 4386 3519 4441; x_wconf 89' lang='lat' dir='ltr'><strong>quo-</strong></span> 
     </span>
    </p>
   </div>
   <div class='ocr_carea' id='block_1_100' title="bbox 1924 4460 3521 4532">
    <p class='ocr_par' dir='ltr' id='par_1_100' title="bbox 1924 4460 3521 4532">
     <span class='ocr_line' id='line_1_100' title="bbox 1924 4460 3521 4532; baseline 0.001 -20"><span class='ocrx_word' id='word_1_801' title='bbox 1924 4476 2029 4532; x_wconf 90' lang='lat' dir='ltr'><strong>que</strong></span> <span class='ocrx_word' id='word_1_802' title='bbox 2052 4460 2139 4532; x_wconf 87' lang='lat' dir='ltr'><strong>qui</strong></span> <span class='ocrx_word' id='word_1_803' title='bbox 2165 4472 2391 4531; x_wconf 91' lang='lat' dir='ltr'><strong>utroque</strong></span> <span class='ocrx_word' id='word_1_804' title='bbox 2422 4460 2732 4531; x_wconf 87' lang='lat' dir='ltr'><strong>hujusmodi</strong></span> <span class='ocrx_word' id='word_1_805' title='bbox 2766 4463 2906 4517; x_wconf 88' lang='lat' dir='ltr'><strong>bono</strong></span> <span class='ocrx_word' id='word_1_806' title='bbox 2934 4463 3085 4519; x_wconf 87' lang='lat' dir='ltr'><strong>vacui</strong></span> <span class='ocrx_word' id='word_1_807' title='bbox 3111 4472 3287 4529; x_wconf 88' lang='lat' dir='ltr'><strong>erant,</strong></span> <span class='ocrx_word' id='word_1_808' title='bbox 3314 4463 3521 4517; x_wconf 73' lang='lat' dir='ltr'><strong>inveni-</strong></span> 
     </span>
    </p>
   </div>
   <div class='ocr_carea' id='block_1_101' title="bbox 1926 4553 3517 4625">
    <p class='ocr_par' dir='ltr' id='par_1_101' title="bbox 1926 4553 3517 4625">
     <span class='ocr_line' id='line_1_101' title="bbox 1926 4553 3517 4625; baseline 0.003 -17"><span class='ocrx_word' id='word_1_809' title='bbox 1926 4562 2013 4608; x_wconf 91' lang='lat' dir='ltr'><strong>tur</strong></span> <span class='ocrx_word' id='word_1_810' title='bbox 2037 4553 2334 4623; x_wconf 84' lang='lat' dir='ltr'><strong>operatus?</strong></span> <span class='ocrx_word' id='word_1_811' title='bbox 2365 4553 2578 4608; x_wconf 85' lang='lat' dir='ltr'><strong>Balaam</strong></span> <span class='ocrx_word' id='word_1_812' title='bbox 2605 4554 2803 4625; x_wconf 90' lang='lat' dir='ltr'><strong>quippe</strong></span> <span class='ocrx_word' id='word_1_813' title='bbox 2825 4564 2881 4610; x_wconf 91' lang='lat' dir='ltr'><strong>et</strong></span> <span class='ocrx_word' id='word_1_814' title='bbox 2901 4570 2931 4611; x_wconf 88' lang='lat' dir='ltr'><strong>a</strong></span> <span class='ocrx_word' id='word_1_815' title='bbox 2966 4555 3073 4611; x_wconf 90' lang='lat' dir='ltr'><strong>ﬁde</strong></span> <span class='ocrx_word' id='word_1_816' title='bbox 3101 4565 3156 4611; x_wconf 87' lang='lat' dir='ltr'><strong>et</strong></span> <span class='ocrx_word' id='word_1_817' title='bbox 3180 4572 3212 4611; x_wconf 88' lang='lat' dir='ltr'><strong>a</strong></span> <span class='ocrx_word' id='word_1_818' title='bbox 3243 4557 3379 4612; x_wconf 88' lang='lat' dir='ltr'><strong>bona</strong></span> <span class='ocrx_word' id='word_1_819' title='bbox 3411 4560 3517 4612; x_wconf 76' lang='lat' dir='ltr'><strong>vita</strong></span> 
     </span>
    </p>
   </div>
   <div class='ocr_carea' id='block_1_102' title="bbox 1923 4644 3518 4720">
    <p class='ocr_par' dir='ltr' id='par_1_102' title="bbox 1923 4644 3518 4720">
     <span class='ocr_line' id='line_1_102' title="bbox 1923 4644 3518 4720; baseline 0.003 -21"><span class='ocrx_word' id='word_1_820' title='bbox 1923 4646 2131 4701; x_wconf 86' lang='lat' dir='ltr'><strong>alienus</strong></span> <span class='ocrx_word' id='word_1_821' title='bbox 2157 4654 2275 4700; x_wconf 89' lang='lat' dir='ltr'><strong>erat</strong></span> <span class='ocrx_word' id='word_1_822' title='bbox 2309 4644 2329 4716; x_wconf 95' lang='lat'><strong>(</strong></span> <span class='ocrx_word' id='word_1_823' title='bbox 2362 4644 2523 4699; x_wconf 88' lang='lat' dir='ltr'><strong>Num.</strong></span> <span class='ocrx_word' id='word_1_824' title='bbox 2554 4646 2628 4702; x_wconf 74' lang='grc'><strong>24</strong></span> <span class='ocrx_word' id='word_1_825' title='bbox 2652 4647 2712 4719; x_wconf 87' lang='grc'><strong>);</strong></span> <span class='ocrx_word' id='word_1_826' title='bbox 2759 4656 2993 4703; x_wconf 89' lang='lat' dir='ltr'><strong>attamen</strong></span> <span class='ocrx_word' id='word_1_827' title='bbox 3020 4650 3189 4720; x_wconf 72' lang='lat' dir='ltr'><strong>gratia</strong></span> <span class='ocrx_word' id='word_1_828' title='bbox 3228 4649 3280 4703; x_wconf 91' lang='lat' dir='ltr'><strong>in</strong></span> <span class='ocrx_word' id='word_1_829' title='bbox 3318 4651 3412 4704; x_wconf 91' lang='lat' dir='ltr'><strong>illo</strong></span> <span class='ocrx_word' id='word_1_830' title='bbox 3451 4651 3518 4705; x_wconf 88' lang='lat' dir='ltr'><strong>ad</strong></span> 
     </span>
    </p>
   </div>
   <div class='ocr_carea' id='block_1_103' title="bbox 1925 4738 3521 4812">
    <p class='ocr_par' dir='ltr' id='par_1_103' title="bbox 1925 4738 3521 4812">
     <span class='ocr_line' id='line_1_103' title="bbox 1925 4738 3521 4812; baseline 0.003 -21"><span class='ocrx_word' id='word_1_831' title='bbox 1925 4739 2150 4793; x_wconf 90' lang='lat' dir='ltr'><strong>aliorum</strong></span> <span class='ocrx_word' id='word_1_832' title='bbox 2184 4753 2273 4792; x_wconf 91' lang='lat' dir='ltr'><strong>res</strong></span> <span class='ocrx_word' id='word_1_833' title='bbox 2302 4738 2659 4808; x_wconf 89' lang='lat' dir='ltr'><strong>providendas</strong></span> <span class='ocrx_word' id='word_1_834' title='bbox 2686 4750 2906 4810; x_wconf 86' lang='lat' dir='ltr'><strong>operata</strong></span> <span class='ocrx_word' id='word_1_835' title='bbox 2933 4748 3033 4795; x_wconf 85' lang='lat' dir='ltr'><strong>est.</strong></span> <span class='ocrx_word' id='word_1_836' title='bbox 3066 4739 3352 4812; x_wconf 88' lang='lat' dir='ltr'><strong>Etiamque</strong></span> <span class='ocrx_word' id='word_1_837' title='bbox 3383 4741 3521 4796; x_wconf 87' lang='lat' dir='ltr'><strong>Pha-</strong></span> 
     </span>
    </p>
   </div>
   <div class='ocr_carea' id='block_1_104' title="bbox 1927 4830 3520 4901">
    <p class='ocr_par' dir='ltr' id='par_1_104' title="bbox 1927 4830 3520 4901">
     <span class='ocr_line' id='line_1_104' title="bbox 1927 4830 3520 4901; baseline 0.003 -17"><span class='ocrx_word' id='word_1_838' title='bbox 1927 4844 2021 4884; x_wconf 89' lang='lat' dir='ltr'><strong>rao</strong></span> <span class='ocrx_word' id='word_1_839' title='bbox 2066 4831 2189 4884; x_wconf 88' lang='lat' dir='ltr'><strong>talis</strong></span> <span class='ocrx_word' id='word_1_840' title='bbox 2213 4838 2328 4884; x_wconf 89' lang='lat' dir='ltr'><strong>erat</strong></span> <span class='ocrx_word' id='word_1_841' title='bbox 2353 4846 2368 4893; x_wconf 90' lang='lat'><strong>;</strong></span> <span class='ocrx_word' id='word_1_842' title='bbox 2397 4838 2453 4884; x_wconf 88' lang='lat' dir='ltr'><strong>et</strong></span> <span class='ocrx_word' id='word_1_843' title='bbox 2478 4838 2657 4885; x_wconf 89' lang='lat' dir='ltr'><strong>tamen</strong></span> <span class='ocrx_word' id='word_1_844' title='bbox 2690 4830 2789 4900; x_wconf 88' lang='lat' dir='ltr'><strong>ipsi</strong></span> <span class='ocrx_word' id='word_1_845' title='bbox 2826 4845 3038 4901; x_wconf 90' lang='lat' dir='ltr'><strong>quoque</strong></span> <span class='ocrx_word' id='word_1_846' title='bbox 3066 4830 3241 4886; x_wconf 91' lang='lat' dir='ltr'><strong>l&#39;utura</strong></span> <span class='ocrx_word' id='word_1_847' title='bbox 3263 4833 3520 4888; x_wconf 89' lang='lat' dir='ltr'><strong>ostendit.</strong></span> 
     </span>
    </p>
   </div>
   <div class='ocr_carea' id='block_1_105' title="bbox 1926 4920 3526 4994">
    <p class='ocr_par' dir='ltr' id='par_1_105' title="bbox 1926 4920 3526 4994">
     <span class='ocr_line' id='line_1_105' title="bbox 1926 4920 3526 4994; baseline 0.001 -17"><span class='ocrx_word' id='word_1_848' title='bbox 1926 4923 1995 4977; x_wconf 85' lang='lat' dir='ltr'><strong>Et</strong></span> <span class='ocrx_word' id='word_1_849' title='bbox 2037 4920 2553 4976; x_wconf 86' lang='lat' dir='ltr'><strong>Nabuchodonosori</strong></span> <span class='ocrx_word' id='word_1_850' title='bbox 2595 4921 2932 4991; x_wconf 90' lang='lat' dir='ltr'><strong>iniquissimo</strong></span> <span class='ocrx_word' id='word_1_851' title='bbox 2975 4935 3036 4975; x_wconf 90' lang='lat' dir='ltr'><strong>ea</strong></span> <span class='ocrx_word' id='word_1_852' title='bbox 3081 4937 3201 4990; x_wconf 67' lang='lat' dir='ltr'><strong>quae</strong></span> <span class='ocrx_word' id='word_1_853' title='bbox 3232 4932 3352 4994; x_wconf 89' lang='lat' dir='ltr'><strong>post</strong></span> <span class='ocrx_word' id='word_1_854' title='bbox 3379 4924 3526 4979; x_wconf 85' lang='lat' dir='ltr'><strong>mul-</strong></span> 
     </span>
    </p>
   </div>
   <div class='ocr_carea' id='block_1_106' title="bbox 1930 5000 3524 5091">
    <p class='ocr_par' dir='ltr' id='par_1_106' title="bbox 1930 5000 3524 5091">
     <span class='ocr_line' id='line_1_106' title="bbox 1930 5000 3524 5091; baseline 0.001 -20"><span class='ocrx_word' id='word_1_855' title='bbox 1930 5027 2010 5072; x_wconf 88' lang='lat' dir='ltr'><strong>tas</strong></span> <span class='ocrx_word' id='word_1_856' title='bbox 2057 5019 2433 5088; x_wconf 76' lang='lat' dir='ltr'><strong>generationes</strong></span> <span class='ocrx_word' id='word_1_857' title='bbox 2474 5016 2652 5071; x_wconf 85' lang='lat' dir='ltr'><strong>futura</strong></span> <span class='ocrx_word' id='word_1_858' title='bbox 2700 5025 2856 5072; x_wconf 86' lang='lat' dir='ltr'><strong>erant</strong></span> <span class='ocrx_word' id='word_1_859' title='bbox 2900 5016 3202 5090; x_wconf 85' lang='lat' dir='ltr'><strong>revelavit(</strong></span> <span class='ocrx_word' id='word_1_860' title='bbox 3231 5016 3370 5071; x_wconf 87' lang='lat' dir='ltr'><strong>Dan.</strong></span> <span class='ocrx_word' id='word_1_861' title='bbox 3394 5000 3454 5072; x_wconf 37' lang='lat'><strong>‘2</strong></span> <span class='ocrx_word' id='word_1_862' title='bbox 3480 5017 3524 5091; x_wconf 94' lang='lat'><strong>).</strong></span> 
     </span>
    </p>
   </div>
   <div class='ocr_carea' id='block_1_107' title="bbox 1932 5107 3520 5180">
    <p class='ocr_par' dir='ltr' id='par_1_107' title="bbox 1932 5107 3520 5180">
     <span class='ocr_line' id='line_1_107' title="bbox 1932 5107 3520 5180; baseline -0.001 -16"><span class='ocrx_word' id='word_1_863' title='bbox 1932 5110 2100 5180; x_wconf 87' lang='lat' dir='ltr'><strong>Ipsius</strong></span> <span class='ocrx_word' id='word_1_864' title='bbox 2131 5124 2345 5180; x_wconf 89' lang='lat' dir='ltr'><strong>quoque</strong></span> <span class='ocrx_word' id='word_1_865' title='bbox 2375 5108 2502 5173; x_wconf 88' lang='lat' dir='ltr'><strong>ﬁlio,</strong></span> <span class='ocrx_word' id='word_1_866' title='bbox 2532 5107 2624 5178; x_wconf 90' lang='lat' dir='ltr'><strong>qui</strong></span> <span class='ocrx_word' id='word_1_867' title='bbox 2653 5116 2862 5179; x_wconf 90' lang='lat' dir='ltr'><strong>patrem</strong></span> <span class='ocrx_word' id='word_1_868' title='bbox 2894 5107 3178 5178; x_wconf 89' lang='lat' dir='ltr'><strong>iniquitate</strong></span> <span class='ocrx_word' id='word_1_869' title='bbox 3207 5109 3520 5179; x_wconf 87' lang='lat' dir='ltr'><strong>superabat,</strong></span> 
     </span>
    </p>
   </div>
   <div class='ocr_carea' id='block_1_108' title="bbox 1932 5199 3524 5270">
    <p class='ocr_par' dir='ltr' id='par_1_108' title="bbox 1932 5199 3524 5270">
     <span class='ocr_line' id='line_1_108' title="bbox 1932 5199 3524 5270; baseline -0.002 -12"><span class='ocrx_word' id='word_1_870' title='bbox 1932 5202 2106 5258; x_wconf 79' lang='lat' dir='ltr'><strong>futura</strong></span> <span class='ocrx_word' id='word_1_871' title='bbox 2155 5201 2427 5262; x_wconf 81' lang='lat' dir='ltr'><strong>ostendit;</strong></span> <span class='ocrx_word' id='word_1_872' title='bbox 2460 5199 2734 5255; x_wconf 89' lang='lat' dir='ltr'><strong>mirabiles</strong></span> <span class='ocrx_word' id='word_1_873' title='bbox 2771 5214 3102 5270; x_wconf 78' lang='lat' dir='ltr'><strong>magnasque</strong></span> <span class='ocrx_word' id='word_1_874' title='bbox 3141 5216 3232 5257; x_wconf 87' lang='lat' dir='ltr'><strong>res</strong></span> <span class='ocrx_word' id='word_1_875' title='bbox 3285 5201 3355 5255; x_wconf 90' lang='lat' dir='ltr'><strong>ita</strong></span> <span class='ocrx_word' id='word_1_876' title='bbox 3409 5201 3524 5256; x_wconf 85' lang='lat' dir='ltr'><strong>dis-</strong></span> 
     </span>
    </p>
   </div>
   <div class='ocr_carea' id='block_1_109' title="bbox 1931 5291 3525 5364">
    <p class='ocr_par' dir='ltr' id='par_1_109' title="bbox 1931 5291 3525 5364">
     <span class='ocr_line' id='line_1_109' title="bbox 1931 5291 3525 5364; baseline 0 -18"><span class='ocrx_word' id='word_1_877' title='bbox 1931 5308 2161 5364; x_wconf 82' lang='lat' dir='ltr'><strong>pensans</strong></span> <span class='ocrx_word' id='word_1_878' title='bbox 2200 5294 2221 5364; x_wconf 95' lang='lat'>(</span> <span class='ocrx_word' id='word_1_879' title='bbox 2252 5292 2386 5347; x_wconf 86' lang='lat' dir='ltr'><strong>Dan.</strong></span> <span class='ocrx_word' id='word_1_880' title='bbox 2416 5292 2505 5360; x_wconf 80' lang='grc'><strong>5).</strong></span> <span class='ocrx_word' id='word_1_881' title='bbox 2542 5291 2678 5360; x_wconf 86' lang='lat' dir='ltr'><strong>Quia</strong></span> <span class='ocrx_word' id='word_1_882' title='bbox 2722 5291 2883 5360; x_wconf 81' lang='lat' dir='ltr'><strong>igitur</strong></span> <span class='ocrx_word' id='word_1_883' title='bbox 2923 5292 3317 5362; x_wconf 68' lang='lat' dir='ltr'><strong>praedicationis</strong></span> <span class='ocrx_word' id='word_1_884' title='bbox 3361 5307 3525 5347; x_wconf 58' lang='lat' dir='ltr'><strong>exoro</strong></span> 
     </span>
    </p>
   </div>
   <div class='ocr_carea' id='block_1_110' title="bbox 1931 5382 3515 5453">
    <p class='ocr_par' dir='ltr' id='par_1_110' title="bbox 1931 5382 3515 5453">
     <span class='ocr_line' id='line_1_110' title="bbox 1931 5382 3515 5453; baseline -0.001 -14"><span class='ocrx_word' id='word_1_885' title='bbox 1931 5385 2018 5440; x_wconf 88' lang='lat' dir='ltr'><strong>dia</strong></span> <span class='ocrx_word' id='word_1_886' title='bbox 2043 5393 2153 5438; x_wconf 88' lang='lat' dir='ltr'><strong>tum</strong></span> <span class='ocrx_word' id='word_1_887' title='bbox 2182 5391 2359 5450; x_wconf 85' lang='lat' dir='ltr'><strong>erant,</strong></span> <span class='ocrx_word' id='word_1_888' title='bbox 2391 5383 2665 5453; x_wconf 87' lang='lat' dir='ltr'><strong>multaque</strong></span> <span class='ocrx_word' id='word_1_889' title='bbox 2690 5382 2975 5453; x_wconf 88' lang='lat' dir='ltr'><strong>oportebat</strong></span> <span class='ocrx_word' id='word_1_890' title='bbox 3013 5383 3128 5453; x_wconf 84' lang='lat' dir='ltr'><strong>ejus</strong></span> <span class='ocrx_word' id='word_1_891' title='bbox 3157 5384 3410 5453; x_wconf 70' lang='lat' dir='ltr'><strong>potentia:</strong></span> <span class='ocrx_word' id='word_1_892' title='bbox 3436 5398 3515 5437; x_wconf 87' lang='lat' dir='ltr'><strong>ar-</strong></span> 
     </span>
    </p>
   </div>
   <div class='ocr_carea' id='block_1_111' title="bbox 1932 5473 3514 5547">
    <p class='ocr_par' dir='ltr' id='par_1_111' title="bbox 1932 5473 3514 5547">
     <span class='ocr_line' id='line_1_111' title="bbox 1932 5473 3514 5547; baseline -0.002 -16"><span class='ocrx_word' id='word_1_893' title='bbox 1932 5486 2183 5547; x_wconf 72' lang='lat' dir='ltr'><strong>gumenta</strong></span> <span class='ocrx_word' id='word_1_894' title='bbox 2214 5474 2539 5539; x_wconf 89' lang='lat' dir='ltr'><strong>monstrari,</strong></span> <span class='ocrx_word' id='word_1_895' title='bbox 2566 5473 2718 5529; x_wconf 92' lang='lat' dir='ltr'><strong>multi</strong></span> <span class='ocrx_word' id='word_1_896' title='bbox 2742 5488 2810 5529; x_wconf 76' lang='lat' dir='ltr'><strong>ex</strong></span> <span class='ocrx_word' id='word_1_897' title='bbox 2836 5473 3176 5544; x_wconf 79' lang='lat' dir='ltr'><strong>indignorum</strong></span> <span class='ocrx_word' id='word_1_898' title='bbox 3224 5476 3388 5529; x_wconf 88' lang='lat' dir='ltr'><strong>etiam</strong></span> <span class='ocrx_word' id='word_1_899' title='bbox 3421 5489 3514 5529; x_wconf 87' lang='lat' dir='ltr'><strong>nu-</strong></span> 
     </span>
    </p>
   </div>
   <div class='ocr_carea' id='block_1_112' title="bbox 1935 5566 3514 5637">
    <p class='ocr_par' dir='ltr' id='par_1_112' title="bbox 1935 5566 3514 5637">
     <span class='ocr_line' id='line_1_112' title="bbox 1935 5566 3514 5637; baseline -0.001 -15"><span class='ocrx_word' id='word_1_900' title='bbox 1935 5583 2087 5622; x_wconf 88' lang='lat' dir='ltr'><strong>mero</strong></span> <span class='ocrx_word' id='word_1_901' title='bbox 2114 5568 2252 5622; x_wconf 87' lang='lat' dir='ltr'><strong>dona</strong></span> <span class='ocrx_word' id='word_1_902' title='bbox 2280 5566 2634 5637; x_wconf 86' lang='lat' dir='ltr'><strong>accipiebant.</strong></span> <span class='ocrx_word' id='word_1_903' title='bbox 2662 5566 3003 5622; x_wconf 80' lang='lat' dir='ltr'><strong>Attamenilli</strong></span> <span class='ocrx_word' id='word_1_904' title='bbox 3021 5581 3090 5623; x_wconf 85' lang='lat' dir='ltr'><strong>ex</strong></span> <span class='ocrx_word' id='word_1_905' title='bbox 3121 5566 3421 5621; x_wconf 89' lang='lat' dir='ltr'><strong>istiusmodi</strong></span> <span class='ocrx_word' id='word_1_906' title='bbox 3450 5567 3514 5621; x_wconf 83' lang='lat' dir='ltr'><strong>si-</strong></span> 
     </span>
    </p>
   </div>
   <div class='ocr_carea' id='block_1_113' title="bbox 1932 5659 3526 5734">
    <p class='ocr_par' dir='ltr' id='par_1_113' title="bbox 1932 5659 3526 5734">
     <span class='ocr_line' id='line_1_113' title="bbox 1932 5659 3526 5734; baseline -0.001 -19"><span class='ocrx_word' id='word_1_907' title='bbox 1932 5664 2051 5734; x_wconf 74' lang='lat' dir='ltr'><strong>gnis</strong></span> <span class='ocrx_word' id='word_1_908' title='bbox 2081 5660 2213 5716; x_wconf 87' lang='lat' dir='ltr'><strong>nihil</strong></span> <span class='ocrx_word' id='word_1_909' title='bbox 2255 5660 2624 5728; x_wconf 82' lang='lat' dir='ltr'><strong>lucrabantur,</strong></span> <span class='ocrx_word' id='word_1_910' title='bbox 2663 5659 2758 5716; x_wconf 87' lang='lat' dir='ltr'><strong>sed</strong></span> <span class='ocrx_word' id='word_1_911' title='bbox 2793 5659 2953 5715; x_wconf 84' lang='lat' dir='ltr'><strong>etiam</strong></span> <span class='ocrx_word' id='word_1_912' title='bbox 2998 5661 3231 5730; x_wconf 81' lang='lat' dir='ltr'><strong>graviori</strong></span> <span class='ocrx_word' id='word_1_913' title='bbox 3265 5661 3526 5732; x_wconf 77' lang='lat' dir='ltr'><strong>supplicio</strong></span> 
     </span>
    </p>
   </div>
   <div class='ocr_carea' id='block_1_114' title="bbox 1935 5752 3524 5827">
    <p class='ocr_par' dir='ltr' id='par_1_114' title="bbox 1935 5752 3524 5827">
     <span class='ocr_line' id='line_1_114' title="bbox 1935 5752 3524 5827; baseline 0.001 -17"><span class='ocrx_word' id='word_1_914' title='bbox 1935 5755 2248 5827; x_wconf 90' lang='lat' dir='ltr'><strong>puniuntur.</strong></span> <span class='ocrx_word' id='word_1_915' title='bbox 2301 5752 2533 5824; x_wconf 86' lang='lat' dir='ltr'><strong>Ideoque</strong></span> <span class='ocrx_word' id='word_1_916' title='bbox 2582 5753 2724 5809; x_wconf 86' lang='lat' dir='ltr'><strong>hanc</strong></span> <span class='ocrx_word' id='word_1_917' title='bbox 2767 5753 3061 5808; x_wconf 87' lang='lat' dir='ltr'><strong>terribilem</strong></span> <span class='ocrx_word' id='word_1_918' title='bbox 3118 5769 3304 5809; x_wconf 87' lang='lat' dir='ltr'><strong>vocem</strong></span> <span class='ocrx_word' id='word_1_919' title='bbox 3349 5755 3524 5811; x_wconf 89' lang='lat' dir='ltr'><strong>emisit</strong></span> 
     </span>
    </p>
   </div>
   <div class='ocr_carea' id='block_1_115' title="bbox 1944 5843 3523 5917">
    <p class='ocr_par' dir='ltr' id='par_1_115' title="bbox 1944 5843 3523 5917">
     <span class='ocr_line' id='line_1_115' title="bbox 1944 5843 3523 5917; baseline 0.002 -16"><span class='ocrx_word' id='word_1_920' title='bbox 1944 5846 2114 5917; x_wconf 86' lang='lat' dir='ltr'><strong>ipsis:</strong></span> <span class='ocrx_word' id='word_1_921' title='bbox 2148 5843 2442 5916; x_wconf 79' lang='lat' dir='ltr'><strong>Numquam</strong></span> <span class='ocrx_word' id='word_1_922' title='bbox 2472 5846 2585 5901; x_wconf 80' lang='lat' dir='ltr'><strong>novi</strong></span> <span class='ocrx_word' id='word_1_923' title='bbox 2614 5861 2719 5901; x_wconf 84' lang='lat' dir='ltr'><strong>vos.</strong></span> <span class='ocrx_word' id='word_1_924' title='bbox 2771 5843 2966 5900; x_wconf 76' lang='lat' dir='ltr'><strong>Multos</strong></span> <span class='ocrx_word' id='word_1_925' title='bbox 3014 5860 3158 5901; x_wconf 84' lang='lat' dir='ltr'><strong>etum</strong></span> <span class='ocrx_word' id='word_1_926' title='bbox 3202 5845 3288 5902; x_wconf 83' lang='lat' dir='ltr'><strong>hic</strong></span> <span class='ocrx_word' id='word_1_927' title='bbox 3320 5845 3523 5911; x_wconf 85' lang='lat' dir='ltr'><strong>odit,et</strong></span> 
     </span>
    </p>
   </div>
  </div>
