4036 6434
501 394 610 451 395

501 525 628 570 ante
655 511 910 585 judicium
943 503 1286 566 1aversatur.
1317 509 1628 566 Timeamus
1655 509 1854 580 itaque,
1889 507 2090 573 dilecti,

507 617 564 660 et
585 604 808 660 multam
837 601 1178 658 instituendas
1201 602 1326 656 vitae
1348 618 1534 656 curam
1563 601 1970 672 impendamus;
2004 618 2098 657 ne-

501 711 607 767 que
632 705 876 764 putemus
906 695 1084 749 minus
1111 710 1210 749 nos
1239 695 1459 758 habere,
1485 695 1607 765 quia
1638 695 1785 765 signa
1815 707 1958 749 nunc
1989 710 2094 748 non

505 788 749 844 facimus.
777 790 916 844 Nihil
945 791 1091 845 enim
1123 806 1376 860 umquam
1409 789 1642 860 amplius
1668 805 1732 844 ex
1756 789 1920 856 signis
1942 789 2095 843 nobis

503 878 778 947 reddetur,
795 881 932 934 sicut
957 880 1088 935 nihil
1114 882 1290 934 minus
1319 895 1384 936 eo
1399 881 1541 950 quod
1567 881 1717 949 signa
1741 895 1845 933 non
1868 879 2092 934 edamus

501 970 542 1022 si
569 970 856 1026 virtutibus
877 973 1128 1027 omnibus
1151 973 1338 1026 demus
1369 989 1608 1042 operam.
1630 972 1916 1041 Signorum
1941 973 2095 1043 quip-

502 1079 566 1133 pe
599 1063 872 1121 debitores
903 1083 1008 1120 non
1027 1082 1234 1132 sumus,
1265 1081 1358 1134 pro
1387 1067 1524 1120 bona
1549 1073 1724 1118 autem
1751 1067 1855 1118 vita
1879 1075 1934 1119 et
1963 1081 2096 1133 ope-

501 1155 650 1212 ribus
677 1199 690 1222 ,
725 1157 891 1212 Demn
944 1158 1203 1212 habemus
1247 1158 1570 1212 debitorem.
1613 1156 1752 1232 «Quia
1795 1157 1956 1227 igitur
2007 1157 2096 1210 ille

499 1257 691 1303 cuncta
724 1249 964 1318 perfecit.
994 1258 1047 1304 et
1075 1249 1142 1303 de
1173 1250 1369 1302 virtute
1395 1232 1799 1302 accuratissime
1821 1248 2092 1312 disseruit,

500 1355 564 1394 ac
583 1339 832 1396 virtutem
865 1342 1180 1395 simulantes
1208 1357 1236 1394 a
1269 1339 1451 1410 probis
1488 1339 1732 1394 diversos
1757 1355 1878 1396 esse
1905 1350 2092 1396 osten-

499 1433 614 1497 dit;
644 1433 762 1488 illos
800 1450 990 1505 nempe
1011 1435 1098 1504 qui
1123 1434 1430 1504 jejunarent
1459 1435 1542 1488 vel
1573 1445 1791 1490 orarent
1817 1437 1881 1488 ad
1909 1445 2093 1490 osten-

501 1524 778 1592 tationem,
809 1541 903 1581 eos
941 1527 1030 1594 qui
1062 1527 1162 1581 sub
1213 1527 1352 1595 pelle
1393 1527 1572 1580 ovium
1638 1525 1975 1593 accederent,
2000 1542 2096 1582 eos

499 1619 586 1686 qui
619 1618 871 1673 virtutem
903 1618 1324 1685 labefactarent,
1359 1633 1494 1688 quos
1539 1627 1593 1673 et
1621 1633 1814 1688 porcos
1843 1628 1898 1674 et
1933 1633 2093 1674 canes

500 1709 733 1774 vocavit,
763 1708 1058 1763 Ostendens
1089 1709 1302 1764 domum
1336 1719 1593 1779 quantum
1624 1718 1770 1764 esset
1795 1710 1877 1765 vel
1911 1710 1962 1764 in
1995 1710 2094 1766 hac

505 1805 613 1856 vita
645 1803 861 1856 virtutis
887 1803 1092 1856 lucrum
1123 1843 1137 1868 ,
1182 1812 1545 1873 quantumque
1575 1811 1872 1872 emergeret
1901 1817 1966 1858 ex
1995 1804 2094 1857 im-

503 1895 766 1961 probitate
817 1906 1194 1950 nocumentnm
1219 1935 1234 1962 ,
1285 1894 1414 1950 dicit
1464 1912 1476 1948 :
1509 1895 1601 1950 24.
1636 1893 1814 1950 Omnis
1841 1896 1927 1966 qui
1951 1896 2093 1950 audit

503 1987 654 2041 verba
676 2004 788 2042 mea
814 1989 922 2042 hac
945 2029 960 2054 ,
989 1998 1035 2042 et
1065 1989 1188 2060 facit
1213 2005 1290 2054 ea,
1336 1989 1700 2043 assimilubitur
1727 1990 1832 2044 viro
1853 1991 2089 2059 sapienti.

503 2077 636 2132 Nam
672 2079 763 2150 qui
796 2079 954 2134 verba
985 2079 1100 2150 ejus
1131 2097 1234 2134 non
1265 2079 1572 2146 observant,
1603 2081 1812 2136 etiamsi
1843 2082 1990 2151 signa
2020 2081 2094 2134 fa-

504 2171 670 2236 ciant,
700 2187 818 2240 qua:
841 2173 1047 2242 passuri
1076 2171 1184 2226 sint
1212 2172 1434 2227 audistis
1463 2188 1476 2224 :
1509 2173 1689 2226 sciatis
1718 2183 1895 2227 autem
1919 2189 2080 2242 opor-

503 2271 601 2327 tet,
634 2264 828 2334 quibus
858 2265 1100 2319 fruentur
1121 2265 1274 2319 ltonis
1299 2264 1330 2318 ii
1358 2267 1448 2334 qui
1477 2265 1633 2318 (lictis
1659 2265 1910 2319 omnilms
1933 2265 2092 2319 obse-

497 2365 754 2426 quuntur,
785 2371 888 2410 non
923 2357 976 2409 in
1003 2355 1184 2410 futuro
1214 2365 1418 2410 tantum
1453 2357 1654 2410 sarculo
1674 2397 1690 2420 ,
1719 2355 1813 2411 sed
1842 2357 2002 2412 etiam
2037 2357 2088 2411 in

497 2447 770 2516 prasenti.
804 2446 1004 2513 Omnis,
1038 2447 1238 2517 inquit,
1271 2448 1358 2517 qui
1385 2449 1530 2500 audit
1570 2446 1720 2500 verba
1747 2464 1858 2501 mea
1882 2450 2008 2512 lucc,
2042 2457 2090 2502 et

495 2539 616 2609 facit
656 2555 715 2592 ea
741 2578 756 2602 ,
805 2539 1168 2593 assimilabitur
1211 2539 1317 2592 viro
1345 2539 1582 2608 sapienti.
1634 2539 1794 2593 Vides
1820 2541 2090 2610 quomodo

493 2647 797 2686 sermonem
823 2633 1017 2696 variet,
1044 2631 1208 2686 modo
1239 2631 1425 2686 dicens
1449 2675 1462 2696 ,
1495 2630 1615 2708 Non
1655 2634 1820 2686 omnis
1857 2633 1945 2702 qui
1969 2633 2092 2688 dicit

493 2725 620 2778 mihi
649 2766 665 2791 ,
691 2723 926 2788 Domine,
964 2724 1196 2788 Domine,
1228 2740 1457 2794 seseque
1499 2725 1774 2784 revelans:
1808 2726 1968 2780 modo
1995 2742 2090 2782 au-

494 2825 622 2884 tem,
655 2815 752 2882 Qui
781 2817 904 2888 facit
929 2815 1245 2870 voluntatem
1282 2815 1454 2869 Patris
1481 2817 1596 2880 mei,
1629 2825 1684 2870 et
1714 2832 1901 2872 rursus
1922 2833 1978 2870 se
1999 2818 2088 2886 jn-

491 2909 664 2963 dicem
694 2909 996 2973 declarans,
1021 2908 1172 2962 Multi
1189 2907 1358 2961 dicent
1380 2908 1506 2960 mihi
1527 2909 1578 2960 in
1600 2907 1692 2961 illa
1707 2906 1826 2962 die:
1853 2905 2084 2970 Domine,

496 2999 726 3065 Domine,
744 3017 910 3054 nonne
934 3001 987 3053 in
1015 2999 1220 3053 nomine
1249 3011 1332 3052 tuo
1361 2999 1812 3069 prop/telarimus?
1835 2998 1898 3052 Et
1922 2998 2088 3051 dicam

492 3091 562 3145 eis
581 3134 595 3156 ,
623 3089 744 3144 Non
771 3092 884 3144 novi
910 3107 1016 3144 eos.
1067 3089 1164 3144 Hic
1213 3105 1429 3159 quoque
1457 3088 1694 3142 ostendit
1742 3103 1803 3144 se
1851 3089 2086 3142 omnium

493 3193 810 3252 potestatem
864 3181 1065 3236 habere
1113 3197 1126 3234 :
1171 3190 1496 3250 quapropter
1537 3179 1749 3234 dicebat
1778 3221 1792 3244 ,
1819 3179 1917 3247 Qui
1945 3180 2090 3232 audit

492 3277 642 3330 verba
671 3292 781 3330 mea
801 3276 928 3330 Ita'c.
964 3275 1095 3344 Quia
1125 3275 1268 3329 enim
1299 3273 1477 3328 omnia
1505 3272 1572 3328 de
1598 3272 1788 3328 futuris
1813 3273 2084 3338 disseruit,

494 3379 550 3424 ct
573 3385 795 3439 regnum
838 3383 1146 3422 memorans
1171 3409 1185 3432 ,
1217 3376 1270 3421 et
1312 3365 1616 3421 mercedem
1660 3365 2009 3430 ineffabilem,
2035 3376 2086 3418 ct

490 3463 910 3519 consolationem
934 3469 990 3517 et
1019 3460 1212 3515 similia
1242 3501 1256 3527 ,
1288 3459 1400 3513 vult
1425 3474 1520 3515 eos
1557 3459 1682 3513 hinc
1697 3457 1950 3539 proferre
1974 3459 2086 3511 fru-

489 3565 608 3610 ctus
654 3569 814 3621 suos,
858 3563 914 3609 et
941 3553 1227 3608 ostendere
1269 3561 1464 3621 quanta
1507 3552 1575 3604 sit
1617 3552 1667 3604 in
1698 3551 1946 3620 praesenti
1979 3551 2086 3604 vita

490 3646 700 3700 virtutis
717 3645 816 3699 vis.
844 3644 975 3711 Quze
999 3657 1127 3712 ergo
1149 3653 1230 3697 est
1251 3641 1464 3695 virtutis
1492 3641 1616 3694 vis?
1641 3639 1772 3696 Cum
1801 3641 2088 3696 Securitate

488 3739 690 3804 vivere,
722 3735 884 3790 nullis
923 3733 1116 3789 cedere
1143 3733 1428 3796 aerunmis,
1477 3730 1797 3786 lzcdentibns
1834 3731 2086 3786 omnibus

491 3827 827 3898 superiorem
880 3839 1000 3880 esse
1050 3840 1064 3877 :
1115 3825 1201 3878 cui
1255 3821 1384 3892 quid
1431 3837 1526 3893 par
1555 3837 1676 3878 esse
1705 3821 1922 3892 possit?
1952 3821 2082 3876 Illud

491 3921 635 3976 enim
665 3935 732 3974 ne
763 3919 808 3974 is
829 3917 1042 3988 quidem
1070 3916 1158 3986 qui
1178 3913 1482 3971 diademate
1529 3914 1828 3979 redimitur,
1861 3913 1962 3967 sibi
1992 3929 2088 3983 po-

492 4023 954 4081 testcomparare,
986 4008 1080 4065 sed
1109 4007 1199 4064 ille
1225 3992 1372 4063 solus
1402 4009 1490 4078 qui
1523 4005 1706 4062 virtuti
1727 4005 1821 4062 dat
1843 4021 2084 4076 operam.

495 4106 611 4173 Ipse
633 4103 829 4174 quippe
859 4101 1004 4156 solus
1035 4100 1150 4155 [nec
1183 4115 1305 4154 cum
1347 4113 1538 4171 magno
1565 4097 1782 4155 cumulo
1822 4099 2083 4168 possidet,

495 4197 546 4249 in
580 4195 682 4248 hoc
709 4193 1050 4262 praesentium
1082 4207 1260 4246 rerum
1293 4193 1482 4259 euripo
1527 4191 1692 4245 multa
1727 4191 1909 4244 fruens
1941 4201 2087 4244 tran-

493 4285 774 4356 quillitate.
803 4283 936 4340 Nam
967 4283 1109 4353 quod
1149 4283 1393 4338 mirabile
1419 4291 1520 4348 est,
1559 4298 1680 4339 cum
1712 4283 1856 4338 nulla
1885 4284 2090 4338 sereni-

494 4389 575 4432 tas
599 4379 687 4440 sit,
718 4377 811 4432 sed
837 4386 1124 4446 tempestas
1147 4376 1440 4430 vehemens
1461 4384 1515 4430 et
1546 4375 1708 4430 multa
1733 4377 2084 4445 perturbatio,

493 4473 843 4542 plurimmque
871 4471 1212 4534 tentationes,
1243 4487 1346 4523 non
1373 4477 1549 4538 potest
1577 4469 1689 4538 ipse
1717 4468 1798 4523 vel
1821 4470 2084 4523 tantillum

493 4578 701 4620 nutare.
733 4563 864 4618 Nam
915 4563 1028 4628 ait,
1059 4562 1148 4616 9.5.
1200 4561 1468 4614 Descendit
1498 4561 1686 4628 pluvia,
1710 4571 1948 4614 venerunt
1984 4561 2086 4631 [lu-

491 4659 662 4721 mina,
703 4657 954 4726 [laverunt
982 4656 1130 4718 renti,
1163 4665 1206 4708 et
1231 4655 1489 4708 irruerent
1515 4653 1567 4708 in
1603 4655 1808 4707 domum
1843 4653 2004 4716 illam,
2039 4664 2084 4706 et

490 4767 591 4804 non
621 4749 838 4803 cecidit:
869 4747 1083 4816 fundata
1119 4747 1250 4799 enim
1272 4755 1376 4798 erat
1398 4761 1554 4813 supra
1585 4757 1779 4814 petram
1806 4759 1827 4797 :
1855 4745 2087 4814 pluviam

493 4844 576 4898 hic
606 4853 662 4898 et
689 4842 928 4904 ﬂumina,
961 4851 1012 4892 et
1053 4849 1240 4892 ventos
1273 4838 1636 4906 metaphor-ire
1668 4852 1868 4891 vocans
1901 4837 2088 4889 huma-

494 4949 588 4988 nas
610 4933 945 4988 calamitates
970 4942 1020 4986 et
1046 4942 1337 4996 a~rumnas,
1368 4928 1614 4981 videlicet
1641 4927 1938 4980 calumnias
1960 4967 1973 4986 .
2008 4925 2088 4980 in-

491 5025 654 5080 sidias
683 5066 698 5089 ,
727 5027 900 5079 luctus
925 5066 938 5085 ,
974 5033 1173 5076 mortes
1195 5065 1208 5086 ,
1238 5021 1532 5075 domestica
1574 5019 1787 5083 damna,
1814 5019 2088 5074 molestias

493 5118 560 5171 ab
590 5117 780 5170 alienis
803 5124 1028 5175 creatas.
1055 5114 1340 5183 omniaque
1369 5119 1562 5166 cmtera
1589 5110 1728 5165 mala
1757 5110 1808 5164 in
1843 5125 2086 5180 prznsen-

495 5219 600 5264 tem
633 5212 796 5262 vitam
831 5207 1153 5276 ingruentia.
1185 5207 1290 5260 Sed
1314 5203 1621 5273 hujusmodi
1653 5203 1828 5256 anima
1849 5243 1861 5264 ,
1893 5201 2082 5272 inquit,

502 5304 630 5357 nulli
662 5302 737 5356 rei
777 5300 923 5356 cedit
955 5317 968 5353 :
1002 5298 1158 5368 hujus
1187 5308 1366 5352 autem
1411 5299 1487 5353 rei
1515 5311 1678 5350 causa
1705 5307 1820 5358 eSt,
1847 5296 1989 5366 quod
2019 5295 2090 5350 sit

495 5411 658 5466 supra
693 5403 895 5464 petram
927 5391 1160 5444 fundata.
1192 5389 1404 5444 Petram
1436 5398 1615 5443 autem
1647 5396 1804 5442 vocat
1827 5387 2089 5443 doctrina:

494 5501 604 5540 suae
634 5485 961 5540 ﬁrmitatem.
994 5481 1200 5536 Etenim
1227 5491 1370 5550 petra
1399 5478 1618 5534 fortiora
1648 5487 1772 5533 sunt
1796 5487 2086 5548 praecepta,

494 5577 874 5646 hominemque
899 5573 1102 5630 faciunt
1131 5573 1378 5627 humanis
1393 5573 1644 5627 omnibus
1665 5571 1918 5627 ﬂuctibus
1938 5587 2090 5642 supe-

495 5669 714 5725 riorem.
734 5668 836 5736 Qui
865 5666 1008 5722 enim
1039 5665 1156 5720 lucc
1179 5664 1462 5734 diligenter
1487 5663 1758 5732 observat,
1791 5674 1898 5717 non
1926 5661 2088 5720 modo

550 5837 566 5866 ¹
591 5840 794 5896 Quidam
829 5845 1158 5908 Manuseripti,
1175 5847 1222 5892 et
1245 5845 1352 5892 ante
1372 5839 1686 5906 partitionem.

1248 392 1304 448 s.
1342 389 1622 448 JOANNIS
1658 350 2089 448 cnnvsosro:

2195 391 2498 453 lRCHlEP.
2528 397 3066 459 CONSTANTINOP.

3693 415 3791 470 5‘24

2207 507 2513 568 hominibus
2539 529 2733 570 nocere
2757 517 3083 573 tentantibus
3109 519 3354 592 superior
3375 523 3498 594 erit,
3517 523 3616 580 sed
3636 527 3790 582 etiam

2206 601 2338 672 ipsis
2363 603 2697 662 daemonibus
2723 608 3118 666 insidiantibus.

2300 696 2352 752 3.
2399 697 2526 753 Sola
2572 700 2728 754 virtus
2757 701 3106 756 inconcussam
3158 707 3292 774 parit
3343 707 3506 761 animi
3555 711 3791 780 quietem.

2203 785 2373 842 Probo
2393 790 2564 844 nullus
2585 801 2743 862 poles!
2763 810 2961 846 nocere.
2989 794 3018 847 Ι
3023 812 3069 848 nt
3075 797 3217 864 probi
3252 797 3434 851 multos
3453 802 3702 855 sustinent
3721 804 3799 856 Ia-

2202 879 2439 932 bores.—
2458 880 2609 948 Quod
2644 893 2820 937 autem
2853 883 2966 940 haec
2987 901 3090 940 non
3121 901 3217 956 per
3233 887 3546 956 jactantiam
3583 893 3695 948 sint
3725 895 3802 948 di-

2199 979 2308 1034 eta,
2334 974 2488 1025 testis
2518 973 2671 1026 nobis
2700 986 2782 1028 est
2813 974 2946 1042 Job,
2978 977 3066 1046 qui
3107 991 3294 1032 omnes
3325 979 3522 1034 diaboli
3564 983 3802 1052 impetus

2201 1065 2451 1134 excepit,
2497 1065 2855 1135 immotusque
2903 1071 3097 1123 mansit
3129 1088 3141 1122 :
3173 1072 3443 1126 testificari
3475 1086 3704 1145 possunt
3747 1089 3801 1132 et

2199 1159 2453 1226 apostoli,
2485 1160 2574 1229 qui
2600 1162 2850 1215 omnibus
2871 1162 3020 1218 orbis
3050 1163 3298 1220 ﬂuctibus
3326 1167 3378 1219 in
3399 1183 3458 1222 se
3489 1169 3792 1238 irrumpen-

2208 1249 2370 1318 tibus,
2407 1253 2618 1322 p0pnlis
2660 1253 2807 1318 item,
2839 1258 3112 1326 tyrannis,
3147 1257 3456 1312 domesticis
3498 1269 3550 1314 et
3581 1263 3799 1326 alienis,

2197 1341 2552 1406 dmmonibus,
2581 1344 2815 1408 diabolo,
2849 1349 3102 1418 omnique
3132 1354 3344 1405 admota
3398 1353 3644 1408 machina
3668 1397 3682 1418 .
3715 1356 3802 1412 his

2201 1434 2390 1488 solutis
2411 1437 2660 1490 omnilms
2683 1479 2698 1502 ,
2729 1447 2877 1506 petra
2909 1439 3172 1493 firmiores
3210 1453 3495 1495 Steterunt.
3531 1445 3671 1511 Quid
3705 1446 3796 1517 igi-

2200 1533 2284 1578 tur
2315 1524 2613 1594 lmjnsmodi
2644 1529 2750 1582 vita
2769 1527 2977 1582 beatius
3003 1545 3122 1586 esse
3149 1533 3356 1602 possit?
3387 1535 3499 1588 lloc
3517 1535 3665 1590 enim
3693 1554 3794 1593 non

2197 1617 2416 1684 divitim,
2447 1637 2550 1676 non
2580 1625 2826 1694 corporis
2869 1627 3036 1680 robur
3057 1668 3072 1691 ,
3103 1643 3207 1680 non
3234 1627 3402 1698 gloria
3424 1671 3440 1694 ,
3472 1646 3578 1684 non
3609 1645 3797 1702 poten-

2200 1707 2290 1772 tia,
2321 1726 2491 1780 neque
2516 1713 2659 1766 aliud
2683 1713 2978 1784 quidpiam,
3013 1718 3107 1771 sed
3140 1719 3252 1772 sola
3278 1720 3489 1774 virtutis
3522 1725 3796 1791 possessio

2198 1805 2392 1868 poterit
2412 1804 2718 1859 conciliare.
2742 1805 2854 1860 Non
2886 1817 3060 1876 potest
3099 1811 3264 1872 enim,
3306 1827 3413 1865 non
3443 1822 3621 1880 potest
3649 1828 3793 1868 certe

2196 1890 2296 1943 alia
2329 1893 2548 1962 reperiri
2583 1895 2687 1948 vita
2724 1897 2879 1952 malis
2907 1900 3159 1954 omnibus
3189 1901 3371 1965 libera,
3407 1903 3508 1955 nisi
3553 1905 3669 1959 lucc
3699 1921 3794 1958 una

2194 1991 2424 2038 tantum.
2457 1985 2567 2040 Vos
2599 2003 2812 2057 quoque
2845 1999 3007 2044 testes
3032 1994 3186 2057 estis,
3214 1994 3304 2061 qui
3339 1996 3534 2050 videtis
3568 1998 3620 2050 in
3655 2003 3794 2067 regis

2199 2075 2438 2140 insidias,
2459 2081 2545 2148 qui
2580 2082 2840 2137 tumultus
2868 2093 2923 2138 et
2952 2087 3388 2154 perturbationes
3409 2093 3726 2160 conspicitis
3744 2095 3791 2144 in

2196 2166 2422 2221 divitum
2477 2170 2702 2227 rudibus.
2751 2173 2856 2228 Sed
2910 2176 3050 2244 apud
3100 2179 3371 2247 apostolos
3419 2181 3550 2234 nihil
3601 2182 3788 2238 simile.

2195 2257 2335 2324 Quid
2367 2260 2572 2329 igitur?
2602 2278 2668 2316 an
2697 2264 2828 2318 nihil
2878 2267 2984 2320 tale
3019 2271 3223 2336 experti
3254 2273 3419 2323 sunt?
3451 2273 3654 2328 nihilne
3683 2290 3793 2327 mo-

2195 2348 2386 2403 lestum
2417 2351 2485 2406 ab
2509 2353 2686 2422 aliquo
2716 2367 2836 2409 sunt
2869 2359 3146 2426 perpessi?
3176 2359 3282 2414 Sed
3308 2361 3408 2416 hoc
3427 2364 3671 2417 onminm
3697 2368 3792 2418 mi-

2195 2439 2575 2497 rabilissimum
2603 2447 2853 2516 cst,quod
2884 2449 3080 2504 multas
3104 2451 3242 2519 passi
3271 2452 3377 2506 sint
3405 2453 3792 2525 insidias,quod

2194 2535 2377 2592 multa;
2404 2547 2750 2608 tempestates
2797 2541 2846 2596 in
2888 2557 2984 2598 eos
3035 2544 3362 2614 irruperint,
3403 2563 3523 2618 quae
3558 2551 3790 2618 ipsorum

2193 2629 2429 2683 animum
2464 2645 2570 2684 non
2599 2642 2941 2698 everterunt,
2976 2650 3148 2704 neque
3177 2636 3390 2691 illorum
3431 2642 3789 2697 constantiam

2195 2717 2467 2789 fregerunt
2491 2737 2506 2784 ;
2541 2723 2648 2775 imo
2677 2723 2836 2778 etiam
2871 2725 3024 2779 nudis
3053 2727 3366 2794 corporibus
3389 2743 3691 2801 pugnantes
3713 2735 3790 2788 vi-

2193 2819 2416 2878 cerunt,
2473 2813 2885 2884 superioresque
2915 2827 3221 2871 evaserunt.
3249 2819 3314 2873 Et
3343 2832 3396 2874 tn
3423 2822 3606 2893 itaque
3635 2826 3678 2877 si
3707 2839 3792 2880 ve-

2192 2903 2259 2958 lis
2290 2901 2408 2959 htcc
2437 2916 2687 2960 accurate
2732 2907 3040 2972 observare,
3069 2911 3248 2965 omnia
3276 2912 3551 2968 deridebis
3585 2933 3598 2966 :
3631 2916 3788 2970 modo

2193 2995 2335 3048 enim
2367 2996 2550 3050 harum
2589 2997 3023 3054 adhortationum
3053 3000 3389 3071 philosophia
3425 3005 3667 3060 munitus
3696 3007 3786 3073 sis,

2195 3087 2324 3140 nihil
2356 3096 2410 3142 te
2436 3089 2488 3142 in
2511 3104 2799 3143 mterorcm
2823 3091 3090 3160 conjicere
3118 3095 3332 3162 poterit.
3361 3093 3416 3148 In
3445 3112 3552 3164 quo
3574 3097 3718 3150 enim
3743 3109 3792 3152 te

2196 3177 2351 3232 lrcdct
2381 3179 2424 3232 is
2453 3181 2540 3249 qui
2586 3179 2808 3234 insidias
2833 3183 3127 3237 struxerit?
3159 3200 3225 3237 an
3258 3187 3512 3253 pecunias
3534 3187 3738 3242 auferet
3767 3187 3790 3240 ?

2193 3271 2298 3325 Sed
2321 3280 2448 3326 ante
2475 3273 2647 3327 minas
2679 3273 2816 3327 illius
2843 3273 3024 3341 jussus
3055 3290 3114 3329 es
3166 3276 3280 3329 illas
3307 3287 3657 3333 contemnere
3681 3321 3696 3342 ,
3742 3289 3794 3334 et

2194 3363 2264 3416 ila
2292 3362 2360 3416 ab
2391 3364 2494 3418 illis
2522 3365 2763 3420 animum
2791 3350 3079 3434 abducere,
3109 3379 3170 3422 ιη
3195 3386 3482 3440 numquam
3513 3386 3541 3424 a
3567 3371 3790 3427 Domino

2192 3455 2499 3525 hujusmodi
2531 3457 2804 3528 quidpiam
2839 3469 3012 3528 petas.
3040 3461 3145 3515 Sed
3183 3472 3232 3533 te
3275 3463 3326 3515 in
3355 3478 3626 3517 carcerem
3661 3476 3790 3518 ceu-

2185 3546 2336 3614 jiciet
2355 3549 2380 3601 ?
2409 3548 2478 3603 At
2507 3560 2632 3604 ante
2665 3565 2938 3612 carcerem
2989 3551 3060 3606 ita
3095 3563 3146 3606 te
3175 3553 3359 3608 vivere
3406 3557 3663 3624 pnccepit
3689 3596 3702 3618 ,
3731 3565 3788 3609 ut

2191 3641 2391 3695 nnmdo
2407 3643 2624 3697 omnino
2651 3643 2938 3698 crucifixus
2957 3645 3050 3699 sis.
3079 3645 3182 3700 Sed
3203 3647 3342 3702 male
3364 3647 3431 3702 de
3452 3657 3506 3704 te
3531 3647 3790 3719 loquitur?

2193 3729 2390 3786 Verum
2445 3731 2550 3787 hoc
2593 3743 2645 3789 te
2677 3733 2864 3789 dolore
2913 3735 3164 3791 liberavit
3201 3737 3446 3792 Christus
3473 3782 3488 3805 ,
3521 3739 3650 3795 dum
3691 3739 3784 3796 tibi

2193 3825 2436 3891 multam,
2469 3826 2602 3880 citra
2645 3827 2904 3892 laborem,
2941 3829 3212 3898 patientia:
3234 3831 3509 3899 pollicitus
3535 3841 3620 3886 est
3645 3847 3788 3886 mer-

2191 3915 2399 3982 cedem,
2423 3925 2582 3986 atque
2613 3918 2680 3972 ita
2711 3927 2762 3972 te
2803 3933 2994 3986 purum
3025 3921 3092 3975 ab
3133 3920 3434 3992 bujusmodi
3493 3925 3571 3977 ira
3611 3933 3668 3978 et
3711 3925 3788 3979 la-

2194 4009 2323 4066 bore
2351 4011 2602 4074 reddidit,
2637 4020 2694 4065 nt
2715 4012 2936 4086 jusserit
2967 4015 3130 4068 etiam
3162 4031 3262 4083 pro
3301 4016 3533 4072 inimicis
3561 4032 3722 4074 orare
3743 4019 3782 4070 ’.

2191 4100 2295 4155 Sed
2322 4101 2469 4170 pellit
2495 4109 2617 4156 teet
2643 4103 2938 4158 innumeris
2967 4105 3181 4160 obsidet
3209 4106 3364 4161 malis
3385 4109 3409 4158 ?
3440 4108 3510 4161 At
3539 4107 3785 4175 Splendi-

2191 4192 2394 4248 diorem
2417 4193 2509 4248 tibi
2541 4204 2691 4264 parat
2717 4210 2991 4250 coronam.
3020 4197 3121 4251 Sed
3157 4207 3207 4252 te
3237 4198 3432 4252 occidit
3455 4199 3736 4268 etjugulat
3756 4200 3782 4252 2

2191 4284 2280 4341 Sic
2319 4285 2438 4340 ideo
2485 4287 2719 4342 maxime
2749 4286 2843 4342 tibi
2869 4288 3185 4342 beneficium
3217 4298 3454 4358 priestat,
3482 4299 3785 4362 martyrum

2195 4377 2284 4432 tibi
2319 4381 2532 4447 praemia
2557 4394 2770 4447 parans,
2789 4389 2844 4433 et
2866 4381 3024 4435 citius
3047 4390 3098 4436 te
3126 4382 3344 4434 mittens
3361 4381 3414 4435 in
3434 4383 3781 4450 tranquillum

2194 4479 2426 4538 portum,
2457 4463 2780 4540 majorisq’ne
2824 4471 2914 4524 tibi
2957 4472 3324 4526 retributionis
3369 4471 3502 4525 dans
3541 4472 3790 4528 occasiu-

2193 4579 2338 4628 nem,
2365 4579 2429 4618 ac
2457 4565 2548 4618 tibi
2596 4565 2920 4632 providens,
2952 4576 3008 4618 ut
3035 4579 3063 4616 a
3094 4565 3368 4618 communi
3392 4565 3476 4617 illa
3511 4565 3788 4620 reddenda

2194 4657 2400 4710 ratione
2429 4664 2479 4710 te
2509 4655 2778 4724 expedias.
2819 4653 2982 4724 quue
3021 4656 3254 4710 maxime
3297 4657 3536 4709 ninnium
3580 4658 3788 4711 miran-

2191 4748 2316 4803 dum
2347 4757 2450 4814 est,
2481 4750 2620 4818 quod
2655 4763 2844 4818 nempe
2868 4764 2971 4803 non
3000 4749 3158 4803 modo
3178 4748 3310 4802 nihil
3337 4749 3534 4802 lmdant
3559 4750 3792 4806 insidia~

2194 4853 2360 4906 tores,
2393 4843 2486 4896 sed
2514 4843 2672 4896 etiam
2700 4842 3092 4911 splendidiores
3119 4843 3238 4896 illos
3265 4842 3491 4896 reddant
3516 4858 3652 4912 quos
3680 4843 3788 4896 im-

2193 4945 2398 5005 petunt.
2444 4931 2540 4988 Cui
2582 4934 2722 4988 bono
2752 4933 2880 5004 quid
2921 4949 3017 5002 par
3060 4949 3308 5003 umquam
3345 4933 3542 4998 fuerit,
3573 4934 3798 5004 quando

2193 5028 2314 5082 talis
2356 5026 2607 5096 deligitur
2647 5027 2772 5086 vita.
2825 5025 2999 5096 qualis
3041 5027 3156 5080 lucc
3204 5025 3315 5079 Sola
3355 5025 3610 5079 exsistit?
3653 5025 3793 5091 Quia

2193 5120 2334 5174 enim
2357 5119 2564 5174 dixerat
2589 5131 2790 5172 arctam
2819 5125 2869 5172 et
2900 5127 3176 5188 angustam
3208 5132 3330 5172 esse
3353 5117 3493 5170 viam
3537 5117 3670 5172 hinc
3701 5119 3788 5170 la.

2192 5213 2339 5267 boris
2358 5212 2776 5267 consolationem
2803 5209 3054 5276 afferens,
3086 5210 3320 5264 ostendit
3345 5225 3590 5280 magnam
3623 5211 3674 5264 in
3694 5209 3792 5264 illa

2193 5322 2314 5362 esse
2343 5307 2708 5367 securitatem,
2743 5319 2987 5374 magnam
3010 5304 3338 5374 voluptatem
3364 5343 3381 5367 ,
3407 5303 3543 5356 sicut
3574 5303 3627 5356 in
3655 5317 3798 5357 con-

2193 5401 2358 5455 traria
2389 5415 2634 5470 magnam
2666 5401 2981 5468 pravitatem
3005 5398 3046 5462 ',
3075 5399 3261 5468 ingens
3290 5395 3564 5450 damnum.
3595 5396 3801 5462 Quem-

2193 5492 2479 5548 admodum
2509 5491 2650 5546 enim
2683 5492 2805 5544 hinc
2837 5490 3048 5544 virtutis
3079 5491 3294 5560 praemia
3327 5489 3647 5541 monStravit
3669 5529 3685 5553 ,
3706 5489 3798 5542 sic

2192 5593 2247 5640 et
2263 5583 2514 5654 nequitiae
2535 5583 2961 5638 retributionem.
2987 5580 3119 5636 Nam
3143 5579 3284 5652 quod
3307 5575 3485 5632 dicere
3507 5579 3798 5642 consuevi,

2259 5781 2276 5813 ι
2313 5777 2408 5829 Alii
2425 5793 2524 5828 non
2547 5779 2706 5840 pauci,
2731 5777 2874 5827 etiam
2898 5791 2986 5839 pro
3008 5777 3091 5828 illo
3113 5791 3274 5830 orare.

2259 5843 2280 5874 ε
2313 5841 2427 5903 Alii,
2451 5839 2674 5905 magnam
2698 5846 2834 5890 teme:
2850 5839 3028 5890 itutcm.
