4036 6482
393 400 502 456 3ξεί

397 510 503 567 hoc
544 509 706 565 etiam
748 523 886 563 nunc
933 507 1129 570 dicam,
1169 518 1235 557 ex
1285 510 1511 569 utroque
1551 496 1776 552 salutem
1826 491 1982 547 audi-

395 614 576 658 torum
604 602 797 672 ubique
820 607 1092 669 operatur,
1122 610 1189 651 ex
1224 592 1435 647 virtutis
1469 589 1666 652 studio,
1694 596 1747 641 et
1769 600 1832 639 ex
1864 583 1989 638 odio

395 695 670 766 nequitiam
702 694 836 761 Quia
868 691 1010 748 enim
1056 687 1271 760 quidam
1314 683 1473 739 futuri
1519 688 1674 737 erant
1716 678 1808 748 qui
1839 676 1984 730 dicta

398 788 621 859 quidem
668 797 1015 850 mirarentur,
1066 797 1238 851 neque
1281 789 1457 833 tamen
1505 776 1644 829 bona
1675 772 1990 828 exhiberem

396 897 587 951 opera,
612 879 731 933 illos
759 877 1099 948 praeveniens
1125 879 1289 929 terret
1328 886 1391 926 ac
1419 869 1548 923 dicit
1578 884 1592 920 :
1627 865 1835 921 etiamsi
1866 862 1988 934 pul—

394 974 528 1031 citra
550 973 736 1027 sintea
767 986 887 1041 qua:
920 968 1193 1030 dicuntur,
1224 980 1329 1017 non
1357 960 1606 1016 sufﬁcere
1632 969 1810 1011 tamen
1835 954 1991 1009 audi-

395 1076 512 1122 tum
541 1066 608 1121 ad
637 1066 885 1126 salutem,
914 1061 1007 1117 sed
1040 1067 1292 1130 Oportere
1323 1072 1418 1127 per
1444 1069 1604 1125 opera
1624 1052 1845 1121 obsequi
1872 1068 1884 1102 :
1911 1060 1992 1103 to-

394 1168 515 1216 tum
542 1166 716 1213 autem
746 1156 846 1211 hac
895 1156 948 1209 in
986 1169 1047 1208 re
1088 1152 1354 1222 praecipue
1382 1159 1646 1204 versatur.
1696 1146 1872 1215 Atque
1904 1144 1990 1197 hic

396 1266 705 1308 sermonem
735 1247 1011 1303 concludit
1035 1287 1050 1311 ,
1078 1245 1422 1313 validumque
1461 1242 1591 1309 ipsis
1624 1241 1874 1294 timorem
1900 1253 1989 1292 re-

394 1342 615 1413 linquit.
644 1337 1102 1408 Quemadmodum
1129 1338 1272 1391 enim
1292 1376 1306 1401 ,
1339 1349 1461 1389 cum
1492 1333 1559 1387 de
1585 1332 1781 1385 virtute
1809 1343 1991 1400 agere-

397 1444 509 1500 tur,
538 1450 644 1489 non
688 1434 859 1487 solum
913 1448 976 1487 ex
1010 1431 1199 1485 futuris
1229 1428 1501 1491 incitabat,
1530 1442 1751 1496 regnum
1779 1440 1989 1479 memo-

395 1541 548 1591 rans,
578 1526 757 1590 crelos,
792 1523 1093 1579 mercedem
1123 1521 1443 1577 ineffabilem
1466 1562 1481 1582 ,
1515 1518 1939 1573 consolationem
1968 1557 1984 1581 ,

396 1618 788 1687 innumeraque
837 1616 998 1678 bona,
1054 1613 1148 1668 sed
1174 1613 1334 1667 etiam
1380 1626 1408 1664 a
1462 1610 1837 1681 prtesentibus,
1865 1607 1990 1661 dum

396 1710 710 1766 ﬁrmitatem
740 1707 1277 1774 immobilitatcmque
1319 1712 1484 1773 petra:
1525 1701 1801 1756 ostendit:
1835 1699 1913 1755 sic
1938 1707 1992 1753 et

398 1818 524 1856 cum
556 1800 624 1855 de
650 1799 849 1854 malitia
895 1799 1104 1868 agitur,
1137 1812 1240 1849 non
1285 1795 1446 1848 modo
1472 1802 1637 1850 terret
1680 1792 1750 1846 ab
1780 1792 1846 1845 iis
1872 1805 1992 1859 qua:

396 1901 797 1962 exspectantur,
828 1900 885 1944 ut
907 1891 973 1943 ab
1002 1889 1179 1943 excisa
1208 1887 1400 1941 arbore
1421 1928 1435 1950 ,
1478 1888 1600 1956 igne
1643 1883 1992 1951 inexstingui-

396 1985 518 2051 bili,
549 1985 790 2054 ingressu
820 1981 973 2052 regni
1003 1980 1310 2042 intercluso,
1336 1977 1403 2031 ab
1425 1976 1526 2030 hoc
1546 1976 1710 2040 dicto,
1739 1972 1859 2027 Non
1875 1974 1990 2027 novi

396 2093 488 2132 eos
512 2092 529 2140 ;
555 2073 646 2130 sed
669 2073 829 2129 etiam
861 2088 926 2127 ex
954 2071 1343 2142 praesentibus,
1376 2082 1568 2136 nempe
1615 2081 1680 2121 ex
1709 2065 1862 2119 ruina
1892 2064 1987 2117 do-

394 2183 541 2224 mus.
573 2167 804 2234 Ideoque
831 2180 951 2218 eum
994 2163 1184 2231 majori
1230 2161 1472 2231 emphasi
1502 2173 1806 2213 sermonem
1840 2157 1990 2212 insti-

396 2262 523 2325 tuit,
557 2255 807 2327 parabola
857 2256 1005 2308 illum
1038 2269 1322 2308 exornans.
1364 2252 1477 2305 Non
1526 2252 1669 2305 enim
1717 2252 1847 2305 satis
1880 2260 1995 2304 erat

398 2350 626 2415 dixisse,
656 2349 851 2403 virtute
880 2345 1159 2416 praeditum
1211 2345 1467 2397 invictum
1522 2343 1657 2408 fore,
1689 2342 1990 2412 improbum

400 2451 563 2514 captu
601 2442 809 2496 facilem
835 2457 850 2506 ;
879 2439 972 2494 sed
1002 2445 1207 2508 petram
1240 2437 1437 2505 posuit,
1466 2436 1707 2498 domum,
1742 2435 1986 2500 flumina,

399 2537 636 2609 pluviam
668 2543 724 2591 et
750 2543 991 2599 ventum,
1012 2548 1075 2586 ac
1102 2531 1315 2585 similia.
1341 2529 1432 2584 26.
1467 2528 1665 2592 Omnis,
1697 2529 1886 2598 inquit,
1910 2528 1998 2597 qui

400 2630 548 2683 audit
575 2643 827 2682 sermones
852 2626 944 2679 hos
970 2640 1125 2689 meos,
1157 2632 1203 2676 et
1232 2639 1332 2677 non
1365 2623 1485 2692 facit
1509 2637 1613 2685 eos,
1635 2620 1997 2673 assimt'labitur

400 2722 515 2775 uiro
549 2719 725 2785 stulto,
755 2717 841 2786 qui
872 2715 1140 2785 tediﬁcavit
1168 2715 1375 2768 domum
1401 2730 1546 2768 suam
1579 2729 1730 2782 super
1767 2728 1994 2767 arenam.

401 2811 576 2867 Recte
610 2817 788 2864 autem
820 2808 1040 2863 stultum
1085 2806 1226 2861 hunc
1256 2806 1481 2859 vocavit.
1521 2804 1659 2872 Quid
1684 2805 1823 2858 enim
1858 2803 1996 2859 stul-

401 2904 514 2958 tius
541 2902 699 2958 fuerit
725 2900 944 2956 homine
968 2915 1129 2970 super
1157 2915 1375 2955 arenam
1407 2898 1737 2964 a-dilicaute,
1768 2906 1822 2952 et
1846 2898 1995 2951 labo-

402 3010 521 3051 rem
543 2992 759 3064 quidem
791 2992 997 3047 ferente
1020 3033 1035 3057 ,
1072 2994 1240 3047 fructu
1272 3008 1401 3046 vero
1437 3000 1491 3045 ct
1521 2991 1704 3061 requie
1730 3006 1850 3046 sese
1879 2990 1991 3059 pri-

404 3097 603 3154 vante,
632 3102 838 3158 proque
869 3086 967 3141 hac
993 3102 1051 3140 re
1096 3086 1412 3156 supplicium
1458 3085 1800 3140 sustinente?
1842 3083 1995 3152 Quod

404 3189 588 3237 autem
617 3180 651 3234 ii
694 3179 785 3249 qui
829 3178 1080 3248 nequitire
1126 3194 1186 3233 se
1233 3177 1435 3232 dedunt
1473 3176 1744 3240 laborent,
1794 3177 1998 3231 nemini

402 3289 517 3328 non
545 3280 729 3327 notum
757 3282 840 3326 est
872 3289 885 3325 :
912 3286 1034 3324 nam
1059 3280 1263 3338 raptor,
1294 3269 1591 3334 adulterus,
1622 3264 1955 3340 sycophanta
1976 3308 1991 3333 ,

405 3366 637 3422 multum
684 3364 930 3420 laborant
982 3362 1252 3431 multaque
1292 3362 1579 3426 sustinent,
1633 3370 1692 3415 ut
1744 3361 2000 3414 malitiam

405 3471 563 3513 suam
584 3455 655 3512 ad
682 3456 844 3511 linem
876 3454 1143 3510 deducant
1171 3470 1185 3517 ;
1214 3453 1307 3508 sed
1341 3470 1445 3507 non
1490 3453 1650 3507 modo
1690 3453 1892 3507 nullum
1920 3468 2006 3508 re-

406 3549 591 3612 ferunt
616 3549 867 3609 fructum,
894 3562 1079 3602 verum
1111 3547 1268 3601 etiam
1299 3546 1550 3600 damnum
1572 3547 1772 3617 grande
1798 3549 2007 3616 patiun-

407 3650 520 3696 tur.
561 3640 694 3694 Nam
748 3647 804 3693 et
850 3638 1050 3693 Paulus
1100 3637 1330 3708 idipsum
1387 3638 1729 3693 subindicans
1754 3640 2003 3695 dicebat:

414 3732 517 3799 Qui
543 3732 757 3786 seminat
784 3732 837 3784 in
857 3746 1010 3784 carne
1027 3746 1140 3794 sua,
1176 3730 1239 3784 de
1262 3746 1414 3784 carne
1434 3748 1527 3785 sua
1554 3742 1704 3786 metet
1729 3735 2007 3803 corruptio-

409 3823 755 3894 nem(Galat.
783 3825 835 3878 6.
869 3823 970 3896 8).
1004 3825 1139 3878 Huic
1178 3824 1379 3879 similes
1410 3834 1537 3879 sunt
1569 3826 1657 3895 qui
1699 3841 1862 3896 super
1887 3843 2007 3883 are-

411 3933 539 3972 nam
572 3917 871 3981 aadilicant;
898 3918 1043 3971 verbi
1069 3918 1242 3988 gratia
1272 3918 1363 3987 qui
1407 3919 1459 3970 iu
1492 3917 1868 3985 fornicatione,
1914 3921 2005 3989 qui

413 4014 469 4065 in
496 4010 727 4076 luxuria,
758 4010 848 4081 qui
879 4010 933 4064 in
965 4011 1227 4065 ebrietate
1249 4011 1288 4075 ¹,
1316 4010 1406 4079 qui
1433 4011 1487 4064 in
1518 4011 1811 4077 iracundia,
1840 4012 2005 4082 quiin

414 4104 536 4159 aliis
560 4103 835 4157 omnibus.

486 4197 544 4250 4.
582 4194 906 4266 Comparatio
931 4195 1099 4249 Achab
1121 4204 1167 4249 et
1188 4195 1340 4263 Elite,
1367 4198 1711 4266 apostolorum
1733 4208 1779 4251 et
1798 4198 2010 4253 Judwo-

417 4302 556 4341 rum.
600 4287 957 4358 Apostolorum
1004 4287 1193 4355 ﬁducia
1241 4298 1287 4340 et
1335 4288 1571 4356 firmitas.
1608 4318 1678 4329 -—-
1718 4290 1859 4345 Talis
1897 4300 2013 4346 erat

416 4378 637 4443 Achab;
680 4379 773 4433 sed
819 4394 922 4433 non
958 4380 1077 4434 talis
1121 4380 1282 4435 Elias.
1329 4381 1540 4437 Etenim
1591 4398 1622 4437 e
1659 4385 1874 4454 regione
1910 4401 2010 4456 po-

416 4481 611 4525 nentes
635 4470 857 4525 virtutes
886 4478 941 4525 et
972 4471 1093 4524 vitia
1119 4513 1133 4536 ,
1170 4472 1375 4528 illorum
1405 4473 1755 4529 diﬂ‘erentiam
1793 4476 2013 4531 accurat-

421 4561 526 4615 tius
546 4575 914 4631 agnoscemus.
940 4561 1032 4616 Ille
1054 4578 1284 4632 namque
1302 4578 1464 4634 super
1486 4575 1688 4635 petram
1710 4566 2013 4634 aedificavit,

419 4651 510 4705 hic
537 4666 667 4705 vero
691 4667 854 4721 super
880 4667 1098 4707 arenam
1135 4672 1148 4707 :
1187 4654 1413 4724 ideoque
1441 4672 1535 4711 rex
1565 4672 1688 4712 cum
1717 4668 1858 4713 esset
1885 4674 2012 4728 pro-

420 4744 637 4815 phetam
664 4746 934 4801 metuebat
960 4756 1012 4800 et
1040 4746 1393 4814 formidabat,
1423 4751 1511 4820 qui
1534 4749 1792 4819 propheta
1821 4754 2015 4808 melote

424 4845 626 4891 tantum
674 4846 790 4892 erat
832 4837 1065 4893 indutus.
1118 4838 1277 4894 Tales
1320 4849 1473 4895 erant
1514 4842 1718 4908 Judaei;
1769 4845 1865 4899 sed
1907 4861 2012 4900 non

420 4930 650 4999 apostoli
680 4947 694 4984 :
720 4930 1066 5001 quamobrem
1097 4931 1150 4986 bi
1190 4934 1339 5001 pauci
1377 4949 1495 4989 cum
1527 4946 1707 4991 essent
1733 4947 1784 4991 et
1809 4938 1970 4992 vincti
1995 4983 2010 5004 ,

421 5024 726 5082 firmitatem
760 5034 923 5096 petrae
949 5026 1336 5093 ostendebant;
1384 5028 1455 5082 illi
1492 5045 1619 5085 vero
1645 5032 1743 5086 etsi
1786 5033 1938 5087 mth
1962 5041 2018 5088 et

420 5119 652 5185 armati,
694 5119 1055 5188 infimitatem
1104 5134 1301 5175 arente.
1352 5122 1606 5177 Dicebant
1647 5124 1789 5178 enim
1834 5126 2018 5191 :Quid

423 5212 668 5282 faciemus
703 5211 991 5266 hominibus
1017 5213 1126 5266 istis
1156 5214 1173 5282 (
1198 5212 1309 5266 Act.
1337 5213 1391 5267 4.
1424 5214 1490 5268 16
1512 5213 1572 5281 )?
1606 5215 1786 5270 Viden’
1816 5217 1931 5272 illos
1963 5218 2015 5272 in

421 5304 666 5373 angustia
702 5303 939 5367 versari;
970 5319 1074 5357 non
1104 5314 1282 5359 autem
1310 5320 1403 5360 eos
1442 5306 1531 5375 qui
1566 5308 1759 5376 captivi
1786 5317 1938 5363 erant
1964 5317 2019 5364 et

421 5395 590 5449 vincti
611 5436 625 5459 ,
654 5395 749 5451 sed
778 5396 864 5465 qui
896 5394 1206 5450 detinebant
1232 5407 1281 5451 et
1305 5397 1629 5453 vinxerant?
1654 5415 1758 5468 quo
1787 5401 1911 5469 quid
1939 5401 2019 5455 in-

421 5486 687 5540 solentius
710 5486 992 5541 videatur?
1032 5486 1109 5541 Tu
1135 5487 1344 5542 detines
1370 5498 1426 5543 et
1450 5489 1706 5543 dubitas?
1743 5490 1871 5546 Jure
1899 5493 2018 5561 qui-

426 5577 574 5630 dem.
601 5575 735 5644 Quia
763 5577 906 5632 enim
932 5578 1110 5631 omnia
1141 5591 1304 5647 super
1338 5593 1554 5634 arenam
1584 5579 1978 5637 aedificaverant
2001 5601 2016 5651 ;

426 5664 556 5722 ideo
576 5668 896 5724 infirmiores
924 5668 1174 5725 omnibus
1198 5680 1369 5724 erant.
1414 5670 1616 5726 Idcirco
1646 5671 1895 5729 dicebant
1920 5675 2018 5730 de-

497 5836 517 5869 ι
552 5841 633 5887 ttae
657 5847 819 5895 voces,
842 5839 924 5900 qui
945 5839 997 5891 in
1022 5835 1265 5900 ebrietate,
1288 5839 1473 5894 desum
1493 5840 1552 5896 in
1570 5841 1733 5892 Morel.
1824 5830 1835 5843 ⁸

1331 387 1395 443 ΙΝ
1434 382 1845 443 ΜΑΤΤΗιΕυΜ
1883 379 2116 439 1103111..
2161 378 2348 435 XXIV.
2390 380 2461 432 al.
2505 380 2671 435 KX".

3579 387 3684 445 326

2094 505 2202 544 nuo
2227 508 2239 543 :
2270 491 2407 558 Quid
2426 494 2592 564 facitis
2615 494 2829 549 volentes
2850 496 3084 550 inducere
3102 514 3256 569 super
3276 516 3366 554 nos
3385 504 3681 570 sanguinem

2092 581 2310 636 hominis
2335 584 2488 654 hujus
2514 584 2653 654 (Act.
2674 586 2727 640 5.
2752 587 2883 656 ‘28)?
2911 588 3045 657 Quid
3072 589 3239 645 dicit?
3264 592 3341 647 Tu
3369 595 3555 663 cmdis,
3580 609 3682 654 Ier-

2092 687 2209 738 res,
2235 674 2413 739 laedis,
2444 685 2498 731 ct
2527 688 2578 732 tu
2614 681 2810 735 times?
2835 691 2887 735 ιιι
2913 682 3142 750 iudicas,
3176 695 3228 740 et
3257 694 3310 740 ιιι
3341 689 3566 745 tremis?
3593 688 3684 748 Sic

2094 765 2303 822 inﬁrma
2332 778 2413 821 cst
2442 771 2662 823 malitia.
2693 772 2795 826 Sed
2823 750 3048 842 apostdli
3074 792 3180 830 non
3204 779 3282 833 sic
3309 796 3323 831 :
3354 780 3475 835 Non
3500 800 3683 853 possu-

2094 872 2204 910 mus
2225 874 2316 910 nos
2335 875 2446 927 (luce
2466 861 2747 916 audit-intus
2768 874 2812 917 et
2836 861 3048 920 vidimus
3070 884 3168 921 non
3189 870 3328 940 loqui
3344 873 3475 939 (Act.
3496 874 3530 927 4
3546 875 3681 939 .20).
3774 928 3775 931 η

2094 947 2337 1004 Vidistin‘
2368 952 2601 1006 animum
2642 956 2965 1010 sublimem?
3004 958 3232 1013 vidistin‘
3260 974 3461 1031 petram
3491 965 3682 1023 fluctus

2094 1041 2392 1099 ridentem?
2415 1045 2644 1100 vidiSIin'
2668 1047 2885 1104 domum
2913 1051 3279 1108 immobilem?
3300 1057 3554 1129 Quodqur
3578 1061 3682 1114 tui-

2095 1135 2313 1190 rabiliu’s
2339 1178 2353 1201 ,
2387 1154 2490 1191 non
2537 1139 2694 1194 modo
2726 1142 2892 1195 timidi
2941 1160 3047 1196 non
3077 1156 3230 1199 erant
3253 1188 3268 1210 ,
3308 1148 3448 1217 quod
3477 1149 3683 1205 ineidia:

2094 1230 2224 1299 ipsis
2265 1242 2595 1299 pararentur,
2627 1236 2719 1289 sed
2747 1236 2907 1290 etiam
2944 1239 3198 1307 majorem
3230 1240 3476 1296 ﬁduciam
3504 1245 3685 1314 capie-

2094 1322 2258 1388 bant,
2310 1324 2531 1393 illosque
2570 1326 2622 1379 in
2668 1328 2923 1395 majorem
2969 1335 3264 1400 angustiam
3307 1334 3682 1403 conjicicbant.

2094 1412 2226 1467 Nam
2253 1415 2341 1484 qui
2369 1416 2704 1472 adamantem
2733 1422 2979 1488 percutit,
3004 1424 3117 1491 ipse
3139 1434 3219 1479 est
3239 1426 3329 1495 qui
3355 1428 3682 1496 percutitur;

2096 1517 2150 1562 et
2170 1510 2257 1578 qui
2281 1519 2462 1564 contra
2486 1512 2755 1567 stimulum
2776 1514 3039 1582 calcitrat,
3065 1517 3177 1586 ipse
3197 1529 3277 1572 est
3298 1521 3386 1589 qui
3407 1523 3683 1591 .pungitur,

2096 1611 2149 1657 et
2176 1604 2354 1671 gravia
2386 1606 2579 1674 accipit
2602 1608 2856 1672 vulnera;
2883 1618 2935 1663 et
2961 1609 3050 1678 qui
3074 1611 3270 1665 virtute
3296 1614 3532 1681 prmditis
3558 1616 3686 1670 insi-

2096 1692 2272 1748 diatur
2294 1737 2309 1760 ,
2344 1697 2456 1765 ipse
2481 1706 2562 1751 est
2591 1699 2678 1767 qui
2709 1699 3057 1768 periclitatur.
3093 1701 3287 1757 Malitia
3317 1704 3511 1775 quippe
3539 1716 3687 1762 tanto

2096 1786 2360 1841 infirmior
2378 1788 2621 1854 efficitur,
2645 1801 2840 1860 quanto
2860 1794 3027 1863 magis
3048 1804 3229 1849 contra
3246 1797 3492 1852 virtutem
3514 1801 3682 1855 aciem

2096 1879 2330 1935 instruit.
2378 1881 2456 1935 Ac
2481 1883 2927 1951 quemadmodum
2955 1887 3045 1956 qui
3077 1886 3250 1956 ignem
3282 1890 3407 1958 ligat
3446 1891 3495 1944 in
3526 1894 3686 1945 vcsti-

2098 1983 2281 2027 mento
2306 2014 2318 2037 ,
2363 1972 2627 2027 flammam
2668 1975 2881 2045 quidem
2913 1993 3017 2031 non
3050 1981 3377 2050 exstinguit,
3407 1982 3498 2036 sed
3530 1985 3690 2038 vesti-

2098 2073 2334 2118 mentum
2379 2066 2794 2122 consumit:sic
2832 2070 2920 2138 qui
2967 2069 3162 2124 virtute
3207 2072 3458 2141 prmditos
3503 2074 3687 2140 lat-dit,

2098 2157 2321 2222 detinet,
2356 2158 2511 2227 ligat;
2543 2158 2664 2214 illos
2689 2160 2899 2230 quidem
2927 2163 3316 2231 splendidiores
3343 2166 3503 2221 efficit
3525 2211 3539 2235 ,
3570 2183 3690 2223 sese

2100 2264 2228 2303 vero
2270 2251 2463 2318 perdit.
2518 2252 2725 2306 Etenim
2757 2264 2955 2322 quanto
2989 2257 3231 2326 graviora
3264 2274 3449 2328 passus
3489 2260 3687 2328 fueris,

2100 2340 2223 2394 dum
2255 2343 2421 2410 probe
2449 2343 2607 2396 vitam
2639 2345 2820 2410 ducis,
2853 2356 2998 2401 tanto
3027 2346 3213 2403 fortior
3242 2352 3460 2406 cvadis:
3492 2362 3691 2422 quanto

2102 2434 2269 2503 magis
2297 2436 2436 2487 enim
2471 2434 2860 2503 philosophiam
2891 2438 3128 2493 colemus
3150 2482 3164 2505 ,
3197 2450 3343 2495 lauto
3374 2445 3541 2512 magis
3567 2445 3693 2498 nul.-

2100 2526 2202 2580 lius
2232 2527 2538 2596 egebimus;
2567 2537 2620 2583 et
2639 2539 2837 2599 quanto
2866 2533 3031 2602 magis
3056 2533 3203 2587 nullo
3227 2536 3521 2603 egebimus,
3546 2547 3692 2592 tanto

2100 2616 2349 2673 fortiores
2386 2621 2584 2674 erimus
2606 2662 2621 2686 ,
2661 2630 2715 2675 ct
2750 2623 2998 2678 omnibus
3027 2625 3348 2693 superiores.
3401 2628 3542 2682 'l'alis
3578 2640 3693 2684 erat

2101 2709 2355 2765 Joannes.
2391 2713 2748 2779 Quamobrem
2780 2731 2936 2771 nemo
2979 2717 3052 2771 illi
3096 2720 3392 2774 molestiam
3434 2724 3690 2789 creabat,

2103 2802 2194 2856 ille
2217 2812 2394 2858 autem
2419 2806 2675 2861 molestus
2697 2818 2811 2861 erat
2838 2808 3068 2874 llerodi;
3096 2821 3149 2865 et
3173 2813 3261 2882 qui
3290 2813 3421 2867 nihil
3447 2816 3692 2880 habebat,

2103 2895 2361 2950 adversus
2388 2907 2695 2967 regnantem
2728 2900 3049 2968 insurrcxit;
3091 2904 3178 2973 qui
3207 2904 3506 2961 diademate
3526 2950 3540 2972 ,
3573 2923 3696 2977 pur-

2104 3003 2235 3060 pura
2254 3032 2268 3056 ,
2295 2990 2568 3062 multoque
2597 3002 2786 3046 ornatu
2817 2993 3043 3064 fulgens,
3072 2997 3317 3050 omnibus
3346 2998 3599 3052 nudatum
3634 3003 3698 3055 ti-

2104 3082 2290 3139 mebat
2328 3080 2753 3154 formidabatque
2774 3125 2788 3150 ,
2822 3102 2995 3156 neque
3020 3087 3168 3142 illum
3201 3090 3372 3159 capite
3400 3100 3696 3146 truncatum

2107 3180 2318 3245 poterat
2361 3176 2477 3230 sine
2519 3186 2662 3231 metu
2691 3178 2978 3245 respicere.
3028 3179 3178 3246 Quod
3217 3181 3358 3235 enim
3390 3183 3548 3236 ctiam
3583 3194 3699 3254 post

2106 3277 2335 3322 mortem
2367 3282 2471 3322 non
2514 3283 2680 3338 parvo
2722 3269 2912 3324 timore
2949 3270 3171 3327 all‘ectus
3200 3282 3384 3337 esset,
3414 3275 3535 3329 andi
3575 3276 3698 3345 quid

2108 3359 2250 3414 dicat
2277 3378 2289 3412 :
2321 3359 2422 3413 Hic
2449 3370 2519 3413 est
2546 3361 2771 3416 Joannes
2793 3404 2806 3425 ,
2838 3378 2984 3428 quem
3015 3366 3176 3418 occidi
3203 3382 3294 3434 ego
3319 3366 3339 3438 (
3363 3366 3484 3420 Luc.
3514 3368 3567 3423 9.
3598 3369 3631 3424 9
3650 3370 3696 3441 ).

2108 3449 2240 3504 illud
2264 3460 2438 3505 autem
2466 3493 2480 3518 ,
2512 3451 2690 3505 Occidi
2712 3494 2727 3519 ,
2760 3470 2864 3507 non
2891 3463 2973 3508 est
3001 3469 3101 3508 vox
3128 3471 3247 3511 sese
3271 3456 3537 3514 offerentis
3562 3502 3576 3526 ,
3605 3464 3697 3516 sed

2108 3552 2310 3597 metum
2336 3558 2491 3597 suum
2525 3544 2764 3607 solantis,
2799 3554 2851 3600 ct
2882 3547 3090 3601 turbato
3119 3552 3296 3603 animo
3323 3553 3611 3620 suadentis,
3646 3567 3702 3609 ut

2110 3637 2482 3697 recordaretur
2509 3637 2775 3692 homicidii
2807 3640 2858 3694 in
2902 3641 3047 3694 illum
3083 3646 3389 3711 perpetrati.
3421 3646 3589 3701 Tanta
3620 3658 3703 3703 est

2110 3729 2323 3783 virtutis
2347 3728 2620 3797 fortitudo,
2653 3740 2708 3785 ut
2732 3733 2890 3787 etiam
2915 3744 3033 3803 post
3062 3746 3286 3790 mortem
3311 3738 3609 3793 viventibus
3636 3743 3706 3795 sit

2112 3821 2399 3888 potentior.
2453 3822 2681 3893 [deoque
2716 3823 2782 3878 ad
2817 3840 2936 3879 eum
2969 3825 3094 3879 dmn
3126 3829 3364 3892 viveret,
3406 3832 3491 3899 qui
3526 3833 3703 3886 multis

2113 3923 2267 3968 erant
2306 3915 2544 3983 pecuniis
2575 3917 2851 3982 instructi,
2890 3918 3204 3973 accedentes
3242 3920 3490 3975 dicebant
3519 3941 3533 3976 :
3568 3924 3703 3991 Quid

2114 4008 2356 4091 faciemus
2383 4008 2533 4080 (Luc.
2560 4011 2613 4064 5.
2638 4009 2761 4080 1Ο)ἳ
2789 4011 2887 4065 Τοι
2918 4010 3123 4066 habetis
3143 4055 3157 4077 ,
3185 4023 3239 4067 et
3265 4014 3332 4067 ab
3361 4030 3426 4069 eo
3453 4016 3542 4085 qui
3572 4017 3701 4071 nihil

2114 4100 2275 4155 habet
2304 4102 2466 4156 vultis
2505 4101 2743 4157 ediscere
2771 4102 2906 4157 viam
2950 4115 3139 4161 vestrae
3177 4106 3489 4162 felicitatis?
3518 4127 3546 4163 a
3581 4127 3708 4179 pau-

2114 4206 2243 4263 pere
2272 4193 2501 4247 divites?
2549 4193 2616 4247 ab
2645 4209 2710 4248 eo
2733 4236 2749 4257 ,
2797 4195 2887 4265 qui
2925 4213 2991 4249 ne
3020 4196 3233 4253 domum
3265 4199 3477 4269 quidem
3507 4202 3704 4269 habet,

2115 4284 2350 4340 milites?
2397 4284 2541 4338 Talis
2568 4300 2777 4356 quoque
2803 4296 2919 4341 erat
2958 4287 3135 4342 llclias
3165 4306 3177 4340 :
3209 4290 3554 4358 quamobrem
3585 4307 3707 4348 cum

2117 4377 2304 4431 eadem
2352 4376 2597 4432 libertate
2643 4393 2707 4432 ac
2755 4378 2943 4432 fiducia
2993 4380 3186 4450 popqu
3236 4382 3567 4452 loquebatur.
3616 4384 3712 4441 ille

2118 4484 2350 4538 namque
2375 4468 2604 4534 dicebat,
2640 4468 2909 4523 Genintina
2933 4471 3218 4539 viperarum
3247 4472 3265 4542 (
3288 4472 3475 4527 Matth.
3509 4476 3558 4529 5.
3594 4478 3625 4529 ’ῖ
3653 4479 3668 4543 )
3696 4498 3709 4542 ;

2120 4561 2207 4615 hic
2238 4577 2364 4616 vero
2386 4603 2400 4625 ,
2450 4560 2717 4633 Usquequo
2746 4564 3044 4618 claudicatis
3080 4573 3291 4634 utroque
3318 4567 3507 4635 poplite
3550 4578 3710 4622 vestro

2121 4651 2197 4724 (5.
2229 4651 2355 4723 Reg.
2382 4654 2468 4708 18.
2493 4652 2621 4725 ﬁt)?
2649 4654 2743 4709 llic
2768 4655 2895 4710 item
2920 4654 3148 4720 dicebat,
3182 4656 3442 4719 Occidisti,
3471 4666 3516 4709 et
3540 4673 3712 4725 posse-

2121 4744 2240 4799 disti
2267 4747 2341 4816 (5.
2376 4745 2502 4818 Reg.
2534 4747 2621 4801 2|.
2655 4747 2778 4818 i9);
2811 4749 2900 4803 ille
2928 4763 3082 4812 vero,
3114 4746 3235 4801 Non
3268 4749 3379 4801 licet
3408 4750 3497 4802 tibi
3531 4750 3714 4806 habere

2122 4855 2330 4893 uxorem
2371 4838 2602 4910 Philippi
2634 4840 2809 4911 fratris
2845 4842 2917 4894 tui
2953 4842 2970 4910 (
2999 4840 3182 4893 Matth.
3216 4840 3299 4895 14.
3330 4842 3362 4895 4
3467 4843 3711 4899 Vidistin‘

2124 4931 2372 4998 petram?
2418 4933 2652 4986 vidistin‘
2696 4948 2911 4987 arenam
2956 4934 3221 5002 quomodo
3265 4933 3415 4992 facile
3460 4936 3711 4992 decidat?

2123 5022 2392 5091 quomodo
2417 5024 2803 5079 calamitatibus
2829 5026 3014 5092 cedat,
3044 5029 3311 5097 quomodo
3338 5031 3677 5085 subvertatur
3695 5072 3710 5094 ,

2123 5117 2221 5171 etsi
2265 5117 2405 5185 apud
2451 5133 2629 5187 regem
2655 5159 2669 5182 ,
2700 5119 2799 5174 etsi
2842 5119 2980 5188 apud
3030 5122 3284 5191 populum
3324 5123 3429 5189 sit,
3463 5124 3562 5178 etsi
3593 5140 3713 5179 cum

2126 5209 2396 5277 potentia?
2427 5210 2553 5264 lllos
2578 5211 2718 5265 enim
2747 5211 2834 5280 qui
2864 5225 2922 5264 se
2949 5212 3146 5267 ademit
3172 5216 3410 5269 omnium
3439 5216 3716 5271 stolidissi-

2125 5314 2243 5354 mos
2271 5300 2462 5355 reddit.
2508 5301 2691 5371 Neque
2721 5302 2892 5356 solum
2921 5303 3113 5359 decidit
3138 5346 3152 5370 ,
3186 5307 3278 5361 sed
3309 5316 3362 5361 et
3391 5323 3508 5362 cum
3550 5309 3713 5362 multa

2127 5393 2447 5447 calamitate.
2492 5393 2700 5448 Etenim
2728 5394 2818 5448 27.
2850 5394 3013 5449 Facta
3049 5409 3155 5460 est,
3200 5399 3401 5467 inquit,
3432 5399 3581 5453 ruina
3607 5401 3715 5469 ejus

2127 5503 2314 5557 magna
2338 5486 2502 5541 valde.
2549 5487 2732 5558 Neque
2757 5489 2896 5543 enim
2926 5490 2978 5545 in
3005 5507 3063 5545 re
3093 5490 3210 5544 vilis
3236 5490 3390 5560 pretii
3421 5493 3713 5559 periculum

2128 5589 2210 5633 est
2230 5620 2243 5644 ,
2275 5580 2370 5636 sed
2397 5580 2465 5635 de
2485 5581 2660 5635 anima
2689 5582 2862 5651 agitur
2880 5624 2895 5646 ,
2925 5582 2990 5637 de
3016 5582 3301 5637 amissione
3340 5583 3592 5638 extorum
3614 5624 3628 5648 ,
3660 5596 3711 5640 et

2127 5669 2389 5725 bonorum
2438 5670 2818 5727 immortalium
2861 5675 2901 5727 ³.
2929 5675 3043 5730 Imo
3084 5689 3212 5728 vero
3255 5673 3414 5730 etiam
3457 5684 3585 5730 ante
3626 5673 3712 5733 illa

2195 5850 2211 5879 ί
2249 5855 2375 5910 Mss,
2403 5861 2689 5901 coronarum
2710 5848 3071 5905 immortalium.
