4036 6426
397 369 508 424 ὅῖἿ

401 484 582 540 omnia
613 478 948 536 miseriorem
977 473 1059 525 hic
1093 471 1248 523 vitam
1280 469 1436 521 ducet
1466 465 1554 519 ille
1587 462 1799 516 malitia:
1825 468 1996 514 secta-

405 589 510 644 tor,
533 571 947 634 inmmroribus,
969 564 1196 622 assiduis
1215 561 1514 624 timoribus,
1532 554 1996 617 sollicitudinibus,

402 667 787 725 certaminibus
830 661 990 715 vitam
1032 671 1194 725 agens
1237 670 1249 706 :
1292 651 1435 724 quod
1480 651 1693 719 sapiens
1737 647 1997 718 quispiam

404 699 787 725 ιῑυινωηιιιιιυυιυ
838 699 990 715 τευ-ιιι
1032 699 1061 712 υι
1101 699 1194 711 νην
1237 699 1249 706 -
1293 699 1435 724 ‘1‘...—
1480 699 1691 719 ---r_.-___
1743 699 1880 718 Vl,,,r

404 761 748 818 subindicans
775 753 987 810 dicebat
1017 768 1028 802 :
1055 699 1218 820 iugit
1246 747 1453 817 impius,
1482 743 1680 798 nemine
1705 753 2002 810 persequen-

403 865 452 908 te
481 851 664 924 (Prov.
685 853 779 908 28.
815 847 905 916 ί).
939 841 1254 912 llnjusmodi
1285 838 1481 907 quippe
1511 833 1758 888 homines
1784 830 2002 884 umbras

401 948 673 1007 tretnunt,
705 939 908 994 amicos
937 943 1215 1003 suspectos
1246 930 1482 992 habent,
1522 926 1701 978 hostes
1728 965 1739 985 ,
1771 934 1954 975 servos
1980 959 1994 984 ,

407 1044 562 1089 notos
592 1033 692 1088 sibi
719 1071 730 1094 .
763 1031 969 1101 ignotos
993 1069 1006 1091 ,
1045 1036 1096 1080 et
1128 1033 1250 1078 ante
1279 1019 1597 1089 supplicium
1627 1016 1710 1068 hic
1737 1023 2002 1067 extremas

401 1125 532 1180 dant
582 1138 789 1194 poenas.
840 1121 965 1174 llaec
1010 1132 1168 1187 porro
1203 1113 1380 1168 omnia
1424 1110 1729 1179 significans
1755 1103 2002 1157 Christus

405 1216 618 1271 dicebat
647 1233 658 1268 :
693 1213 813 1266 Fuit
844 1211 993 1264 ruina
1033 1210 1169 1262 illius
1197 1221 1382 1271 magna
1420 1202 1566 1255 valde
1595 1215 1615 1254 :
1640 1204 2003 1251 consentaneo

412 1311 517 1364 fine
547 1309 660 1362 haec
684 1303 906 1378 pulchra
937 1309 1199 1372 praecepta
1231 1295 1501 1357 claudens,
1527 1301 1581 1346 et
1608 1290 1686 1344 vel
1716 1285 2002 1341 admodum

415 1399 704 1455 incredulis
729 1395 960 1451 suadens
988 1393 1148 1448 etiam
1176 1405 1241 1445 ex
1273 1386 1519 1458 praesenti
1549 1397 1723 1437 rerum
1753 1389 1916 1443 statu,
1948 1383 2006 1429 ut

1086 359 1140 412 S.
1181 352 1456 411 JO.\NNIS
1494 346 1962 405 CllltYSOSTOlll
2004 343 2324 400 ARCI‘IIEI’.
2365 343 2897 401 CONSTANTINOP.

3595 341 3694 396 323

2108 458 2310 529 fugiant
2340 457 2648 528 nequitiam.
2701 459 2924 515 Etiamsi
2951 460 3091 516 enim
3125 459 3296 531 major
3321 459 3390 513 sit
3415 455 3484 513 de
3512 456 3698 512 futuris

2105 563 2306 616 sermo,
2331 559 2566 606 attamen
2599 552 2685 606 hic
2710 553 2878 622 magis
2906 551 3129 608 idoneus
3154 566 3333 608 sermo
3350 559 3438 606 est
3458 549 3527 605 ad
3553 563 3699 606 cras-

2105 642 2278 696 siores
2305 641 2548 697 homines
2571 643 2900 699 cohibendos
2929 654 2984 699 et
3011 660 3040 699 a
3070 644 3305 715 nequitia
3334 641 3698 698 abducendus.

2108 733 2337 804 Ideoque
2367 734 2456 789 tali
2489 736 2594 789 line
2620 751 2800 790 sermo
2825 737 3036 793 clausus
3061 745 3180 802 est,
3209 745 3266 791 ut
3292 737 3459 791 menti
3491 734 3703 790 heren-

2108 833 2214 879 tem
2259 825 2384 880 hinc
2431 827 2711 882 utilitatem
2758 838 3062 898 carperent.
3127 829 3254 884 llaec
3303 829 3482 898 itaque
3525 829 3702 883 omnia

2106 919 2358 979 scientes,
2394 927 2501 973 tam
2532 922 2812 988 praesentia
2839 937 2999 991 quam
3027 922 3224 988 futura,
3255 921 3518 994 fugiamus
3549 922 3704 976 mali-

2109 1007 2237 1061 tiam
2262 1049 2278 1073 ,
2309 1009 2487 1063 virtuti
2519 1010 2830 1066 Studeamus
2852 1054 2866 1077 ,
2902 1028 2970 1069 ne
3011 1014 3203 1069 frustra
3239 1013 3544 1068 laboremus
3565 1055 3579 1078 ,
3612 1012 3706 1068 sed

2109 1108 2163 1153 et
2208 1099 2294 1152 hic
2325 1100 2612 1156 securitate
2651 1103 2888 1159 fruamur
2913 1146 2927 1169 ,
2969 1117 3022 1161 et
3067 1106 3172 1162 illic
3208 1106 3392 1177 gloria;
3428 1117 3704 1162 corisortes

2110 1190 2278 1244 simus
2313 1209 2323 1243 :
2353 1207 2513 1260 quam
2545 1195 2746 1249 utinam
2774 1211 2964 1252 omnes
2990 1213 3384 1269 consequamur
3408 1239 3424 1265 ,
3456 1200 3623 1269 gratia
3653 1208 3702 1254 ct

2111 1282 2442 1353 benignitate
2473 1285 2684 1342 Domini
2720 1290 2888 1344 nostri
2919 1289 3046 1346 .lesu
3075 1291 3310 1357 Christi,
3341 1295 3426 1346 cui
3456 1291 3628 1362 gloria
3653 1303 3706 1348 et

2117 1372 2402 1442 imperium
2442 1375 2492 1429 in
2525 1379 2717 1433 saecula
2747 1381 3085 1436 smculorum.
3121 1385 3310 1436 A-men.

405 1511 3695 1552 MM

1541 1595 1889 1661 HOMILIA
1935 1591 2146 1653 XXV.
2191 1593 2278 1655 al.
2325 1595 2563 1658 XXVI.

408 1760 538 1815 Car.
582 1761 634 1814 7.
680 1775 730 1811 ν.
770 1756 862 1811 28.
905 1755 972 1807 Et
1034 1757 1226 1824 factum
1278 1757 1388 1812 est,
1436 1762 1551 1799 cum
1610 1745 2004 1798 consummasset

479 1857 629 1910 Iesus
655 1865 908 1908 sermones
937 1849 1078 1915 istos,
1110 1844 1426 1898 mirabantur
1456 1839 1614 1894 turba:
1637 1852 1789 1907 super
1815 1833 2004 1889 doctri-

478 1967 546 2004 na
573 1965 616 2004 ει
625 1965 706 2001 118.

481 1967 546 2004 na
573 1967 600 2003 e
625 1967 706 2001 us.

481 2043 531 2096 I.
575 1967 733 2094 écrtc
759 2046 1095 2104 consequens
1121 2040 1237 2086 erat
1259 2071 1276 2099 ,
1307 2037 1366 2084 ut
1393 2026 1461 2082 de
1490 2037 1722 2081 oneroso
1758 2031 2007 2077 sermone

413 2134 660 2188 dolerent
685 2173 698 2196 ,
756 2135 1135 2199 torpcrcntque
1173 2124 1242 2179 ob
1281 2128 1666 2194 praeceptorum
1705 2113 2005 2170 sublimita-

414 2239 521 2281 tem
547 2243 560 2290 ;
597 2224 708 2295 jam
738 2237 868 2277 vero
897 2229 1038 2274 tanta
1069 2225 1183 2273 erat
1209 2214 1449 2270 docentis
1480 2212 1648 2266 virtus
1669 2249 1682 2265 .
1725 2215 1782 2262 ut
1809 2205 2007 2260 multos

410 2331 600 2373 eorum
622 2322 857 2382 caperet,
882 2321 1041 2382 atque
1065 2311 1116 2363 in
1139 2305 1546 2362 admirationem
1576 2301 1842 2372 ingentem
1865 2295 2009 2350 abri-

411 2419 596 2482 peret,
632 2407 988 2476 suadentque
1036 2409 1254 2473 prOpter
1294 2398 1622 2466 voluptatem
1654 2409 1716 2448 ex
1758 2405 2008 2482 sermone

410 2481 616 2573 partam
642 2541 658 2566 ,
688 2509 743 2554 ut
779 2513 845 2552 ne
869 2539 883 2562 ,
915 2504 1198 2566 postquam
1228 2491 1387 2546 linem
1415 2486 1629 2544 dicendi
1673 2485 1909 2548 fecerat,
1940 2481 2006 2535 ab

411 2594 506 2649 illo
527 2591 884 2648 discederent.
911 2588 1094 2657 Neque
1113 2585 1255 2640 enim
1277 2597 1399 2638 cum
1420 2597 1482 2634 ex
1507 2590 1688 2634 monte
1710 2573 2006 2637 descendit,

413 2683 686 2739 auditores
710 2681 1075 2743 abcesserunt,
1099 2677 1192 2731 sed
1221 2683 1389 2729 totum
1411 2671 1712 2726 auditorum
1742 2669 2008 2722 theatrum

411 2783 694 2844 sequutum
738 2778 865 2826 est:
900 2776 1101 2823 tantum
1151 2765 1255 2819 illis
1297 2762 1562 2818 indiderat
1599 2760 1856 2814 doctrinae
1899 2771 2010 2810 suae

413 2882 672 2922 amorem.
708 2862 1120 2920 Admirabantur
1146 2867 1326 2914 autem
1356 2854 1586 2910 maxime
1610 2853 1751 2907 illius
1778 2859 2011 2920 potesta-

414 2972 541 3017 tem.
567 2959 682 3014 Non
710 2959 855 3013 enim
879 2956 945 3010 ad
971 2955 1132 3009 alium
1158 2952 1296 3006 dicta
1324 2948 1563 3005 referens
1591 2943 1925 3019 loquebatur.
1955 2949 2013 2998 ut

419 3050 696 3121 propheta:
711 3060 764 3104 et
775 3048 1089 3119 Moyses(a),
1104 3047 1195 3101 sed
1212 3045 1411 3113 ubique
1426 3042 1746 3097 ostendebat
1760 3041 2003 3111 seipsum

423 3158 544 3197 esse
570 3142 664 3212 qui
698 3141 1072 3196 auctoritatem
1094 3137 1338 3191 haberet.
1376 3134 1509 3189 Nam
1527 3150 1650 3189 cum
1686 3134 1832 3204 leges
1865 3148 2007 3203 saepe

420 3230 1145 3304 pronuntiaret,a.ljieiebat,
1163 3228 1274 3298 Ego
1293 3238 1467 3281 autent
1484 3227 1601 3280 dico
1618 3224 1758 3280 vobis
1779 3233 1864 3280 :et
1879 3239 2002 3278 cum

423 3325 566 3379 diem
588 3324 732 3378 illam
753 3321 1482 3391 commemoraret,seipsum
1511 3315 2008 3387 monstrabatjudi-

417 3430 562 3480 cem,
581 3423 636 3469 et
651 3430 744 3484 per
768 3413 1030 3482 supplicia
1051 3423 1103 3467 et
1123 3428 1218 3481 per
1231 3411 1475 3480 prmmia.
1498 3408 1656 3477 Atqui
1673 3407 2008 3461 hincconse-

413 3522 584 3577 quens
624 3505 907 3564 videbatur
948 3520 1107 3570 esse,
1149 3511 1210 3558 ut
1254 3501 1328 3556 illi
1377 3499 1740 3555 turbarentur.
1785 3497 1917 3551 Nam
1966 3494 2009 3547 si

412 3598 624 3668 scribat,
657 3601 744 3669 qui
774 3599 1018 3653 viderant
1045 3595 1192 3649 illum
1223 3608 1318 3664 per
1346 3607 1507 3662 opera
1540 3589 1825 3661 potentiam
1858 3601 2009 3641 suam

415 3692 700 3746 osmuderc
719 3733 732 3755 ,
762 3687 1025 3759 lapidibus
1055 3701 1175 3740 eum
1201 3684 1544 3753 impetierunt
1568 3688 1622 3734 et
1648 3681 1966 3748 expulerunt
1995 3694 2008 3729 τ

415 3782 686 3855 quomodo
716 3781 805 3836 ubi
834 3779 995 3834 verba
1024 3785 1225 3832 tantum
1255 3783 1407 3830 erant
1431 3815 1447 3839 ,
1479 3787 1595 3842 qua:
1624 3772 1765 3824 illam
1794 3767 2011 3824 exhibe-

417 3885 570 3941 rent,
604 3889 710 3929 non
735 3870 1030 3928 verisimile
1064 3878 1179 3924 erat
1214 3867 1330 3922 hinc
1358 3867 1462 3920 illis
1491 3862 1812 3919 offcndiculo
1854 3861 1966 3916 fore
1991 3901 2008 3928 ,

415 3983 534 4022 cum
565 3965 796 4033 maxime
839 3963 956 4018 haec
987 3962 1038 4016 in
1070 3959 1293 4015 exordio
1317 3959 1622 4014 dicerentur
1646 3999 1660 4022 ,
1705 3955 2008 4025 priusquam

415 4062 504 4115 ille
551 4060 802 4130 potentia:
841 4072 954 4113 suae
1000 4056 1424 4126 experimentum
1454 4051 1729 4106 dedisset?
1759 4050 2008 4102 Attamen

413 4155 544 4210 nihil
568 4155 754 4208 horum
779 4151 1116 4224 patiebantur
1143 4165 1158 4204 :
1180 4147 1393 4220 quando
1414 4147 1556 4202 enim
1577 4146 1788 4199 animus
1812 4142 2008 4213 probus

411 4257 466 4302 et
517 4248 650 4317 frugi
679 4255 799 4311 est,
849 4245 1090 4300 veritatis
1143 4241 1399 4298 doctrina:
1448 4240 1603 4294 facile
1651 4239 2004 4308 obtemperat.

411 4340 746 4407 Quapropter
779 4337 848 4390 illi
882 4334 1120 4405 quidem,
1150 4332 1358 4386 etiamsi
1387 4330 1502 4400 ejus
1532 4331 1824 4401 potentiam
1856 4331 2005 4400 signa

411 4430 766 4499 praedicarent
785 4467 800 4492 ,
832 4425 1272 4490 offendebantur;
1306 4423 1362 4477 hi
1391 4438 1518 4479 vero
1542 4435 1844 4478 sermonem
1885 4429 2004 4478 tan-

408 4530 520 4574 tum
550 4517 829 4573 audientes
853 4558 869 4584 ,
898 4516 1339 4586 obtemperabant
1369 4524 1423 4569 et
1460 4514 1842 4585 sequebantur.
1893 4514 2004 4570 lloc

406 4614 548 4668 enim
591 4611 936 4666 subindicans
972 4609 1298 4680 evangelista
1336 4607 1582 4673 dicebat,
1622 4607 1864 4678 Sequuta:
1887 4618 2004 4664 sunt

407 4723 520 4760 eunt
548 4704 709 4758 turba:
739 4704 913 4758 nmlta:
936 4745 952 4768 ,
985 4718 1089 4756 non
1117 4702 1276 4772 aliqui
1300 4717 1365 4756 ex
1397 4701 1695 4772 principum
1722 4709 1774 4756 ct
1796 4702 2002 4756 scriba-

403 4815 524 4854 rum
563 4813 789 4854 nnmero
811 4841 826 4865 ,
871 4798 968 4854 sed
1011 4807 1273 4868 quotquot
1301 4813 1329 4852 a
1360 4797 1592 4868 nequitia
1625 4797 1776 4852 liberi
1806 4806 1958 4852 erant
1982 4838 2000 4864 ,

404 4891 720 4960 sinceroque
748 4893 948 4945 animo.
994 4889 1096 4944 I’er
1128 4898 1289 4943 totum
1326 4899 1506 4944 autem
1537 4888 1870 4959 evangelium
1902 4889 2002 4944 hos

402 4981 556 5039 vides
596 4981 694 5050 ipsi
723 4981 1010 5035 haerentes.
1056 4980 1190 5035 Nam
1229 4995 1350 5036 cum
1393 4980 1736 5050 loqueretur,
1779 4979 2004 5035 silentes

401 5073 726 5137 audiebant,
773 5087 879 5126 non
925 5073 1410 5142 interrumpentes,
1457 5087 1564 5127 non
1596 5071 2004 5141 interpellantes

399 5164 733 5233 loquentem,
762 5177 869 5218 non
896 5171 1187 5231 tentantes,
1213 5180 1311 5220 nec
1336 5165 1674 5219 occasionem
1698 5172 1997 5232 captantes,

407 5257 852 5329 quemadmodum
895 5255 1150 5313 Pharisan
1190 5275 1203 5312 :
1237 5268 1357 5328 post
1399 5257 1630 5321 habitam
1671 5271 1832 5327 porro
1870 5271 2000 5312 con-

423 5547 966 5626 Llulguodhtcdieit
999 5551 1066 5626 de
1087 5552 1294 5626 _§h.risto
1313 5568 1427 5626 cum
1452 5565 1706 5626 potestate
1743 5562 2004 5626 loquente,

414 5613 850 5685 jamJantemeque
870 5613 1027 5661 semel
1068 5613 1325 5685 d_ixit,_'ubi
1346 5613 1496 5685 etiam
1516 5619 1586 5671 ait
1598 5624 1743 5685 illum
1766 5613 2006 5685 quemadl

421 5668 620 5755 εξξςέξιξω
641 5668 1160 5755 assererem“-
1176 5668 1293 5755 re
1319 5683 1406 5755 se"
1443 5668 2002 5755 de'ééi’béaip‘ddiiiie

421 5726 595 5800 fuisse.
642 5726 837 5800 i‘idesis
879 5733 1086 5794 primam
1137 5726 1507 5790 adnotationem
1536 5726 2003 5800 iﬁr-id'crivci-liiEl-d

422 5789 479 5836 ad
501 5791 629 5839 hanc
648 5789 902 5842 ιι(ιωίιίεὼ
930 5809 1042 5845 xxv.

2111 1735 2319 1794 cionem
2349 1740 2720 1798 admirabundi
2749 1745 3128 1816 sequebantur.
3157 1747 3238 1803 Tu
3267 1759 3394 1804 vero
3422 1748 3551 1802 mihi
3581 1763 3705 1803 con-

2110 1829 2316 1886 sideres
2360 1832 2517 1887 velim
2564 1833 2770 1889 Domini
2812 1837 3148 1906 prudentiam
3173 1880 3188 1903 ,
3231 1839 3502 1910 quomodo
3537 1841 3706 1895 variet

2111 1922 2178 1976 ad
2221 1923 2549 1979 audientium
2596 1925 2878 1981 utilitatem
2903 1969 2918 1993 ,
2948 1929 3218 1998 quomodo
3257 1944 3287 1985 a
3329 1931 3599 1986 miraculis
3641 1931 3704 1984 ad

2114 2015 2310 2081 verba,
2343 2025 2397 2069 et
2440 2031 2562 2071 mox
2593 2032 2624 2071 a
2653 2018 2831 2074 verbis
2869 2019 2935 2074 ad
2979 2021 3232 2076 miracula
3273 2030 3529 2077 transeat.
3579 2022 3706 2076 Nam

2116 2108 2424 2179 priusquam
2451 2110 2517 2166 ad
2549 2119 2785 2167 montem
2813 2112 3147 2180 ascenderet,
3178 2115 3374 2169 multos
3398 2115 3623 2177 curavit,
3655 2125 3705 2169 ut

2115 2199 2179 2254 iis
2229 2214 2350 2270 qua:
2395 2199 2620 2256 dicenda
2667 2212 2822 2257 erant
2856 2203 2996 2257 viam
3042 2215 3272 2272 pararet.
3320 2205 3388 2258 Et
3430 2215 3706 2275 postquam

2113 2290 2249 2346 hanc
2279 2292 2488 2363 longam
2519 2296 2868 2362 quaestionem
2896 2295 3218 2362 absolverat,
3246 2310 3433 2350 rursus
3457 2295 3524 2350 ad
3554 2297 3708 2350 mira-

2113 2382 2230 2436 cula
2263 2385 2445 2449 venit,
2497 2383 2649 2438 factis
2692 2383 2832 2439 dicta
2869 2385 3214 2440 confirmans.
3261 2386 3392 2454 Quia
3435 2388 3579 2442 enim
3618 2387 3707 2444 29.

2115 2476 2393 2547 Tamquam
2423 2488 2717 2548 potestatem
2745 2479 2932 2535 habens
2960 2482 3221 2548 docebat,
3251 2498 3318 2538 ne
3358 2482 3450 2539 hic
3487 2483 3710 2540 docendi

2115 2569 2305 2625 modus
2336 2569 2530 2626 fastum
2579 2582 2792 2643 saperet
2831 2583 2922 2628 aut
2959 2577 3370 2632 ostentationem
3397 2619 3412 2642 .
3459 2580 3709 2648 operibus

2113 2662 2346 2732 idipsum
2376 2664 2518 2725 facit,
2542 2674 2594 2720 et
2622 2674 2889 2736 tamquam
2917 2675 3235 2736 potestatem
3262 2667 3463 2725 habens
3491 2663 3705 2725 morbos

2113 2763 2300 2820 curat,
2334 2762 2392 2808 ut
2439 2770 2507 2810 ne
2553 2756 2689 2810 ultra
2733 2756 3085 2816 turbarentur
3133 2759 3305 2831 ipsum
3352 2760 3598 2818 videntes
3637 2764 3707 2818 ita

2114 2844 2417 2911 docentem,
2449 2863 2570 2902 cum
2599 2847 2858 2907 miracula
2894 2853 2972 2907 sic
3001 2853 3203 2909 ederet.
3234 2854 3402 2925 (Cap.
3444 2853 3583 2909 VIII
3606 2857 3627 2928 )
3657 2857 3708 2922 1.

2115 2935 2240 2994 Cum
2280 2939 2614 2998 descendisset
2659 2943 2801 2997 enim
2847 2944 2911 2998 de
2939 2954 3142 3012 monte,
3182 2955 3406 3017 sequuti:
3443 2957 3559 3001 sunt
3601 2963 3708 3001 eam

2116 3034 2276 3087 turba:
2303 3035 2492 3089 multa.
2520 3035 2574 3090 2.
2605 3034 2675 3088 Et
2701 3037 2908 3091 accessit
2937 3036 3166 3106 leprosus
3201 3038 3376 3092 dicens
3402 3055 3423 3093 :
3449 3037 3666 3094 Domine
3689 3079 3707 3102 ,

2113 3127 2159 3180 si
2201 3129 2308 3193 vis,
2349 3138 2492 3198 potes
2528 3143 2608 3182 me
2649 3127 2914 3182 mundare.
2966 3127 3149 3200 Magna
3183 3129 3462 3199 prudentia
3489 3140 3544 3186 et
3579 3130 3710 3186 fides

2116 3219 2440 3276 accedentis.
2470 3219 2653 3290 Neque
2687 3219 2830 3274 enim
2871 3219 3168 3275 doctrinam
3201 3220 3588 3291 interpellavit,
3618 3235 3701 3277 ne-

2114 3329 2220 3384 que
2247 3313 2548 3369 auditorum
2581 3314 2844 3367 theatrum
2873 3313 3076 3380 secuit,
3109 3312 3204 3368 sed
3229 3323 3594 3384 opportunum
3622 3329 3710 3368 esp

2114 3407 2375 3476 spectavit
2403 3415 2628 3477 tempus,
2659 3415 2718 3462 et
2746 3405 2836 3461 ubi
2865 3405 3115 3462 Christus
3143 3405 3513 3462 descendisset
3536 3419 3709 3461 acces-

2115 3499 2202 3553 sit.
2229 3497 2340 3552 Nec
2367 3497 2746 3568 perfunctorie,
2779 3497 2873 3552 sed
2905 3497 3072 3552 multo
3097 3512 3217 3552 cum
3249 3497 3478 3561 fervore,
3506 3512 3564 3553 et
3589 3508 3710 3575 ante

2113 3604 2284 3660 genua
2332 3590 2449 3658 ejus
2494 3589 2593 3659 ipsi
2640 3588 2932 3659 supplicat,
2978 3596 3036 3643 ut
3080 3589 3158 3642 ait
3205 3588 3344 3644 alter
3388 3593 3711 3659 evangerista

2115 3681 2306 3752 (Marc.
2328 3682 2379 3736 I.
2399 3678 2512 3752 40),
2535 3695 2597 3735 ac
2620 3697 2740 3736 cum
2769 3681 2976 3736 sincera
3001 3680 3127 3743 fide,
3157 3689 3213 3736 et
3235 3682 3544 3750 congruenti
3571 3682 3708 3736 circa

2115 3773 2262 3827 illum
2291 3773 2564 3843 opinione.
2591 3773 2772 3844 Neque
2798 3775 2939 3828 enim
2965 3771 3130 3838 dixit,
3161 3772 3208 3828 si
3254 3773 3420 3828 Deum
3467 3783 3708 3844 precatus

2113 3862 2302 3930 fueris,
2321 3877 2510 3932 neque,
2538 3860 2594 3917 Si
2615 3858 2883 3928 oraveris;
2902 3861 3017 3928 sed,
3037 3860 3098 3916 Si
3113 3863 3210 3930 vis,
3233 3871 3372 3932 potes
3394 3879 3472 3916 me
3497 3864 3702 3917 munda-

2112 3971 2187 4010 re.
2221 3954 2404 4024 Neque
2431 3952 2594 4020 dixit,
2627 3953 2869 4019 Domine,
2901 3953 3096 4008 munda
3121 3969 3240 4020 me;
3268 3955 3362 4010 sed
3390 3954 3490 4025 ipsi
3519 3963 3706 4009 cuncta

2113 4047 2442 4114 committit,
2503 4054 2661 4116 atque
2702 4045 2923 4100 curandi
2974 4047 3250 4101 dominum
3295 4047 3443 4102 illum
3489 4062 3610 4102 esse
3654 4056 3706 4102 et

2114 4147 2431 4209 potestatem
2477 4137 2593 4208 ejus
2631 4152 2891 4192 summam
2939 4138 3275 4194 testificatur.
3324 4137 3461 4204 Quid
3506 4138 3703 4209 igitur,

2111 4230 2318 4300 inquies
2343 4269 2359 4294 ,
2392 4229 2436 4282 si
2473 4227 2602 4282 falsa
2632 4237 2748 4282 erat
2777 4227 2974 4296 leprosi
3002 4227 3226 4296 opinio?
3253 4227 3400 4283 Illam
3429 4227 3706 4283 confutare

2109 4322 2365 4392 oportuit,
2392 4322 2671 4391 ipsumque
2693 4321 2971 4392 increpare
2996 4337 3058 4377 ac
3076 4323 3366 4393 corrigere.
3387 4322 3524 4377 Num
3548 4325 3706 4393 igitur

2109 4413 2238 4468 illud
2282 4412 2444 4468 fecit?
2489 4411 2835 4484 Nequaquam
2875 4432 2886 4467 :
2930 4414 3039 4468 imo
3079 4413 3279 4469 dictum
3327 4416 3608 4470 continuat
3651 4426 3704 4470 et

2107 4506 2343 4562 roborat.
2373 4505 2602 4576 Ideoque
2632 4522 2736 4562 non
2767 4506 2936 4572 dixit,
2969 4507 3247 4575 Mnndare,
3281 4507 3376 4564 sed
3400 4550 3415 4575 ,
3447 4511 3498 4563 3.
3552 4507 3702 4576 Volo,

2106 4599 2392 4664 mundare;
2421 4607 2480 4652 ut
2509 4614 2614 4653 non
2645 4598 2790 4652 illius
2817 4599 3105 4669 opinione,
3138 4599 3232 4654 sed
3262 4599 3458 4654 Christi
3487 4609 3703 4654 sentcn-

2108 4691 2178 4744 tia
2206 4691 2399 4761 dogma
2428 4689 2749 4747 firmaretur.
2779 4692 2849 4746 At
2879 4706 2981 4746 non
3025 4691 3104 4746 sic
3143 4692 3372 4762 apostoli
3406 4710 3418 4746 :
3448 4693 3541 4746 sed
3567 4709 3701 4761 quo-

2104 4784 2307 4838 modo?
2350 4783 2484 4850 Quia
2529 4784 2754 4854 populus
2797 4793 2938 4839 totus
2976 4783 3258 4853 stupebat,
3290 4783 3541 4839 dicebant
3578 4783 3696 4836 illi:

2108 4877 2245 4944 Quid
2272 4877 2412 4931 nobis
2437 4877 2724 4941 attenditis,
2749 4877 2895 4947 quasi
2920 4876 3128 4947 prapria
3157 4878 3334 4930 virtute
3353 4878 3428 4931 vel
3454 4887 3703 4946 potestate

2103 4969 2369 5037 fecerimus
2400 4969 2534 5022 hunc
2559 4968 2820 5022 ambulare
2849 4968 2985 5038 (Act.
3017 4968 3070 5021 5.
3103 4966 3233 5037 19.)ἳ
3264 4967 3520 5022 Dominus
3543 4983 3692 5032 vam,

2101 5062 2203 5116 etsi
2252 5062 2416 5115 multa
2462 5061 2706 5115 modeste
2748 5075 2892 5129 smpe
2929 5059 3176 5126 dixerat,
3207 5075 3326 5130 qua:
3362 5059 3542 5130 gloriae
3581 5074 3692 5114 suae

2101 5155 2366 5210 inferiora
2407 5165 2616 5219 essent,
2655 5155 2786 5226 quid
2823 5155 3066 5210 dicithic
3082 5164 3141 5210 ut
3175 5153 3524 5210 confirmaret
3561 5151 3685 5221 opi»

2102 5249 2322 5301 nienem
2370 5262 2560 5300 eorum
2595 5247 2689 5316 qui
2731 5247 2798 5301 de
2835 5255 3105 5316 potestate
3135 5246 3308 5316 ipsius
3350 5243 3685 5313 stupebant?

2111 5335 2257 5403 Volo,
2286 5336 2555 5392 mundare.
2585 5334 2697 5390 Etsi
2727 5350 2848 5390 cum
2877 5344 2953 5389 tot
2980 5343 3230 5405 tantaque
3255 5337 3404 5406 signa
3432 5335 3648 5392 fecisset
3673 5379 3688 5404 ,

2098 5445 2391 5501 numquam
2416 5429 2496 5485 sic
2521 5429 2768 5499 loquutus
2798 5428 2962 5485 fuisse
2984 5428 3244 5484 videatur.

2167 5521 2222 5576 2.
2252 5521 2350 5576 llic
2388 5534 2554 5584 vero,
2588 5527 2724 5575 utet
2750 5520 2929 5590 populi
2973 5529 3028 5575 et
3077 5519 3276 5590 leprosi
3320 5519 3388 5574 de
3423 5528 3692 5588 potestate

2097 5627 2196 5667 sua
2219 5612 2524 5681 opinionem
2556 5609 2812 5677 firmret,
2847 5611 2968 5666 ideo
3002 5612 3282 5680 pra’m-isit,
3319 5608 3468 5664 Volo.
3493 5609 3680 5673 Neque

2094 5705 2250 5770 dixit,
2279 5711 2338 5756 ut
2375 5715 2481 5756 non
2507 5701 2706 5756 faceret
2733 5717 2747 5766 ;
2777 5701 2870 5756 sed
2901 5703 3079 5756 statim
3113 5715 3246 5770 opus
3268 5708 3546 5768 sequutum
3561 5705 3668 5748 est.

2095 5796 2151 5853 Si
2168 5809 2295 5851 vero
2317 5793 2402 5850 ille
2433 5807 2539 5849 non
2568 5793 2704 5850 bene
2728 5793 2972 5860 dixisset,
3004 5793 3046 5847 si
3069 5785 3452 5861 blasphemiam
3476 5793 3671 5854 protu-
