4036 6438
384 476 489 536 519

382 595 556 658 lisset,
599 585 955 644 cohibendum
983 592 1098 637 erat
1127 595 1278 650 opus.
1323 577 1470 632 Nune
1497 586 1671 631 autem
1693 577 1840 646 jussa
1867 592 1962 630 na-

384 698 502 740 tura
549 681 711 738 cessit
737 695 856 734 cum
882 693 942 730 ea
989 690 1090 745 qua
1137 687 1234 742 par
1260 680 1375 725 erat
1400 670 1700 734 celeritate,
1731 670 1838 722 imo
1868 684 1972 720 ma-

375 777 520 848 jore,
545 789 704 845 quam
733 769 1050 839 evangelista
1073 762 1416 833 expresserit.
1439 759 1570 814 Nam
1597 759 1726 812 illud
1759 759 1968 822 Statim,

379 874 542 941 longe
571 867 771 922 tardius
797 875 877 917 est
903 903 918 928 ,
965 875 1122 930 quam
1164 857 1342 926 operis
1367 853 1612 908 celeritas
1645 850 1760 904 fuit.
1789 849 1971 918 Neque

382 961 555 1016 solum
603 957 756 1018 dixit,
800 953 944 1015 Volo,
997 949 1279 1012 mundare;
1321 945 1416 1000 sed
1467 945 1648 1005 etiam,
1685 941 1972 996 Extendens

381 1071 592 1109 manum
638 1047 969 1122 apprehendit
1019 1060 1130 1098 eum
1166 1059 1184 1096 :
1223 1039 1366 1112 quod
1409 1039 1578 1106 tnagis
1631 1035 1972 1105 inquisntionc

381 1147 602 1216 dignum
630 1151 732 1196 est.
771 1141 878 1192 (Zur
899 1137 1038 1192 enim
1090 1133 1362 1187 voluntate
1405 1143 1468 1183 ac
1497 1126 1662 1182 verbo
1691 1139 1884 1179 cunnis
1911 1125 1971 1174 it-

389 1241 520 1302 Imn,
553 1250 740 1290 manus
769 1241 965 1286 tactum
1007 1223 1236 1296 adjecit?
1265 1222 1378 1277 Non
1395 1221 1494 1274 alia
1527 1219 1593 1274 de
1617 1231 1800 1282 causa,
1829 1213 1973 1268 arbi-

383 1339 518 1392 tror,
544 1341 702 1398 quam
738 1335 797 1378 ut
825 1321 1084 1376 indicaret
1114 1359 1130 1384 ,
1163 1332 1221 1370 se
1247 1329 1352 1369 non
1379 1313 1484 1382 legi
1511 1308 1848 1378 subjectum,
1877 1303 1972 1359 sed

383 1435 548 1490 supra
579 1419 748 1488 legem
775 1429 932 1477 esse;
960 1426 1024 1467 ac
1065 1407 1262 1464 mundo
1303 1405 1557 1472 deinceps
1583 1401 1713 1454 nihil
1739 1401 1974 1453 immun-

383 1514 512 1567 dum
540 1511 671 1566 fore.
719 1508 945 1562 Elisazus
982 1502 1177 1572 quippe
1207 1499 1306 1568 legi
1355 1497 1693 1564 obsequens,
1732 1490 1978 1546 Netema-

387 1621 513 1658 nnm
543 1604 558 1632 ¹
590 1615 658 1656 ne
689 1597 924 1668 respexit
951 1593 1166 1665 quidem
1193 1608 1208 1655 ;
1239 1598 1296 1644 ut
1325 1597 1502 1642 autem
1534 1585 1794 1639 olicnsum
1827 1579 1976 1633 audi-

383 1697 481 1759 vit,
537 1692 676 1764 quod
709 1705 814 1744 non
867 1700 1116 1758 egressus
1143 1690 1309 1747 esset,
1345 1694 1444 1735 nec
1490 1693 1550 1732 se
1607 1675 1886 1750 tetigisset,
1920 1679 1977 1724 ut

383 1789 557 1858 legem
585 1791 831 1838 accurate
854 1785 1114 1839 servaret,
1145 1772 1291 1828 domi
1321 1785 1562 1833 manens,
1592 1767 1735 1820 misit
1761 1779 1882 1820 cum
1909 1761 1976 1814 ad

383 1881 698 1942 Jordauem,
749 1885 803 1930 ut
832 1887 951 1928 sese
1004 1866 1364 1935 ablueretH.
1398 1863 1528 1934 Reg.
1567 1861 1663 1926 5).
1721 1858 1978 1912 Dominus

388 1995 522 2036 vero
547 1972 842 2032 ostendens
859 1981 916 2022 se
947 1977 1052 2018 non
1069 1971 1127 2014 ut
1143 1969 1380 2019 servum,
1399 1951 1492 2007 sed
1511 1958 1570 2004 ut
1585 1946 1864 2003 dominum
1879 1962 1974 2002 cu-

393 2087 538 2136 ra'e,
565 2069 726 2124 etiam
750 2060 922 2130 tangit
942 2058 1239 2124 leprosum.
1279 2046 1464 2114 Neque
1491 2043 1637 2098 enim
1669 2055 1976 2108 manusper

386 2157 592 2230 lepram
629 2150 898 2209 innnuuda
937 2148 1072 2202 facta
1117 2150 1232 2205 est,
1265 2137 1358 2195 sed
1409 2137 1679 2206 leprosum
1715 2143 1910 2199 corpus
1948 2141 1978 2180 a

388 2257 572 2304 sancta
601 2259 760 2299 manu
790 2238 1100 2294 mandatum
1125 2242 1226 2288 est.
1258 2229 1374 2285 Non
1404 2226 1546 2282 enim
1575 2237 1796 2291 corpora
1828 2234 1980 2270 cura-

388 2350 540 2396 turus
572 2344 775 2391 tantum
803 2333 1111 2389 advenerat,
1145 2323 1239 2379 sed
1267 2323 1498 2374 animam
1529 2331 1741 2386 quoque
1765 2311 1831 2366 ad
1861 2310 1980 2379 phi-

389 2431 692 2502 losophiam
719 2425 1066 2482 deducturus.
1107 2418 1257 2473 Sicut
1294 2428 1421 2483 ergo
1446 2425 1551 2465 non
1578 2408 1702 2462 lotis
1727 2403 1976 2460 manibus

388 2524 755 2584 manducare,
803 2533 906 2572 non
954 2515 1090 2568 ultra
1137 2507 1464 2580 prohibitutn
1501 2516 1622 2557 esse
1660 2498 1809 2564 dicit,
1859 2511 1980 2551 cum

386 2616 646 2687 optimam
675 2612 818 2665 illam
853 2607 920 2662 de
949 2605 1190 2660 cibormn
1228 2593 1579 2654 indiﬂ‘ercntia
1613 2592 1780 2660 legem
1829 2586 1983 2641 indu-

393 2709 465 2761 cit
498 2724 510 2758 :
541 2705 618 2760 sic
647 2701 822 2757 ethoc
845 2699 962 2754 loco
987 2695 1116 2766 agit,
1157 2692 1419 2760 docetque
1461 2687 1694 2740 animam
1735 2689 1983 2750 Oportcre

390 2796 608 2861 curari,
661 2791 994 2860 sublatisque
1047 2783 1285 2840 externis
1319 2779 1428 2834 illis
1487 2771 1976 2846 puriﬁcationibus,

391 2890 538 2944 illam
570 2900 692 2940 esse
743 2877 1150 2950 abstergendam
1173 2888 1202 2939 ,'
1233 2871 1504 2942 ipsiusque
1544 2876 1748 2921 tanttnn
1780 2863 1983 2933 Irpratn

391 2995 515 3036 esse
561 2975 872 3038 timendam,
927 2987 1049 3041 quae
1089 2976 1173 3024 est
1217 2973 1490 3034 peccatum
1541 2959 1684 3031 (nam
1719 2957 1984 3026 leprosum

390 3088 514 3129 esse
536 3072 734 3126 nullum
750 3067 814 3122 ad
828 3066 1052 3120 salutem
1075 3059 1516 3131 impedimentum
1539 3052 1716 3123 aliert)
1739 3070 1752 3118 ;
1785 3051 1988 3122 priums

391 3168 510 3236 ipse
564 3164 832 3232 leprosum
876 3155 1078 3226 tangit,
1129 3161 1184 3208 ct
1213 3165 1370 3205 nemo
1417 3147 1751 3204 criminatur.
1803 3141 1986 3211 Neque

390 3259 538 3312 enim
560 3260 866 3320 corruptum
893 3257 1010 3303 erat
1039 3242 1292 3307 tribunal,
1326 3255 1498 3310 neque
1525 3236 1720 3291 invidia
1748 3232 1981 3300 correpti

392 3343 770 3418 speetatorcs'
798 3349 970 3394 erant.
1017 3337 1246 3404 ldeoqne
1293 3347 1396 3386 non
1445 3328 1604 3383 modo
1642 3341 1746 3379 non
1791 3324 1990 3378 calmu-
2035 3328 2042 3338 ‘

397 3439 527 3495 niati
553 3447 696 3499 sunt,
729 3432 824 3489 sed
863 3439 1082 3498 stupore
1126 3423 1352 3494 perculsi
1391 3421 1457 3476 de
1488 3418 1767 3482 miraculo,
1799 3430 1986 3470 cesse-

396 3540 544 3596 runt,
573 3543 639 3584 ex
667 3525 824 3580 dictis
859 3531 914 3577 et
943 3520 1096 3575 factis
1127 3516 1376 3570 invictam
1405 3513 1523 3582 ejus
1567 3509 1856 3578 potentiam
1889 3505 1984 3560 ad-

395 3631 638 3678 orantes.
663 3617 798 3673 Cum
821 3627 1017 3684 corpus
1061 3624 1188 3680 ergo
1217 3614 1493 3670 curasset,
1525 3601 1777 3673 praecepit
1801 3643 1814 3663 ,
1843 3600 1896 3654 4.
1932 3607 1988 3652 ιιι

397 3712 601 3771 nemini
633 3712 862 3776 diceret,
890 3706 984 3762 sed
1019 3703 1328 3760 ostenderet
1367 3715 1428 3755 se
1456 3695 1725 3776 sacerdoti
1756 3737 1771 3761 ,
1795 3703 1850 3748 et
1875 3709 1988 3747 mu-

399 3823 507 3866 nus
547 3805 784 3871 oﬂ'erret,
837 3801 986 3870 Quod
1015 3796 1252 3870 praecepit
1283 3793 1507 3864 Moyses,
1557 3791 1612 3844 in
1655 3769 1994 3843 testimonium

400 3901 527 3955 illis.
555 3897 778 3967 Quidam
796 3895 999 3957 dicunt,
1029 3891 1150 3944 ideo
1179 3888 1326 3942 illum
1360 3883 1679 3955 praecepisse
1707 3891 1764 3934 ut
1795 3879 1995 3934 nemini

407 3994 648 4056 diceret,
681 4004 764 4064 ne
779 3986 1010 4054 maligne
1037 3987 1258 4052 agerent
1301 3979 1442 4033 circa
1475 3973 1842 4030 mundationis
1865 3987 1995 4025 exn-

405 4101 568 4151 men;
613 4081 710 4138 sed
764 4081 881 4134 lucc
927 4077 1240 4144 insipienter
1293 4068 1581 4124 admodum
1636 4064 1992 4132 sustiieautur.

403 4177 590 4245 Neque
610 4173 751 4228 enim
779 4172 852 4225 ita
875 4166 1169 4226 mandavit,
1194 4172 1252 4216 ut
1271 4160 1464 4230 aliquis
1488 4166 1730 4212 maneret
1749 4156 1817 4210 de
1835 4170 1960 4208 mun
1975 4181 1995 4192 ο

403 4269 622 4326 datione
664 4261 938 4320 dubitandi
979 4259 1128 4313 locus
1158 4274 1170 4310 :
1203 4254 1298 4310 sed
1350 4249 1550 4308 nemini
1601 4249 1780 4304 dicere
1822 4249 1994 4316 jubet,

405 4365 606 4419 docens
628 4368 688 4414 ut
713 4374 743 4413 a
772 4357 909 4410 fastu
929 4363 982 4410 et
1009 4350 1301 4406 ambitione
1320 4347 1671 4402 abstineatur.
1705 4342 1864 4398 Certe
1889 4355 1960 4396 no
1977 4366 1996 4380 ο

405 4464 560 4509 verat
585 4453 693 4519 ille,
723 4450 898 4520 ipsum
923 4462 1031 4502 non
1059 4460 1181 4500 esse
1212 4441 1521 4504 taciturum,
1563 4438 1656 4492 sed
1687 4435 1998 4491 benefacto-

406 4563 528 4606 rcm
565 4559 683 4600 esse
711 4541 1105 4599 celebraturum
1133 4553 1146 4589 :
1173 4543 1412 4589 attamen
1441 4529 1582 4601 quod
1613 4543 1775 4598 penes
1801 4541 1860 4582 se
1885 4534 2002 4580 erat

408 4641 556 4697 fecit.
581 4637 689 4692 Cur
715 4649 880 4704 ergo,
918 4630 1147 4700 inquies,
1182 4625 1306 4682 alibi
1345 4623 1617 4694 publicare
1657 4619 1859 4690 jussit?
1883 4616 1999 4671 Non

408 4747 594 4790 secum
625 4739 885 4800 pugnans,
920 4737 1093 4792 neque
1117 4717 1382 4774 etmtraria
1406 4713 1621 4786 jubens,
1650 4710 1746 4766 sed
1769 4709 2005 4764 utdoce-

412 4798 848 4894 rctgrat—osiesse
881 4823 1152 4884 oportere.
1180 4808 1365 4878 Neque
1392 4805 1536 4860 enim
1565 4803 1636 4859 ibi
1663 4798 1917 4872 praecepit
1945 4808 2005 4854 ut

410 4933 475 4973 se
498 4891 852 4971 celebrarent.
885 4911 978 4963 sed
1003 4913 1060 4958 ut
1086 4901 1276 4958 darent
1298 4897 1526 4970 gloriam
1561 4895 1670 4949 Deo
1698 4909 1713 4947 :
1740 4908 1839 4964 per
1860 4891 2004 4946 hunc

411 5011 629 5084 quidem
659 5001 932 5074 leprosum
953 4995 1154 5050 docens
1182 5007 1278 5046 nos
1305 5030 1321 5055 ,
1349 4998 1406 5044 ut
1432 4987 1549 5042 sine
1575 4984 1712 5039 fastu
1741 4984 1907 5038 simus
1953 4988 2009 5036 et

412 5073 608 5154 vanam
635 5073 858 5164 gloriam
885 5087 1186 5158 fugiamus;
1221 5096 1314 5152 per
1343 5079 1495 5134 illum
1522 5075 1674 5142 vero,
1712 5083 1769 5128 ut
1795 5073 1928 5142 grati
1953 5079 2009 5126 et

412 5162 806 5245 beneﬁciorum
833 5190 1102 5235 memores
1133 5191 1145 5228 :
1175 5183 1336 5243 atque
1362 5185 1460 5224 nos
1496 5169 1783 5223 instituens
1813 5162 2009 5232 ubique

410 5289 477 5334 ut
526 5275 736 5331 laudem
771 5269 996 5326 Domino
1023 5265 1339 5322 reteramus.
1368 5259 1502 5328 Quia
1543 5257 1686 5313 enim
1737 5254 2005 5319 homines,

414 5382 476 5425 ut
507 5367 812 5438 plurimum,
841 5377 963 5417 cum
990 5356 1178 5413 morbo
1208 5355 1476 5418 laborant,
1509 5350 1603 5406 Dei
1630 5347 2004 5410 recordantur,

415 5459 611 5518 morbo
631 5467 807 5512 autem
835 5451 1058 5523 depulso
1079 5491 1094 5515 ,
1126 5445 1401 5518 segniores
1429 5441 1662 5499 evadunt
1701 5457 1712 5493 :
1740 5438 1934 5508 jubens
1955 5445 2012 5492 et

413 5566 595 5623 a-gros
623 5563 678 5604 et
717 5560 878 5602 sanos
905 5542 1120 5598 assidue
1163 5541 1216 5592 in
1245 5544 1425 5590 mente
1475 5531 1756 5587 Dominum
1788 5529 2005 5593 habere,

413 5645 554 5704 dicit
583 5661 596 5698 :
627 5641 708 5696 Da
732 5640 947 5713 gloriam
975 5635 1080 5690 Deo
1102 5631 1281 5706 (Joau.
1311 5629 1366 5686 9.
1395 5627 1466 5684 25
1487 5629 1528 5699 ).

492 5912 510 5944 ί
545 5917 683 5959 Juxta
703 5901 1104 5972 alioslegendum
1133 5902 1284 5956 esset,
1309 5901 1612 5945 scamnum.

491 5975 514 6008 ³
542 5973 716 6034 δειιιιη
736 5970 1000 6018 auditores.

1339 464 1402 518 IN
1439 462 1841 518 MATTIIASUM
1877 462 2103 518 llOMlL.
2147 461 2311 517 XXV.
2353 463 2420 516 al.
2465 459 2654 517 XXVI.

3558 463 3663 522 550

2149 575 2378 630 Christus
2409 575 2556 628 modo
2583 574 2738 646 legem
2761 571 3006 640 serrabnt,
3031 583 3178 628 modo
3199 579 3572 630 nouserrabat.
3594 609 3659 620 -—

2075 669 2182 722 Cur
2221 677 2396 725 autem
2437 668 2687 739 ρι’ξιέριιρῖὶ
2727 677 2785 722 ιιι
2829 667 3138 722 ostenderet
3172 682 3233 724 sc
3261 669 3550 734 sacerdoti,
3609 679 3664 726 et

2076 761 2276 814 donmn
2303 760 2522 816 oﬂerret
2543 763 2565 814 ‘3
2587 759 2761 817 Uthic
2791 761 2959 832 legem
2990 760 3254 830 impleret.
3303 759 3490 832 Neque
3519 764 3664 818 enim

2079 855 2274 924 ubique
2305 853 2550 908 Solvebat
2574 853 2742 921 illam,
2790 861 2848 907 ut
2881 867 2979 907 nec
3007 868 3221 922 semper
3250 855 3533 918 servabat;
3567 855 3664 910 sed

2079 945 2236 999 modo
2260 945 2407 1009 illud,
2435 946 2593 1000 modo
2624 945 2764 999 aliud
2791 962 2802 998 :
2830 945 2981 1010 illud,
3009 955 3067 1000 ιιι
3094 943 3284 1000 futura:
3302 945 3662 1016 philosophia:

2078 1037 2215 1090 viam
2247 1047 2494 1106 pararet;
2537 1035 2696 1103 istud,
2737 1048 2791 1090 ut
2823 1036 3185 1107 impudentem
3215 1037 3426 1092 interim
3454 1038 3666 1094 dudum-

2079 1145 2195 1184 rum
2220 1130 2450 1198 linguam
2473 1139 2769 1194 coerceret,
2799 1139 2853 1183 et
2878 1129 2944 1184 ad
2977 1130 3186 1182 illorum
3231 1109 3586 1184 inﬁrmitatem
3607 1146 3666 1186 se

2079 1221 2407 1312 demitteret.
2441 1222 2643 1291 Ecquid
2669 1221 2881 1275 miraris
2905 1262 2918 1285 ,
2949 1221 2992 1274 si
3026 1220 3076 1274 in
3105 1221 3364 1290 principio
3394 1221 3444 1276 id
3475 1224 3664 1292 egerit.

2079 1313 2292 1385 quando
2312 1323 2363 1370 et
2385 1315 2610 1384 apostoli
2640 1325 2922 1385 postquam
2949 1313 3084 1382 jussi
3121 1321 3247 1368 sunt
3269 1313 3336 1369 ad
3361 1323 3548 1384 gentes
3571 1315 3668 1368 tui-

2078 1421 2252 1476 grare,
2283 1417 2333 1460 et.
2370 1414 2549 1474 portas
2599 1405 2808 1474 aperire
2837 1403 2902 1456 ad
2937 1402 3233 1458 doctrinam
3262 1418 3358 1472 per
3388 1411 3553 1458 totum
3583 1421 3668 1457 (ιι-η

2079 1507 2205 1561 bem
2259 1501 2658 1574 spargendam,
2709 1497 2876 1568 legem
2933 1495 3259 1560 excludere,
3311 1508 3450 1548 nova
3507 1493 3664 1548 iusti--

2082 1607 2254 1660 tuere,
2279 1603 2458 1648 vetera
2489 1591 2754 1660 abrogare
2776 1589 2995 1648 omnia;
3021 1590 3182 1646 modo
3212 1587 3382 1659 legem
3416 1598 3658 1648 scrvare,

2083 1683 2242 1738 modo
2273 1681 2414 1736 illam
2445 1677 2738 1746 transgredi
2762 1673 3258 1744 deprehenduntur.
3291 1673 3359 1728 Et
3377 1669 3506 1742 quid
3543 1668 3664 1732 hoc,

2084 1777 2332 1848 inquies,
2383 1775 2449 1829 ad
2503 1773 2636 1844 legis
2683 1769 2978 1826 custodiam
3031 1765 3257 1830 confert,
3307 1763 3450 1832 quod
3506 1761 3668 1825 dicat,

2087 1869 2306 1924 Ostende
2355 1877 2402 1920 te
2443 1864 2690 1920 sacerdoti
2731 1861 2874 1936 (ch.
2910 1859 3036 1929 li)?
3063 1857 3179 1912 Non
3218 1870 3402 1926 parum
3443 1853 3670 1908 confert.

2085 1963 2212 2016 Erat
2237 1961 2434 2030 quippe
2460 1958 2540 2012 lex
2573 1965 2744 2020 vetus,
2789 1961 2846 2006 ut
2873 1952 3116 2022 leprosus
3142 1947 3427 2002 mundatus
3457 1960 3523 2000 ne
3569 1945 3670 1998 sibi

2085 2053 2376 2125 probanda:
2423 2048 2781 2105 mundationis
2828 2045 3198 2100 auctoritatem
3247 2036 3676 2108 arrogaret;sed

2085 2164 2144 2202 se
2169 2145 2476 2200 ostenderet
2502 2139 2765 2196 sacerdoti
2795 2181 2806 2204 ,
2839 2135 3112 2207 ipsiusque
3156 2133 3233 2188 rei
3264 2129 3679 2185 demonstratio-

2087 2255 2206 2294 nem
2236 2237 2495 2308 prmberet
2523 2275 2536 2297 ,
2572 2241 2627 2286 ιιι
2668 2230 2833 2300 ipsius
2881 2227 3086 2282 calculo
3119 2222 3332 2278 mundis
3358 2233 3680 2276 annumera-

2085 2342 2254 2386 retur.
2283 2327 2397 2382 Nisi
2441 2326 2582 2381 enim
2612 2321 2863 2378 sacerdos
2902 2318 3144 2384 dixisset,
3177 2315 3486 2370 mundatum
3517 2311 3680 2366 fuisse

2089 2424 2379 2492 leprosum,
2421 2419 2463 2472 is
2495 2433 2619 2473 cum
2661 2410 2947 2468 imnnmdis
2985 2419 3138 2465 extra
3169 2417 3342 2463 castra
3373 2405 3698 2460 mansisset.-

2091 2516 2213 2570 ldeo
2243 2513 2356 2579 ait,
2407 2509 2626 2564 Ostende
2667 2517 2712 2559 te
2741 2502 2990 2559 sacerdoti
3008 2543 3022 2564 ,
3052 2509 3098 2554 cl
3137 2497 3266 2566 offer
3291 2498 3481 2552 donum
3503 2537 3516 2559 ,
3547 2492 3681 2564 quod

2089 2605 2324 2676 prmi-epit
2357 2601 2579 2672 Moyses.
2610 2597 2723 2652 Non
2766 2595 2918 2661 dixit,
2965 2591 3116 2662 Quod
3146 2589 3374 2661 praecepi
3420 2602 3554 2657 ego;
3587 2590 3682 2639 sed

2091 2696 2301 2751 interim
2345 2693 2411 2746 ad
2455 2693 2624 2761 legem
2659 2688 2901 2752 remittit,
2957 2694 3014 2739 ut
3057 2682 3288 2752 undique
3337 2694 3400 2734 os
3446 2679 3682 2749 ipsm'um

2092 2788 2322 2842 claudat.
2369 2785 2448 2840 Ne
2494 2783 2738 2838 dicerent
2778 2780 2958 2842 enim,
2991 2778 3166 2846 ipsum
3215 2773 3318 2828 sibi
3346 2768 3684 2827 sacerdotum

2095 2881 2354 2935 honorem
2397 2875 2662 2945 rapuisse,
2711 2887 2846 2942 Opus
2877 2873 2990 2940 ipse
3021 2865 3284 2937 implevit,
3314 2862 3684 2936 probationem

2095 2974 2222 3046 ipsis
2255 2971 2478 3034 remisit,
2530 2977 2585 3023 et
2629 2967 2748 3022 illos
2797 2963 3174 3019 miraculorum
3221 2973 3436 3014 suorum
3481 2955 3688 3025 judices

2095 3065 2390 3121 constituit.
2422 3062 2651 3118 Tantum
2685 3057 2857 3120 abest,
2890 3055 3080 3124 inquit,
3113 3061 3171 3107 ιιι
3199 3065 3424 3122 pugnem
3458 3046 3538 3102 vel
3567 3061 3690 3101 cum

2096 3161 2299 3234 Moyse,
2327 3159 2411 3214 vel
2436 3174 2556 3214 cum
2585 3153 2975 3218 sacerdotibus,
3000 3161 3058 3206 ιιι
3087 3165 3202 3215 eos,
3233 3148 3323 3218 qui
3352 3163 3383 3201 a
3412 3161 3498 3200 me
3528 3145 3690 3200 bene-

2098 3253 2221 3313 licio
2248 3252 2419 3307 affecti
2451 3257 2613 3314 sunt,
2645 3248 2872 3312 mittam,
2899 3243 2987 3314 qui
3023 3242 3126 3296 illis
3156 3240 3547 3308 obtemperent.

2172 3345 2225 3400 5.
2259 3343 2396 3411 Quid
2441 3355 2604 3412 porro
2645 3338 2775 3392 illud
2805 3344 2885 3390 est
2910 3377 2924 3402 ,
2961 3333 3026 3386 1η
3071 3331 3410 3386 testimonium
3457 3328 3602 3383 illis?
3630 3329 3684 3382 In

2097 3435 2552 3507 redargutiouem,
2599 3431 2651 3485 in
2691 3426 3109 3491 accusationem,
3155 3423 3199 3476 si
3256 3437 3360 3476 non
3419 3419 3584 3491 probe
3635 3433 3692 3473 se

2099 3529 2381 3601 gesserint.
2411 3527 2545 3595 Quia
2576 3523 2720 3580 enim
2741 3521 3010 3585 dicebant,
3041 3516 3112 3574 Ut
3137 3515 3476 3572 seductorem
3507 3522 3562 3568 et
3591 3511 3690 3568 de-

2100 3632 2373 3692 ceptorem
2403 3616 2774 3688 persequimur
2797 3655 2810 3675 ,
2845 3622 2902 3667 ut
2934 3611 3043 3666 Deo
3073 3607 3444 3664 adversarium
3473 3614 3526 3660 et
3552 3604 3689 3675 legis

2103 3725 2556 3784 transgressorem
2581 3726 2594 3762 :
2621 3707 2703 3762 Tu
2733 3705 2886 3770 mihi,
2907 3704 3100 3772 inquit,
3126 3699 3279 3756 testis
3304 3698 3411 3755 eris
3439 3698 3528 3752 illo
3560 3705 3696 3750 tent-

2101 3822 2255 3879 porc,
2279 3820 2365 3860 me
2396 3818 2502 3858 non
2531 3815 2652 3856 esse
2686 3799 2822 3866 legis
2865 3805 3314 3864 transgressorem
3347 3807 3360 3844 :
3395 3804 3514 3842 nam
3544 3795 3696 3856 post-

2103 3913 2261 3970 quam
2296 3906 2344 3950 te
2375 3892 2578 3958 curavi,
2615 3901 2666 3945 te
2689 3887 2752 3943 ad
2785 3888 2957 3957 legem
2989 3884 3226 3944 remitto,
3249 3890 3404 3949 atque
3426 3879 3492 3932 ad
3513 3891 3695 3931 saccr-
3773 3939 3780 3948 κ

2103 3990 2286 4046 dolum
2316 3985 2686 4057 probationem
2710 3997 2724 4042 ;
2747 3979 2799 4032 id
2841 3975 2983 4048 quod
3015 3984 3131 4028 erat
3159 3972 3384 4026 colentis
3419 3970 3611 4038 legem,
3641 3975 3697 4020 et

2102 4084 2336 4154 Moysem
2361 4074 2694 4139 honoraritis,
2731 4085 2832 4126 nec
2858 4067 3091 4138 antiquis
3131 4063 3466 4134 dogmatibus
3495 4059 3690 4113 adver—

2103 4150 2291 4230 santis.
2321 4168 2470 4238 Quod
2515 4166 2560 4222 si
2607 4162 2737 4219 nihil
2769 4161 2893 4216 inde
2937 4157 3068 4214 lucri
3099 4157 3376 4227 percipere
3405 4150 3694 4214 debebant,

2105 4268 2233 4323 hinc
2288 4261 2527 4320 maxime
2582 4268 2759 4313 tamen
2821 4252 2998 4306 discas
3044 4256 3274 4318 quantus
3326 4260 3490 4315 penes
3547 4243 3698 4298 illum

2104 4361 2176 4415 sit
2200 4357 2328 4428 legis
2355 4354 2529 4409 honor
2555 4391 2572 4418 ,
2599 4349 2721 4419 quia
2767 4360 2886 4401 cum
2937 4342 3212 4414 praescirct
3253 4339 3374 4392 illos
3403 4334 3534 4389 nihil
3574 4333 3699 4386 inde

2107 4452 2312 4507 fructus
2336 4453 2686 4517 percepturos
2721 4453 2876 4509 esse,
2912 4444 3088 4489 tamen
3119 4447 3239 4501 quae
3268 4442 3435 4499 penes
3460 4442 3519 4481 se
3545 4433 3708 4479 erant-

2106 4545 2283 4603 omnia
2307 4539 2586 4610 implebat.
2619 4535 2750 4590 Nam
2795 4533 2898 4586 hoc
2926 4530 3098 4596 ipsum
3132 4523 3450 4596 praescicbat
3479 4528 3532 4574 ct
3559 4534 3698 4588 pne-

2107 4637 2340 4696 dicebat.
2368 4633 2552 4703 Neque
2594 4627 2738 4684 enim
2776 4623 2989 4680 dicebat
3013 4661 3026 4685 ,
3061 4619 3116 4673 In
3145 4614 3572 4672 emendationem
3609 4625 3706 4664 eo.-

2109 4746 2251 4798 rum,
2280 4702 2476 4796 neque,
2506 4723 2565 4778 lu
2609 4717 2910 4774 doctrinam
2959 4727 3146 4766 eorum
3175 4725 3188 4772 ;
3235 4705 3352 4771 sed,
3384 4703 3449 4756 In
3477 4702 3703 4755 testimo-

2110 4793 2254 4878 nium
2277 4793 2400 4879 illis,
2430 4813 2482 4869 id
2509 4819 2612 4879 est,
2651 4808 2708 4864 ln
2737 4804 3160 4863 accusationem,
3189 4797 3241 4851 in
3279 4793 3702 4850 confutationem

2110 4925 2162 4972 et
2195 4916 2248 4969 in
2280 4907 2668 4970 testimonium,
2707 4898 2849 4972 quod
2879 4895 3025 4951 tibia
3072 4907 3158 4947 me
3199 4889 3376 4944 omnia
3413 4887 3546 4941 facta
3573 4886 3701 4940 sint.

2111 5009 2246 5068 Cum
2277 5001 2584 5072 praescii-em
2623 5008 2717 5048 eos
2744 4991 2862 5045 sine
2887 4983 3264 5042 emendatione
3295 4994 3602 5044 mansuros,
3635 4993 3706 5032 ne

2113 5103 2192 5156 sic
2219 5069 2436 5170 quidem
2464 5106 2584 5162 qua:
2613 5089 2790 5141 facere
2835 5077 3121 5151 oportebat
3163 5073 3318 5129 omisi
3345 5091 3359 5137 ;
3389 5071 3464 5126 illi
3493 5085 3621 5125 vero
3649 5069 3702 5121 in

2115 5163 2316 5250 malitia
2343 5202 2439 5244 sua
2461 5181 2830 5256 perstiterunt.
2864 5174 2976 5229 lloc
2999 5180 3055 5227 et
3075 5169 3200 5224 alibi
3232 5167 3427 5222 dicitur
3460 5181 3473 5217 :
3501 5163 3707 5218 Privat-

2115 5286 2311 5341 cabitur
2333 5281 2426 5334 hoc
2467 5271 2782 5345 wangelium
2808 5268 2858 5320 in
2904 5263 3137 5320 universo
3164 5259 3373 5322 vitando,
3403 5257 3453 5310 in
3477 5255 3703 5308 testimo-

2116 5379 2260 5434 nium
2287 5369 2519 5428 omnibus
2549 5363 2800 5438 gentibus,
2829 5368 2874 5412 et
2897 5369 3016 5412 tunc
3042 5354 3202 5409 veniet
3223 5351 3340 5420 linis
3370 5345 3582 5420 (Matth.
3613 5345 3705 5398 Ἦ.

2119 5469 2208 5539 14)
2235 5487 2247 5522 :
2280 5463 2527 5536 gentibus
2553 5455 2778 5520 scilicet,
2812 5468 2916 5506 neu
2940 5445 3334 5506 obcdieutibus,
3366 5451 3472 5494 ιιοιι
3500 5439 3710 5494 obtem-

2119 5529 2451 5634 perantibus.
2475 5552 2553 5607 Ne
2573 5548 2692 5620 quis
2709 5545 2850 5600 enim
2875 5542 3100 5602 diceret,
3120 5537 3226 5592 Cur
3241 5531 3489 5589 omnibus
3513 5529 3710 5600 praedi.

2119 5672 2234 5721 cas,
2255 5665 2377 5708 cum
2409 5661 2516 5702 non
2557 5655 2749 5697 omnes
2777 5633 3030 5694 credituri
3063 5628 3208 5685 sint?
3235 5625 3306 5681 Ut
3348 5626 3527 5678 omnia
3562 5635 3700 5685 mea,

2121 5749 2216 5811 ait,
2239 5739 2555 5815 prmstitisse
2592 5732 2795 5795 videar,
2838 5737 2894 5783 et
2935 5738 3094 5780 nemo
3120 5736 3207 5776 me
3253 5727 3434 5789 postea
3468 5715 3714 5771 incusare

2123 5803 2316 5911 possit,
2337 5829 2484 5902 quod
2508 5843 2616 5882 non
2641 5820 2891 5879 audierit.
2931 5816 3066 5872 Nam
3091 5813 3204 5884 ipsa
3230 5807 3540 5879 praedicatio
3562 5803 3715 5856 testi-

2133 5894 2370 5986 monium
2402 5930 2586 5979 contra
2625 5918 2756 5974 lerct
2795 5929 2807 5966 :
2855 5925 2953 5967 nec
2989 5912 3246 5978 poterunt.
3287 5908 3470 5972 pestea
3514 5894 3712 5955 dicere.
