4036 6430
407 404 505 461 551

411 527 530 584 Non
567 516 868 579 audivimus
899 535 913 572 :
959 529 1084 572 nam
1124 527 1304 570 sermo
1343 511 1556 584 pietatis
1593 510 1646 566 in
1679 507 1813 566 ﬁnes
1841 508 1988 565 orbis

411 630 571 675 terra
591 625 901 686 progressus
923 616 1005 664 est
1032 604 1205 678 (Psal.
1228 606 1315 661 18.
1338 604 1417 675 5).

476 705 694 763 Moralis
721 701 1028 759 exhortatio.
1060 697 1305 769 Beneficii
1349 695 1599 762 custodia,
1628 703 1703 750 est
1731 694 1840 765 ejus
1881 708 1987 745 me-

407 799 588 857 moria.
621 793 945 851 Eucharistia
994 808 1088 847 cur
1132 791 1205 845 sic
1246 789 1548 860 appelletur.
1578 816 1651 827 —
1678 785 1801 840 “ch
1831 785 1991 855 igitur

408 905 506 946 nos
530 902 743 961 quoque
771 885 1070 955 cogitantes
1093 924 1108 949 ,
1140 896 1260 952 qua:
1287 888 1469 936 nostra
1508 887 1632 934 sunt
1657 877 1834 933 omnia
1863 890 1990 948 erga

404 980 706 1053 proximum
753 977 1073 1048 impleamus
1098 1017 1112 1040 ,
1146 974 1363 1043 Dcoque
1387 986 1603 1041 semper
1643 970 1843 1041 gratias
1866 983 1993 1039 aga-

400 1087 538 1128 mus.
559 1069 774 1125 Etcnim
800 1066 1091 1123 absurdum
1122 1073 1286 1129 esset,
1327 1078 1447 1118 cum
1490 1061 1726 1134 quotidie
1750 1061 1864 1132 ejus
1893 1060 1988 1116 be-

406 1162 613 1220 neﬁciis
644 1160 904 1223 fruamur,
938 1173 1006 1213 ne
1033 1156 1197 1212 verbo
1223 1153 1442 1228 quidem
1467 1154 1584 1224 ejus
1603 1153 1831 1223 gratiam
1859 1166 1987 1207 con-

402 1255 563 1320 ﬁteri,
594 1269 717 1309 cum
742 1253 972 1308 maxime
997 1248 1266 1305 confessio
1298 1247 1387 1303 illa
1438 1263 1636 1306 novam
1693 1244 1851 1301 nobis
1882 1243 1987 1299 uti-

396 1347 601 1401 litatem
630 1343 818 1399 aﬂ'erat
845 1344 884 1397 ί.
925 1341 1107 1413 Neque
1135 1341 1275 1396 enim
1306 1338 1396 1394 ille
1422 1337 1583 1394 rebus
1611 1346 1733 1408 eget
1762 1336 1983 1403 nostris,

399 1438 494 1494 sed
524 1452 619 1491 nos
649 1436 765 1506 ejus
786 1434 976 1505 opibus
1001 1448 1239 1503 egemus.
1269 1429 1403 1487 Nam
1423 1431 1715 1502 gratiarum
1740 1427 1880 1483 actio
1909 1426 1988 1482 illi

401 1529 613 1601 quidem
657 1527 790 1586 nihil
831 1525 1043 1597 adjicit,
1089 1524 1182 1580 Sed
1214 1538 1310 1577 nos
1346 1522 1446 1593 ipsi
1488 1522 1659 1593 magis
1698 1519 1988 1575 familiares

396 1620 540 1676 facit.
591 1619 722 1674 Nam
777 1618 823 1672 si
865 1616 1140 1673 hominum
1183 1611 1440 1669 beneﬁcia
1484 1613 1537 1668 in
1569 1619 1803 1668 mentem
1833 1625 1986 1667 revo-

393 1728 599 1777 cemns,
634 1709 805 1781 magis
824 1723 1008 1764 eorum
1031 1722 1215 1761 amore
1241 1703 1615 1760 suecendimur
1639 1722 1651 1755 :
1677 1703 1845 1758 multo
1873 1717 1985 1756 ma-

391 1805 476 1877 gis
518 1804 564 1860 si
597 1803 807 1858 Domini
846 1815 971 1872 erga
1013 1814 1111 1855 nos
1156 1798 1414 1854 beneﬁcia
1438 1796 1651 1852 assidue
1697 1798 1751 1851 in
1807 1805 1986 1851 mente

391 1911 706 1960 versemus,
754 1893 822 1949 ad
861 1892 977 1963 ejus
1016 1891 1266 1948 mandata
1314 1888 1578 1944 servanda
1629 1889 1983 1945 studiosiores

390 1990 612 2045 erimus.
644 1984 770 2042 Ideo
795 1985 993 2042 Paulus
1021 1981 1235 2039 dicebat
1266 1998 1281 2035 :
1312 1980 1455 2036 Grati
1485 1990 1640 2035 estote
1668 1976 1889 2048 (Cofoss.
1925 1978 1978 2033 5.

392 2080 463 2136 15
483 2084 524 2150 ).
555 2076 805 2133 Beneficii
828 2074 972 2131 enim
996 2074 1194 2145 optima
1214 2072 1456 2128 custodia
1486 2082 1570 2127 est
1589 2069 1833 2127 beneficii
1868 2086 1983 2123 me-

394 2171 580 2235 moria,
612 2178 667 2225 et
693 2168 902 2225 assidua
940 2167 1229 2238 gratiarum
1260 2164 1419 2219 actio.
1448 2164 1682 2235 Ideoque
1714 2161 1982 2217 horrenda

391 2264 481 2319 illa
509 2261 785 2333 mysteria,
818 2269 922 2314 tam
955 2258 1209 2313 salutaria
1240 2272 1360 2328 qu:e
1390 2255 1442 2310 in
1480 2254 1705 2326 singulis
1742 2253 1983 2309 collectis

389 2353 751 2418 celebramus,
779 2348 1116 2406 Eucharistia
1153 2348 1506 2419 appellantur,
1538 2346 1663 2419 quia
1686 2344 1980 2401 beneﬁcio-

389 2460 509 2499 rum
541 2442 831 2500 multorum
858 2439 1302 2496 commemoratio
1333 2447 1479 2506 sunt,
1511 2447 1777 2509 caputque
1806 2439 1980 2508 ipsum

389 2538 582 2595 divina:
641 2535 988 2607 providentia:
1034 2532 1370 2600 ostendunt,
1406 2546 1612 2603 nosque
1658 2546 1757 2603 per
1802 2531 1981 2587 omnia

388 2637 648 2700 apparent
689 2626 755 2681 ad
793 2626 993 2697 gratias
1021 2623 1277 2694 agendas.
1310 2622 1441 2677 Nam
1475 2624 1521 2677 si
1552 2638 1614 2677 ex
1650 2623 1856 2694 virgine
1885 2637 1981 2677 na-

388 2721 467 2777 sci
512 2733 763 2789 magnum
807 2723 891 2773 est
932 2715 1284 2781 miraculum,
1325 2729 1390 2769 ac
1431 2723 1651 2785 stupore
1704 2713 1981 2784 perculsus

387 2810 715 2883 evangelista
760 2807 1007 2873 dicebat,
1063 2805 1178 2861 Hoc
1231 2817 1401 2861 autent
1459 2814 1620 2859 totum
1666 2808 1857 2877 factum
1908 2813 1981 2859 est

390 2904 603 2974 (Matth.
635 2904 690 2959 1.
718 2898 829 2972 22)
855 2920 869 2958 :
898 2900 1163 2957 immolari
1194 2914 1293 2971 pro
1320 2898 1474 2954 nobis
1503 2898 1555 2953 in
1591 2913 1717 2968 quo,
1758 2912 1976 2969 quaeso,

385 3006 685 3052 statuemus
713 2992 872 3049 loco?
914 2990 1047 3049 Nam
1080 2991 1125 3046 si
1164 2989 1310 3045 nasci
1343 2986 1528 3043 Totum
1569 2998 1827 3056 vocatur,
1858 3003 1983 3043 cru-

385 3086 524 3157 eitigi
564 3126 580 3150 ,
606 3095 660 3140 et
684 3081 995 3155 sanguinem
1029 3095 1126 3151 pro
1154 3079 1307 3136 nobis
1338 3077 1637 3146 effundere,
1663 3092 1725 3134 ac
1744 3078 1981 3150 seipsum

384 3176 516 3232 dare
560 3177 614 3235 in
634 3174 812 3230 cibum
840 3182 896 3233 et
935 3171 1243 3228 convivium
1279 3170 1575 3242 spirituale,
1605 3186 1713 3242 quo
1762 3170 1980 3226 nomine

384 3264 798 3337 appellandum?
825 3264 1037 3321 Gratias
1063 3278 1191 3335 ergo
1216 3263 1293 3319 illi
1338 3262 1554 3318 assidue
1590 3276 1846 3333 agamus;
1879 3263 1980 3317 hoc

385 3360 655 3430 praecedat
703 3369 759 3415 et
795 3358 960 3415 verba
1006 3366 1061 3416 et
1088 3371 1253 3428 opera
1302 3366 1508 3412 nostra.
1554 3355 1767 3412 Gratias
1796 3366 1975 3413 autem

383 3467 605 3524 agamus
630 3467 735 3508 non
778 3467 879 3524 pro
903 3450 1102 3507 nostris
1130 3459 1357 3517 tantum,
1401 3449 1494 3505 sed
1526 3452 1686 3507 etiam
1718 3465 1816 3521 pro
1844 3451 1975 3506 alie-

384 3545 469 3599 nis
513 3543 708 3610 bonis;
752 3544 824 3599 ita
850 3542 1081 3599 enimet
1127 3541 1380 3598 invidiam
1427 3540 1617 3597 tollere
1660 3542 1974 3612 poterimus,

382 3635 767 3705 caritatemque
807 3633 1010 3699 fovere,
1059 3631 1518 3702 sincerioremque
1561 3630 1760 3687 facere.
1795 3631 1977 3702 Neque

384 3728 528 3783 enim
553 3727 753 3796 poteris
777 3725 1032 3796 deinceps
1062 3724 1288 3780 invideri
1331 3725 1383 3779 in
1416 3723 1502 3793 iis,
1540 3724 1609 3781 de
1637 3725 1831 3795 quibus
1858 3740 1980 3797 gra-

388 3822 489 3874 tias
516 3822 631 3889 agis
659 3817 906 3872 Domino.
950 3816 1156 3873 idcirco
1180 3814 1436 3873 sacerdos
1460 3831 1559 3888 pro
1587 3816 1718 3871 orbe
1740 3856 1757 3885 ,
1789 3831 1885 3888 pro
1912 3816 1978 3873 iis

383 3910 475 3985 qui
497 3919 621 3966 ante
641 3909 874 3971 fuerunt,
899 3924 997 3980 pro
1020 3908 1084 3963 iis
1104 3908 1197 3979 qui
1218 3922 1361 3964 nunc
1380 3918 1525 3974 sunt,
1543 3922 1642 3979 pro
1667 3908 1733 3963 iis
1752 3908 1840 3979 qni
1863 3907 1976 3977 jam

384 4000 517 4066 nati,
553 4015 649 4073 pro
679 4001 885 4067 futuris,
920 4014 1019 4056 nos
1043 4000 1246 4072 gratias
1285 4014 1445 4070 agere
1486 3997 1679 4069 jubet,
1712 3998 1977 4055 sacriﬁcio

384 4089 481 4149 illo
504 4093 800 4165 proposito.
841 4092 956 4148 Hoc
977 4092 1123 4147 enim
1156 4107 1256 4147 nos
1280 4099 1339 4146 et
1365 4104 1394 4145 a
1424 4099 1567 4147 terra
1592 4090 1804 4157 liberat,
1836 4099 1890 4146 et
1921 4090 1975 4145 in

395 4185 588 4242 cadum
643 4182 921 4251 transfert,
979 4183 1310 4255 angelosque
1358 4198 1429 4238 ex
1484 4182 1787 4238 hominibus
1826 4182 1972 4238 facit.

384 4276 521 4339 Nam
540 4285 597 4333 et
621 4278 716 4344 illi,
749 4286 948 4333 statuto
970 4276 1159 4340 choro,
1185 4292 1281 4346 pro
1303 4276 1577 4333 beneliciis
1596 4276 1749 4332 nobis
1768 4275 1977 4331 collatis

384 4369 587 4439 gratias
612 4377 777 4440 agunt
825 4367 955 4432 Deo,
984 4368 1221 4424 dicentes
1253 4385 1267 4421 :
1300 4365 1477 4422 Gloria
1504 4368 1557 4421 in
1586 4366 1795 4422 excelsis
1823 4365 1930 4419 Deo
1958 4407 1972 4431 ,

385 4471 432 4515 et
460 4462 513 4513 in
557 4472 690 4515 terra
721 4476 857 4529 pax,
906 4460 960 4512 in
1004 4458 1287 4513 hominibus
1327 4458 1693 4529 beneplacitum
1722 4458 1741 4528 (
1765 4456 1889 4511 Luc.
1916 4456 1982 4512 ες

385 4554 500 4627 14).
536 4553 602 4608 Ει
630 4553 756 4624 quid
780 4552 845 4607 ad
878 4567 976 4607 nos
999 4593 1016 4620 ,
1054 4552 1282 4622 inquies,
1317 4550 1404 4620 qui
1438 4565 1537 4604 uec
1579 4552 1630 4604 in
1665 4559 1805 4606 terra
1828 4592 1841 4616 ,
1877 4564 1976 4604 nec

385 4649 633 4704 homines
679 4649 807 4701 sunt
841 4644 854 4698 ι
910 4643 1022 4699 lino
1044 4643 1278 4698 maxime
1304 4642 1370 4696 ad
1401 4656 1536 4697 nos:
1570 4658 1691 4697 nam
1717 4642 1787 4696 ita
1819 4642 1973 4695 iusti-

385 4740 483 4794 tuti
506 4753 711 4804 sumus,
769 4746 827 4791 ut
871 4749 1168 4793 conservos
1201 4733 1510 4805 diligamus,
1561 4734 1630 4788 ita
1660 4743 1717 4788 ut
1763 4734 1973 4789 illorum

385 4837 547 4901 bona,
578 4843 760 4891 nostra
786 4848 908 4889 esse
933 4830 1329 4888 existimemus.

457 4928 513 4983 1.
542 4927 667 4989 Ideo
696 4936 750 4980 et
774 4924 968 4979 Paulus
994 4924 1047 4981 in
1080 4921 1332 4993 Epistolis
1354 4921 1465 4976 suis
1493 4920 1687 4991 ubique
1711 4934 1809 4991 pro
1830 4919 1978 4976 orbis

388 5018 552 5073 totius
577 5016 730 5072 bonis
755 5016 954 5085 gratias
984 5015 1106 5085 agit.
1152 5012 1261 5067 Nos
1292 5013 1469 5082 itaque
1496 5025 1594 5081 pro
1617 5010 1813 5065 nostris
1834 5051 1850 5075 ,
1879 5023 1978 5080 pro

387 5108 576 5164 alienis
601 5147 617 5171 ,
655 5120 753 5177 pro
783 5104 964 5176 parvis
984 5145 998 5168 ,
1031 5119 1127 5174 pro
1154 5103 1359 5173 magnis
1385 5101 1600 5156 assidue
1635 5102 1833 5172 gratias
1854 5115 1980 5172 aga-

387 5215 527 5255 mus.
557 5198 779 5253 Etiamsi
798 5196 939 5251 enim
952 5206 1176 5265 parvum
1200 5195 1267 5249 sit
1293 5196 1343 5250 id
1370 5194 1511 5265 quod
1533 5193 1718 5259 datur,
1747 5194 1832 5249 vel
1854 5193 1980 5248 hinc

387 5305 640 5363 maguum
681 5287 912 5344 efﬁcitur
952 5287 1093 5358 quod
1119 5303 1147 5340 a
1182 5287 1292 5343 Deo
1336 5286 1516 5341 datum
1547 5285 1654 5350 sit;
1708 5287 1814 5341 imo
1852 5300 1980 5341 vero

389 5385 525 5441 nihil
569 5398 792 5455 parvum
831 5381 899 5435 ab
941 5379 1031 5434 illo
1073 5380 1261 5444 datur,
1290 5394 1398 5433 non
1431 5378 1602 5433 solum
1627 5377 1769 5448 quod
1795 5377 1865 5432 ab
1889 5377 1980 5432 illo

388 5477 728 5548 praebeatur,
758 5473 854 5529 sed
881 5472 1042 5529 etiam
1070 5472 1184 5544 ipsa
1208 5478 1397 5525 natura
1427 5485 1544 5525 sua.
1574 5468 1648 5525 Ut
1669 5478 1847 5524 autem
1877 5466 1979 5522 alia

360 5567 567 5624 'omnia
608 5566 851 5631 mittam,
889 5579 1010 5636 quae
1045 5576 1263 5618 arenam
1307 5575 1531 5616 numero
1564 5561 1783 5616 vincunt
1813 5578 1827 5612 :
1853 5559 1979 5630 quid

390 5672 486 5730 par
509 5666 595 5715 est
616 5672 715 5729 pro
741 5655 899 5713 nobis
925 5652 1081 5712 facta
1101 5652 1439 5721 oeconomiae,
1461 5651 1575 5709 sive
1593 5650 1981 5707 incarnationi?

459 5817 869 5887 }_.Quidam,_cum
901 5817 1115 5871 maxime
1165 5812 1403 5881 cmrfessio
1447 5812 1538 5868 illa
1577 5823 1808 5881 magnam
1845 5808 1984 5863 nobis

401 5879 662 5932 Utilitatem
682 5880 876 5946 aﬂ'erat.

1211 401 1269 457 3.
1323 395 1601 457 JOANNIS
1636 390 2112 452 CBRYSOSTOMI
2152 394 2470 453 ARCHIEP.
2509 396 3046 456 CONSTANTINOP.

3575 403 3685 461 352

2101 504 2254 573 Quod
2284 508 2429 563 enim
2470 508 2544 564 illi
2584 508 3031 581 pretiosissimum
3059 510 3297 567 omnium
3327 520 3463 576 erat,
3496 513 3688 585 unige-

2100 597 2269 652 nitqu
2297 597 2485 654 Filium
2510 614 2607 667 pro
2636 600 2791 657 nobis
2816 600 3043 656 inimicis
3062 600 3205 657 dedit
3235 616 3371 658 :nec
3398 603 3548 658 dedit
3577 621 3694 659 mo-
3768 650 3777 655 -

2097 688 2168 743 do
2210 689 2383 757 nobis,
2416 689 2510 746 sed
2560 699 2616 745 et
2658 692 2804 746 illum
2847 691 2901 747 in
2944 707 3182 747 mensam
3223 694 3378 750 nobis
3419 697 3689 768 apposuit,

2097 784 2276 839 omnia
2298 799 2394 852 pro
2416 784 2567 840 nobis
2594 784 2813 849 faciens,
2842 796 2896 841 et
2921 784 3118 850 dando,
3139 795 3193 842 et
3215 802 3314 842 nos
3337 802 3433 858 pro
3460 787 3544 843 his
3568 804 3691 860 gra-

2098 883 2183 933 tos
2228 873 2527 932 efﬁciendo.
2574 876 2705 945 Quia
2746 878 2888 932 enim
2931 886 2989 934 ut
3030 877 3315 947 plurimum
3343 880 3579 949 ingratus
3607 890 3689 935 est

2101 971 2259 1021 Immo
2281 1009 2295 1032 ,
2324 967 2521 1039 ubique
2550 969 2667 1036 ipse
2688 968 2910 1038 suscipit
2934 978 2987 1025 et
3016 977 3238 1041 apparat
3264 984 3325 1023 ea
3356 986 3474 1041 qua:
3499 970 3564 1024 ad
3594 987 3688 1025 no-

2096 1068 2261 1114 stram
2298 1068 2425 1115 sunt
2453 1061 2758 1117 utilitatem.
2799 1061 2867 1117 Et
2892 1062 3034 1134 quod
3064 1063 3116 1117 in
3146 1060 3347 1120 Iudaeis
3374 1064 3587 1135 agebat,
3620 1080 3686 1120 ex

2095 1152 2248 1218 locis,
2281 1152 2608 1222 temporibus
2645 1162 2699 1209 et
2740 1154 2887 1209 festis
2930 1152 3185 1211 beneﬁcia
3226 1154 3356 1226 ipsis
3392 1156 3443 1210 in
3482 1170 3690 1211 memo-

2096 1241 2230 1298 riam
2261 1257 2519 1299 revocans
2541 1284 2556 1308 ,
2595 1243 2823 1313 idipsum
2851 1245 3013 1302 etiam
3039 1244 3125 1302 hic
3154 1244 3280 1301 fecit
3301 1289 3315 1314 ,
3342 1261 3410 1301 ex
3438 1246 3686 1302 sacriﬁcii

2095 1332 2256 1389 modo
2282 1333 2348 1389 ad
2382 1349 2672 1404 perennem
2702 1334 2949 1391 beneﬁcii
2982 1336 3203 1407 hujusce
3239 1337 3554 1394 memoriam
3586 1352 3686 1394 nos

2095 1427 2372 1482 inducens.
2401 1426 2491 1481 Sic
2518 1441 2677 1483 nemo
2706 1426 2775 1481 ita
2810 1426 3031 1494 studuit,
3061 1443 3158 1483 nos
3189 1428 3386 1498 probos
3406 1470 3422 1494 ,
3460 1443 3685 1500 magnos

2093 1525 2147 1571 et
2188 1531 2282 1587 per
2323 1516 2502 1571 omnia
2540 1526 2719 1587 gratos
2759 1516 3009 1582 efﬁcere,
3038 1518 3209 1589 utqui
3240 1534 3339 1574 nos
3369 1518 3493 1573 fecit
3521 1519 3683 1574 Deus.

2091 1607 2427 1677 Quapropter
2451 1622 2548 1661 nos
2575 1616 2632 1664 et
2660 1608 2855 1665 invitos
2881 1624 3024 1680 saepe
3049 1618 3102 1666 et
3127 1609 3355 1680 plurima
3378 1609 3685 1681 ignorantes

2092 1699 2366 1757 beneﬁciis
2392 1700 2571 1756 afﬁcit.
2603 1701 2659 1756 Si
2675 1710 2852 1757 autem
2876 1702 2928 1761 id
2949 1703 3090 1774 quod
3113 1703 3315 1759 dictum
3336 1712 3418 1760 est
3434 1704 3680 1769 miraris;

2091 1810 2197 1849 non
2231 1794 2283 1849 in
2312 1793 2542 1850 obscuro
2570 1795 2820 1864 quopiam
2852 1796 2967 1851 viro
2986 1839 3001 1863 ,
3031 1795 3126 1852 sed
3167 1798 3218 1852 in
3252 1798 3405 1853 beato
3435 1798 3600 1853 Paulo
3627 1798 3681 1853 id

2090 1887 2378 1957 Contigisse
2414 1887 2718 1944 ostendam.
2761 1889 2968 1945 Etenim
3004 1889 3190 1946 beatus
3219 1889 3309 1946 ille
3334 1892 3516 1945 multis
3541 1892 3683 1961 peri-

2090 1979 2225 2035 culis
2249 1988 2304 2035 et
2331 1982 2583 2037 :rrumnis
2614 1982 2954 2049 exercitatus,
2986 1997 3129 2053 smpe
3153 1984 3375 2054 rogabat
3405 1985 3593 2052 Deum,
3622 1995 3680 2039 ut

2089 2070 2157 2126 ab
2185 2086 2244 2126 se
2271 2072 2590 2128 tentationes
2619 2073 2853 2131 auferret
2881 2092 2894 2127 :
2920 2083 3283 2131 verumtamen
3313 2092 3419 2130 non
3447 2076 3511 2131 ad
3541 2077 3681 2147 peti-

2092 2163 2291 2219 tionem
2313 2204 2327 2228 ,
2357 2162 2451 2219 sed
2491 2163 2557 2223 ad
2599 2164 2879 2239 utilitatem
2910 2165 3028 2237 ejus
3053 2169 3288 2238 respexit
3319 2168 3486 2234 Deus;
3520 2170 3680 2240 idque

2093 2250 2375 2307 declarans
2405 2252 2480 2306 ait
2508 2270 2522 2306 :
2556 2251 2752 2324 Su/ﬁcit
2775 2254 2865 2307 tibi
2886 2256 3052 2325 gratia
3076 2273 3185 2309 mea
3209 2273 3228 2310 ε
3251 2273 3369 2311 nam
3390 2260 3548 2315 virtus
3568 2276 3681 2314 mea

2088 2342 2141 2397 in
2170 2343 2466 2411 inﬁrmitate
2491 2344 2754 2414 perﬁcitur
2778 2346 2797 2415 (
2819 2346 2874 2398 2.
2900 2344 3019 2401 Cor.
3046 2345 3132 2402 12.
3160 2346 3253 2420 9).
3298 2348 3480 2419 Itaque
3506 2350 3682 2420 prius-

2087 2450 2246 2509 quam
2275 2436 2348 2490 illi
2379 2452 2595 2495 causam
2623 2438 2936 2509 eXplicaret,
2969 2439 3193 2497 invitum
3222 2442 3489 2496 alliciebat
3515 2442 3682 2499 bene-

2087 2527 2230 2595 ﬁcio,
2257 2529 2418 2583 etiam
2447 2528 2800 2599 ignorantem.
2831 2529 2969 2597 Quid
3002 2531 3164 2601 igitur
3189 2548 3437 2603 magnum
3468 2534 3677 2605 poscit,

2087 2637 2207 2677 cum
2236 2620 2306 2677 de
2331 2632 2475 2677 tanta
2505 2622 2837 2696 providentia
2861 2634 3043 2695 gratos
3076 2640 3173 2681 nos
3199 2640 3320 2682 esse
3341 2626 3532 2697 jubet?
3561 2626 3676 2683 0b-

2089 2722 2447 2784 temperenms
2475 2715 2676 2786 itaque,
2703 2725 2758 2770 et
2790 2716 2888 2771 hoc
2918 2716 3112 2788 ubique
3139 2732 3433 2774 servemus.
3464 2718 3679 2774 Etenim

2085 2803 2302 2860 Judacos
2327 2805 2455 2859 nihil
2479 2806 2558 2862 sic
2588 2806 2854 2877 perdidit,
2883 2823 3042 2879 quam
3064 2807 3207 2879 quod
3237 2808 3427 2880 ingrati
3450 2820 3630 2865 essent
3661 2829 3677 2863 :

2087 2897 2390 2968 multasque
2419 2896 2538 2952 illas
2557 2907 2610 2952 et
2636 2896 2943 2968 frequentes
2970 2899 3151 2971 plagas
3180 2900 3310 2955 nihil
3337 2901 3480 2955 aliud
3510 2917 3674 2973 quam

2086 2989 2189 3045 hoc
2220 2991 2427 3045 induxit
2458 3008 2472 3044 :
2506 2991 2614 3047 imo
2643 2993 2806 3048 etiam
2834 3002 2959 3048 ante
2993 2994 3177 3065 plagas
3214 2994 3447 3049 animam
3488 3011 3678 3051 eorum

2084 3082 2319 3155 perdidit
2341 3091 2397 3139 et
2422 3082 2780 3139 labefactavit.
2814 3083 3017 3156 Ingrati
3040 3085 3174 3139 enim
3195 3102 3309 3156 spes
3332 3096 3384 3142 ut
3405 3087 3680 3143 hibernam

2086 3176 2274 3246 pruina
2299 3174 2454 3248 (Sap.
2484 3176 2570 3232 16.
2596 3174 2711 3248 29),
2740 3175 2911 3247 inquit
2941 3194 2954 3231 :
2986 3177 3058 3232 ita
3085 3185 3297 3247 torpere
3320 3190 3371 3234 et
3400 3180 3565 3234 emori
3593 3196 3680 3235 co-

2082 3268 2161 3338 git
2187 3268 2440 3335 animam,
2472 3278 2531 3323 ut
2560 3268 2646 3323 illa
2675 3284 2923 3339 corpora.
2953 3269 3065 3325 [loc
3091 3285 3219 3325 vero
3239 3271 3473 3340 procedit
3504 3287 3568 3328 ex
3591 3288 3680 3327 ar-

2083 3360 2323 3431 rogantia
2349 3402 2365 3427 ,
2394 3359 2539 3427 quod
2568 3374 2626 3415 se
2652 3359 2772 3430 quis
2802 3368 2952 3431 putet
2981 3359 3199 3431 dignum
3223 3361 3505 3418 beneficio.
3533 3362 3677 3418 Con-

2084 3453 2241 3509 tritus
2268 3462 2468 3519 autem,
2495 3469 2598 3507 non
2623 3467 2721 3524 pro
2745 3452 2899 3507 bonis
2931 3463 3155 3512 tantum.
3179 3454 3273 3510 sed
3301 3454 3461 3510 etiam
3486 3471 3582 3525 pro
3609 3456 3677 3512 iis

2082 3558 2202 3613 qum
2231 3542 2454 3599 adversa
2485 3551 2738 3613 putantur
2759 3585 2774 3609 ,
2802 3545 3003 3614 gratias
3032 3542 3247 3599 habebit
3277 3543 3410 3609 Deo,
3432 3554 3488 3599 et
3507 3561 3679 3616 quan-

2084 3635 2279 3691 tumvis
2307 3636 2557 3705 patiatur,
2579 3650 2683 3689 non
2706 3650 2766 3691 se
2787 3644 2964 3691 tamen
2992 3634 3189 3705 aliquid
3212 3634 3429 3711 indigne
3458 3650 3673 3705 passum

2085 3726 2309 3799 putabit.
2355 3726 2424 3782 Et
2454 3740 2552 3781 nos
2581 3727 2758 3797 itaque
2785 3736 2987 3798 quanto
3016 3726 3183 3797 magis
3207 3725 3260 3782 in
3286 3726 3482 3783 virtute
3512 3730 3676 3798 preti-

2083 3820 2289 3877 ciemus
2312 3862 2328 3886 ,
2372 3828 2520 3875 tanto
2547 3821 2715 3890 magis
2750 3835 2848 3877 nos
2882 3822 3027 3891 ipsos
3055 3828 3400 3877 eonteramus
3431 3839 3444 3874 :
3471 3821 3673 3879 ctenim

2085 3912 2190 3968 hoc
2217 3912 2450 3977 maxime
2480 3912 2646 3966 virtus
2668 3920 2770 3968 est.
2792 3912 2941 3967 Sicut
2960 3911 3104 3967 enim
3134 3920 3334 3982 quanto
3359 3913 3567 3966 acutius
3596 3914 3675 3964 vi.

2082 4004 2295 4072 demus,
2323 4013 2471 4059 tanto
2500 4003 2668 4074 magis
2697 4002 2986 4059 ediscimus
3010 4011 3266 4073 quantum
3295 4017 3326 4056 a
3349 4002 3481 4057 caelo
3500 4000 3675 4057 diste-

2083 4110 2203 4150 mus
2233 4114 2247 4151 :
2278 4096 2357 4151 sic
2394 4101 2595 4166 quanto
2639 4094 2805 4165 magis
2844 4092 2897 4148 in
2938 4093 3133 4149 virtute
3162 4091 3490 4163 proﬁcimus,
3524 4101 3675 4148 tanto

2084 4186 2253 4256 magis
2272 4187 2530 4242 docemur
2554 4196 2811 4257 quantum
2835 4185 2905 4240 sit
2935 4186 3073 4241 inter
3098 4185 3263 4240 Deum
3293 4194 3348 4243 et
3372 4201 3471 4242 nos
3500 4186 3673 4242 inter-

2081 4279 2300 4333 vallum.
2334 4279 2443 4334 Nec
2469 4293 2599 4332 sane
2624 4277 2842 4331 minima
2874 4291 2999 4348 pars
3025 4285 3109 4331 est
3130 4276 3480 4348 philosophia:
3505 4319 3521 4344 ,
3548 4292 3670 4333 cum

2084 4371 2334 4426 meritum
2360 4379 2601 4424 nostrum
2628 4368 2943 4439 dignoscere
2971 4382 3278 4439 possumus.
3305 4367 3400 4422 Hic
3427 4367 3571 4422 enim
3595 4384 3685 4423 se-

2084 4464 2260 4536 ipsum
2313 4462 2545 4519 maxime
2592 4463 2759 4526 novit,
2802 4461 2894 4531 qui
2939 4475 3001 4517 se
3043 4459 3175 4515 nihil
3222 4475 3344 4527 esse
3381 4461 3669 4516 existimat.

2083 4555 2317 4625 Ideoque
2345 4553 2507 4609 David
2535 4560 2591 4608 et
2617 4551 2907 4616 Abraham,
2937 4566 3057 4607 cum
3077 4550 3144 4605 ad
3173 4565 3439 4607 summum
3460 4551 3672 4606 virtutis

2086 4649 2354 4720 fastigium
2381 4646 2771 4712 ascendissent,
2803 4653 2931 4702 tunc
2958 4644 3189 4699 maxime
3218 4644 3356 4699 hanc
3376 4657 3673 4699 exercuere

2084 4744 2336 4799 virtutem
2358 4758 2372 4795 :
2391 4750 2445 4797 et
2474 4739 2561 4795 hic
2580 4740 2792 4810 quidem
2812 4753 2869 4794 se
2892 4736 3165 4809 pulverem
3188 4745 3242 4792 et
3260 4738 3490 4793 cinerem
3512 4735 3669 4811 (Gen.

2085 4836 2174 4892 18.
2205 4834 2297 4907 27)
2320 4876 2335 4901 ,
2373 4833 2463 4899 ille
2489 4847 2618 4888 vero
2646 4847 2705 4888 se
2730 4845 2967 4887 vermem
2997 4829 3222 4886 vocabat
3263 4829 3431 4901 (Psal.
3461 4830 3550 4886 21.
3576 4829 3633 4899 7)
3658 4848 3673 4884 :

2083 4944 2146 4983 ac
2176 4928 2423 4984 similiter
2448 4938 2637 4983 omnes
2663 4928 2829 4978 sanctl
2857 4938 2915 4977 se
2940 4922 3170 4979 miseros
3196 4921 3484 4993 prredieant
3507 4940 3521 4975 :
3545 4937 3676 4981 con-

2085 5029 2163 5076 tra
2195 5035 2325 5076 vero
2367 5019 2413 5083 is
2454 5016 2542 5090 qui
2588 5015 2889 5087 arrogantia
2933 5013 3242 5079 extollitur,
3283 5029 3403 5069 sese
3443 5014 3678 5070 maxime

2084 5112 2325 5168 omnium
2347 5110 2574 5181 ignorat.
2598 5106 2955 5174 Quamobrem
2973 5104 3042 5161 de
3057 5105 3299 5175 superbis
3320 5104 3475 5179 vulgo
3495 5105 3678 5161 dicere
3726 5161 3745 5178 ,

2086 5205 2323 5263 solemus
2354 5220 2367 5257 :
2394 5201 2512 5256 Non
2538 5214 2599 5255 se
2632 5200 2800 5265 novit,
2828 5212 2888 5253 se
2914 5211 3137 5267 prorsus
3165 5196 3392 5268 ignorat.
3418 5196 3518 5263 Qui
3548 5210 3681 5251 vero

2086 5314 2147 5355 se
2173 5300 2401 5370 ignorat,
2426 5309 2585 5367 quem
2617 5292 2799 5349 novit?
2824 5289 3284 5361 Quemadmodum
3310 5290 3453 5345 enim
3472 5289 3560 5360 qui
3588 5304 3681 5346 se-

2087 5393 2260 5463 ipsum
2286 5388 2519 5453 noverit,
2550 5385 2730 5445 omnia
2754 5391 3045 5455 cognoscet
3075 5399 3090 5437 :
3114 5383 3193 5439 sic
3218 5382 3308 5453 qui
3337 5395 3398 5438 se
3425 5381 3640 5455 ignorat
3661 5421 3680 5447 ,

2089 5499 2263 5555 neque
2284 5480 2385 5541 alia
2416 5478 2643 5535 noverit.
2677 5477 2819 5535 Talis
2846 5476 2936 5533 ille
2960 5483 3079 5531 erat
3100 5475 3193 5546 qui
3216 5473 3429 5530 dicebat
3461 5494 3475 5529 :
3502 5473 3682 5545 Supra

2088 5579 2239 5633 catos
2268 5590 2456 5645 ponam
2478 5572 2662 5629 solium
2686 5587 2855 5629 meum
2883 5567 3051 5643 (Isai.
3085 5569 3176 5626 14.
3202 5570 3270 5627 13
3289 5567 3332 5643 ).
3370 5568 3505 5636 Quia
3531 5567 3683 5625 enim

2088 5670 2323 5741 seipsum
2353 5665 2635 5738 ignoravit,
2657 5672 2851 5720 caetera
2872 5675 3085 5732 quoque
3104 5661 3281 5717 omnia
3305 5660 3581 5732 ignoravit.
3609 5660 3681 5719 At

2088 5777 2196 5818 non
2222 5759 2443 5827 Paulus,
2468 5756 2558 5830 qui
2583 5771 2643 5812 se
2665 5753 2968 5811 abortivum
2991 5762 3046 5810 et
3068 5753 3346 5809 minimum
3371 5760 3681 5809 sanctorum

2094 5852 2416 5925 appellabat,
2439 5864 2613 5922 neque
2638 5857 2760 5920 post
2787 5853 2867 5905 tot
2891 5854 3143 5920 tantaque
3162 5843 3417 5920 przeciara
3435 5858 3598 5915 opera
3615 5857 3682 5900 se
