4036 6430
144 628 348 704 apostoli
387 623 598 680 nomine
627 621 845 691 dignum
873 630 992 672 esse
1019 615 1236 685 putabat
1267 613 1344 683 (l.
1369 611 1488 667 Cor.
1521 611 1609 673 t5.
1637 611 1691 665 8.

142 701 211 795 9i.
243 722 384 777 llunc
414 718 587 787 itaque
616 712 929 767 aemulemur
958 716 1011 763 et
1043 706 1331 761 imitemur.
1367 701 1697 757 lmitabimur

143 793 300 875 autem
320 813 361 866 si
391 827 420 863 a
447 820 584 863 terra
624 820 687 860 ac
718 801 941 860 terrenis
968 799 1192 868 negotiis
1229 797 1531 852 liberemur.
1559 793 1695 849 Nihil

145 907 267 966 enim
288 905 357 958 ita
385 898 731 972 ignorantiam
762 894 842 949 sui
877 893 1045 963 parit,
1079 899 1135 945 ut
1161 888 1494 943 saecularium
1518 900 1698 941 rerum

143 1000 343 1055 all'eetus
370 1014 382 1050 :
410 992 646 1060 nihilque
671 989 744 1042 ita
770 984 1102 1040 smcularium
1133 997 1314 1037 rerum
1341 979 1584 1033 aﬂ'eclum
1611 991 1700 1045 pa-

143 1093 236 1154 rit,
261 1098 317 1142 ut
343 1082 634 1157 ignorantia
663 1080 743 1134 sui
776 1096 789 1132 :
818 1075 1080 1145 siquidem
1108 1088 1272 1128 unum
1305 1069 1500 1139 pendet
1521 1067 1589 1120 ab
1617 1067 1698 1121 al-

147 1196 263 1239 tero.
283 1180 426 1235 Sicut
448 1174 586 1231 enim
610 1174 653 1227 is
677 1172 766 1242 qui
787 1177 1062 1224 externam
1078 1165 1302 1235 gloriam
1326 1170 1469 1216 amat
1489 1168 1543 1215 et
1567 1174 1703 1229 prm-

147 1276 291 1333 sentia
318 1284 505 1341 magna
534 1280 653 1322 esse
674 1272 844 1334 putat,
865 1259 1074 1316 etiamsi
1103 1258 1152 1313 id
1179 1256 1372 1319 millies
1397 1252 1699 1317 tentaverit,

148 1369 254 1423 huic
280 1380 381 1420 non
413 1363 644 1431 seipsum
664 1372 833 1412 nosse
857 1352 1171 1409 conceditur
1198 1367 1213 1403 :
1244 1350 1323 1404 sic
1349 1348 1437 1417 qui
1464 1346 1701 1414 seipsum

149 1459 368 1530 despicit,
392 1471 451 1511 se
476 1452 627 1507 facile
653 1455 958 1520 cognoscet.
982 1444 1117 1500 Cum
1140 1456 1265 1498 vero
1287 1454 1407 1495 sese
1432 1437 1697 1503 didicerit,

1052 498 1117 555 ΙΝ
1155 495 1558 554 ΜΑΤΊῊᾹΞΗΜ
1599 494 1825 551 ΗΟΜΙΙ..
1866 492 2055 548 XXVI.
2097 491 2170 546 al.
2212 490 2426 546 XXVII.

3279 483 3385 540 35-!

1778 608 1868 663 -ad
1896 617 2117 662 caeteras
2145 620 2334 662 omnes
2355 604 2566 659 virtutis
2590 610 2766 673 partes
2791 602 3065 670 procedet.
3108 598 3181 657 Ut
3228 600 3389 670 igitur

1801 700 2077 770 pulchram
2109 698 2249 753 hanc
2275 696 2555 752 scientiam
2580 695 2939 765 adipiscamur
2963 736 2976 756 ,
3008 692 3213 747 liberati
3244 708 3273 745 a
3306 707 3391 746 re-

1801 790 1900 844 bus
1925 790 2079 844 ﬂuxis
2100 789 2369 855 omnibus,
2394 802 2513 857 quae
2533 801 2778 855 magnam
2804 786 2854 839 in
2878 786 3033 841 nobis
3059 782 3391 839 succendunt

1804 881 2093 944 ﬂammam,
2116 888 2171 935 et
2198 880 2454 934 vilitatem
2486 888 2722 933 nostram
2751 887 2930 932 notam
2960 877 3239 940 habentes,
3274 891 3388 929 om.

1805 990 1926 1029 nem
1953 974 2297 1029 exhibeamus
2317 973 2673 1028 humilitatem
2701 982 2860 1041 atque
2884 970 3301 1040 philosophiam,
3332 978 3393 1022 ut

1807 1073 1860 1120 et
1892 1066 2174 1134 praesentia
2206 1074 2260 1120 et
2286 1065 2462 1119 futura
2493 1064 2631 1119 bona
2661 1077 3087 1131 consequamur,
3128 1061 3298 1131 gratia
3339 1069 3396 1114 et

1806 1158 2170 1212 misericordia
2201 1158 2406 1211 Domini
2433 1157 2600 1210 nostri
2624 1155 2754 1211 Jesu
2781 1153 2977 1209 Christi
3002 1195 3017 1220 ,
3045 1152 3260 1221 quicum
3290 1151 3394 1205 Pa-

1810 1252 1872 1305 tri
1899 1251 2090 1320 gloria,
2125 1251 2429 1318 imperium,
2459 1248 2652 1314 honor,
2677 1262 2797 1302 cum
2824 1257 3034 1310 sancto,
3063 1245 3207 1299 bono
3235 1253 3289 1297 et
3313 1243 3397 1296 vi-

1808 1344 1964 1399 vifico
1989 1345 2209 1413 Spiritu,
2234 1358 2376 1398 nunc
2415 1352 2469 1399 et
2515 1357 2729 1412 semper
2771 1349 2824 1395 et
2864 1340 2917 1393 in
2952 1338 3146 1393 sarcula
3173 1337 3399 1391 saeculo-

1809 1452 1950 1492 rum.
1978 1438 2168 1491 Amen.

183 1577 3393 1629 _____________________________._________.——————————

1213 1677 1566 1741 HOMILIA
1607 1676 1845 1741 XXVI.
1889 1676 1974 1741 al.
2016 1672 2287 1739 XXVII.

153 1865 261 1921 Car.
287 1859 337 1915 8.
361 1874 411 1910 ν.
442 1855 496 1910 5.
548 1849 672 1906 Cum
716 1855 880 1901 autem
917 1846 1169 1911 ingressus
1203 1843 1328 1890 esset
1367 1830 1705 1900 Capernaum,

215 1951 405 2009 accessit
438 1946 506 2001 ad
545 1959 660 1998 eum
690 1937 936 2001 centurio,
966 1945 1151 2002 rogans
1179 1943 1313 1990 eum,
1338 1925 1391 1978 6.
1419 1930 1465 1976 et
1496 1921 1665 1974 dicens
1690 1935 1709 1973 :

212 2045 431 2107 Domine,
455 2054 580 2110 puer
608 2049 749 2088 meus
763 2031 900 2102 jacet
920 2027 974 2080 in
991 2026 1139 2079 domo
1156 2018 1487 2092 paralyticus,
1514 2023 1559 2068 et
1582 2012 1713 2067 male

216 2145 475 2208 torquetur.

216 2231 261 2284 l.
287 2198 552 2295 beprosus
578 2215 818 2288 quidem,
851 2224 971 2266 cum
1008 2202 1371 2262 descendisset
1400 2198 1467 2253 de
1498 2204 1709 2259 monte,

159 2286 396 2377 accessit:
428 2315 516 2368 hie
560 2286 688 2365 vero
731 2302 1010 2365 centurio,
1053 2307 1330 2366 postquam
1377 2291 1626 2347 intrasset
1663 2286 1715 2338 in

160 2414 482 2483 Caperuaum.
513 2404 623 2459 Cur
659 2412 786 2468 ergo
810 2436 824 2460 ,
858 2406 1030 2462 neque
1057 2389 1143 2443 hic
1166 2400 1341 2455 neque
1371 2383 1460 2436 ille
1490 2381 1543 2434 in
1565 2393 1719 2432 mon-

162 2477 252 2558 tem
285 2492 654 2555 accesserunt?
700 2488 817 2543 Non
860 2485 929 2539 ob
977 2479 1256 2551 segnitiem
1287 2492 1300 2528 :
1333 2487 1451 2526 nam
1494 2477 1718 2536 uterque

163 2593 251 2648 ﬁde
272 2587 554 2652 ardebat’;
587 2580 680 2638 sed
702 2595 769 2634 ne
794 2577 1074 2632 docentem
1104 2565 1526 2635 interpellarent.
1550 2561 1720 2613 Acce-

164 2685 275 2741 deus
300 2691 473 2736 autem
497 2650 633 2732 dixit
660 2691 674 2727 :
705 2671 842 2725 Puer
872 2681 1012 2720 meus
1038 2664 1177 2733 jacet
1204 2660 1258 2712 in
1288 2658 1437 2710 domo
1465 2650 1718 2723 paralyti-

166 2793 258 2842 σιω,
275 2786 317 2829 et
339 2774 464 2828 male
486 2775 766 2839 torquetur.
792 2760 1016 2829 Quidam
1044 2757 1226 2811 dicunt
1246 2766 1389 2815 eum,
1414 2758 1471 2803 ut
1498 2760 1616 2801 sese
1637 2759 1723 2798 ex-

165 2878 369 2935 cusaret,
411 2879 629 2921 causam
676 2858 893 2920 dixisse,
941 2868 1035 2908 cur
1074 2864 1195 2904 eum
1242 2860 1348 2899 non
1389 2840 1718 2897 adduxisset.

166 2960 263 3015 Non
285 2929 415 3015 enim
441 2961 672 3025 poterat,
702 2950 963 3018 inquiunt,
986 2939 1304 3011 paralyticus
1324 2933 1411 3003 qui
1442 2929 1726 3000 torqueba-

169 3063 266 3116 tur,
297 3061 346 3106 et
374 3021 670 3105 extremum
697 3043 805 3111 jam
835 3037 1048 3093 eﬂlahat
1076 3034 1296 3086 halitum
1332 3024 1549 3097 gestari.
1589 3021 1720 3075 Nam

168 3160 271 3200 eum
288 3145 388 3213 jam
419 3144 468 3196 in
495 3137 754 3197 extremis
786 3134 945 3186 fuisse
973 3136 1152 3183 narrat
1180 3126 1249 3178 ita
1277 3122 1448 3176 Lucas
1478 3136 1489 3169 :
1526 3116 1591 3169 Et
1619 3129 1726 3167 ino-

170 3212 336 3293 riturus
363 3245 466 3291 erat
492 3233 646 3306 (Luc.
676 3230 727 3282 7.
756 3225 830 3298 9.).
864 3225 975 3293 Ego
998 3212 1125 3275 vero
1151 3217 1201 3271 id
1229 3222 1353 3284 puto
1379 3212 1586 3280 signum
1608 3219 1728 3260 esse

172 3344 350 3397 magnte
378 3328 514 3381 illius
546 3323 690 3385 fidei,
719 3328 773 3373 et
797 3315 963 3371 multo
992 3308 1230 3380 majoris,
1250 3318 1406 3375 quam
1430 3313 1615 3355 eorum
1638 3294 1729 3364 qui

174 3388 460 3489 perlectum
487 3413 816 3471 demiserunt
842 3407 1030 3478 (Marc.
1054 3403 1108 3455 2.
1133 3402 1211 3469 4).
1240 3396 1373 3463 Quia
1399 3392 1541 3447 enim
1564 3388 1729 3459 probe

173 3512 351 3566 sciebat
371 3511 482 3564 solo
506 3503 716 3561 Domini
740 3506 1005 3571 praecepto
1021 3497 1286 3565 jacentem
1309 3498 1526 3555 surgere
1549 3494 1726 3550 posse,

174 3603 474 3675 superﬂuum
504 3598 724 3670 putabat
752 3607 870 3649 esse
898 3592 1071 3658 ipsum
1100 3585 1385 3639 adducere.
1413 3575 1549 3644 Quid
1576 3573 1733 3643 igitur

175 3666 345 3757 Jesus?
385 3666 536 3764 Quod
586 3704 844 3759 nusquam
876 3685 1102 3745 fecerat,
1135 3679 1221 3732 hic
1259 3674 1399 3729 fecit.
1433 3672 1562 3726 Cum
1588 3666 1734 3722 enim

178 3791 348 3859 ubique
375 3762 782 3859 supplicantium
809 3779 1134 3834 voluntatem
1164 3776 1494 3838 sequeretur,
1516 3762 1601 3815 hic
1621 3773 1737 3830 prec

178 3882 298 3947 silit,
325 3896 416 3935 uec
450 3895 507 3934 se
538 3885 847 3931 curaturum
878 3876 1079 3923 tantum
1104 3907 1117 3931 ,
1151 3861 1246 3918 sed
1276 3861 1491 3915 domum
1524 3864 1735 3925 quoque

178 3986 431 4032 venturum
460 3973 757 4045 pollicetur.
792 3967 844 4020 Id
872 3980 1000 4026 vero
1025 3961 1166 4024 facit,
1194 3966 1251 4011 ut
1276 3947 1605 4009 centurionis
1630 3946 1736 3998 vir-

182 4076 329 4122 lutem
352 4036 637 4121 discamus.
660 4059 769 4114 Nisi
800 4056 940 4113 enim
964 4053 1066 4107 hoc
1092 4044 1441 4120 promisisset,
1464 4038 1558 4095 sed
1576 4036 1739 4091 dixis-

181 4168 266 4221 set,
301 4157 457 4220 Vade,
487 4162 703 4208 sanetur
728 4164 861 4219 puer
892 4154 1012 4200 tuus
1045 4160 1057 4194 :
1089 4139 1216 4194 nihil
1239 4140 1426 4188 horum
1456 4140 1740 4198 cognosce-

180 4262 360 4302 remus.
394 4246 625 4315 ldipsum
661 4215 818 4293 etiam
847 4250 969 4305 erga
1001 4229 1330 4285 thnissam
1355 4220 1632 4276 mulierem
1659 4215 1739 4269 fe-

182 4339 260 4397 cit.
289 4337 381 4390 etsi
424 4307 692 4389 contrario
740 4327 898 4382 modo
946 4321 1153 4398 (Marc.
1195 4318 1247 4372 7.
1285 4316 1375 4370 26.
1427 4311 1595 4383 ειη).
1643 4307 1742 4362 Hic

182 4429 306 4482 enim
332 4444 424 4483 nec
451 4432 666 4480 vocatus
690 4422 739 4474 iu
762 4419 1000 4480 dommn,
1024 4427 1082 4468 se
1106 4424 1227 4466 esse
1250 4415 1529 4461 venturum
1555 4409 1744 4472 sponte

183 4519 312 4581 dicit,
338 4529 392 4574 ut
412 4520 585 4573 discas
607 4507 932 4568 centurionis
955 4505 1111 4560 [idem
1138 4500 1461 4567 multamque
1486 4493 1745 4550 humilita-

186 4621 316 4667 tem:
345 4613 394 4667 in
424 4608 701 4665 thnissa
742 4618 870 4656 vero
908 4598 1107 4653 donum
1149 4595 1414 4663 denegat,
1469 4589 1745 4657 ipsamque

182 4712 597 4771 perseverantem
629 4698 681 4751 in
712 4693 929 4749 dubium
951 4672 1183 4757 conjicit.
1211 4683 1341 4738 Nam
1369 4695 1487 4735 cum
1510 4692 1668 4747 sagax
1693 4684 1748 4730 et

186 4770 368 4859 peritus
394 4794 462 4846 sit
490 4788 746 4849 medicus,
768 4781 1032 4840 contraria
1053 4776 1337 4833 contrariis
1363 4773 1557 4827 elicere
1579 4770 1745 4824 novit.

187 4880 247 4937 Et
272 4883 353 4937 hic
380 4882 592 4954 quidem
620 4895 713 4951 per
742 4884 1093 4946 spontaneum
1123 4871 1406 4924 adventum
1433 4909 1447 4933 ,
1482 4866 1590 4919 illic
1618 4878 1749 4918 vero

190 4987 272 5041 per
291 4953 589 5029 diuturnam
619 4969 947 5025 dilationem.
973 4971 1026 5017 et
1042 4962 1306 5031 repulsam
1333 4958 1488 5012 fidem
1511 4953 1751 5009 mulieris

191 5067 363 5134 aperit.
386 5067 473 5121 Sic
496 5065 655 5120 etiam
675 5075 799 5131 erga
828 5055 1187 5112 Abrahamum
1213 5052 1333 5106 fecit
1363 5050 1548 5103 dicens
1582 5066 1595 5100 :
1632 5043 1752 5098 Non

191 5159 342 5213 celabo
362 5175 574 5231 puerum
595 5172 759 5210 meum
777 5151 1031 5206 Abraham
1061 5146 1211 5218 (Gen.
1237 5145 1323 5200 18.
1351 5144 1439 5212 17)
1462 5161 1474 5196 :
1500 5149 1558 5196 ut
1579 5141 1753 5196 discas

193 5246 319 5303 illius
341 5265 571 5303 amorem
593 5290 610 5314 ,
638 5254 695 5302 et
717 5254 965 5315 quantam
996 5240 1063 5295 de
1089 5237 1338 5294 Sodomis
1365 5232 1753 5305 providentiam

191 5347 405 5406 gereret.
436 5340 503 5394 Et
522 5339 609 5409 qui
631 5338 697 5391 ad
722 5336 911 5390 Letum
936 5332 1081 5386 missi
1104 5337 1276 5394 erant,
1306 5324 1509 5396 ingredi
1539 5324 1757 5379 domum

195 5429 302 5498 eius
334 5432 538 5496 nolunt,
571 5437 628 5485 ut
650 5427 778 5499 justi
805 5423 1220 5493 hospitalitatem
1252 5418 1542 5474 edisceres.

260 5520 569 5577 Centurionis
589 5522 736 5593 ﬁdes.
755 5550 826 5560 ——
845 5517 982 5585 Qttid
1005 5517 1164 5586 igitur
1178 5514 1253 5569 ait
1271 5511 1546 5567 centurio?
1572 5509 1625 5565 8.
1654 5507 1762 5561 Do-

196 5614 340 5680 mine,
362 5631 462 5669 non
487 5630 599 5669 sunt
619 5614 822 5684 dignus,
850 5619 905 5664 ut
930 5611 1085 5663 intres
1111 5606 1203 5660 sub
1228 5614 1410 5659 tectum
1440 5617 1623 5655 meum.
1654 5604 1761 5654 Au-

196 5703 394 5758 diamus
436 5711 694 5773 quotquot
737 5702 981 5755 volumus
1039 5697 1310 5753 Christum
1371 5693 1654 5763 excipere,
1702 5697 1763 5744 ut

202 5809 334 5850 nunc
373 5795 531 5849 etiam
570 5808 868 5864 possumus.
921 5790 1212 5846 Audiamus
1251 5796 1304 5843 et
1351 5786 1657 5852 imitemur,
1701 5797 1764 5838 ac

268 5949 285 5982 ¹
317 5949 528 6011 Quidam,
547 5947 767 6014 utrinque
789 5958 920 6001 recta
944 5950 1085 6015 ﬁdes.

1815 1842 1937 1884 cum
1966 1828 2076 1899 pari
2108 1827 2255 1883 illum
2280 1827 2458 1883 studio
2479 1825 2496 1859 ί
2525 1829 2849 1898 excipiamus
2880 1846 2891 1881 :
2925 1842 3044 1882 cum
3082 1826 3224 1881 enim
3268 1840 3402 1896 pau-

1817 1936 2028 1992 perem,
2058 1922 2381 1976 esurientem
2405 1930 2457 1976 et
2486 1920 2685 1975 nudum
2715 1920 2919 1990 excipis
2938 1961 2952 1984 ,
2985 1918 3130 1972 illum
3159 1928 3213 1972 et
3241 1932 3403 1972 exce-

1818 2014 1944 2085 pisti
1971 2023 2024 2069 et
2052 2014 2250 2069 aluisti.
2280 2013 2387 2068 Sed
2411 2024 2604 2067 tantum
2628 2014 2708 2067 dic
2734 2014 2900 2076 verba,
2923 2022 2971 2065 et
2996 2013 3258 2066 sanabitur
3282 2027 3406 2081 puer

1820 2122 1988 2161 meus.
2026 2106 2160 2161 Vide
2186 2107 2553 2161 centurionem
2585 2105 2805 2175 perinde
2829 2114 2988 2174 atque
3015 2105 3285 2173 leprosum
3311 2118 3407 2157 ve-

1820 2214 1933 2253 ram
1961 2198 2030 2254 de
2055 2199 2265 2254 Christo
2292 2199 2538 2253 habuisse
2560 2198 2886 2269 opinionem.
2918 2196 3048 2250 Natn
3070 2205 3125 2251 et
3145 2196 3257 2264 ipse
3278 2209 3411 2262 quo«

1822 2304 1926 2358 que
1972 2305 2079 2345 non
2120 2291 2274 2354 dixit,
2311 2291 2489 2360 ltoga;
2532 2305 2636 2343 non
2665 2289 2820 2354 dixit,
2854 2287 3099 2349 Precare,
3135 2284 3407 2353 supplit‘a;

1823 2378 1916 2433 sed
1939 2380 2133 2444 solum,
2159 2380 2386 2448 impera.
2411 2379 2615 2433 Deinde
2643 2379 2860 2440 timens,
2885 2392 2952 2431 ne
2976 2392 3070 2445 per
3095 2374 3409 2429 modestiam

1824 2480 2092 2534 renuerct,
2123 2470 2256 2525 dixit
2285 2489 2298 2525 :
2327 2470 2381 2525 9.
2414 2469 2552 2524 Nam
2573 2480 2619 2523 et
2644 2486 2734 2540 ego
2757 2470 2906 2524 homo
2926 2485 3038 2522 sum
3058 2467 3147 2522 sub
3171 2475 3412 2538 potestate

1825 2562 2149 2627 constitutus,
2180 2561 2365 2616 habens
2385 2564 2474 2615 sub
2503 2578 2584 2615 me
2607 2562 2829 2626 milites;
2860 2569 2904 2613 et
2931 2559 3044 2613 dico
3073 2558 3208 2621 huic,
3246 2556 3408 2623 Vade,

1826 2664 1871 2707 et
1897 2655 2032 2708 vadit
2056 2669 2077 2707 :
2100 2663 2148 2707 et
2177 2654 2286 2720 alii,
2322 2654 2462 2721 Veni,
2491 2663 2539 2708 ct
2562 2642 2698 2708 uenit
2727 2673 2743 2706 :
2769 2663 2814 2707 et
2840 2668 2980 2707 servo
3006 2668 3136 2717 meo,
3162 2651 3271 2704 Fac
3292 2652 3407 2714 hoc,

1828 2756 1875 2799 et
1905 2747 2047 2816 facit.
2082 2745 2150 2800 Et
2178 2746 2304 2816 quid
2328 2746 2469 2811 inde,
2492 2747 2717 2817 inquies,
2739 2746 2785 2801 si
2806 2746 3044 2801 centurio
3070 2746 3148 2799 sic
3174 2744 3416 2813 suspica-

1833 2846 1918 2891 tus
1942 2838 2045 2891 sit?
2074 2837 2204 2891 Nam
2231 2837 2283 2891 id
2312 2838 2591 2907 quaeritur,
2624 2838 2666 2891 si
2702 2839 2802 2891 hoc
2830 2834 3072 2890 Christus
3100 2832 3412 2904 protulerit,

1832 2936 1886 2981 et
1910 2928 2321 2982 conlirmaverit.
2352 2928 2582 2983 Pulchre
2610 2936 2664 2982 et
2691 2927 2976 2982 admodum
3008 2924 3299 2995 prudenter
3332 2924 3416 2978 di-

1833 3018 1931 3072 cis.
1973 3019 2113 3088 Ergo
2143 3018 2244 3073 hoc
2273 3020 2443 3087 ipsum
2475 3019 2750 3073 videamus
2780 3036 2792 3071 :
2825 3032 2948 3071 nam
2979 3017 3308 3070 inveniemus
3336 3014 3419 3068 id-

1834 3114 2005 3181 ipsum
2034 3113 2174 3181 quod
2206 3113 2258 3166 in
2287 3114 2496 3182 leproso
2525 3112 2612 3167 hic
2647 3112 2843 3167 factum
2880 3125 3020 3166 esse.
3064 3109 3422 3178 Quemadmo-

1835 3205 1959 3259 dum
1988 3206 2128 3259 enim
2155 3207 2399 3274 leprosus
2423 3248 2437 3269 ,
2469 3205 2531 3261 Si
2567 3207 2639 3259 vis
2660 3247 2673 3270 ,
2716 3204 2848 3259 dixit
2878 3206 3085 3274 (neque
3115 3218 3180 3257 ex
3211 3203 3423 3272 leproso

1836 3306 2038 3352 tantum
2080 3298 2426 3352 confirmatur
2465 3297 2658 3350 Christi
2706 3295 2978 3364 potentia,
3023 3294 3117 3349 sed
3156 3294 3316 3348 etiam
3357 3309 3423 3348 ex

1836 3386 2033 3442 Christi
2063 3402 2193 3441 voce
2228 3405 2240 3440 :
2273 3404 2375 3441 non
2420 3386 2580 3440 modo
2621 3387 2763 3440 enim
2803 3386 2917 3455 ejus
2960 3385 3266 3454 opinionem
3316 3399 3420 3437 non

1838 3480 2113 3544 refutavit,
2139 3480 2231 3533 sed
2264 3480 2422 3533 etiam
2452 3478 2808 3545 confirmavit,
2836 3493 2957 3531 cum
2990 3476 3042 3530 id
3071 3476 3212 3546 quod
3237 3492 3424 3545 supcr-

1839 3574 2003 3629 ﬂuum
2029 3574 2304 3627 videbatur
2324 3586 2442 3626 esse
2466 3570 2679 3641 adjecit,
2708 3579 2761 3625 et
2790 3569 2945 3635 dixit,
2980 3567 3126 3635 Volo,
3156 3568 3422 3634 mundare,

1840 3676 1896 3722 ut
1925 3668 2039 3737 ejus
2066 3666 2385 3721 sententiam
2416 3664 2692 3734 firmaret)
2729 3686 2742 3719 :
2771 3663 2850 3719 sic
2877 3671 2929 3717 ct
2959 3662 3060 3717 hoc
3087 3662 3205 3717 loco
3238 3663 3427 3731 explo-

1841 3758 2066 3813 randum
2092 3767 2212 3823 est,
2245 3773 2372 3811 num
2401 3756 2525 3826 quid
2553 3756 2725 3810 simile
2755 3755 2948 3809 factum
2975 3755 3043 3808 sit
3075 3770 3090 3808 :
3123 3768 3244 3808 nam
3275 3752 3428 3808 iuve-

1845 3850 2055 3905 niemus
2085 3850 2313 3919 idipsum
2343 3849 2428 3902 hic
2452 3847 2726 3903 accidisse.
2755 3847 2887 3901 Cum
2912 3846 3053 3900 enim
3084 3846 3323 3901 centurio
3347 3852 3427 3896 ta-

1842 3940 1912 3998 lia
1940 3942 2179 4008 dixisset,
2210 3953 2264 3997 et
2290 3951 2448 3996 tantae
2481 3942 2725 4010 potestati
2760 3939 3120 3995 testimonium
3147 3937 3422 4001 dedisset,

1846 4053 1952 4092 non
1981 4036 2142 4091 modo
2174 4051 2278 4091 non
2310 4032 2686 4103 reprehendit,
2726 4032 2819 4086 sed
2858 4040 2910 4084 et
2938 4029 3285 4099 approbavit,
3320 4027 3430 4081 imo

1846 4130 2074 4199 amplius
2103 4127 2372 4197 quidpiam
2405 4125 2545 4180 fecit.
2576 4123 2761 4192 Neque
2797 4122 2969 4175 solum
3001 4121 3133 4174 dixit
3160 4119 3429 4188 evangeli-

1848 4230 1949 4282 sta.
1980 4220 2251 4275 Christum
2284 4219 2399 4286 ejns
2422 4216 2564 4270 dicta
2595 4214 2871 4278 laudasse;
2900 4212 2994 4267 sed
3024 4221 3079 4266 et
3103 4211 3273 4265 laudis
3302 4210 3432 4285 sub-

1848 4313 2127 4367 limitatem
2159 4310 2399 4364 iudicans
2423 4307 2574 4372 dixit,
2599 4323 2720 4361 eum
2746 4305 3063 4359 admiratum
3096 4316 3235 4366 esse,
3263 4316 3435 4372 neque

1853 4415 2053 4462 tantum
2076 4404 2395 4459 admiratum
2426 4416 2566 4467 esse,
2587 4399 2678 4454 sed
2701 4399 2860 4455 etiam
2885 4396 3027 4453 omni
3054 4403 3318 4467 praesente
3343 4410 3440 4465 po-

1851 4501 1997 4570 pulo,
2029 4499 2149 4553 aliis
2177 4496 2477 4564 exemplum
2512 4493 2724 4548 dedisse
2750 4533 2763 4553 ,
2800 4499 2855 4546 ut
2889 4490 3040 4543 illum
3080 4488 3436 4542 imitarentur.

1853 4592 2041 4645 Videu‘
2077 4586 2349 4658 quomodo
2375 4583 2566 4654 singuli
2595 4582 2686 4653 qui
2725 4578 3147 4635 tcstifieabautur
3174 4578 3271 4647 ipsi
3299 4619 3313 4641 ,
3345 4591 3443 4647 po-

1855 4685 2074 4740 tentiam
2122 4681 2286 4750 ipsius
2331 4675 2696 4732 mirabantur?
2739 4674 2805 4728 Et
2845 4671 3128 4741 stupebant
3167 4669 3335 4723 turba:
3373 4669 3443 4723 de

1854 4775 2096 4829 doctrina
2132 4770 2268 4838 ejus,
2309 4771 2431 4840 quia
2475 4777 2741 4837 tamquam
2772 4773 3086 4834 potestatem
3115 4761 3317 4816 habens
3345 4761 3443 4814 do-

1857 4866 2042 4929 cebat;
2076 4878 2176 4918 nec
2194 4863 2366 4917 solum
2396 4877 2499 4915 non
2529 4857 2894 4929 reprehendit,
2920 4856 3012 4911 sed
3035 4856 3194 4909 etiam
3216 4869 3336 4909 cum
3365 4854 3444 4908 eis

1861 4958 1929 5012 de
1959 4958 2142 5012 monte
2170 4953 2468 5017 descendit,
2495 4967 2559 5006 ac
2589 4951 2800 5019 leproso
2832 4948 3102 5009 inundate,
3138 4946 3350 5005 illorum
3376 4945 3447 5002 de

1860 5066 1919 5106 se
1947 5049 2252 5118 opinionem
2282 5044 2527 5098 firmavit.
2561 5041 2774 5094 Dicebat
2814 5039 2903 5092 ille
2923 5079 2936 5101 ,
2969 5037 3031 5092 Si
3070 5037 3172 5105 vis,
3203 5046 3343 5107 potes
3369 5054 3450 5092 me

1862 5141 2144 5203 mundare;
2189 5153 2287 5193 nec
2314 5135 2474 5190 modo
2502 5135 2646 5188 illum
2676 5147 2781 5185 non
2809 5129 3102 5198 increpavit
3124 5171 3137 5193 ,
3167 5128 3260 5184 sed
3285 5126 3452 5183 etiam

1865 5245 1922 5288 ut
1951 5235 2065 5301 ipse
2089 5233 2313 5295 dixerat,
2347 5228 2425 5282 sic
2449 5227 2538 5280 ille
2565 5224 2788 5279 curavit.
2819 5222 3050 5276 Rursum
3077 5219 3165 5275 hic
3192 5228 3447 5275 centena-‘-

1864 5328 1976 5382 rius
2005 5324 2216 5379 diccbat
2240 5341 2250 5374 :
2277 5319 2371 5373 llic
2393 5317 2537 5372 verba
2560 5324 2832 5381 tantum,et
2852 5312 3110 5368 sanabitur
3131 5328 3256 5381 puer
3274 5324 3451 5364 meus:

1867 5428 1920 5472 et
1948 5416 2216 5470 admirans
2243 5412 2417 5481 ipsum
2438 5407 2648 5463 dicebat
2680 5423 2692 5457 :
2724 5404 2808 5461 10.
2842 5402 2961 5458 Νοη
2992 5402 3154 5457 inveni
3175 5410 3367 5454 tantam
3392 5399 3455 5467 fi-

1869 5512 1982 5566 dem
2012 5511 2065 5563 in
2094 5504 2278 5561 Israel.

1939 5602 1994 5656 2.
2028 5601 2098 5656 Ut
2119 5608 2291 5651 autem
2318 5592 2587 5650 contrario
2615 5589 2859 5658 exemplo
2886 5586 3012 5642 illud
3038 5585 3244 5642 ediscas
3275 5602 3288 5637 :
3316 5597 3451 5652 quo-

1871 5695 2013 5750 niam
2055 5688 2257 5744 Martha
2302 5684 2435 5741 nihil
2473 5683 2662 5738 horum
2698 5680 2925 5743 dixerat,
2974 5677 3069 5733 sed
3105 5673 3459 5737 contrarium,

1877 5781 2242 5853 Quodcumque
2284 5775 2569 5848 poposceris
2608 5789 2641 5826 a
2682 5770 2810 5837 Deo,
2852 5769 2987 5823 dabit
3024 5767 3111 5823 tibi
3146 5763 3323 5839 (Joan.
3367 5762 3460 5817 Η».

1942 5940 1960 5972 ⁸
1993 5935 2188 6000 quidam
2210 5933 2417 5994 habent,
2435 5927 2553 5995 ﬁde,
2576 5940 2682 5992 pro,
2705 5924 2883 5978 studio.
