4036 6430
500 471 608 531 835

497 585 630 655 23):
660 597 768 640 non
797 580 957 640 modo
980 595 1088 637 non
1117 577 1328 637 laudata
1351 587 1457 647 est,
1482 577 1696 639 etiamsi
1721 587 1847 635 nota
1868 578 2086 637 Christe

498 685 643 733 esset
667 675 926 746 abeoquo
958 673 1288 745 diligeretur,
1327 682 1382 729 et
1415 671 1527 743 ipsa
1557 671 1844 731 admodum
1886 672 2091 729 coleret

497 785 656 829 eum;
686 766 782 824 sed
806 767 969 824 etiam
994 766 1067 822 ab
1109 767 1228 837 ipso
1271 765 1555 825 emendata
1595 764 1779 821 fuitut
1808 780 1937 835 quae
1980 778 2089 822 non

498 859 637 915 bene
665 858 910 915 dixisset.
938 855 1071 913 Nam
1097 855 1313 913 dicebat
1334 854 1415 911 illi
1445 871 1460 906 :
1488 853 1677 911 Nonne
1703 855 1925 910 dicebam
1951 854 2040 908 tibi
2068 868 2089 910 :

496 948 561 1006 Si
584 947 882 1014 credideris,
915 947 1101 1003 uidebis
1131 947 1347 1018 gloriam
1383 945 1478 1001 [λεὲ
1507 944 1687 1017 (lacn.
1713 945 1800 1001 ll.
1832 944 1969 1014 40)?
2010 946 2090 1000 sic

496 1041 645 1097 illam
696 1039 1097 1117 reprehendens
1139 1038 1282 1110 quod
1330 1038 1570 1097 nondum
1614 1036 1951 1094 credidisset.
2008 1038 2088 1093 Ac

496 1148 711 1189 rursum
735 1133 857 1202 quia
887 1131 1096 1189 dicebat
1127 1149 1144 1188 :
1173 1132 1513 1200 Quacumque
1540 1130 1740 1200 petieris
1767 1146 1800 1184 a
1831 1128 1957 1195 Deo,
1987 1130 2085 1189 da-

494 1225 567 1280 bit
597 1226 684 1280 tibi
714 1224 852 1282 Beas
883 1241 901 1279 :
926 1226 1070 1282 illam
1096 1241 1129 1284 a
1161 1225 1250 1281 tali
1280 1225 1532 1295 opinione
1558 1225 1829 1282 abducens
1854 1224 2086 1281 docens—

492 1331 621 1386 que,
650 1316 750 1371 sibi
778 1332 884 1372 non
910 1331 1045 1387 opus
1067 1331 1191 1373 esse
1218 1324 1277 1373 ut
1300 1316 1369 1373 ab
1394 1316 1500 1371 alio
1524 1316 1814 1387 acciperet,
1842 1315 1937 1371 sed
1967 1329 2088 1373 esse

497 1422 557 1461 se
588 1408 846 1461 honorum
891 1406 1113 1472 fontem,
1163 1407 1340 1463 dixit:
1374 1406 1482 1479 Ego
1531 1423 1645 1462 sunt
1693 1407 1994 1467 resurrectio
2037 1415 2088 1462 et

495 1499 597 1551 vita
629 1497 789 1569 (Ibid.
816 1513 864 1553 υ.
898 1496 1015 1569 25).
1056 1497 1111 1553 ld
1138 1507 1240 1565 est,
1278 1498 1394 1553 Non
1440 1497 1508 1553 ab
1548 1500 1656 1554 alio
1682 1497 1937 1568 operandi
1976 1498 2085 1555 vim

494 1598 775 1656 exspecto,
803 1588 897 1644 sed
927 1604 995 1645 ex
1022 1590 1229 1659 meipso
1252 1590 1431 1645 omnia
1460 1590 1617 1644 iacio.
1646 1588 1931 1659 Propterea
1958 1603 2087 1646 cen-

495 1678 763 1734 turionem
809 1679 1056 1745 miratur,
1088 1680 1290 1750 totique
1337 1680 1534 1751 populo
1572 1680 1743 1751 ipsum
1783 1682 2083 1752 anteponit,

494 1772 640 1842 regni
671 1770 875 1826 honore
896 1771 1079 1838 donat,
1107 1772 1347 1843 aliosque
1370 1772 1436 1828 ad
1464 1788 1587 1829 eum
1620 1773 1935 1829 imitandum
1955 1789 2083 1843 pro-

493 1873 667 1917 vocat.
695 1861 912 1919 Utvero
936 1862 1114 1920 discas
1144 1865 1315 1937 ipsum
1347 1864 1467 1921 ideo
1492 1864 1606 1920 lucc
1638 1864 1859 1931 dixisse,
1896 1876 1954 1920 ut
1980 1881 2087 1920 cac-

494 1964 640 2009 teros
664 1953 731 2009 ad
755 1952 915 2010 ﬁdem
942 1954 1168 2011 similem
1214 1955 1535 2019 institueret,
1574 1955 1698 2011 audi
1744 1956 2085 2026 evangelista

491 2046 841 2118 diligentiam,
886 2048 1154 2118 quomodo
1195 2064 1387 2119 nempe
1436 2048 1664 2120 idipsum
1709 2049 2083 2107 subiudicave-

489 2138 565 2193 rit
592 2156 605 2192 :
636 2154 760 2193 nam
791 2139 886 2207 ait,
927 2140 1207 2196 Conversus
1244 2139 1417 2207 Jews,
1465 2142 1783 2213 sequentibus
1818 2158 1872 2198 se
1902 2142 2037 2196 dixit
2064 2159 2084 2196 :

489 2234 616 2293 Non
640 2236 805 2292 inveni
851 2244 1044 2291 tantam
1090 2236 1245 2306 ﬁdem
1287 2237 1341 2291 in
1381 2235 1563 2292 Israel.
1603 2237 1744 2309 Ergo
1785 2252 1975 2309 magna
2014 2236 2084 2294 de

498 2321 597 2379 illo
607 2326 948 2397 existimare,
970 2329 1025 2387 id
1046 2330 1286 2389 maxime
1304 2331 1427 2388 lldei
1443 2340 1546 2401 est,
1563 2347 1901 2405 regnumque
1925 2333 2086 2389 caelo-

484 2433 608 2474 rum
662 2427 716 2474 et
741 2417 844 2475 alia
894 2418 1034 2477 bona
1081 2420 1351 2475 conciliat.
1397 2419 1578 2491 Neque
1607 2420 1751 2475 enim
1795 2420 2080 2479 verborum

482 2520 645 2567 tenus
682 2511 854 2581 ipsum
883 2511 1135 2580 laudavit,
1166 2511 1261 2569 sed
1300 2522 1514 2582 propter
1539 2511 1698 2570 ﬁdem
1724 2512 1841 2582 ejus
1878 2529 2080 2584 tegi-um

488 2602 590 2672 ipsi
620 2617 808 2659 sanum
837 2603 1091 2671 restituit,
1126 2603 1566 2674 splendidamque
1604 2602 1700 2674 ipsi
1734 2605 1900 2659 nectit
1924 2619 2080 2660 coro-

488 2711 634 2761 nam,
662 2712 725 2753 ac
748 2712 935 2767 magna
963 2697 1224 2767 promittit
1248 2695 1386 2755 dona
1417 2695 1502 2752 his
1535 2696 1716 2751 verbis
1741 2715 1754 2751 :
1786 2697 1873 2751 ll.
1924 2696 2080 2751 Multi

500 2788 565 2843 ab
591 2788 790 2842 oriente
827 2798 876 2842 et
916 2790 1183 2843 occidente
1216 2791 1440 2856 venient,
1472 2802 1524 2848 et
1556 2795 1929 2847 recumbentin
1962 2798 2082 2847 sinu

495 2881 766 2937 Abraham
781 2881 798 2912 ¹
809 2890 859 2937 et
875 2880 1035 2941 Isaac
1046 2892 1097 2938 et
1108 2882 1299 2943 Iacob:
1317 2884 1385 2941 te
1394 2884 1687 2955 (iliiautem
1706 2888 1852 2959 regni
1865 2886 2081 2956 ejicien-

481 2981 565 3028 tur
590 2974 749 3043 foras.
783 2974 916 3044 Quia
943 2975 1086 3031 enim
1116 2976 1281 3030 multa
1311 2976 1623 3031 exhibuerat
1652 2976 1924 3043 miracula,
1953 2990 2075 3030 cum

483 3066 673 3137 majori
701 3067 955 3138 deinceps
983 3066 1178 3125 ﬁducia
1217 3078 1273 3125 et
1312 3068 1560 3126 libertate
1598 3069 1743 3137 ipsos
1765 3069 2071 3140 alloquitur.

482 3156 704 3224 Deinde,
734 3175 806 3219 ne
832 3160 953 3231 quis
983 3169 1191 3229 putant
1216 3175 1278 3216 se
1310 3175 1378 3216 ex
1405 3160 1712 3217 adulatione
1736 3162 1824 3217 illa
1850 3162 2068 3228 dixisse,

478 3257 644 3319 utque
667 3265 856 3307 omnes
883 3251 1179 3319 discerent,
1196 3251 1288 3306 illo
1312 3267 1438 3307 vere
1473 3252 1653 3308 animo
1697 3252 1860 3308 fuisse
1887 3263 2075 3310 centu-

478 3339 706 3407 rionem,
734 3341 812 3399 ait
840 3358 853 3393 :
882 3343 966 3401 l5.
1011 3341 1180 3408 Vade;
1209 3351 1264 3399 ut
1289 3342 1567 3410 credidisti,
1599 3345 1691 3413 ﬁat
1719 3344 1825 3399 tibi.
1853 3346 2074 3400 Statim-

476 3447 582 3502 que
612 3431 784 3502 ipsum
807 3449 943 3507 opus
969 3446 1250 3509 sequutum
1280 3444 1383 3501 est,
1410 3434 1554 3507 quod
1588 3435 1731 3493 illius
1755 3436 1989 3491 animum
2015 3444 2072 3492 et

475 3523 802 3583 voluntatem
835 3527 1229 3583 testiﬁcaretur.
1275 3525 1341 3581 Et
1368 3538 1578 3583 sanatus
1608 3538 1679 3583 est
1706 3545 1832 3597 puer
1867 3530 1979 3601 ejus
2005 3529 2069 3583 ab

476 3613 603 3671 hora
627 3614 738 3669 illa.
767 3615 919 3686 Quod
942 3617 1105 3677 etiam
1132 3620 1183 3671 in
1208 3619 1617 3691 Syrophmaissa
1645 3621 1863 3692 contigit
1901 3640 1914 3676 :
1943 3636 2065 3679 nam

471 3705 609 3765 dixit
634 3706 706 3762 illi
735 3724 749 3763 :
781 3693 827 3762 0
854 3709 1056 3772 mulier,
1087 3726 1273 3780 magna
1297 3719 1369 3764 est
1396 3710 1523 3779 ﬁdes
1550 3721 1637 3767 tua
1662 3727 1681 3776 ;
1708 3712 1799 3780 ﬁat
1824 3711 1910 3766 tibi
1936 3712 2069 3768 sicut

473 3798 568 3854 vis.
594 3797 662 3851 Et
689 3808 868 3859 sanata
891 3810 967 3855 est
996 3801 1106 3868 ﬁlia
1129 3806 1242 3871 ejus
1271 3800 1485 3870 (Matth.
1517 3802 1602 3859 l5.
1634 3802 1747 3871 28).
1777 3803 1907 3871 Quia
1935 3818 2066 3860 vero

471 3889 642 3948 Lucas
683 3891 835 3962 (Cap.
886 3893 940 3965 7)
984 3893 1085 3951 hoc
1125 3894 1437 3951 miraculum
1484 3910 1725 3961 narrans,
1770 3897 1869 3953 alia
1899 3897 2064 3953 multa

470 3981 677 4047 inserit,
707 3999 827 4055 qua:
868 3984 1116 4044 videntur
1156 3986 1389 4058 aliquam
1425 3986 1620 4045 oll'erre
1656 3987 2013 4049 diﬂ'erentiam
2042 4007 2059 4057 ;

400 4075 409 4083 ’
469 4073 584 4129 Ιιτιξο
624 4077 940 4133 excutienda
972 4090 1028 4134 et
1068 4078 1324 4135 solvenda
1371 4080 1526 4136 nobis
1566 4090 1709 4137 sunt.
1749 4082 1886 4151 Quid
1929 4099 2060 4155 ergo

466 4162 597 4219 dicit
625 4164 836 4221 Lucas?
863 4167 1038 4237 Ipsum
1076 4170 1287 4226 misisse
1320 4162 1564 4227 seniores
1595 4168 1922 4239 Judtnorum,
1965 4190 2060 4228 ro-

465 4266 655 4327 gantes
695 4267 753 4311 ut
801 4260 1027 4317 veniret.
1085 4260 1364 4318 Matthmus
1409 4277 1539 4318 vero
1590 4265 1663 4319 ait
1711 4264 2057 4321 accedentem

468 4346 642 4415 ipsum
673 4347 889 4415 dixisse,
934 4349 1055 4404 Non
1081 4368 1192 4406 sum
1217 4354 1422 4424 dignus.
1453 4354 1679 4421 Quidam
1708 4371 1836 4412 vero
1876 4357 2061 4417 dicunt

469 4451 576 4491 non
602 4451 723 4491 esse
747 4437 994 4493 eumdem
1026 4440 1218 4509 ipsum,
1245 4443 1344 4497 etsi
1370 4444 1540 4500 multa
1564 4444 1673 4519 sint
1708 4446 1959 4518 utrinque
1984 4447 2059 4503 si-

465 4527 633 4583 milia.
678 4528 755 4585 De
799 4530 893 4585 illo
936 4547 1163 4605 namque
1192 4534 1323 4589 dicit
1355 4555 1368 4592 :
1402 4536 1730 4612 Synagogam
1756 4542 1902 4596 nobis
1926 4542 2056 4598 aedi-

464 4618 655 4688 ]icasit,
700 4630 748 4674 et
777 4632 973 4693 gentem
1018 4625 1182 4695 diligit
1211 4623 1359 4696 (Luc.
1407 4627 1460 4683 7.
1501 4629 1595 4699 5);
1629 4631 1695 4686 de
1735 4631 1837 4689 hoc
1877 4644 2056 4689 autem

463 4709 818 4768 dicitlesus:
855 4711 1031 4783 Neque
1058 4715 1111 4770 in
1149 4715 1317 4773 Israel
1353 4727 1546 4774 tantam
1583 4722 1737 4790 [idem
1764 4724 1949 4779 inveni.
1979 4725 2057 4781 De

464 4800 557 4854 illo
586 4815 764 4858 autem
795 4820 899 4861 non
930 4804 1083 4875 dixit,
1114 4807 1267 4863 Multi
1300 4811 1495 4865 venient
1524 4811 1585 4865 ab
1624 4814 1811 4869 oriente
1841 4816 1884 4881 ',
1916 4816 2057 4872 unde

463 4892 751 4952 verisimile
773 4897 842 4950 sit
876 4897 1047 4969 ipsum
1084 4898 1325 4957 Judaeum
1361 4900 1545 4959 luisse.
1578 4903 1715 4971 Quid
1758 4920 1887 4977 ergo
1911 4906 2059 4962 dicc—

464 4988 623 5041 ntus?
651 4988 738 5043 Sic
772 4988 985 5045 facilem
1013 5006 1134 5047 esse
1161 4994 1483 5050 solutionem
1518 5012 1531 5049 :
1561 4996 1820 5066 quaeritur
1851 5007 2053 5066 autem,

465 5085 645 5131 utrum
680 5079 751 5133 sit
793 5095 940 5136 vera.
986 5081 1113 5137 Mihi
1155 5092 1301 5140 certe
1339 5084 1551 5141 videtur
1585 5086 1833 5144 eumdem
1880 5088 2053 5160 ipsum

462 5183 603 5224 esse.
656 5169 937 5237 Quomodo
985 5190 1135 5247 ergo,
1182 5177 1419 5248 inquies,
1469 5177 1749 5236 Matthteus
1785 5181 2052 5238 dicentem

462 5260 612 5317 illum
641 5263 904 5333 perhibet,
938 5265 1060 5325 Non
1095 5285 1207 5323 sum
1250 5270 1433 5343 dignus
1472 5282 1527 5329 ut
1567 5273 1722 5328 intres
1747 5275 1838 5328 sub
1868 5286 2055 5330 tectum

463 5372 626 5413 ineunt
657 5372 674 5411 :
701 5357 871 5415 Lucas
896 5374 1026 5416 vero
1052 5362 1154 5426 ait,‘
1188 5363 1398 5421 misisse
1427 5376 1670 5421 vocatum
1715 5376 1769 5421 ut
1809 5368 2055 5423 veniret?

467 5448 687 5505 Videtur
727 5452 856 5507 mihi
887 5452 1059 5508 Lucas
1092 5455 1450 5512 adulationem
1495 5456 1770 5515 Judaicam
1814 5461 2056 5516 subindi-

460 5556 604 5606 care,
635 5542 989 5617 hominesque
1026 5547 1078 5602 in
1127 5548 1427 5607 calamitate
1458 5560 1734 5607 versantes
1778 5552 2053 5608 instabiles

471 5638 1251 5713 esse,subitulequcconsilium
1273 5653 1502 5701 mutare.
1526 5644 1827 5701 Verisimile
1853 5648 2053 5718 quippe

489 5805 540 5872 μ’
584 5802 686 5875 alii,
713 5807 998 5875 recumbcnl
1048 5816 1180 5875 sunt
1215 5806 1472 5875 Abraham.
1508 5808 1653 5875 Paulo
1670 5816 1781 5875 post
1797 5809 1964 5871 iidem,
1991 5808 2049 5872 ﬁ-

466 5868 516 5913 lii
532 5874 700 5931 autem
726 5869 864 5931 τεῳιί
885 5869 1139 5927 eiicientur
1162 5870 1215 5922 in
1232 5873 1451 5923 tenebras
1479 5868 1763 5923 exteriores.

527 5928 544 5957 ³
577 5933 684 5979 Mss.
707 5928 920 5993 plurimi,
944 5931 1085 5984 multi
1102 5931 1165 5982 ab
1179 5931 1363 5985 oriente
1386 5939 1433 5985 et
1452 5932 1699 5990 occideras
1718 5931 1923 5986 venient.

1227 463 1282 520 S.
1323 460 1603 521 JO.\NNIS
1637 459 2110 519 CllllYSOSTOMl
2150 458 2469 517 ARCIHEP.
2506 462 3044 522 CONSTANTINOI‘.

2198 584 2281 631 est
2314 579 2680 635 centurionem
2712 594 2835 634 cum
2864 578 3015 636 abire
3056 580 3213 636 vellet
3246 579 3519 638 detentum
3561 581 3730 639 fuisse
3754 600 3790 640 a

2193 665 2393 725 Judmis
2436 669 2778 727 sibilantibus
2820 669 3229 743 dicentibusque
3269 688 3283 725 :
3329 672 3436 741 Nos
3489 672 3685 727 ibimus
3735 683 3790 728 et

2193 759 2521 815 adducemus
2548 776 2693 817 eum.
2724 760 2859 817 Vide
2902 762 3080 833 itaque
3105 761 3534 821 adhortationem
3567 764 3790 821 illorum

2193 848 2497 906 adulatione
2515 856 2747 922 plenam.
2778 851 2961 921 Diligit
2988 855 3143 920 citius,
3174 855 3440 926 inquiunt,
3466 866 3662 928 gentem
3691 874 3789 911 no-

2192 950 2370 1005 stram,
2399 952 2445 997 et
2483 959 2794 1017 synagogam
2828 944 2978 1000 nobis
3027 948 3323 1001 construxit.
3375 944 3557 1019 Neque
3606 947 3786 1002 sciunt

2195 1034 2336 1090 unde
2361 1036 2531 1093 viruut
2576 1039 2795 1097 laudare
2830 1058 2930 1113 par
2973 1041 3065 1097 sit.
3116 1040 3248 1096 Nam
3289 1056 3417 1096 cum
3460 1040 3791 1113 oportuisset

2188 1124 2394 1194 dicere,
2430 1129 2607 1187 Voluit
2632 1133 2746 1203 ipse
2786 1134 2866 1192 ire
2902 1142 3171 1204 rogatum,
3204 1147 3308 1189 nos
3348 1140 3525 1188 autem
3554 1131 3791 1187 retinui-

2194 1234 2334 1285 mus,
2356 1222 2716 1283 calamitatem
2744 1226 3153 1282 considerantes
3181 1234 3237 1283 et
3262 1240 3460 1295 corpus
3479 1224 3611 1280 illud
3636 1223 3789 1280 domi

2187 1313 2368 1383 jacere
2405 1315 2683 1383 videntes;
2715 1328 2874 1389 atque
2912 1319 2992 1375 sic
3028 1318 3147 1388 ejus
3194 1317 3321 1377 ﬁdei
3361 1316 3789 1389 magnitudinem

2191 1419 2460 1475 exponere
2493 1425 2507 1463 :
2538 1408 2611 1465 illi
2654 1410 2839 1480 utique
2870 1410 2977 1467 hoc
3020 1425 3127 1466 non
3162 1410 3376 1477 dicunt;
3427 1423 3603 1479 neque
3636 1409 3789 1464 enim

2193 1499 2461 1566 volebant,
2493 1501 2689 1558 invidia
2727 1520 2920 1574 nempe
2956 1504 3108 1570 moti,
3140 1504 3240 1559 viri
3280 1502 3438 1559 [idem
3460 1502 3741 1558 declarare
3773 1523 3786 1557 :

2190 1590 2286 1648 sed
2317 1592 2619 1649 maluerunt
2645 1594 2762 1665 ejus
2797 1595 3048 1651 virtutem
3082 1594 3356 1666 obtegere,
3382 1608 3482 1664 pro
3511 1608 3619 1664 quo
3654 1607 3789 1662 sup.

2193 1683 2358 1754 plices
2382 1685 2728 1754 accedebant,
2761 1702 2832 1743 ne
2874 1688 3148 1743 videretur
3187 1701 3414 1757 magnus
3449 1701 3569 1742 esse
3613 1686 3658 1739 is
3693 1687 3786 1755 qui

2189 1784 2422 1843 regeret,
2465 1793 2569 1834 neu
2612 1779 2768 1839 tidem
2807 1780 2927 1851 ejus
2964 1780 3345 1850 praedicantes,
3387 1779 3466 1834 sic
3504 1793 3641 1843 rem,
3687 1793 3786 1847 pro

2189 1882 2292 1936 qua
2323 1876 2603 1933 venerant,
2630 1868 2969 1939 perlicerent.
2995 1871 3152 1925 Livor
3180 1869 3322 1925 enim
3347 1879 3580 1925 mentem
3610 1883 3784 1923 exan-

2188 1972 2312 2014 care
2336 1959 2493 2014 solet.
2526 1959 2631 2016 Sed
2660 1961 2753 2032 qui
2795 1970 3001 2017 secreta
3048 1962 3217 2029 novit,
3263 1960 3442 2016 invitis
3478 1959 3582 2015 illis
3609 1959 3782 2014 virum

2188 2050 2493 2106 celebravit.
2523 2052 2676 2119 Quod
2705 2063 2882 2108 autem
2911 2052 3041 2108 illud
3078 2068 3263 2108 verum
3295 2052 3386 2117 sit,
3418 2049 3543 2106 audi
3580 2049 3783 2106 Lucam

2189 2141 2362 2212 ipsum
2413 2144 2760 2217 interpretem
2804 2146 2896 2217 qui
2948 2147 3025 2202 sic
3085 2146 3201 2202 ait:
3231 2145 3322 2201 illo
3354 2160 3461 2200 non
3495 2145 3653 2215 longe
3694 2144 3781 2196 di-

2188 2242 2384 2298 stante,
2418 2236 2630 2292 misisse
2658 2234 2725 2293 ad
2754 2236 2900 2292 illum
2941 2236 3031 2308 qui
3057 2237 3300 2293 dicerent
3343 2255 3354 2291 :
3399 2234 3638 2301 Domine,
3670 2236 3779 2289 noli

2188 2328 2358 2381 vexari
2379 2343 2397 2380 :
2424 2344 2525 2383 non
2580 2329 2712 2383 enim
2764 2346 2876 2383 sum
2929 2330 3112 2402 dignus
3153 2339 3208 2384 ut
3258 2330 3351 2386 sub
3389 2338 3571 2384 tectum
3613 2345 3781 2382 meum

2187 2418 2343 2472 intres
2387 2416 2557 2490 (Luc.
2606 2421 2657 2475 7.
2692 2421 2788 2490 6).
2834 2420 2969 2476 Cum
3009 2423 3151 2477 enim
3186 2436 3217 2475 a
3260 2420 3566 2477 Judmorum
3605 2420 3779 2475 mole-

2186 2508 2286 2562 stia
2312 2509 2448 2564 liber
2475 2508 2592 2576 fuit,
2627 2520 2751 2565 tune
2775 2512 2920 2566 misit
2946 2512 3036 2583 qui
3074 2511 3319 2569 dicerent
3349 2511 3463 2567 :Ne
3497 2521 3653 2583 putes
3691 2527 3778 2568 me

2184 2615 2251 2657 ex
2277 2601 2502 2672 segnitie
2542 2618 2647 2657 non
2687 2603 2939 2669 venisse;
2968 2603 3065 2659 sed
3097 2620 3184 2661 me
3209 2620 3315 2660 non
3346 2603 3564 2676 dignum
3587 2605 3776 2659 exusti-

2186 2695 2346 2762 mavi,
2374 2696 2465 2765 qui
2497 2706 2548 2752 te
2578 2696 2873 2767 reciperem
2900 2697 3069 2753 domi.

2254 2788 2307 2845 5.
2337 2789 2451 2845 Etsi
2481 2805 2610 2845 vero
2638 2790 2919 2848 Mattheus
2954 2790 3095 2847 dicat
3130 2806 3236 2847 non
3279 2805 3377 2861 per
3416 2789 3637 2857 amicos,
3677 2790 3772 2847 sed

2183 2879 2331 2936 illum
2363 2882 2537 2952 ipsum
2565 2880 2679 2938 hare
2706 2882 2928 2950 dixisse,
2955 2883 3087 2939 nihil
3119 2882 3169 2938 id
3198 2883 3265 2938 ad
3293 2897 3408 2938 rem
3432 2882 3556 2938 facit
3581 2901 3592 2935 :
3621 2898 3772 2953 qua:-

2182 2972 2316 3029 ritur
2342 2974 2483 3029 enim
2507 2976 2679 3032 solum
2710 2992 2836 3031 num
2867 2986 3093 3048 uterque
3124 2977 3226 3033 viri
3264 2977 3555 3033 studiosam
3576 2976 3772 3032 volun-

2182 3071 2343 3119 tatem
2370 3063 2745 3133 declaraverit,
2774 3077 3301 3139 consentaneamque
3328 3068 3468 3125 circa
3494 3068 3771 3124 Christum

2179 3155 2297 3226 ejus
2349 3156 2680 3229 opinionem.
2742 3158 3047 3215 Verisimile
3092 3168 3271 3217 autem
3318 3167 3432 3227 est,
3486 3168 3815 3231 postquam;

2176 3249 2379 3305 amicos
2399 3249 2653 3317 misisset,
2684 3252 2896 3309 venisse
2922 3253 3093 3323 ipsum
3117 3252 3352 3324 illudque
3375 3253 3592 3309 dixisse.
3612 3252 3768 3319 Quod

2174 3341 2221 3397 si
2244 3340 2345 3396 hoc
2371 3357 2478 3399 non
2509 3342 2705 3399 dixerit
2731 3344 2921 3408 Lucas,
2961 3353 3018 3401 at
3059 3361 3233 3417 neque
3268 3345 3397 3401 illud
3436 3345 3716 3401 Matthmus
3746 3362 3763 3400 :

2176 3447 2284 3489 non
2313 3434 2459 3506 quod
2504 3444 2690 3493 mutuo
2728 3437 2781 3492 in
2826 3441 3133 3495 narratione
3186 3448 3442 3511 pugnent,
3483 3438 3576 3495 sed
3618 3438 3765 3511 quod

2173 3527 2311 3583 alter
2338 3530 2699 3598 praetermissa
2737 3530 2808 3585 ab
2835 3530 3006 3586 altero
3038 3542 3241 3588 narret.
3286 3531 3417 3587 Vide
3442 3541 3617 3587 autem
3654 3546 3766 3601 quo

2168 3626 2329 3687 pacto
2358 3618 2514 3674 [idem
2544 3619 2662 3690 ejus
2703 3619 2876 3676 Lucas
2911 3621 3019 3676 alio
3053 3621 3215 3678 modo
3253 3621 3506 3694 prtedicet
3532 3621 3713 3677 dicens
3746 3664 3762 3677 .

2173 3706 2456 3763 Maritum:
2480 3719 2588 3763 erat
2617 3727 2761 3779 puer.
2790 3713 3039 3769 Attamen
3066 3729 3239 3784 neque
3269 3714 3370 3771 hoc
3392 3714 3537 3769 illum
3578 3715 3628 3768 in
3661 3714 3753 3769 de-

2170 3800 2533 3869 sperationem
2583 3802 2843 3873 conjecit,
2908 3820 2979 3861 ne
3035 3821 3065 3860 a
3106 3820 3203 3877 spe
3244 3807 3504 3873 detrusit;
3547 3808 3641 3863 scd
3682 3809 3763 3863 sic

2169 3891 2331 3948 etiam
2362 3891 2705 3962 superstitem
2747 3896 2859 3951 fore
2895 3899 3153 3968 speravit.
3195 3898 3346 3968 Quod
3384 3900 3426 3954 si
3477 3899 3762 3954 llattlnrus

2166 3983 2382 4056 quidem
2424 3994 2607 4041 narret
2627 3984 2898 4042 Christum
2929 3981 3150 4058 dixisse,
3188 4005 3249 4047 se
3276 3999 3475 4046 tantam
3505 3991 3555 4045 in
3594 3988 3762 4049 Israel

2168 4092 2274 4135 non
2302 4077 2571 4135 invenisse
2610 4078 2790 4147 ﬁdem,
2819 4096 2925 4151 quo
2971 4081 3209 4137 declarat
3248 4082 3421 4153 ipsum
3460 4082 3759 4138 lsraelitam

2167 4186 2273 4225 non
2324 4170 2521 4240 fuisse;
2572 4171 2742 4233 Lucas
2788 4189 2937 4241 vero,
2987 4175 3158 4246 ipsum
3206 4191 3528 4248 synagogam
3580 4177 3755 4231 rediti-

2160 4277 2319 4319 casse
2349 4280 2362 4317 :
2396 4279 2569 4336 neque
2602 4264 2719 4321 hate
2759 4267 3044 4337 pugnantia
3075 4275 3220 4322 sunt.
3264 4267 3443 4324 Potuit
3470 4268 3612 4323 enim
3646 4284 3757 4323 non

2158 4354 2380 4415 ,ιυιιωυε
2406 4371 2730 4429 synagogam
2774 4367 3002 4423 struere,
3034 4368 3356 4429 gentemque
3392 4358 3632 4429 diligere.
3675 4359 3759 4414 Tu

2163 4462 2293 4503 vero
2317 4463 2385 4504 ne
2416 4448 2776 4518 perfunctorie
2814 4450 2954 4507 dicta
2983 4451 3101 4521 ejus
3126 4454 3395 4521 explores,
3424 4453 3517 4509 sed
3558 4452 3759 4523 pracfe-

2162 4548 2369 4595 Cturam
2399 4541 2513 4611 ejus
2538 4541 2733 4612 adjicc,
2764 4552 2819 4597 et
2849 4551 2973 4597 tunc
3014 4543 3111 4596 viri
3148 4544 3396 4599 virtutem
3439 4545 3755 4614 perSpicies.

2162 4632 2369 4688 Etenim
2399 4643 2579 4692 tantus
2613 4636 2773 4706 vulgo
2804 4645 2887 4693 est
2931 4651 3117 4690 eorum
3153 4637 3242 4707 qui
3283 4635 3621 4705 praefecturas
3663 4653 3761 4707 ge-

2161 4736 2287 4780 runt
2315 4724 2503 4795 fastus,
2534 4735 2687 4781 utne
2716 4726 2929 4797 quidem
2971 4726 3021 4780 in
3067 4712 3455 4782 calamitatibus
3495 4741 3616 4781 sese
3654 4728 3760 4783 de-

2162 4819 2414 4888 primant.
2466 4819 2595 4875 Nam
2633 4820 2712 4884 is,
2764 4820 2853 4890 qui
2895 4819 3036 4889 apud
3088 4818 3350 4874 Joannem
3402 4828 3756 4886 memoratur,

2163 4908 2311 4964 illum
2340 4910 2391 4964 in
2418 4908 2638 4966 domum
2670 4910 2833 4964 trahit
2860 4919 2914 4965 et
2937 4911 3067 4965 dicit
3101 4930 3114 4965 :
3149 4908 3426 4975 Descende,
3460 4913 3759 4982 priusquam

2160 5003 2301 5072 filius
2330 5020 2468 5059 meus
2500 5004 2745 5058 moriatur
2770 5004 2950 5076 (Joau.
2980 5004 3033 5059 4.
3064 5004 3179 5075 49).
3210 5004 3307 5061 Hic
3339 5021 3466 5062 vero
3496 5020 3601 5061 non
3628 5006 3705 5061 ita
3741 5023 3756 5059 :

2160 5094 2255 5150 sed
2285 5103 2390 5150 tam
2420 5094 2530 5160 illo,
2556 5110 2713 5163 quam
2738 5096 2823 5161 iis,
2846 5095 2933 5167 qui
2957 5110 3051 5166 per
3073 5104 3272 5157 tectum
3304 5096 3553 5153 lectulum
3582 5097 3762 5152 demi-

2160 5194 2366 5249 serunt,
2399 5186 2735 5255 prmstautior
2777 5195 2878 5242 est.
2906 5186 3021 5243 Non
3065 5188 3208 5243 enim
3245 5191 3576 5259 corporalem
3616 5204 3760 5261 pra:-

2159 5279 2385 5334 scntiam
2418 5279 2663 5349 requirit.
2696 5295 2869 5351 neque
2899 5295 3068 5350 prope
3091 5281 3357 5337 medicum
3374 5292 3633 5352 aegrotum
3659 5284 3761 5339 de-

2161 5371 2311 5435 tulit;
2345 5370 2395 5425 id
2424 5370 2564 5440 quod
2594 5380 2769 5426 tamen
2789 5387 2894 5427 non
2926 5387 3143 5442 parvam
3171 5374 3619 5431 existimationem
3645 5390 3753 5445 pne

2159 5474 2220 5516 se
2249 5460 2439 5527 ferret;
2471 5459 2567 5516 sed
2593 5476 2653 5516 ea
2684 5478 2804 5531 qua:
2846 5462 3011 5521 Deum
3051 5462 3277 5519 decebat
3300 5465 3553 5534 Opinione
3593 5466 3752 5520 fultus

2158 5554 2233 5607 ait
2265 5570 2278 5607 :
2314 5551 2409 5607 Dic
2437 5552 2583 5608 verba
2622 5554 2804 5608 solum.
2853 5553 3037 5624 Neque
3068 5554 3220 5609 initio
3247 5555 3397 5623 diett,
3449 5556 3545 5610 Dic
3581 5558 3753 5625 verba,

2157 5646 2252 5701 sed
2275 5645 2644 5715 mgtitudincm
2667 5655 2870 5701 tantum
2887 5645 3124 5702 declarat
3153 5664 3167 5702 :
3195 5646 3265 5703 ob
3285 5663 3529 5719 magnam
3556 5650 3757 5720 Quippe

2159 5738 2510 5794 humilitatem
2540 5754 2644 5793 non
2692 5739 2910 5809 putabat
2950 5735 3223 5795 Christum
3263 5740 3440 5795 statim
3472 5757 3584 5797 rem
3615 5757 3753 5796 cono

2158 5844 2455 5889 cessurum.
2491 5839 2545 5885 et
2572 5828 2790 5884 domum
2816 5829 3103 5903 petiturum
3125 5844 3266 5887 esse.
3293 5830 3418 5886 ideo
3436 5847 3556 5887 cum
3577 5833 3756 5902 ipsum

2159 5923 2365 5981 audivit
2392 5923 2675 5991 dicentem,
2720 5920 2829 5994 Ego
2859 5922 3059 5980 veniens
3086 5924 3272 5981 curabo
3312 5941 3446 5993 eam,
3484 5933 3608 5982 tunc
3661 5924 3764 5990 ait,
