4036 6486
254 392 366 450 357

254 505 361 558 Dic
395 504 566 558 verba.
595 500 776 573 Neque
798 501 944 557 illum
969 501 1039 557 ita
1067 514 1266 557 mceror
1287 502 1537 568 turbavit,
1565 501 1658 555 sed
1690 501 1850 557 etiam

251 598 310 652 in
342 596 662 652 calamitate
709 592 1202 665 philosophabatur,
1252 608 1360 647 non
1408 602 1515 648 tam
1564 593 1859 662 respiciens

249 688 323 743 ad
358 689 519 758 pueri
552 686 929 754 valetudinem,
959 699 1116 755 quam
1144 700 1212 739 ne
1238 684 1366 754 quid
1400 684 1512 754 ipse
1553 683 1728 739 minus
1759 684 1856 740 de-

251 789 458 835 center
501 779 719 835 faceret.
770 777 1100 851 Quamquam
1140 791 1248 831 non
1298 777 1415 845 ipse
1464 777 1713 845 petebat,
1763 776 1856 831 sed

249 871 518 925 Christus
543 885 662 925 sese
685 869 878 924 obtulit
906 886 919 921 :
949 877 1180 923 attamen
1210 867 1287 922 sic
1331 882 1541 936 quoque
1588 868 1759 922 timuit
1790 883 1857 923 ne

252 962 400 1018 ultra
454 976 611 1030 quam
642 961 871 1031 dignitas
917 976 1010 1015 sua
1051 959 1341 1031 postularet
1383 960 1668 1030 acciperet,
1720 975 1856 1015 neve

251 1069 374 1108 rem
406 1068 631 1123 gravem
658 1053 881 1107 subiret.
904 1051 1151 1105 Vidistin’
1177 1052 1294 1120 ejus
1326 1051 1695 1119 prudentiam?
1723 1052 1855 1106 Per-

251 1143 442 1215 pende
469 1143 773 1198 Judreorum
795 1142 1075 1197 stultitiam
1106 1142 1415 1206 dicentium,
1448 1140 1646 1214 Dignus
1675 1152 1747 1196 est
1775 1143 1856 1196 cui

249 1238 486 1308 gratiam
511 1240 744 1307 conferas
771 1233 923 1304 (Luc.
948 1234 999 1287 7.
1025 1233 1102 1303 4).
1132 1233 1267 1288 Cum
1297 1242 1567 1302 oporteret
1593 1232 1658 1286 ad
1689 1233 1853 1288 misc-

250 1327 553 1383 ricordiam
578 1326 704 1381 Jesu
736 1326 1039 1396 confugere,
1085 1325 1159 1379 illi
1189 1325 1499 1395 dignitatem
1537 1326 1850 1388 obtendunt,

252 1436 436 1488 neque
461 1434 570 1489 quo
610 1427 764 1488 pacto
806 1417 1096 1473 obtendere
1138 1417 1371 1487 oportuit
1410 1420 1607 1472 sciunt.
1658 1418 1851 1472 Verum

252 1526 363 1566 non
396 1513 471 1564 ita
503 1511 623 1574 ille;
656 1509 749 1564 sed
786 1524 846 1563 se
884 1509 1104 1563 omnino
1148 1509 1420 1579 indignum
1459 1508 1668 1562 dicebat
1708 1522 1849 1575 esse,

252 1618 361 1656 non
408 1602 575 1655 modo
619 1601 887 1667 beneﬁcii,
935 1601 1027 1656 sed
1069 1601 1226 1655 etiam
1267 1600 1356 1669 qui
1408 1597 1678 1654 Christum
1707 1599 1850 1653 domi

252 1694 548 1762 reciperet.
582 1692 939 1759 Quamobrem
970 1708 1090 1746 cum
1131 1691 1374 1759 dixisset,
1421 1690 1558 1744 Puer
1586 1708 1723 1745 meus
1756 1694 1848 1762 ja-

253 1795 350 1849 cet,
384 1799 495 1838 non
530 1784 823 1853 subiunxit,
874 1784 986 1848 Dic,
1018 1792 1283 1850 metuens,
1316 1799 1381 1838 ne
1427 1783 1670 1853 indignus
1709 1792 1853 1839 esset

252 1880 344 1932 tali
370 1878 523 1932 dono
558 1896 570 1932 :
601 1878 693 1931 sed
735 1877 1089 1931 calamitatem
1138 1876 1306 1931 solum
1356 1876 1661 1930 declaravit.
1716 1876 1848 1943 Quia

254 1987 389 2029 vero
422 1970 554 2024 vidit
592 1969 864 2023 Christum
910 1983 1028 2023 sese
1071 1968 1136 2023 ad
1176 1968 1408 2023 eundum
1446 1983 1741 2037 parantem,
1782 1983 1850 2023 ne

250 2067 330 2120 sic
354 2066 580 2135 quidem
611 2060 700 2119 ille
731 2061 781 2114 in
811 2076 923 2114 rem
954 2059 1184 2115 oblatam
1219 2059 1424 2124 insiliit,
1453 2060 1547 2114 sed
1591 2059 1765 2114 adhuc
1795 2063 1847 2114 in

253 2159 419 2226 gradu
451 2157 554 2210 sibi
586 2152 898 2227 congruenti
925 2152 1136 2209 mansit.
1163 2151 1215 2206 Si
1247 2151 1364 2221 quis
1395 2167 1522 2207 vero
1553 2151 1710 2216 dicat,
1741 2153 1849 2207 Cur

252 2249 505 2304 Christus
548 2250 695 2303 illum
743 2264 846 2303 non
890 2250 1089 2318 pariter
1117 2243 1437 2301 honoravit?
1470 2245 1693 2299 dixerim
1724 2259 1845 2314 ego,

255 2358 511 2412 magnum
535 2343 634 2411 ipsi
658 2342 916 2397 honorem
947 2342 1212 2397 retulisse.
1242 2338 1424 2396 Primo
1446 2338 1681 2408 quidem,
1708 2338 1848 2407 quod

253 2433 495 2486 animum
528 2447 854 2503 pronamque
883 2432 1205 2487 voluntatem
1237 2428 1550 2494 ostenderit,
1581 2445 1699 2497 qua:
1730 2444 1843 2483 ma-

255 2524 397 2578 xime
419 2523 688 2592 apparuit,
721 2524 842 2593 quia
884 2523 996 2593 ipse
1036 2524 1090 2577 in
1115 2504 1336 2579 domum
1377 2523 1491 2592 ejus
1522 2538 1627 2577 non
1661 2519 1842 2585 venit;

254 2614 517 2679 secundo,
550 2614 691 2684 quod
731 2615 877 2667 illum
926 2615 977 2668 in
1025 2629 1248 2683 regnum
1292 2613 1666 2678 introduxerit,
1696 2630 1847 2668 cum-

257 2724 357 2776 quc
380 2709 474 2763 toti
507 2707 741 2763 Judaiczn
776 2708 917 2776 genti
946 2707 1314 2777 prmposncrit.
1345 2706 1478 2774 Quia
1508 2707 1648 2761 enim
1681 2722 1739 2761 se
1765 2708 1845 2760 in-

256 2802 470 2870 dignum
524 2801 856 2870 judicavemt
897 2801 985 2871 qui
1037 2800 1307 2854 Christum
1359 2799 1502 2854 domi
1558 2799 1840 2868 reciperet,

257 2894 413 2947 etiam
446 2907 615 2962 regno
640 2892 828 2962 dignus
853 2892 1075 2947 eﬁ'ectus
1104 2901 1202 2954 est,
1233 2902 1287 2945 et
1307 2891 1490 2945 eadem
1516 2906 1634 2961 qua:
1671 2890 1843 2944 Abra-

260 2983 376 3037 ham
405 2994 767 3054 consequutus
790 2991 874 3037 est
900 2984 1054 3037 bona.
1081 2983 1148 3036 Et
1168 2998 1270 3052 qua
1307 2983 1373 3036 de
1398 2997 1576 3046 causa,
1614 2981 1843 3051 inquies,

256 3072 527 3142 leprosus,
572 3076 657 3144 qui
704 3075 788 3129 his
826 3074 1025 3144 majora
1070 3074 1400 3140 exhibuerat,
1451 3089 1555 3127 non
1607 3073 1846 3128 laudatus

258 3169 369 3220 est?
397 3168 585 3237 Neque
609 3169 747 3223 cnim
772 3168 902 3222 dixit
930 3168 1036 3236 ille,
1065 3167 1160 3220 Dic
1186 3168 1372 3232 verba;
1407 3168 1497 3221 Sed
1528 3168 1667 3237 quod
1692 3168 1847 3239 longe

262 3262 427 3332 majus
454 3274 595 3327 erat,
625 3261 770 3316 Vclis
802 3261 1167 3315 tantummodo
1200 3277 1212 3313 :
1246 3261 1295 3313 id
1322 3260 1461 3329 quod
1491 3260 1559 3315 de
1582 3261 1735 3315 Patre
1774 3260 1848 3315 ait

258 3354 562 3423 propheta:
599 3351 816 3416 Omnia,
873 3368 1196 3423 quacumque
1247 3350 1434 3411 voluit,
1501 3352 1618 3423 fecit
1673 3350 1842 3421 (Psal.

262 3444 378 3498 H5.
406 3445 460 3498 5.
501 3442 660 3514 UH).
696 3444 886 3498 Verum
918 3443 1011 3497 ille
1040 3456 1249 3511 quoque
1284 3441 1530 3495 laudatus
1570 3449 1671 3495 est.
1712 3440 1843 3496 Cum

260 3534 395 3588 enim
420 3535 578 3597 dixit,
611 3533 753 3599 Olfcr
773 3534 980 3598 donum,
1008 3534 1142 3605 quod
1164 3534 1399 3602 prwcepit
1431 3532 1649 3602 Moyses,
1683 3534 1735 3587 in
1776 3544 1848 3586 le-

260 3627 549 3681 stimouium
589 3627 711 3693 illis,
744 3626 875 3680 nihil
903 3627 1045 3680 aliud
1076 3633 1189 3681 erat
1224 3641 1379 3695 quam
1412 3626 1608 3691 dicere,
1650 3625 1728 3680 Tu
1754 3642 1845 3681 ac-

262 3717 472 3772 cusabis
510 3718 647 3783 illos,
689 3718 810 3788 quia
851 3717 1146 3772 credidisti.
1192 3717 1440 3787 Alioquin
1479 3733 1583 3771 non
1626 3717 1846 3787 perinde

261 3818 372 3863 erat
417 3809 685 3872 Judaeum,
732 3818 890 3879 atque
937 3818 1245 3864 extraneum
1298 3809 1549 3877 gentilem
1602 3808 1844 3864 credere.

265 3898 410 3965 Quod
437 3902 582 3956 enim
609 3901 850 3955 centurio
879 3900 1093 3954 Judzcus
1123 3916 1227 3954 non
1256 3911 1417 3965 esset,
1458 3899 1508 3953 id
1557 3901 1723 3969 liquet
1762 3901 1848 3955 vel

264 4006 323 4045 ex
348 4008 412 4047 eo
433 3994 577 4064 quod
603 3994 845 4048 centurio
874 4000 1036 4057 esset,
1069 4001 1123 4046 et
1162 3991 1302 4061 quod
1337 3990 1578 4046 Christus
1603 3990 1797 4045 dixerit
1832 4010 1844 4045 :

269 4080 440 4153 Neque
467 4086 523 4137 iu
554 4083 714 4137 Israel
739 4093 929 4136 tantam
956 4084 1109 4152 [idem
1134 4083 1319 4135 iuveni.

331 4177 385 4230 4.
416 4177 648 4247 Eratque
687 4176 924 4245 profecto
963 4191 1046 4229 res
1080 4189 1287 4244 magna,
1330 4174 1597 4228 hominem
1639 4174 1724 4244 qui
1757 4189 1850 4228 ex-

270 4275 343 4321 tra
371 4267 676 4325 Judieorum
698 4270 994 4338 eatalogum
1024 4276 1157 4334 erat,
1190 4275 1335 4320 tanta
1355 4266 1422 4320 de
1457 4265 1672 4320 Christo
1700 4267 1849 4336 cogi—

271 4367 423 4416 tassc.
456 4362 609 4426 Nam,
639 4370 696 4415 ut
731 4361 858 4413 mihi
899 4359 1125 4422 videtur,
1153 4373 1416 4427 supernos
1456 4356 1545 4411 ille
1583 4358 1851 4412 exercitus

272 4461 444 4506 tuente
472 4462 824 4521 conceperat;
874 4450 1213 4518 ntorbOSque,
1247 4458 1472 4502 mortem
1500 4448 1709 4517 aliaque
1737 4462 1851 4501 om-

271 4543 353 4597 nia
384 4545 452 4599 ita
478 4543 691 4600 Christo
730 4544 968 4613 subjecta
999 4558 1135 4608 esse,
1170 4552 1225 4597 ut
1259 4541 1454 4595 milites
1492 4541 1613 4596 sibi.
1651 4541 1850 4607 Quam-

273 4634 450 4690 obrem
480 4638 686 4693 dicebat
717 4653 729 4689 :
762 4636 898 4690 Nam
926 4653 1016 4707 ego
1047 4636 1194 4690 homo
1213 4652 1325 4689 sum
1350 4634 1440 4690 sub
1471 4645 1712 4706 potestate
1735 4653 1855 4690 con-

273 4730 508 4795 stitutus;
558 4732 657 4786 hec
704 4741 806 4797 ρει,
854 4731 933 4783 Tu
981 4730 1139 4794 Deus,
1188 4744 1286 4798 ego
1329 4730 1488 4782 homo
1536 4747 1549 4783 :
1602 4744 1702 4799 ego
1755 4729 1855 4783 sub

276 4831 553 4891 potestate,
585 4833 638 4877 tu
671 4839 773 4876 non
801 4822 899 4875 sub
941 4828 1222 4889 potestate.
1249 4818 1304 4874 Si
1335 4835 1432 4890 ego
1470 4819 1648 4888 igitur,
1695 4818 1855 4874 homo

246 4920 325 4979 ,ct
353 4913 451 4968 sub
497 4923 776 4984 potestate,
816 4922 960 4966 tanta
1006 4926 1219 4981 possum
1255 4927 1268 4964 :
1302 4912 1468 4966 multo
1516 4912 1682 4981 magis
1719 4911 1852 4978 ipse,

280 5006 443 5071 quiet
475 5008 609 5063 Deus
636 5016 799 5064 estet
827 5006 924 5059 sub
971 5012 1231 5074 potestate
1269 5019 1374 5059 non
1421 5012 1534 5069 est;
1571 5005 1685 5058 vult
1712 5004 1854 5058 enim

279 5110 341 5149 ex
383 5113 586 5155 summa
634 5099 1033 5170 prmemiuentia
1078 5097 1182 5153 hoc
1224 5098 1299 5151 illi
1353 5097 1598 5163 suadere,
1641 5114 1700 5153 se
1745 5114 1852 5152 non

280 5188 448 5245 simile
476 5193 774 5262 exemplum
829 5190 1038 5255 alferre,
1081 5191 1173 5245 sed
1203 5193 1276 5244 rei
1321 5190 1479 5260 longe
1506 5190 1852 5246 sublimioris.

280 5274 407 5333 Nam
449 5284 491 5335 si
521 5299 641 5354 ego,
674 5283 862 5352 inquit,
915 5283 1005 5351 qui
1047 5297 1142 5350 par
1170 5281 1423 5351 subjectis
1469 5296 1608 5347 sum,
1664 5291 1717 5336 et
1757 5282 1858 5337 sub

284 5379 537 5435 potestate
578 5375 1015 5443 constitutus,_ob
1045 5390 1259 5444 parvam
1307 5384 1481 5428 tamen
1532 5373 1858 5443 praefectura:

283 5466 670 5540 auctoritatem,
699 5476 843 5522 tanta
875 5481 1089 5537 possum
1122 5467 1334 5520 nemine
1372 5474 1732 5536 repugnante;
1762 5465 1858 5521 sed

286 5565 397 5620 qua?
426 5556 626 5627 impero
669 5560 869 5624 omnia,
920 5558 1134 5612 diversa
1175 5559 1299 5612 licet
1328 5558 1451 5621 siut,
1487 5555 1859 5626 exsequutioni

287 5644 622 5714 mandantur;
656 5650 760 5703 Alii
786 5651 917 5703 enim
943 5650 1078 5714 dico,
1109 5647 1266 5714 Vade,
1293 5659 1338 5702 et
1359 5649 1494 5701 vadit
1523 5648 1675 5712 :alii,
1712 5646 1857 5715 Veni,

288 5737 480 5789 etvenit
512 5754 530 5792 :
560 5740 715 5811 longe
751 5741 950 5807 majora
997 5750 1051 5794 tu
1091 5741 1308 5811 poteris.
1336 5738 1560 5807 Quidam
1603 5738 1745 5792 hunc
1783 5738 1863 5792 lo-

291 5832 405 5880 cum
427 5826 494 5883 ita
519 5831 698 5902 legunt
727 5853 740 5889 :
775 5832 835 5888 Si
864 5834 996 5887 enim
1024 5848 1114 5903 ego
1142 5831 1289 5885 homo
1316 5846 1429 5884 cum
1455 5831 1572 5898 sim,
1602 5837 1654 5884 et
1692 5829 1861 5883 inter-

1230 388 1296 444 lN
1334 344 1737 445 MATTHEIlM
1781 384 2006 441 llOMlL.
2051 385 2238 443 XXVI.
2281 390 2349 444 al.
2394 391 2603 447 XXVII.

3448 404 3558 456 ἦτε

1964 501 2250 567 punctione
2274 505 2445 572 posita
2473 506 2818 578 subjungunt,
2856 509 2948 562 sub
2974 521 3214 576 potestate
3239 512 3425 570 habent
3458 518 3552 569 sub

1962 609 2041 647 me
2067 595 2266 650 milites.
2288 596 2369 652 Tu
2394 613 2522 653 vero
2539 601 2846 657 consideres
2875 604 3053 669 velim,
3081 606 3350 675 quomodo
3367 616 3550 664 osten-

1960 682 2053 738 dat
2076 684 2248 754 ipsum
2280 688 2437 742 etiam
2467 691 2623 744 morti
2655 700 2711 744 ut
2748 707 2903 747 servo
2952 693 3235 763 imperare,
3273 704 3328 751 et
3355 701 3547 765 praeci-

1961 789 2091 843 pere
2117 784 2175 830 ut
2197 775 2492 833 dominum.
2523 778 2657 834 Cum
2679 783 2820 837 enim
2847 783 2992 846 dicit,
3033 783 3179 849 Veni,
3211 795 3260 840 et
3288 787 3440 854 venit,
3469 797 3545 855 et,

1970 863 2131 929 Vade,
2159 875 2205 919 et
2237 869 2394 935 vadit,
2441 868 2495 924 id
2540 871 2804 941 signiﬁcat
2835 892 2847 927 :
2881 874 2937 929 Si
2963 874 3187 942 jusseris
3218 892 3323 931 non
3364 879 3548 934 venire

1960 965 2186 1010 mortem
2219 973 2380 1029 super
2413 976 2556 1026 eum,
2583 978 2687 1018 non
2722 965 2918 1020 veniet.
2961 966 3143 1021 Viden’
3171 983 3328 1038 quam
3375 970 3544 1026 ﬁdelis

1959 1051 2136 1103 esset?
2160 1050 2312 1118 Quod
2348 1053 2491 1108 enim
2540 1057 2787 1111 omnibus
2839 1069 3020 1127 postea
3061 1059 3263 1114 clarum
3309 1061 3541 1118 futurum

1960 1148 2093 1206 erat,
2128 1142 2480 1214 omnibusque
2506 1157 2715 1212 notum,
2747 1146 2835 1202 hic
2859 1148 2968 1218 jam
2998 1150 3167 1219 palam
3199 1149 3342 1219 facit,
3371 1153 3541 1221 ipsum

1959 1245 2153 1301 nempe
2194 1231 2392 1289 habere
2426 1244 2739 1304 potestatem
2791 1239 2978 1294 mortis
3017 1249 3069 1295 et
3109 1242 3248 1309 vitae,
3286 1259 3546 1314 posseqne

1958 1321 2022 1375 ad
2058 1332 2236 1390 portas
2263 1326 2449 1380 mortis
2469 1326 2735 1383 deducere
2764 1345 2825 1384 ac
2844 1331 3120 1387 reducere.
3150 1333 3333 1402 Neque
3360 1334 3425 1395 de
3448 1336 3546 1388 mi-

1960 1415 2139 1470 litibus
2168 1418 2339 1473 solum
2384 1418 2535 1483 dixit,
2565 1421 2658 1475 sed
2691 1423 2847 1475 etiam
2879 1422 2946 1476 de
2973 1424 3160 1487 servis,
3194 1425 3334 1495 quod
3378 1427 3546 1495 majo-

1958 1509 2031 1565 ris
2061 1509 2425 1582 obsequentia:
2447 1521 2581 1566 erat.
2624 1514 2869 1568 Attamen
2901 1525 3101 1570 tantam
3133 1516 3334 1572 habens
3360 1517 3539 1582 ﬁdem,

1959 1615 2017 1655 se
2061 1601 2331 1672 indignum
2360 1604 2575 1673 putabat
2601 1621 2615 1669 ;
2659 1604 2904 1660 Christus
2933 1616 3109 1662 autem
3140 1610 3430 1663 ostendens
3460 1611 3541 1664 di-

1956 1705 2119 1760 gnum
2162 1693 2306 1747 illum
2350 1709 2490 1760 esse,
2523 1695 2675 1763 cujus
2701 1696 2916 1751 domum
2949 1698 3191 1765 intraret,
3226 1700 3393 1752 multo
3432 1717 3543 1754 ma-

1951 1783 2068 1851 jora
2119 1784 2168 1838 ei
2217 1787 2465 1847 contulit.
2496 1787 2667 1856 ipsum
2720 1788 2989 1844 admirans
3034 1800 3192 1859 atque
3226 1792 3538 1861 przcdicans,

1957 1874 2215 1943 pluraque
2262 1874 2396 1929 dans
2435 1891 2592 1959 quam
2624 1879 2870 1946 petierat.
2921 1878 3077 1933 Venit
3106 1881 3249 1935 enim
3302 1881 3543 1950 corporis

1955 1966 2182 2020 salutem
2216 1981 2379 2037 puero
2419 1983 2685 2037 quaerens,
2716 1978 2769 2024 et
2815 1980 3035 2040 accepto
3073 1987 3238 2042 regno
3274 1973 3539 2027 discessit.

1959 2057 2146 2111 Viden’
2185 2058 2453 2128 quomodo
2478 2058 2586 2129 jam
2642 2060 2917 2129 impletum
2972 2072 3081 2116 crat
3139 2063 3288 2128 illud,
3324 2061 3546 2128 Qumrite

1955 2165 2162 2220 regnum
2183 2150 2441 2216 cwlorum,
2468 2159 2513 2203 et
2534 2150 2640 2204 haec
2665 2152 2835 2204 omnia
2849 2151 3154 2221 adjicientur
3172 2152 3306 2207 vobis
3330 2153 3542 2225 (Matth.

1957 2240 2008 2295 6.
2039 2243 2168 2312 5'5)?
2207 2242 2343 2308 Quia
2369 2242 2510 2297 enim
2540 2243 2758 2297 multam
2797 2242 2953 2298 ﬁdem
2984 2253 3037 2299 et
3072 2246 3424 2299 humilitatem
3451 2262 3543 2299 ex-

1956 2333 2223 2397 hibuerat,
2254 2344 2308 2388 et
2336 2334 2525 2389 ctelum
2551 2333 2718 2400 dedit,
2742 2343 2795 2390 et
2821 2336 2969 2405 pueri
2993 2337 3272 2392 sanitatem
3304 2338 3499 2407 adjecit
3524 2355 3537 2389 :

1954 2442 2053 2482 nec
2076 2428 2246 2496 ipsum
2275 2427 2364 2481 illo
2394 2435 2595 2482 tantum
2620 2426 2776 2482 modo
2798 2427 3098 2493 honoravit,
3123 2427 3216 2482 sed
3238 2429 3396 2482 etiam
3423 2444 3543 2482 cum

1953 2520 2186 2575 ostendit
2232 2520 2426 2590 quibus
2470 2520 2654 2589 ejectis
2706 2521 2793 2575 ille
2848 2519 3296 2576 introduceretur.
3368 2521 3541 2590 Atque

1952 2613 2145 2668 exinde
2174 2613 2422 2668 omnibus
2467 2623 2648 2667 notum
2692 2613 2835 2679 facit,
2866 2629 2931 2668 ex
2986 2613 3087 2668 ﬁde
3132 2615 3354 2668 salutem
3403 2630 3538 2673 esse.

1950 2722 2058 2762 non
2089 2722 2153 2759 ex
2180 2706 2244 2759 iis
2274 2721 2391 2775 quae
2420 2705 2709 2759 secundum
2740 2706 2908 2776 legem
2940 2714 3091 2761 erant
3109 2706 3375 2775 operibus.
3406 2706 3544 2771 Qua-

1952 2810 2167 2874 propter
2198 2800 2524 2858 nouJudaﬁs
2563 2810 2790 2867 tantum,
2832 2801 2924 2856 sed
2952 2803 3109 2856 etiam
3157 2803 3402 2872 gentibus
3445 2802 3545 2855 hoc

1951 2894 2150 2949 donum
2208 2897 2535 2964 propositum
2576 2899 2705 2959 erit:
2754 2892 2861 2949 imo
2891 2891 2974 2946 his
3005 2893 3178 2961 potius
3217 2908 3374 2961 quam
3418 2891 3541 2944 illis.

1951 2986 2029 3043 Ne
2051 2987 2245 3056 putetis
2283 2989 2445 3053 enim,
2492 2987 2679 3056 inquit,
2712 2987 2762 3041 id
2807 2992 2858 3042 in
2888 2984 3197 3038 centurione
3238 2993 3436 3037 tantum
3471 2982 3546 3058 fa:

1953 3088 2095 3133 ctum
2125 3093 2263 3140 esse,
2299 3080 2390 3132 sed
2420 3081 2471 3132 in
2506 3089 2617 3135 toto
2646 3080 2775 3134 orbe
2798 3080 3024 3148 idipsum
3066 3076 3187 3135 erit.
3227 3075 3339 3129 Hoc
3368 3084 3543 3128 autem

1952 3170 2105 3231 dixit,
2152 3186 2246 3239 per
2282 3172 2612 3240 prophetiam
2657 3171 2723 3225 de
2753 3173 2998 3242 gentibus
3039 3175 3282 3243 loquens,
3310 3169 3545 3242 ipsisque

1953 3259 2146 3313 bonam
2201 3276 2348 3328 spem
2390 3261 2641 3316 offerens.
2685 3262 2892 3317 Etenim
2941 3279 3007 3318 ex
3055 3263 3273 3318 Galilma
3303 3264 3541 3333 gentium

1953 3362 2106 3406 erant
2128 3353 2213 3420 qui
2242 3353 2600 3422 sequebantur
2636 3370 2778 3408 cum.
2809 3353 2933 3408 l-la-c
2960 3370 3119 3424 porro
3148 3354 3378 3421 dicebat,
3412 3370 3544 3423 gen-

1955 3448 2037 3493 tes
2067 3456 2170 3493 non
2217 3442 2399 3496 siucns
2438 3442 2674 3495 animum
2729 3440 3083 3511 despondere,
3133 3442 3545 3511 Judacorumqne

1955 3530 2147 3584 fastum
2178 3531 2501 3600 deprimens.
2530 3531 2608 3587 Ne
2635 3541 2813 3587 autem
2842 3532 2924 3587 his
2949 3533 3104 3587 dictis
3131 3532 3426 3587 offenderet
3451 3548 3544 3587 au-

1954 3621 2175 3683 ditores,
2209 3638 2344 3677 neve
2377 3623 2711 3677 occasionem
2743 3623 3007 3693 praeberet
3031 3623 3227 3688 ullam;
3258 3640 3360 3677 non
3397 3625 3545 3695 prius

1955 3712 2022 3766 de
2048 3713 2291 3782 gentibus
2320 3712 2588 3782 loquutus,
2621 3713 2715 3769 sed
2761 3717 3040 3770 occasione
3070 3723 3220 3784 capta
3249 3731 3314 3769 ex
3353 3725 3541 3769 centu-

1955 3805 2125 3869 rione,
2158 3819 2223 3857 ne
2250 3820 2441 3857 nomen
2465 3804 2676 3874 quidem
2696 3805 2931 3875 gentium
2958 3816 3141 3874 aperte
3168 3805 3333 3874 ponit.
3359 3804 3543 3873 Neque

1955 3897 2099 3950 enim
2128 3896 2278 3962 dixit,
2304 3896 2446 3951 Multi
2477 3913 2543 3951 ex
2585 3898 2867 3967 gentibus;
2912 3897 3025 3962 sed,
3056 3896 3210 3950 Multi
3256 3913 3318 3950 ea:
3354 3898 3545 3950 oriente

1956 3998 2002 4041 et
2032 3988 2304 4053 occidente,
2338 3988 2477 4056 quod
2519 4000 2706 4059 gentes
2749 3991 2931 4059 utique
2975 3989 3327 4059 significabat,
3371 4005 3545 4058 neque

1956 4089 2132 4135 tamen
2162 4081 2467 4135 offendebat
2497 4082 2799 4148 auditores;
2836 4082 3131 4136 involutum
3158 4082 3301 4136 enim
3326 4090 3443 4136 erat
3468 4081 3543 4136 di-

1955 4184 2119 4228 ctum.
2150 4174 2332 4244 Neque
2365 4174 2466 4229 hoe
2507 4184 2707 4228 tantum
2737 4176 2895 4229 modo
2923 4176 3055 4230 lenit
3080 4176 3220 4230 hanc
3246 4192 3435 4229 novam
3458 4175 3542 4229 in-

1956 4267 2273 4335 solitumque
2310 4265 2628 4331 doctrinam,
2660 4266 2752 4321 sed
2793 4268 2933 4339 ququ
2979 4267 3152 4322 sinum
3182 4266 3410 4322 Abrahm
3450 4282 3545 4338 pro

1958 4374 2123 4428 regno
2154 4360 2413 4427 posuerit.
2446 4358 2628 4428 Neque
2657 4360 2798 4414 enim
2840 4359 2941 4414 ltoc
2969 4360 3097 4429 ipsis
3126 4368 3309 4414 notum
3348 4375 3543 4415 nomen

1958 4462 2073 4505 erat
2105 4469 2118 4504 :
2150 4452 2423 4522 magisque
2457 4452 2576 4506 illos
2607 4452 2889 4507 mordebat
2919 4453 3186 4507 Abraham
3218 4454 3269 4507 in
3312 4452 3544 4507 medium

1959 4542 2237 4597 adductus.
2288 4542 2624 4611 Quapropter
2660 4543 2892 4599 Joannes
2939 4545 3069 4598 nihil
3109 4544 3286 4598 statim
3342 4544 3409 4598 de
3451 4558 3546 4614 ge-

1961 4635 2134 4689 henna
2179 4634 2472 4701 dixit;sed
2519 4635 2658 4704 quod
2692 4637 2857 4705 magis
2901 4636 3019 4690 illos
3060 4636 3323 4706 pungebat
3349 4635 3544 4701 attulit,

1963 4729 2140 4783 Nolite
2161 4730 2341 4791 dicere,
2379 4726 2583 4782 Patrem
2608 4729 2847 4783 habemus
2866 4729 3119 4782 Abraham
3151 4727 3359 4799 (Matth.
3386 4727 3435 4779 5.
3468 4727 3542 4796 9).

1961 4820 2092 4877 Cum
2125 4822 2206 4874 his
2232 4818 2374 4874 aliud
2402 4822 2561 4874 etiam
2595 4820 2856 4890 providet,
2887 4836 2954 4874 ne
2979 4819 3221 4874 videatur
3261 4819 3424 4872 veteri
3467 4819 3545 4872 vi-

1962 4914 2118 4969 vendi
2146 4913 2387 4967 instituto
2412 4912 2711 4966 contrarius
2740 4927 2879 4965 esse.
2914 4910 3045 4964 Nam
3088 4910 3177 4979 qui
3220 4907 3550 4979 patriarchas

1962 5005 2279 5071 admiratur,
2308 5018 2599 5072 eorumque
2638 5005 2783 5056 sinus
2812 5010 3012 5056 sortem
3064 5002 3323 5057 bonorum
3365 5000 3550 5068 appel-

1962 5096 2057 5161 lat,
2106 5097 2244 5149 hanc
2284 5094 2640 5163 suspicionem
2685 5093 2906 5146 omnino
2977 5101 3030 5147 et
3089 5092 3341 5146 radicitus
3393 5092 3547 5145 tollit.

1962 5185 2130 5241 Nemo
2163 5186 2340 5255 itaque
2377 5200 2533 5239 unam
2578 5199 2698 5239 esse
2730 5193 2875 5252 putet
2916 5184 3383 5238 comminationem
3411 5200 3423 5235 :
3454 5182 3546 5236 du-

1964 5280 2085 5351 plcx
2111 5279 2307 5348 quippe
2340 5286 2423 5334 est
2468 5278 2575 5331 illis
2592 5274 3155 5348 supplicium,duplex
3200 5277 3281 5331 his
3324 5275 3543 5330 lzetuia:

1965 5371 2070 5426 illis
2097 5369 2330 5440 quidem,
2373 5383 2478 5424 non
2520 5368 2661 5438 quod
2696 5367 2993 5424 exciderint
3024 5379 3250 5434 tantum,
3279 5368 3369 5423 sed
3410 5366 3555 5437 quod

1965 5478 2030 5517 ex
2063 5462 2291 5532 propriis
2320 5460 2642 5524 exciderint;
2673 5460 2753 5514 his
2785 5475 2914 5515 vero
2942 5477 3046 5514 non
3076 5460 3215 5532 quod
3243 5469 3438 5515 sortem
3467 5475 3552 5513 ac-

1966 5555 2229 5623 ceperint,
2274 5553 2367 5607 sed
2397 5552 2537 5622 quod
2567 5568 2724 5622 quam
2767 5568 2872 5607 non
2918 5553 3295 5622 exspectabant
3332 5565 3553 5620 accepe-

1967 5647 2075 5701 rint
2107 5663 2120 5699 :
2156 5642 2236 5699 his
2260 5645 2413 5699 tertia
2432 5642 2701 5713 adjicitur,
2732 5644 2872 5714 quod
2897 5643 2950 5698 hi
2978 5658 3041 5698 ea
3067 5658 3186 5713 qua:
3216 5641 3280 5697 ad
3304 5641 3421 5695 illos
3445 5655 3554 5709 per-

1970 5737 2211 5792 tinebant
2241 5736 2565 5805 acceperint.
2608 5733 2775 5789 Filios
2817 5744 2995 5791 autem
3038 5735 3184 5805 regni
3229 5742 3384 5787 Vocat
3414 5731 3550 5795 illos,

1974 5829 2167 5900 quibus
2182 5841 2405 5897 regnum
2437 5836 2677 5898 paratum
2707 5834 2856 5894 erat;
2889 5824 3029 5897 quod
3060 5827 3288 5881 maxime
3309 5823 3428 5880 illos
3449 5819 3552 5874 do-
