4036 6428
546 342 616 399 ‘59
1252 346 1310 402 S.
1346 345 1624 403 JOANNIS
1660 345 2132 404 CHRYSOSTOMI
2170 348 2483 410 ARCHIEP.
2524 353 3059 420 CONSTANTINOP.

512 458 626 513 lore
650 457 935 514 alliciebat.
965 457 1259 530 Postquam
1283 461 1514 516 ostendit
1536 462 1676 515 enim
1702 459 1821 516 illos
1863 474 1928 516 ex
1972 475 2097 531 pro-

510 551 770 606 missione
797 551 846 604 in
869 551 990 605 sinu
1027 551 1257 607 Abrahae
1286 566 1425 617 esse,
1468 552 1594 608 hinc
1632 551 1753 607 illos
1778 550 1958 607 statim
1999 566 2098 609 ex-

509 640 695 695 cludit.
736 638 954 707 Deinde,
994 642 1117 711 quia
1164 641 1267 697 hoc
1312 643 1515 699 dictum
1541 645 1644 699 lata
1670 644 1932 700 sententia
1959 653 2096 713 erat,

509 732 561 787 id
587 734 738 804 signo
762 733 1060 801 conﬁrmat,
1097 735 1544 806 quemadmodum
1575 746 1630 792 et
1675 738 1823 808 signa
1862 753 1929 792 ex
1959 750 2100 806 prae-

509 822 745 881 dictione
767 840 949 880 rerum
973 841 1093 897 qua:
1111 839 1296 898 postea
1323 836 1616 883 evenerunt
1644 838 1973 884 asseruntur.

578 934 633 990 5.
680 936 781 1005 Qui
829 937 987 1008 igitur
1047 955 1155 994 non
1195 941 1369 996 credit
1419 949 1546 996 tunc
1591 950 1834 998 sanatum
1876 955 2096 1011 puerum

507 1025 693 1093 fuisse,
726 1027 771 1082 is
795 1029 878 1083 vel
908 1046 971 1085 es
998 1030 1299 1100 prephcti-a,
1334 1047 1452 1102 quae
1471 1032 1582 1102 jam
1614 1032 1828 1102 impleta
1862 1031 1976 1097 fuit,
2009 1033 2094 1086 in-

505 1114 734 1174 ducatur
761 1128 817 1173 ut
836 1120 1044 1175 eredm.
1094 1120 1225 1177 Nam
1252 1122 1535 1193 prophetia
1568 1133 1691 1178 ante
1732 1135 1981 1177 eventum
2030 1137 2095 1179 ex

505 1213 660 1283 signo
685 1223 809 1269 tunc
837 1212 975 1271 facto
999 1224 1121 1270 nota
1151 1215 1399 1271 omnibus
1424 1216 1539 1270 fuit.
1574 1215 1804 1287 Ideoque
1825 1233 1945 1271 cum
1981 1215 2099 1271 hinc

504 1314 631 1358 ante
660 1304 998 1372 pra-dixisset
1028 1347 1042 1372 ,
1073 1316 1197 1361 tunc
1224 1307 1576 1380 paralyticum
1607 1309 1805 1372 erexit,
1834 1318 1891 1362 ut
1923 1306 2095 1362 futura

505 1408 569 1447 ex
597 1394 951 1465 praesentibus
979 1408 1352 1452 assererentur
1377 1439 1393 1464 ,
1422 1408 1470 1453 et
1504 1413 1533 1451 a
1566 1398 1754 1469 majori
1787 1398 1963 1452 minus
2002 1398 2097 1452 lir-

503 1495 758 1540 maretur.
792 1485 923 1541 Nam
953 1486 1096 1558 quod
1122 1488 1325 1544 virtute
1376 1487 1580 1558 pra-diti
1612 1488 1767 1543 bonis
1814 1488 2056 1543 fruantur
2077 1528 2095 1553 ,

502 1574 695 1647 hisque
732 1578 962 1648 oppositi
1010 1595 1193 1649 pinnas
1223 1579 1418 1647 luant,
1470 1581 1519 1634 id
1565 1597 1595 1634 a
1635 1578 2100 1637 verisimilitudine

502 1682 609 1722 non
637 1669 932 1725 abhorret:
966 1670 1074 1725 imo
1103 1681 1157 1726 et
1186 1672 1376 1727 rationi
1407 1680 1461 1725 et
1487 1672 1661 1740 legum
1702 1672 1938 1741 mquitati
1969 1686 2100 1727 con-

502 1768 817 1815 sentaneum
845 1771 954 1823 est;
989 1762 1338 1834 paralyticum
1359 1770 1536 1817 autem
1564 1761 1779 1816 ﬁrmare
1807 1770 1861 1816 et
1886 1777 2094 1831 curare,

502 1849 676 1918 majus
695 1866 854 1921 quam
885 1861 1068 1906 neutra
1099 1852 1258 1908 ferret
1280 1862 1419 1907 erat.
1448 1853 1699 1908 Attamen
1726 1853 1791 1908 ad
1819 1869 1933 1910 rem
1953 1854 2097 1909 illam

504 1957 751 2013 magnam
791 1953 950 2014 atque
977 1945 1284 2000 mirabilem
1317 1961 1422 2000 non
1469 1961 1655 2017 parum
1702 1947 1930 2001 contulit
1966 1961 2097 2001 ceu-

504 2037 682 2101 turio;
730 2035 781 2090 id
825 2036 966 2106 quod
999 2036 1170 2091 etiam
1220 2034 1467 2091 Christus
1507 2035 1787 2092 declarans
1832 2037 2094 2093 dicebat:

508 2126 655 2182 Vade
681 2169 696 2194 ,
741 2137 791 2184 et
831 2129 957 2184 sicut
991 2129 1264 2183 credidisti
1307 2129 1399 2197 ﬁat
1429 2128 1796 2185 tibi.Vidistin’
1825 2129 2097 2201 quomodo

494 2221 1166 2291 restitutawterossanitas
1211 2233 1266 2278 et
1287 2222 1488 2278 Christi
1522 2224 1807 2294 potentiam
1835 2233 1890 2279 et
1912 2232 2099 2279 centu-

493 2311 673 2366 il‘itmis
703 2311 859 2367 tidem
880 2313 1274 2380 vir-indicaverit,
1304 2323 1360 2370 et
1387 2315 1527 2385 quod
1560 2312 1796 2371 futurum
1822 2323 1939 2371 erat
1967 2330 2098 2371 con-

494 2402 823 2459 ﬁrmaverit.
872 2405 982 2461 lmo
1010 2422 1137 2463 vero
1176 2407 1355 2463 omnia
1395 2406 1595 2462 Christi
1628 2409 1919 2480 potentiam
1961 2424 2099 2480 prte—

490 2493 774 2550 dicabsnt.
805 2494 919 2550 Non
949 2498 1092 2551 enim
1120 2513 1315 2568 corpus
1344 2508 1546 2553 tantum
1579 2499 1728 2570 pueri
1767 2496 2097 2568 sanavit,scd

489 2585 662 2638 vetiam
687 2585 1016 2642 centurionis
1053 2589 1284 2643 animam
1317 2589 1369 2644 in
1402 2589 1561 2645 (idem
1592 2606 1685 2661 per
1716 2592 1970 2648 miracula
2011 2601 2098 2648 at-

493 2677 685 2732 :traxit.
718 2678 797 2734 Tu
827 2695 955 2736 vero
1000 2697 1070 2736 ne
1111 2680 1162 2736 id
1203 2690 1406 2738 tantum
1447 2685 1748 2756 perpendas
1773 2729 1788 2752 ,
1836 2687 1978 2757 quod
2011 2687 2100 2743 hic

492 2767 815 2837 crediderit,
858 2770 947 2826 ille
973 2780 1190 2828 sanatus
1216 2775 1304 2839 sit,
1337 2775 1429 2831 sed
1457 2777 1533 2832 rei
1561 2777 1890 2833 celeritatem
1935 2780 2099 2834 mira-

498 2874 603 2924 re;
648 2877 771 2916 nam
813 2861 918 2918 hoc
963 2866 1287 2936 evangelista
1337 2866 1627 2924 declaravit
1655 2888 1669 2924 :
1697 2869 1765 2924 Et
1793 2883 2002 2927 sanatus
2027 2881 2100 2928 est

509 2968 637 3021 puer
661 2953 712 3007 in
758 2954 850 3009 illa
898 2957 1025 3011 hora
1053 2973 1072 3012 :
1100 2958 1240 3029 quod
1271 2958 1433 3014 etiam
1476 2960 1545 3016 de
1587 2962 1802 3032 leproso
1844 2965 2094 3034 dicebat,

507 3041 784 3111 Confestim
814 3048 1086 3103 mundatus
1130 3058 1222 3104 est.
1272 3049 1387 3105 Non
1433 3052 1575 3106 enim
1606 3054 1844 3110 curando
1880 3056 2052 3112 solum
2080 3099 2098 3124 ,

507 3133 601 3188 sed
630 3136 789 3190 etiam
835 3136 884 3192 id
917 3138 1281 3210 inexspectato
1327 3144 1487 3198 modo
1527 3154 1582 3199 et
1629 3147 1681 3200 in
1724 3157 1997 3204 momento
2027 3151 2101 3206 fa-

508 3225 720 3292 ciendo,
753 3228 1045 3296 potentiam
1072 3229 1409 3287 ostendebat.
1444 3234 1625 3305 Neque
1654 3237 1756 3293 hoc
1786 3238 1947 3295 modo
1979 3250 2099 3295 tan-

509 3322 618 3369 tum
644 3315 797 3386 juvat
837 3319 1087 3391 utilisque
1117 3331 1198 3376 est
1222 3364 1236 3389 ,
1284 3323 1377 3378 sed
1421 3326 1561 3396 quod
1589 3328 1750 3383 etiam
1794 3330 2101 3402 frequenter

506 3407 630 3463 dum
664 3407 917 3470 miracula
961 3420 1133 3480 patrat
1152 3455 1165 3475 ,
1193 3412 1261 3468 de
1288 3429 1453 3485 regno
1476 3431 1785 3474 sermonem
1817 3423 2020 3490 aperiat
2048 3432 2104 3479 et

507 3517 694 3557 ()tltttes
729 3503 795 3558 ad
825 3500 951 3559 illud
982 3505 1234 3561 attrahat.
1268 3505 1476 3563 Etenim
1506 3523 1625 3564 cum
1653 3526 1714 3567 se
1751 3511 1966 3570 Iudaeos
1993 3515 2103 3586 eje-

508 3596 716 3647 cturum
742 3596 1062 3663 minabatur,
1097 3616 1201 3654 non
1227 3610 1282 3656 ut
1310 3602 1527 3673 ejiceret
1557 3601 1891 3671 minabatur;
1921 3607 2013 3662 sed
2047 3616 2104 3663 ut

510 3695 657 3739 metu
703 3687 821 3743 illos
870 3689 920 3742 in
974 3706 1196 3761 regnum
1249 3708 1349 3764 per
1397 3694 1557 3751 verba
1602 3712 1698 3751 sua
1745 3697 2099 3768 pertraheret.

511 3779 663 3846 Quod
688 3781 732 3834 si
763 3781 890 3836 nihil
922 3783 1045 3838 hinc
1077 3785 1208 3839 lucri
1237 3785 1519 3856 fecerunt,
1549 3789 1602 3845 id
1633 3790 1868 3860 ipsorum
1895 3793 2101 3848 crimen

510 3879 625 3936 est,
671 3874 1017 3945 omniumque
1061 3875 1151 3945 qui
1206 3877 1320 3947 pari
1368 3879 1557 3936 morbo
1606 3880 1936 3937 laborarunt.
1986 3882 2101 3939 Non

510 3964 653 4020 enim
676 3964 875 4022 J'udmis
892 3968 1062 4023 solum
1088 3966 1137 4024 id
1161 3971 1376 4040 accidit,
1404 3973 1496 4027 sed
1525 3974 1708 4029 multis
1728 3975 1889 4031 etiam
1915 3992 2100 4032 eorum

511 4058 600 4128 qui
639 4059 1004 4116 crediderunt.
1051 4061 1182 4117 Nam
1212 4061 1378 4121 Iudas
1422 4064 1564 4122 [ilius
1591 4068 1742 4139 regni
1774 4076 1890 4125 erat
1918 4077 1972 4125 et
2008 4084 2106 4124 an-

511 4149 643 4203 divit
688 4166 809 4206 cnm
841 4152 1138 4223 discipulis,
1169 4154 1424 4211 Sedebitis
1465 4174 1618 4228 super
1658 4161 1801 4215 sedes
1837 4160 2103 4216 duodecim

512 4240 747 4310 (Matth.
800 4244 887 4299 i9.
942 4240 1072 4316 2'8);
1124 4248 1218 4301 sed
1264 4247 1432 4304 factus
1473 4261 1555 4306 est
1607 4252 1866 4322 gehennae
1923 4253 2100 4322 filius;

513 4331 768 4404 Ethiops
795 4345 971 4392 autem
1004 4338 1109 4402 ille,
1140 4338 1398 4394 barbarus
1423 4356 1544 4396 cum
1577 4351 1754 4410 esset,
1785 4359 1851 4399 ex
1880 4361 2104 4402 numero

515 4438 699 4477 eorum
747 4425 834 4494 qui
871 4426 940 4480 ab
989 4428 1194 4483 oriente
1222 4437 1279 4484 et.
1306 4432 1586 4487 occidente
1630 4445 1931 4500 venerunt,
1980 4452 2101 4492 cum

517 4513 822 4581 Abraham,
864 4515 1012 4571 Isaac
1063 4525 1119 4571 et
1160 4517 1327 4574 Jaeob
1373 4535 1573 4576 corona
1616 4522 1918 4579 donabitur.
1952 4525 2006 4580 Id
2048 4536 2106 4583 ct

515 4621 655 4661 tntnc
681 4607 873 4678 agitur.
908 4607 1063 4662 Multi
1082 4610 1245 4677 enim,
1277 4611 1467 4682 inquit,
1499 4625 1646 4669 erunt
1672 4616 1822 4686 primi
1845 4619 2104 4672 novissimi

512 4706 559 4750 et
581 4698 839 4752 novissimi
881 4700 1032 4772 primi
1061 4699 1223 4771 (Ibid.
1256 4694 1311 4756 v.
1336 4702 1447 4774 50).
1498 4704 1607 4760 lioe
1652 4717 1830 4762 autem
1867 4708 2100 4776 dicebat,

514 4805 572 4848 ut
602 4809 773 4863 neque
801 4786 855 4848 hi
900 4793 1171 4865 negligant
1196 4835 1210 4858 ,
1240 4796 1304 4850 ac
1333 4794 1379 4851 si
1408 4811 1512 4851 non
1541 4797 1745 4865 possint
1774 4799 1971 4866 redire,
2010 4816 2105 4856 ne-

513 4898 616 4953 que
644 4885 719 4939 illi
747 4885 898 4955 quasi
941 4893 1146 4941 stantes
1175 4886 1467 4942 conﬁdant.
1517 4887 1629 4943 [loc
1671 4896 1724 4943 et
1761 4888 1996 4946 Joannes
2034 4891 2103 4947 ab

514 4974 737 5029 exordio
777 4976 1165 5044 prmnuntiaba‘t
1186 4976 1411 5033 dicens:
1452 4977 1631 5033 Potest
1669 4978 1802 5035 Deus
1829 4997 1892 5035 ea:
1916 4981 2104 5053 lapidi-

516 5063 607 5119 bus
651 5064 730 5118 his
771 5066 1014 5122 suscitare
1056 5068 1190 5138 [ilics
1240 5069 1459 5124 Abraha:
1511 5069 1688 5142 (Ibid.
1740 5073 1794 5126 5.
1827 5071 1923 5145 9).
1968 5074 2102 5142 Quia

518 5154 660 5209 enim
689 5155 791 5211 hoc
815 5167 1128 5213 eventurum
1155 5170 1291 5229 erat,
1322 5161 1413 5217 diu
1445 5172 1570 5219 ante
1600 5166 2012 5235 prtenuntiatur,
2046 5177 2104 5223 ut

518 5262 677 5302 nemo
707 5247 773 5302 de
795 5248 871 5303 rei
896 5249 1176 5306 insolentia
1206 5254 1527 5310 turbaretur.
1555 5256 1748 5310 Vierum
1778 5256 1887 5322 ille,
1917 5267 2103 5331 utpote

519 5337 701 5408 homo,
748 5339 1042 5397 secundum
1084 5352 1297 5411 captum
1379 5359 1541 5401 suum
1631 5345 1747 5402 haec
1832 5350 2101 5422 dicebat;

513 5421 770 5481 Christus
800 5432 1004 5489 autem,
1046 5439 1159 5495 rem
1191 5435 1248 5479 ut
1287 5427 1592 5480 certissime
1634 5423 1874 5479 futuram
1915 5421 2098 5497 operi-4

514 5513 620 5572 bus
640 5525 695 5573 et
721 5517 986 5588 exemplis
1024 5515 1369 5574 conﬁrmavit
1392 5516 1491 5589 (α).

589 5676 663 5741 (α)
686 5678 862 5747 Gripe
894 5680 1128 5747 ediderat
1148 5681 1320 5733 Monii.
1351 5698 1364 5734 :
1399 5682 1529 5735 ‘An’
1553 5683 1733 5741 ἐκεῖνος
1778 5682 1866 5747 μὲν
1887 5685 1955 5742 ὣς
1977 5683 2106 5747 me-

3688 381 3795 438 540

2282 469 2631 539 Prwsumptio
2647 476 2886 532 vitanda.
2908 480 3103 536 Contra
3122 482 3610 550 Manicheam—Ne
3631 494 3801 567 igitur

2210 561 2461 634 ﬁdamus,
2485 571 2587 626 etsi
2627 581 2855 640 stemus,
2891 578 2985 633 sed
3015 579 3171 636 nobis
3202 581 3336 652 ipsis
3367 576 3615 642 dicamus
3644 561 3678 641 τ’
3692 585 3799 654 Qui

2207 655 2413 715 videtur
2422 668 2581 753 stare,
2603 665 2777 720 uideat
2793 682 2855 722 ne
2870 669 3025 724 cadat
3042 672 3114 743 (i.
3133 672 3251 729 Cor.
3274 674 3358 729 lo.
3382 672 3493 747 η).
3509 677 3588 734 Ne
3605 679 3802 753 despe-

2208 760 2414 816 remus,
2443 751 2534 820 qui
2568 758 2826 823 prostrati
2859 759 3136 829 jacemus,
3170 764 3266 819 sed
3294 765 3541 824 dieamus
3569 788 3583 824 :
3618 751 3798 826 Num-

2209 838 2445 927 quidqui
2467 844 2628 907 cadit,
2662 862 2765 900 non
2794 854 3058 921 resurget?
3082 851 3206 922 (Jer.
3226 854 3279 909 8.
3294 856 3366 927 4).
3399 852 3611 914 Etenim
3634 864 3801 919 multi

2204 923 2294 993 qui
2324 925 2390 980 ad
2418 926 2591 996 ipsum
2618 930 2733 983 caeli
2766 934 3020 988 verticem
3047 923 3407 992 ascenderant
3431 979 3447 1005 ,
3475 940 3568 1011 qui
3593 942 3805 1011 patien-

2204 1015 2334 1071 tiam
2363 1033 2608 1090 magnam
2637 1023 2992 1081 exhilmerant
3014 1070 3028 1093 ,
3060 1027 3330 1086 desertum
3361 1044 3763 1103 occupaverant
3783 1078 3800 1101 ,

2204 1108 2482 1165 mulierem
2515 1127 2583 1166 ne
2625 1116 2674 1168 in
2703 1117 2908 1173 somnis
2947 1119 3162 1188 quidem
3194 1120 3473 1192 viderant,
3520 1140 3587 1182 es
3634 1142 3800 1197 parra

2204 1199 2527 1271 negligentia
2568 1206 2889 1276 supplantati
2937 1220 3078 1276 sunt,
3126 1222 3179 1267 et
3216 1213 3269 1267 in
3309 1213 3482 1285 ipsum
3533 1220 3793 1288 nequitia:

2204 1291 2513 1350 barathrum
2544 1296 2768 1367 deiecti;
2815 1302 2904 1357 alii
2939 1313 3123 1359 contra
3150 1322 3217 1361 ex
3243 1308 3433 1365 eodem
3461 1310 3715 1368 barathro
3745 1314 3799 1370 in

2204 1384 2393 1441 caelum
2437 1382 2836 1457 ascenderunt,
2864 1402 3024 1466 atque
3065 1408 3096 1453 a
3136 1412 3295 1454 scena
3323 1410 3378 1457 et
3408 1403 3688 1460 orchestra
3728 1405 3797 1462 ad

2204 1479 2497 1550 angelicam
2528 1482 2691 1539 vitam
2735 1489 2982 1543 conversi
3019 1499 3172 1558 sunt;
3207 1501 3515 1566 tantamque
3541 1497 3797 1555 virtutem

2203 1570 2563 1629 exhibuerunt
2585 1615 2600 1636 .
2634 1585 2691 1632 ut
2727 1577 3005 1635 daemonas
3044 1582 3339 1653 pellerent,
3371 1587 3651 1658 multaque
3693 1590 3796 1646 alia

2202 1661 2396 1717 similia
2426 1664 2577 1735 signa
2607 1666 2849 1724 ederent.
2881 1669 2976 1726 liis
3000 1673 3260 1742 exemplis
3289 1676 3461 1746 plenae
3489 1689 3616 1734 sunt
3645 1678 3795 1736 Scri-

2202 1761 2395 1823 ptum,
2424 1755 2582 1837 plena
2612 1757 2888 1817 hominum
2917 1762 3047 1818 vita.
3078 1761 3495 1824 Jamlbrnicarii
3523 1779 3574 1823 et
3605 1771 3797 1826 molles

2201 1842 2614 1905 Manichaeorum
2655 1866 2748 1909 ora
2778 1856 3160 1927 comprimunt,
3202 1859 3295 1930 qui
3323 1861 3509 1916 dicunt
3533 1863 3794 1920 malitiam

2202 1954 2326 1995 esse
2351 1941 2627 1998 immotam
2658 1987 2674 2012 ,
2721 1945 2919 2004 diaboli
2960 1965 3075 2006 rem
3102 1961 3354 2023 agentes,
3403 1964 3459 2009 et
3485 1971 3675 2011 eorum
3705 1959 3795 2028 qui

2202 2034 2387 2088 virtuti
2416 2046 2635 2105 operam
2665 2037 2794 2094 dare
2819 2041 3020 2097 vellent
3045 2058 3235 2100 manus
3273 2044 3634 2104 dissolventes
3658 2091 3673 2113 ,
3719 2051 3798 2105 vi-

2205 2135 2419 2198 tamque
2443 2142 2656 2187 omnem
2686 2141 3008 2189 evertentes.
3036 2134 3168 2191 Nam
3198 2137 3287 2207 qui
3317 2137 3430 2193 hazc
3466 2141 3797 2209 persuadere

2200 2231 2501 2289 conantur,
2532 2238 2639 2279 non
2680 2224 2854 2281 futura
2886 2235 3088 2283 tantum
3113 2231 3492 2301 pessumdant;
3525 2233 3621 2288 sed
3653 2249 3796 2301 pm

2201 2313 2373 2369 sentis
2399 2328 2611 2389 quoque
2635 2333 2731 2390 pro
2751 2319 2888 2375 virili
2917 2334 3010 2378 sus
3046 2321 3220 2394 deque
3249 2334 3487 2381 vertunt.
3515 2326 3795 2394 Quomodo

2202 2403 2347 2462 enim
2391 2407 2443 2462 in
2487 2409 2725 2479 nequitia
2770 2409 2957 2468 vivens
3003 2415 3265 2484 quispiam
3291 2457 3306 2480 ,
3348 2417 3531 2472 virtuti
3574 2432 3792 2488 operam

2202 2497 2334 2555 dare
2376 2500 2623 2568 studeat,
2669 2501 2714 2556 si
2756 2517 2819 2560 se
2857 2503 2933 2559 ad
2971 2504 3117 2561 illam
3162 2517 3436 2563 revertere
3481 2524 3589 2564 non
3639 2525 3796 2580 posse

2203 2599 2371 2660 putet,
2403 2592 2447 2646 si
2478 2604 2585 2646 non
2611 2592 2795 2649 credat
2824 2606 2882 2650 se
2921 2595 2973 2651 in
3004 2596 3194 2651 melius
3219 2612 3375 2668 posse
3400 2600 3637 2655 mutari?
3663 2600 3793 2657 Nam

2203 2682 2248 2737 si
2276 2698 2436 2749 nunc,
2469 2684 2736 2740 stantibus
2766 2687 2991 2758 legibus,
3025 2689 3238 2746 indictis
3266 2693 3562 2762 suppliciis,
3597 2710 3795 2766 propo-

2203 2777 2302 2831 sita
2330 2776 2497 2848 gloria
2520 2819 2534 2843 ,
2581 2790 2700 2847 qure
2731 2779 2928 2836 multos
2957 2785 3190 2837 excitare
3234 2780 3438 2854 possit;
3464 2800 3587 2841 cum
3614 2796 3673 2842 et
3699 2801 3793 2857 ge-

2204 2868 2381 2925 henna
2413 2881 2774 2941 exspectetur,
2806 2882 2861 2929 et
2884 2888 3105 2946 regnum
3137 2876 3479 2947 promittatur
3501 2919 3516 2945 ,
3543 2893 3669 2934 cum
3698 2880 3795 2934 im-

2203 2962 2356 3033 probi
2386 2962 2669 3031 d‘edccore,
2722 2964 2846 3021 boni
2886 2967 3130 3023 laudibus
3172 2968 3496 3035 afficiantur,
3547 2971 3635 3026 vix
3678 2971 3795 3043 qui-

2205 3055 2347 3124 piam
2381 3056 2547 3111 velint
2573 3059 2784 3113 virtutis
2808 3061 3035 3116 sudores
3054 3060 3242 3118 adire:
3270 3063 3352 3118 his
3390 3064 3639 3132 sublatis,
3668 3065 3795 3137 quid

2206 3146 2460 3217 impediet
2484 3150 2771 3219 quominus
2795 3153 2974 3207 omnia
3004 3167 3220 3222 pessum
3243 3156 3406 3210 eant?

2277 3241 2328 3294 6.
2374 3238 2499 3295 Cum
2531 3243 2721 3311 ﬁducia
2767 3253 2815 3298 et
2844 3246 3023 3302 timore
3064 3264 3155 3317 per
3182 3260 3459 3320 augustam
3492 3251 3625 3304 uiam
3655 3252 3792 3307 iace-

2206 3330 2446 3387 dendum.
2463 3334 2713 3406 Exemplo
2735 3334 2945 3392 Daoidis
2972 3338 3310 3409 vigilantiam,
3337 3340 3582 3409 ﬁduciam
3610 3353 3660 3397 et
3688 3361 3793 3412 pce-

2206 3426 2469 3481 nitentiam
2493 3426 3088 3486 docemur.—Videntes
3117 3434 3297 3502 itaque
3324 3430 3568 3489 fraudem
3608 3436 3796 3507 nequi-

2207 3518 2443 3590 tiamque
2479 3519 2798 3576 diabolicam
2823 3562 2839 3587 ,
2883 3522 3135 3593 ipsosque
3175 3538 3384 3579 necnon
3428 3540 3523 3581 eos
3565 3528 3657 3597 qui
3705 3527 3795 3583 fati

2208 3610 2354 3680 leges
2382 3617 2619 3667 statuere
2647 3621 2914 3683 satagunt,
2945 3613 3170 3670 adversa
3200 3616 3421 3682 sentire,
3449 3627 3504 3672 et
3526 3621 3794 3674 contraria

2208 3700 2604 3770 legislatoribus
2623 3711 2990 3772 externorum,
3014 3712 3069 3758 et
3090 3704 3180 3760 Dei
3203 3706 3219 3737 ⁸
3237 3707 3490 3773 oraculis,
3514 3717 3571 3763 et
3592 3718 3795 3764 natura:

2206 3792 2527 3858 ratiociniis,
2569 3802 2624 3847 et
2651 3794 2920 3849 communi
2955 3796 3190 3851 omnium
3222 3798 3457 3867 epinioni
3482 3840 3497 3864 ,
3531 3799 3793 3867 barbaris,

2206 3894 2261 3940 et
2289 3884 2521 3957 Scythis,
2552 3894 2604 3939 et
2632 3884 2948 3950 Thracibus,
2974 3886 3299 3958 demumque
3325 3888 3535 3945 caneris
3562 3891 3794 3946 homini-

2209 3982 2330 4049 bus,
2358 3983 2659 4052 vigilemus,
2689 3982 2868 4037 dilecti
2900 4024 2915 4049 ,
2961 3990 3122 4052 atque
3154 3983 3257 4038 illis
3298 3985 3548 4040 omnibus
3572 3987 3690 4041 vale
3709 3982 3792 4041 di-

2205 4084 2422 4142 centes,
2469 4076 2777 4131 incedamus
2818 4091 2916 4146 per
2942 4082 3218 4145 angustam
3268 4077 3406 4132 viam
3446 4093 3565 4132 eum
3607 4078 3797 4135 ﬁducia

2207 4176 2263 4224 et
2291 4167 2513 4233 timore;
2542 4184 2665 4224 cum
2713 4169 2901 4224 timore
2927 4169 3161 4239 quidem,
3194 4170 3264 4224 ob
3302 4171 3590 4241 prmcipitia
3621 4173 3797 4229 utrin-

2208 4277 2311 4333 que
2338 4262 2546 4333 posita;
2574 4277 2694 4316 cum
2726 4261 2914 4333 ﬁducia
2943 4278 3071 4317 vero
3092 4303 3107 4330 ,
3138 4264 3208 4319 ob
3231 4264 3422 4320 ducem
3453 4265 3553 4319 vite
3587 4264 3793 4343 Jesum‘.

2208 4352 2316 4409 lter
2342 4369 2563 4425 agamus
2606 4353 2769 4408 sobrii
2800 4369 2864 4410 ac
2901 4355 3107 4426 vigiles.
3146 4354 3279 4411 Nam
3310 4356 3354 4411 si
3396 4356 3481 4410 vel
3525 4357 3795 4426 paululum

2209 4448 2326 4516 quis
2354 4446 2641 4514 darmitet,
2698 4447 2874 4502 statim
2904 4463 2962 4502 se
2994 4449 3317 4517 praecipitem
3358 4438 3466 4503 dat.
3497 4448 3611 4504 Non
3652 4450 3795 4504 enim

2207 4551 2394 4593 sumus
2427 4534 2773 4607 perfectiores
2807 4538 3021 4603 Davide,
3063 4539 3154 4606 qui
3180 4555 3245 4594 ex
3272 4555 3431 4608 parva
3474 4542 3795 4612 negligentia

2209 4628 2262 4683 in
2294 4629 2496 4698 peccati
2528 4628 2837 4683 barathrum
2869 4628 2971 4683 ruit
2998 4672 3014 4696 ,
3057 4630 3151 4685 sed
3184 4632 3362 4686 statim
3413 4634 3667 4689 surrexit.
3715 4633 3796 4689 Ne

2207 4734 2336 4789 ergo
2362 4722 2670 4789 peccantem
2697 4720 2870 4774 solum
2899 4721 3176 4790 reSpicias,
3204 4721 3299 4776 sed
3326 4722 3486 4776 etiam
3519 4730 3793 4792 peccatum

2207 4810 2534 4867 abluentem.
2562 4808 2678 4867 Non
2718 4812 2861 4867 enim
2894 4812 3015 4868 ideo
3042 4822 3244 4868 tantum
3273 4815 3388 4870 hinc
3415 4815 3635 4870 historia
3656 4817 3797 4871 scri-

2209 4910 2297 4972 pta
2324 4911 2405 4957 est
2429 4943 2444 4967 ,
2480 4912 2539 4956 ut
2562 4900 2768 4971 lapsum
2801 4904 3074 4973 respicias,
3105 4904 3198 4960 sed
3227 4914 3286 4960 ut
3312 4916 3619 4977 surgentem
3644 4909 3801 4965 mire-

2206 4991 2283 5047 ris
2327 5010 2340 5046 :
2403 4996 2463 5046 ut.
2502 4991 2678 5047 discas
2737 5001 2857 5063 post
2900 4993 3147 5063 lapsum,
3194 4996 3465 5065 quomodo
3513 5012 3793 5068 resurgere

2206 5092 2471 5157 oporteat.
2524 5086 2983 5154 Quemadmodum
3024 5091 3166 5145 enim
3214 5089 3410 5146 medici
3451 5092 3796 5161 gravissimos

2207 5179 2426 5234 morbos
2472 5179 2524 5232 in
2569 5179 2763 5236 libellis
2810 5179 3160 5250 describunt,
3220 5191 3383 5252 atque
3426 5183 3499 5237 ita
3545 5183 3798 5240 medendi

2273 5294 2291 5325 ι
2326 5291 2441 5353 Alii,
2464 5289 2661 5345 Christi.

2199 5376 2298 5441 est,
2320 5370 2381 5422 ad
2407 5370 2630 5443 litteram
2653 5388 2666 5423 :
2696 5375 2879 5427 Verum
2902 5372 2987 5426 ille
3008 5372 3100 5448 (ioc
3133 5376 3363 5442 praedicit
3381 5386 3568 5430 tantum
3592 5390 3645 5453 ut
3666 5395 3758 5446 pos

2198 5429 2342 5483 sibus
2359 5445 2378 5482 :
2400 5439 2509 5484 erat
2550 5447 2681 5484 enim
2701 5434 2846 5486 homo
2870 5450 2888 5486 :
2918 5440 3138 5486 Christus
3174 5447 3363 5486 eumn-
3400 5450 3451 5486 ut
3481 5458 3679 5486 omnum
3711 5448 3758 5486 r-

2198 5439 2378 5483 sttnte:
2400 5439 2529 5504 erat.
2550 5439 2681 5484 enim
2701 5439 2846 5507 homo
2870 5450 2888 5488 :
2918 5439 3142 5490 Christus
3174 5447 3364 5511 autem,
3400 5450 3451 5494 ut
3481 5439 3679 5515 cumino
3706 5448 3774 5535 [ιι-

2197 5494 2616 5567 turum,oper_tbus
2639 5497 2924 5567 (dictorum)
2960 5501 3376 5567 conﬁrmationem
3402 5504 3652 5557 edubens.
3678 5508 3782 5559 Ln-

2197 5553 2263 5631 de
2285 5553 2782 5631 patetjnterpretem
2815 5553 3080 5631 aberrasse
3112 5576 3223 5613 cum
3246 5553 3421 5631 verba,
3433 5553 3781 5631 'ag'i'vsﬁgie'az-

2193 5616 2297 5701 {33:
2314 5616 2536 5701 'SS‘PEL";
2561 5616 3087 5701 E'Ifﬁ‘iiiefﬁbettdt’z
3108 5625 3372 5701 κεκράαῖη
3394 5616 3593 5701 έαρῖαπί

2194 5660 2539 5762 statim
2560 5660 2650 5742 ιῖὶό
2656 5660 3371 5762 ᾆῖόριιξτῖὂζὶἕόνῆνῗῖιῗήέἕέζ

523 5737 724 5810 χὸμεξοογ
758 5741 873 5791 αὐτὸ
894 5744 1049 5810 λέγει’-
1070 5744 1315 5810 ἄγθριρπος
1333 5747 1422 5809 γὰρ
1441 5747 1517 5810 ἦγ’
1539 5737 1876 5810 ὁηδὲμχριάτῆς
1896 5737 1961 5803 (δέ
1984 5746 2099 5810 ’Ξέν-

2207 5737 2375 5810 θῃριῐο
2395 5737 2576 5810 sensus
2601 5746 2698 5804 est,
2717 5737 2826 5795 eiut
2841 5737 2971 5796 eam
2993 5737 3289 5810 iit-recursem
3306 5737 3391 5803 Cir
3409 5737 3771 5804 λώιὸὶἶῆρῆ

522 5797 617 5854 sua
639 5799 884 5866 ἐσόμενον,
905 5797 991 5864 τῆν
1028 5805 1124 5856 ἀπὸ
1157 5797 1262 5855 ’τῶν
1295 5797 1442 5871 ἓῂὡν
1462 5797 1975 5873 Ἑπὸδειξιίπαρέᾷςωῦ.
1995 5804 2103 5887 Hoc
2190 5797 2252 5846 ad
2279 5797 2459 5850 Ῑοοιιωι
2491 5801 2630 5853 Ευιτ.
