4036 6434
444 433 552 508 sti

445 566 760 625 methodum
787 567 923 621 alios
961 565 1155 620 docent
1175 605 1188 630 ,
1216 563 1355 619 utin
1400 562 1690 633 majoribus
1712 557 2029 623 exercitati,

444 663 684 717 minores
707 659 1054 730 aegritudines
1085 657 1292 712 facilius
1329 667 1586 727 superent
1617 676 1630 710 :
1677 657 1755 711 sic
1795 669 1850 711 et
1895 657 2035 713 Deus

443 753 759 826 gravissima
800 760 1020 821 peccata
1063 751 1116 805 iu
1161 749 1395 805 medium
1439 749 1702 816 adduxit,
1750 758 1808 804 ut
1851 750 1938 819 qui
1983 750 2034 802 in

442 846 652 917 exiguis
714 845 849 915 lapsi
898 851 1125 907 essent,
1183 858 1371 898 eorum
1423 841 1672 911 exempio
1737 841 2033 897 faciliorem

441 935 766 992 emendandi
811 937 1073 991 rationem
1111 934 1436 990 invenirent.
1459 934 1515 991 Si
1543 934 1685 988 enim
1714 933 1913 1003 majora
1947 951 2034 988 re-

439 1029 679 1084 medium
708 1027 1033 1093 habuerunt,
1064 1028 1234 1082 multo
1259 1027 1465 1081 facilius
1489 1027 1717 1081 minora.
1750 1026 2036 1081 Videamus

438 1119 603 1189 igitur
635 1134 738 1190 qua
771 1119 977 1173 ratione
1003 1119 1375 1189 mgrotavcrit,
1422 1131 1528 1187 qua
1563 1115 1920 1172 valetudinem
1945 1132 2034 1170 re-

436 1212 778 1281 cuperaverit
807 1211 892 1265 vir
935 1211 1026 1265 ille
1069 1211 1274 1265 beatus.
1324 1209 1452 1276 Qua:
1495 1208 1653 1278 igitur
1681 1207 1852 1261 morbi
1897 1208 2034 1264 ratio

439 1303 586 1358 fuit?
616 1301 907 1359 Mtechatus
937 1311 1040 1368 est,
1070 1311 1124 1357 et
1141 1301 1356 1357 occidit.
1388 1301 1503 1356 Non
1535 1301 1676 1356 enim
1704 1315 1896 1355 vereor
1921 1301 2034 1356 haec

442 1411 634 1467 magna
681 1411 816 1450 voce
845 1395 1135 1464 publicare.
1167 1395 1299 1449 Nam
1335 1395 1380 1449 si
1411 1394 1640 1465 Spiritus
1672 1403 1888 1450 sanctus
1925 1409 2033 1450 non

440 1499 596 1559 turpe
624 1489 951 1545 existimavit
1000 1505 1144 1553 esse,
1175 1489 1312 1544 hanc
1343 1499 1506 1543 totam
1550 1488 1825 1544 historiam
1853 1489 2032 1560 publi-

438 1597 587 1648 care,
622 1583 790 1636 multo
820 1582 990 1652 magis
1016 1597 1114 1636 nos
1137 1581 1282 1635 illam
1315 1597 1421 1636 non
1449 1581 1677 1636 obscure
1713 1581 1915 1636 referre
1940 1580 2034 1635 de-

438 1674 648 1730 bemus.
677 1675 1015 1743 Quapmpter
1058 1689 1162 1729 non
1195 1675 1356 1729 modo
1396 1674 1512 1730 haec
1537 1675 1839 1746 praedicabo
1877 1716 1892 1741 ,
1935 1671 2031 1730 sed

437 1768 585 1824 aliud
615 1783 828 1838 quoque
871 1768 1144 1837 adjiciam.
1188 1768 1399 1822 Etenim
1429 1768 1516 1836 qui
1557 1768 1677 1822 haec
1714 1767 2026 1832 occultant,

437 1862 538 1918 viri
587 1861 728 1916 illius
776 1862 1030 1916 virtutem
1071 1861 1396 1916 obscurant:
1427 1875 1489 1914 ac
1533 1861 1672 1915 sicut
1721 1860 1756 1915 ii
1795 1859 1884 1930 qui
1914 1859 2032 1928 ejus

436 1970 561 2011 cum
601 1952 852 2010 Goliatbo
913 1969 1144 2024 pugnam
1191 1962 1458 2019 tacerent,
1500 1968 1605 2008 non
1652 1954 1898 2025 exiguam
1927 1953 2029 2022 ipsi

433 2064 690 2104 coronam
741 2048 1070 2113 adimerent,
1104 2045 1324 2116 perinde
1351 2047 1586 2102 facerent
1626 2048 1715 2117 qui
1756 2048 1892 2102 hanc
1944 2047 2030 2100 hi-

434 2145 659 2197 storiam
690 2149 1178 2212 jn-artcrcurrereut.
1213 2141 1404 2196 Annon
1433 2157 1548 2196 rem
1592 2141 1746 2196 vobis
1777 2141 2028 2210 inexspe-

432 2245 634 2292 ctatam
683 2235 840 2290 dico?
871 2234 977 2290 Sed
1019 2234 1280 2290 tantillum
1326 2232 1730 2303 prmstolamini,
1767 2241 1822 2286 et
1847 2231 2028 2287 scietis

435 2344 538 2383 nos
567 2327 684 2382 haec
729 2327 852 2397 jure
889 2326 943 2382 in
991 2326 1224 2382 medium
1269 2325 1575 2396 protulisse.
1624 2324 1749 2378 Ideo
1801 2337 2028 2392 namque

434 2430 713 2491 peceatum
743 2419 1028 2490 amplifico,
1055 2419 1212 2490 idque
1243 2419 1611 2488 inexspectata
1644 2415 1894 2487 loquendi
1920 2417 2023 2479 via,

433 2523 495 2566 ut
525 2511 808 2583 pharmaca
830 2527 1015 2581 parem
1044 2509 1366 2580 copiosiora.
1389 2507 1526 2575 Quid
1556 2508 1732 2577 itaque
1755 2505 2027 2575 propono?

434 2603 699 2659 Virtutem
748 2602 886 2667 viri;
921 2603 972 2657 id
999 2601 1143 2672 quod
1182 2601 1394 2671 gravius
1436 2599 1638 2655 crimen
1680 2597 1865 2653 efficit.
1907 2597 2024 2652 Non

430 2694 577 2749 enim
620 2709 716 2766 par
742 2703 827 2750 est
865 2695 918 2750 in
973 2695 1220 2748 clunibus
1258 2702 1313 2748 et
1353 2693 1492 2748 circa
1524 2705 1712 2748 omnes
1743 2691 1843 2746 hac
1871 2695 1924 2745 in
1967 2705 2026 2746 re

429 2786 690 2856 judicium
725 2803 737 2839 :
772 2785 1011 2840 Potentes
1040 2785 1182 2840 enim
1209 2826 1224 2851 ,
1268 2785 1480 2854 inquit,
1515 2792 1741 2852 potenter
1778 2790 2027 2836 tormenta

430 2882 685 2952 patientur
715 2880 869 2952 (Sap.
898 2879 951 2936 6.
977 2880 1034 2949 7)
1053 2896 1068 2944 ;
1087 2873 1168 2944 et,
1202 2878 1302 2945 Qui
1330 2878 1464 2931 novit
1493 2877 1796 2931 voluntatem
1833 2874 2027 2929 domini

428 2972 533 3038 sui,
563 2982 609 3025 et
644 2987 746 3024 non
770 2971 890 3040 facit
914 3011 929 3036 ,
960 2971 1217 3042 vapulabit
1248 2969 1422 3022 multis
1470 2967 1621 3038 (Luc.
1655 2968 1741 3021 12.
1776 2967 1890 3038 47).
1926 2965 2027 3019 lla-

429 3079 536 3133 que
564 3062 735 3133 major
779 3063 1012 3133 cognitio
1043 3063 1261 3131 majoris
1287 3069 1370 3116 est
1415 3075 1577 3115 causa
1606 3059 1869 3130 supplicii.
1900 3058 2026 3114 ldeo

429 3156 684 3212 sacerdos
710 3157 800 3226 qui
827 3157 877 3211 in
911 3156 1077 3228 paria,
1110 3165 1271 3225 atque
1299 3154 1530 3218 subditi,
1565 3154 1755 3208 incidit
1779 3161 2021 3222 peccata,

431 3263 538 3303 non
568 3263 745 3318 pares,
777 3247 871 3303 sed
903 3247 1073 3302 multo
1119 3247 1396 3317 graviores
1437 3246 1584 3300 dabit
1629 3261 1836 3315 poenas.
1892 3244 2025 3298 For-

429 3349 575 3397 tasse
615 3341 745 3396 dum
789 3357 876 3397 me
904 3341 1096 3396 videtis
1137 3340 1464 3409 ampliﬁcare
1493 3340 1696 3394 crimen
1731 3380 1746 3403 ,
1795 3338 2024 3395 tremitis

427 3432 823 3498 etformidatis,
869 3442 924 3489 et
969 3449 1056 3489 me
1098 3433 1247 3504 quasi
1289 3447 1384 3502 per
1428 3431 1720 3501 prwcipitia
1769 3430 2022 3486 inceden-

428 3535 539 3581 tem
592 3526 881 3581 miramini.
926 3525 1038 3596 Ego
1080 3541 1210 3581 vero
1248 3533 1454 3579 tantum
1493 3525 1636 3578 circa
1675 3523 1805 3594 justi
1859 3525 2025 3579 virtu-

430 3625 538 3671 tem
565 3625 620 3671 et
640 3617 829 3672 merita
855 3615 1086 3680 conﬁdo,
1117 3625 1174 3670 ut
1199 3615 1360 3670 etiam
1389 3615 1610 3669 ulterius
1665 3614 1976 3685 progrediar
2007 3633 2020 3670 :

427 3717 629 3782 quanto
681 3710 829 3765 enim
873 3709 1043 3779 magis
1087 3707 1289 3763 crimen
1329 3707 1535 3778 augebo
1562 3750 1577 3775 ,
1620 3715 1768 3763 tanto
1803 3707 2023 3777 majori-

428 3803 530 3858 bus
575 3802 828 3857 Davidem
895 3802 1140 3856 laudibus
1181 3801 1456 3857 celebrare
1507 3809 1714 3870 potero.
1775 3801 1840 3857 Et
1892 3800 2020 3871 quid

430 3895 518 3952 his
567 3894 743 3964 majus
769 3935 785 3961 ,
837 3894 1078 3964 inquies,
1128 3892 1367 3964 proferre
1404 3894 1624 3964 possis?
1665 3893 1830 3949 Multo
1874 3903 2024 3949 certe

432 3987 658 4057 majora.
706 3984 1166 4055 Quemadmodum
1228 3985 1370 4040 enim
1427 3985 1575 4039 Calui
1642 3985 1849 4040 crimen
1913 4001 2022 4039 non

428 4079 608 4136 cades
646 4079 806 4134 modo
847 4087 964 4135 erat
989 4121 1005 4145 ,
1051 4077 1146 4134 sed
1191 4077 1380 4132 multis
1407 4078 1646 4132 caulibus
1688 4077 1879 4147 pejus;
1914 4093 2021 4132 non

429 4173 576 4230 enim
603 4173 858 4235 alienum,
889 4170 983 4226 sed
1013 4169 1270 4235 fratrem;
1302 4180 1358 4225 et
1383 4172 1622 4236 fratrem,
1655 4185 1764 4225 non
1816 4168 2022 4226 laeden-

431 4276 540 4321 tem
572 4305 589 4331 ,
630 4263 730 4319 sed
777 4264 964 4318 laesum
998 4261 1231 4327 occidit;
1265 4276 1372 4317 non
1415 4270 1536 4332 post
1561 4263 1754 4316 multas
1785 4271 2020 4331 patratas

429 4356 629 4420 caedes,
661 4353 756 4409 sed
795 4355 908 4424 ipse
947 4353 1337 4409 exsecrandum
1384 4353 1561 4410 scelus
1591 4355 1737 4424 prior
1765 4355 1970 4410 invenit
2001 4370 2014 4408 :

429 4448 509 4503 sic
535 4448 587 4502 in
612 4445 714 4501 h‘oc
742 4461 849 4515 quo
877 4445 944 4500 de
976 4447 1183 4515 agimus
1207 4445 1476 4516 exemplo,
1516 4461 1621 4500 non
1650 4447 1827 4501 caedes
1859 4447 2018 4502 modo

431 4541 636 4595 [acinus
661 4539 762 4594 hoc
781 4547 928 4605 erat;
957 4555 1062 4594 non
1086 4539 1228 4595 enim
1257 4539 1338 4592 vir
1359 4553 1388 4594 e
1411 4539 1567 4593 trivio
1596 4537 1860 4594 homicida
1882 4549 2016 4607 erat,

427 4633 526 4688 sed
568 4632 861 4702 propheta;
907 4647 1012 4686 non
1041 4630 1322 4686 latdentem
1350 4672 1365 4695 ,
1412 4631 1506 4685 sed
1547 4631 1732 4686 laesum
1776 4632 2013 4687 occidit:

429 4725 594 4779 laesus
613 4725 807 4794 quippe
847 4721 1020 4777 fuerat
1052 4736 1115 4776 ex
1140 4721 1405 4776 adulterio
1445 4737 1564 4776 cum
1598 4738 1764 4777 uxore
1811 4739 1828 4777 :
1860 4733 2020 4793 atque

430 4818 535 4872 hoc
568 4817 728 4871 etiam
759 4815 934 4870 scelus
964 4814 1188 4870 addidit.
1238 4814 1512 4870 Videtisne
1562 4815 1833 4884 quomodo
1871 4815 2018 4884 justo

431 4909 548 4963 viro
572 4923 680 4963 non
711 4922 946 4978 parcam,
981 4917 1035 4961 et
1055 4908 1171 4961 sine
1212 4906 1319 4962 ullo
1355 4915 1781 4978 temperamento
1811 4907 2017 4962 scelera

426 5002 548 5071 ejus
573 4999 938 5056 recenseam?
982 5001 1230 5054 Attamen
1278 4999 1348 5053 ita
1391 4999 1458 5052 de
1514 4999 1659 5053 illius
1701 4999 2021 5069 purgatione

425 5092 674 5160 conﬁdo,
725 5100 783 5147 ut
812 5100 930 5162 post
973 5100 1178 5145 tantum
1221 5091 1484 5145 scelerum
1533 5091 1743 5145 culmen
1769 5132 1784 5156 ,
1837 5099 2017 5160 optem

359 5201 364 5206 ’
425 5184 619 5240 adesse
655 5182 998 5248 Manichaeos,
1041 5181 1130 5252 qui
1175 5181 1291 5236 haec
1329 5182 1563 5237 maxime
1600 5181 1921 5248 traducunt,
1965 5191 2018 5236 et

427 5275 799 5331 Marcionistas
822 5315 841 5342 ,
871 5284 932 5328 ut
973 5275 1186 5329 illorum
1229 5289 1326 5328 ora
1365 5274 1583 5344 egregie
1637 5273 1904 5328 claudam.
1937 5271 2019 5328 Illi

429 5384 660 5438 namque
675 5369 860 5424 dicunt
875 5368 1048 5438 ipsum
1070 5377 1124 5422 et
1138 5367 1400 5423 occidisse
1420 5376 1475 5422 et
1489 5367 1811 5422 moechatum
1831 5366 2015 5433 fuisse;

427 5477 531 5532 ego
555 5476 684 5517 vero
714 5477 820 5516 non
851 5459 904 5515 id
945 5469 1148 5514 tantum
1193 5459 1351 5526 dico,
1402 5457 1497 5514 sed
1547 5459 1812 5528 duplicem
1856 5457 2019 5512 fuisse

425 5552 635 5610 caedem
660 5551 1065 5615 demonstravi,
1115 5560 1227 5606 tum
1255 5551 1397 5621 quod
1426 5551 1513 5605 ille
1547 5550 1658 5620 jam
1688 5561 1812 5605 ante
1860 5551 2018 5606 laesus

427 5645 518 5708 sit,
549 5655 662 5703 tum
686 5643 828 5716 quod
857 5652 1016 5699 tante
1042 5643 1318 5713 dignitatis
1343 5651 1489 5698 esset
1519 5645 1564 5697 is
1592 5644 1682 5714 qui
1713 5643 1925 5698 occidit.

393 5796 410 5802 μ
499 5738 556 5794 7.
597 5736 871 5792 Peccatum
903 5737 1110 5792 Doridis
1145 5747 1410 5806 quantum.
1451 5735 1626 5807 Ipsius
1674 5745 1783 5806 post
1814 5736 2016 5806 lapsum

427 5837 622 5896 quanta
653 5827 829 5882 virtus.
878 5858 949 5869 -—
999 5828 1115 5883 Non
1157 5828 1300 5883 enim
1345 5843 1442 5898 par
1483 5837 1568 5882 est
1607 5829 1808 5883 crimen
1846 5829 2018 5884 virum

431 5921 632 5990 Spiritu
657 5931 840 5976 sancto
867 5920 1162 5991 dignatmn,
1204 5927 1284 5976 tot
1309 5919 1582 5977 beneﬁciis
1611 5919 1878 5987 affectum,
1924 5922 2014 5993 qui

1388 445 1455 502 lN
1493 439 1908 501 MATTILEUM
1946 438 2180 495 HOMIL.
2223 439 2412 494 XXVI.
2451 442 2524 497 al.
2568 442 2785 500 XXVII.

3636 461 3745 516 δη

2151 564 2350 611 tantam
2390 566 2708 627 potestatem
2753 569 2869 615 erat
2913 561 3158 633 adeptus,
3206 565 3260 620 in
3291 568 3381 622 tali
3427 579 3583 627 aetate
3627 572 3741 628 haec

2146 647 2379 704 facinora
2405 650 2641 720 aggredi,
2671 661 2830 721 atque
2857 653 3086 724 idipsum
3109 662 3403 727 perpetrari
3428 677 3458 713 a
3486 663 3622 729 viro,
3653 667 3740 720 cui

2145 741 2279 795 nihit
2307 756 2494 797 eorum
2523 753 2810 814 competat.
2863 746 3111 802 Attamen
3143 747 3268 804 hinc
3295 753 3591 808 mirabilior
3615 771 3742 811 cva-

2143 831 2223 887 dit
2254 833 2337 887 vir
2379 834 2470 888 ille
2514 834 2687 900 fortis,
2729 837 2868 906 quod
2920 838 2970 892 in
3017 840 3334 909 profundum
3372 847 3624 916 nequitia!
3664 849 3736 903 la-

2143 937 2292 993 psus,
2335 940 2439 978 non
2466 926 2646 980 animo
2670 927 2947 995 defecerit,
2995 932 3448 1003 nondesperarit,
3494 954 3600 993 non
3646 956 3737 996 se-

2146 1013 2316 1082 ipsum
2347 1017 2596 1087 supinum
2629 1021 2937 1090 projeccrit,
2983 1023 3124 1078 letali
3154 1025 3372 1081 vulnere
3396 1030 3678 1086 confossus
3704 1047 3735 1086 a

2143 1107 2378 1176 diabolo,
2430 1112 2524 1168 sed
2551 1114 2678 1177 cito,
2714 1117 2822 1169 imo
2847 1115 3050 1185 statim,
3083 1132 3273 1188 magna
3299 1133 3422 1174 cum
3443 1123 3738 1180 vehemen-

2143 1205 2215 1256 tia
2246 1204 2416 1274 majus
2446 1204 2698 1261 inﬁixerit
2727 1207 2941 1273 vulnus,
2983 1224 3143 1279 quam
3177 1221 3474 1281 acceperat.
3507 1215 3738 1274 Perinde

2144 1303 2304 1364 atque
2339 1296 2381 1349 si
2423 1296 2474 1349 in
2503 1298 2620 1352 acie
2649 1297 2906 1352 barbarus
2935 1301 3199 1370 quispiam
3240 1302 3294 1356 in
3322 1319 3420 1360 cor
3450 1306 3530 1361 vel
3561 1309 3614 1362 in
3643 1308 3734 1365 he-
3813 1312 3815 1315 ’

2141 1401 2238 1456 par
2265 1389 2466 1442 strenui
2498 1388 2595 1443 viri
2626 1389 2832 1444 hastam
2867 1390 3122 1459 inﬁxerit,
3161 1402 3218 1450 et
3244 1397 3533 1453 secundam
3567 1403 3735 1471 magis

2140 1480 2352 1535 letalem
2385 1482 2587 1552 plagam
2620 1483 2903 1551 addiderit,
2947 1495 3057 1540 tum
3091 1488 3180 1544 ille
3217 1490 3399 1559 lapsus
3426 1493 3729 1564 plagarum-

2139 1586 2243 1642 qne
2273 1575 2529 1643 sanguine
2553 1574 2926 1643 circumfusus,
2955 1579 3061 1633 cito
3082 1585 3390 1647 surrexerit,
3420 1585 3732 1658 hastamque
3825 1633 3832 1640 ..

2139 1665 2354 1720 vibrans
2386 1667 2593 1722 hostem
2623 1668 2942 1736 confoderit,
2985 1680 3040 1726 et
3084 1674 3316 1728 occisum
3361 1678 3539 1731 statim
3585 1679 3727 1734 humi

2139 1770 2464 1829 prostratum
2494 1762 2769 1832 reliquerit
2800 1780 2814 1817 :
2846 1764 2925 1819 sic
2952 1773 3006 1818 et
3032 1781 3192 1832 nunc,
3221 1783 3326 1837 quo
3347 1770 3600 1839 majorem
3628 1774 3726 1827 Da-

2136 1853 2275 1908 vidis
2299 1855 2506 1925 plagam
2547 1855 2769 1922 dixeris,
2815 1872 2883 1912 eo
2924 1858 3307 1916 mirabiliorem
3333 1865 3565 1920 confossi
3607 1871 3726 1922 ani-

2135 1959 2283 1998 mum
2331 1945 2600 2010 ostendis,
2647 1947 2789 2017 quod
2829 1957 2951 2018 post
2996 1952 3189 2008 vulnus
3229 1962 3334 2008 tam
3378 1972 3575 2026 grave,
3637 1977 3727 2029 p3:-

2137 2037 2299 2091 tnerit
2327 2046 2381 2092 et
2423 2054 2666 2109 surgere,
2699 2049 2753 2093 et
2787 2041 2838 2095 in
2869 2041 3048 2098 fronte
3076 2045 3196 2100 valli
3219 2055 3381 2116 stare,
3417 2049 3727 2122 hostemqno

2134 2139 2498 2201 prosternere.
2529 2132 2642 2189 Hoc
2669 2149 2800 2190 vero
2827 2147 3086 2204 quantum
3114 2139 3202 2200 sit,
3226 2143 3399 2196 sciunt
3427 2160 3614 2200 otnnes
3636 2153 3723 2216 qui

2135 2222 2187 2277 in
2207 2223 2386 2294 gravia
2417 2223 2553 2295 lapsi
2579 2233 2704 2281 sunt
2732 2236 2970 2298 peccata.
2995 2227 3111 2284 Non
3138 2231 3282 2286 enim
3310 2233 3379 2287 ita
3410 2233 3564 2289 fortis
3589 2248 3723 2292 stre-

2139 2316 2346 2385 uuique
2369 2315 2537 2371 animi
2563 2324 2646 2372 est
2672 2325 2820 2371 recta
2841 2315 3178 2371 incedentem
3201 2332 3426 2373 cursum
3461 2319 3720 2387 perﬁcere

2135 2407 2210 2478 (is
2224 2408 2371 2464 enim
2386 2407 2647 2463 comitem
2664 2407 2993 2478 habetspem
3007 2407 3205 2463 bonam
3216 2409 3587 2465 concitantem
3601 2426 3720 2466 ner-

2139 2515 2240 2556 vos
2260 2508 2315 2555 et
2336 2499 2678 2554 alacritatem
2707 2498 3040 2569 addentem),
3067 2507 3126 2554 ut
3143 2511 3264 2568 post
3284 2499 3432 2555 mille
3458 2516 3715 2567 coronas,

2139 2600 2366 2661 tropaea,
2383 2591 2660 2656 victorias,
2675 2591 2910 2661 graviter
2921 2590 3136 2662 iapsum
3154 2607 3315 2660 posse
3327 2593 3585 2648 eumdem
3598 2609 3718 2648 cur-

2139 2698 2262 2739 sum
2277 2683 2458 2739 denuo
2472 2694 2731 2752 repetere.
2741 2680 2809 2737 Ut
2822 2691 3002 2737 autem
3022 2683 3074 2737 id
3087 2685 3234 2753 quod
3248 2684 3373 2740 dico
3385 2685 3584 2740 clarius
3595 2700 3718 2741 eva-

2129 2774 2241 2843 dat,
2291 2775 2439 2832 aliud
2480 2775 2660 2846 priore
2701 2791 2810 2832 non
2850 2779 3030 2834 minus
3071 2773 3375 2852 exemplum
3407 2783 3720 2839 inmedium

2133 2871 2285 2925 vobis
2331 2869 2573 2940 proferre
2615 2871 2855 2926 tentabo.
2910 2871 3094 2943 Cogita
3135 2873 3265 2928 mihi
3308 2874 3720 2946 gubernatorem

2132 2963 2298 3017 maria
2346 2963 2491 3018 mille
2533 2977 2834 3036 emensum,
2891 2977 3012 3035 post
3055 2974 3256 3020 tantam
3307 2969 3720 3038 navigationem,

2133 3064 2252 3123 post
2298 3055 2491 3110 multas
2541 3064 2906 3125 tempestates,
2958 3058 3229 3127 scopulos,
3272 3059 3495 3126 ﬂuetus,
3544 3065 3723 3117 amitis

2132 3146 2447 3202 instructum
2491 3149 2749 3203 mercium
2799 3149 3043 3214 sarcinis,
3078 3150 3128 3203 in
3181 3149 3297 3220 ipso
3342 3161 3530 3221 portus
3583 3156 3721 3208 ostio

2129 3240 2460 3308 demersum,
2501 3243 2591 3312 qui
2633 3243 2717 3296 vix
2749 3258 2780 3298 e
2807 3250 2954 3297 tanto
2979 3243 3256 3311 naufragio
3294 3245 3466 3301 nudus
3487 3247 3724 3318 etTugere

2132 3335 2362 3403 potuerit
2389 3352 2404 3394 ;
2434 3349 2540 3404 quo
2571 3335 2659 3390 ille
2689 3337 2870 3389 animo
2899 3335 3059 3392 fuerit
3081 3351 3208 3407 erga
3245 3339 3632 3409 navigationem
3669 3350 3720 3395 et

2131 3427 2332 3482 marina
2356 3426 2630 3496 pericula?
2658 3442 2784 3481 num
2809 3427 2899 3481 ille
2920 3428 3147 3482 voluerit
3171 3443 3446 3498 umquam,
3480 3431 3579 3485 nisi
3609 3433 3722 3486 ani-

2126 3521 2201 3574 mi
2223 3521 2298 3574 sit
2323 3518 2609 3575 admodum
2631 3521 2856 3587 strenui,
2880 3521 2962 3575 vel
2987 3521 3134 3587 litus,
3158 3522 3244 3576 vel
3263 3533 3495 3590 portum,
3517 3525 3601 3579 vel
3628 3541 3720 3580 na-

2133 3629 2248 3669 vem
2279 3614 2438 3668 ullam
2467 3612 2782 3683 respicere?
2816 3612 2931 3668 Non
2960 3613 3141 3684 utique
3168 3621 3295 3684 puto
3323 3632 3334 3666 :
3368 3614 3461 3669 sed
3489 3617 3722 3671 occulta-

2128 3715 2216 3762 tus
2235 3705 2451 3775 jacebit,
2485 3706 2624 3762 diem
2648 3706 2699 3759 in
2728 3717 2940 3762 noctem
2961 3716 3195 3772 vertens,
3222 3709 3474 3779 onmique
3501 3725 3596 3779 spe
3625 3711 3722 3766 dc-

2128 3799 2380 3861 sﬁtutus;
2425 3799 2692 3867 maletque
2721 3798 2881 3851 vitam
2911 3797 3189 3852 mendicus
3213 3813 3392 3868 agere,
3418 3817 3574 3869 quam
3607 3803 3719 3870 pri-

2129 3891 2299 3945 stinos
2323 3889 2471 3943 adire
2497 3888 2729 3943 labores.
2761 3889 2832 3942 At
2858 3905 2963 3943 non
2998 3889 3119 3943 talis
3149 3889 3246 3942 fuit
3274 3891 3358 3944 hic
3381 3893 3459 3945 vir
3490 3894 3674 3948 beatus
3707 3913 3720 3950 ε

2128 3983 2221 4036 sed
2268 3991 2388 4051 post
2417 3989 2620 4034 tanturn
2649 3980 3003 4050 naufragium,
3051 3991 3166 4049 post
3201 3991 3277 4036 tot
3307 3983 3516 4039 laltorcs
3543 3995 3597 4039 et
3626 4001 3717 4040 su-

2127 4072 2310 4138 dores,
2360 4086 2467 4126 non
2510 4072 2703 4126 mansit
2751 4073 3030 4138 occultus;
3081 4073 3173 4127 sed
3236 4075 3410 4128 navim
3464 4078 3714 4142 extraxit,

2127 4165 2483 4234 expansisque
2523 4164 2676 4232 velis,
2726 4171 2781 4219 et
2826 4173 3048 4234 accepto
3094 4166 3476 4235 gubernaculo,
3513 4168 3722 4225 labores

2127 4259 2276 4326 adiit,
2318 4267 2372 4312 et
2413 4256 2646 4327 majores
2689 4273 2845 4328 quam
2900 4259 3046 4328 prius
3089 4259 3300 4314 divitias
3339 4261 3565 4330 adeptus
3615 4275 3715 4316 est.

2127 4349 2280 4419 Quod
2325 4349 2368 4402 si
2414 4356 2562 4403 stare
2615 4358 2669 4403 ct
2721 4347 2928 4417 lapsqu
2977 4363 3082 4402 non
3127 4364 3342 4419 semper
3381 4351 3564 4419 jacere
3618 4354 3722 4406 tui-

2127 4442 2294 4498 rabile
2325 4449 2425 4505 est,
2459 4439 2637 4496 denuo
2665 4441 2888 4496 excitari
2920 4449 2974 4496 et
3007 4442 3131 4496 talia
3162 4443 3439 4511 perﬁcere,
3473 4454 3603 4515 quot
3631 4461 3723 4500 co-

2126 4536 2272 4592 ronis
2298 4535 2517 4604 dignum
2547 4549 2650 4588 non
2674 4533 2813 4588 erit?
2837 4533 2995 4603 Atqui
3027 4534 3191 4588 multa
3221 4544 3373 4589 erant
3401 4550 3520 4605 qua:
3549 4536 3722 4606 ipsum

2127 4630 2180 4685 in
2218 4627 2646 4698 deSperationetn
2693 4626 3058 4695 conjicerent?
3107 4629 3304 4696 primo.
3351 4629 3553 4697 peccati
3604 4644 3723 4682 tua-

2122 4722 2344 4790 gnitudo
2366 4738 2381 4786 ;
2404 4718 2668 4784 secundo,
2697 4717 2838 4787 quod
2869 4734 2973 4771 non
3006 4719 3057 4772 in
3085 4719 3336 4787 primwva
3359 4727 3535 4785 aetate,
3556 4737 3719 4789 quan-

2164 4829 2197 4868 ο
2239 4812 2412 4883 major
2453 4821 2568 4867 erat
2601 4825 2726 4880 spes
2765 4809 3112 4872 reversionis,
3144 4808 3237 4864 scd
3269 4809 3575 4866 declinante
3611 4812 3718 4881 jatn

2129 4919 2289 4965 actate
2321 4907 2370 4963 id
2398 4921 2588 4976 passus
2623 4914 2787 4960 esset.
2833 4904 3017 4974 Neque
3045 4907 3186 4958 enim
3223 4915 3508 4973 mercator,
3537 4909 3625 4978 qui
3657 4926 3721 4962 ex

2127 5007 2284 5068 portu
2329 5011 2581 5068 egressus
2623 4997 2802 5052 statim
2846 4995 3177 5066 naufragium
3227 4998 3445 5066 patitur,
3500 4999 3724 5069 perinde

2127 5089 2354 5144 afficitur
2399 5089 2604 5156 dolore,
2658 5097 2818 5156 atque
2864 5088 2907 5142 is
2950 5088 3038 5157 qui
3085 5098 3208 5160 post
3239 5091 3434 5145 multas
3480 5103 3722 5161 peractas

2129 5185 2516 5252 negotiationes
2572 5183 2623 5236 itt
2666 5181 2943 5250 scopulum
2990 5181 3255 5252 impingit.
3309 5185 3524 5250 Tertio,
3580 5187 3720 5254 quod

2130 5286 2246 5346 p0st
2279 5284 2452 5329 tantas
2493 5275 2749 5329 collectas
2798 5274 3011 5328 divitias
3056 5273 3107 5329 id
3153 5291 3340 5345 passus
3375 5277 3444 5330 sit
3478 5295 3490 5330 :
3520 5279 3716 5331 ctenim

2128 5386 2233 5424 non
2265 5385 2440 5438 parvm
2467 5367 2539 5421 illi
2574 5377 2699 5420 tunc
2723 5366 2948 5423 aderant
2982 5368 3244 5422 mercium
3271 5370 3531 5433 sarcinm;
3568 5385 3718 5424 nem-

2129 5474 2196 5531 pe
2233 5459 2322 5514 illa
2349 5474 2467 5529 qua:
2499 5459 2548 5512 in
2583 5457 2830 5527 prima-va
2864 5467 3022 5512 actate
3050 5468 3315 5529 gesserat,
3368 5474 3490 5514 cum
3543 5471 3723 5530 pastor

2128 5561 2306 5619 esset;
2357 5568 2531 5624 pugna
2572 5559 2760 5606 contra
2817 5551 3149 5620 Goliathum,
3215 5568 3336 5608 cum
3382 5555 3721 5624 splendidum

2127 5647 2298 5702 erexit
2325 5656 2582 5714 tropaeum
2616 5664 2629 5697 :
2664 5645 3000 5714 philosophia
3033 5645 3121 5700 illa
3150 5662 3309 5717 quam
3333 5647 3572 5702 exhibuit
3594 5663 3720 5718 erga

2125 5737 2361 5794 Saﬁlem.
2382 5735 2752 5806 Evangelicam
2781 5737 2923 5790 enim
2951 5737 3187 5792 ostendit
3207 5736 3719 5804 magnanimitatem,

2127 5845 2250 5886 cum
2295 5828 2595 5885 sexcenties
2637 5828 2844 5883 hostem
2891 5844 3000 5897 pra:
3039 5827 3285 5885 manibus
3323 5827 3586 5893 habuerit,
3635 5829 3719 5882 cui

2129 5935 2344 5993 semper
2367 5920 2640 5993 pepercit;
2673 5919 2964 5990 maluitque
2987 5919 3230 5989 patriam,
3263 5919 3584 5988 libertatem,
3609 5919 3719 5974 imo
