4036 6436
376 407 480 463 5ιῦ

378 529 541 577 vitam
569 523 837 587 amittere,
862 537 1026 594 quam
1056 521 1155 577 sibi
1199 522 1395 593 injuste
1435 522 1772 578 insidiantem
1794 521 1967 578 inter-

376 614 562 671 ficere.
584 611 715 668 Post
738 612 990 683 adeptum
1015 627 1228 684 quoque
1246 628 1468 681 regnum
1495 627 1601 668 non
1633 628 1790 682 parva
1823 625 1969 671 recte

379 707 570 777 gessit.
618 706 791 774 Supra
838 704 1150 760 memoratis
1193 704 1437 760 addenda
1461 704 1580 774 ejus
1614 704 1753 774 apud
1779 719 1968 761 omnes

373 796 719 862 existimatio,
753 811 874 851 nam
901 795 1046 868 quod
1072 811 1104 851 ιι
1134 803 1280 851 tanta
1306 795 1472 866 gloria
1499 796 1803 863 excidisset,
1858 811 1965 852 non

375 903 594 957 parvum
642 886 806 943 animi
847 896 1051 944 motum
1096 889 1335 945 excitam
1378 896 1609 959 poterat.
1662 888 1776 945 Non
1820 890 1965 946 enim

372 988 579 1034 tantum
606 979 837 1035 ornabat
862 994 1114 1050 purpur-.0
1132 980 1319 1044 decus.
1343 989 1600 1053 quantum
1626 980 1832 1051 pudore
1849 980 1966 1036 suf-

371 1070 627 1127 fundebat
656 1072 859 1142 peccati
885 1073 1017 1128 tanti
1044 1072 1269 1128 macula.

442 1163 497 1219 8.
536 1161 699 1220 Scitis
750 1179 914 1235 porro
963 1180 1124 1235 quam
1172 1180 1414 1220 amartnn
1458 1166 1529 1220 sit
1572 1179 1695 1222 cum
1747 1175 1962 1237 peccata

370 1256 712 1326 evulgautur,
761 1267 817 1312 et
859 1265 1061 1327 quanto
1100 1256 1172 1311 sit
1212 1271 1349 1327 opus
1384 1256 1587 1321 animo,
1619 1266 1677 1312 ttt
1705 1271 1735 1310 a
1781 1257 1963 1313 multis

367 1360 651 1409 accusatus
688 1351 790 1416 vir,
838 1359 1024 1422 totque
1069 1349 1275 1407 habens
1314 1350 1576 1407 scelerum
1622 1359 1811 1418 testes,
1855 1366 1962 1407 non

369 1457 590 1515 prorsus
615 1442 883 1499 concidat.
914 1445 1163 1498 Attamen
1190 1451 1442 1500 strenuus
1479 1443 1570 1499 ille
1596 1445 1699 1511 vir,
1728 1444 1830 1497 tela
1863 1445 1959 1499 ist-

368 1534 485 1592 hazc
513 1535 690 1590 omnia
727 1534 798 1591 ab
827 1534 1007 1590 anima
1034 1550 1128 1590 sua
1156 1534 1371 1600 evulsit,
1416 1534 1716 1607 deindeque
1746 1535 1815 1590 ita
1849 1536 1961 1590 cla-

368 1628 494 1694 ruit,
541 1628 613 1683 ita
654 1627 891 1684 maculas
934 1627 1107 1693 eluit,
1150 1627 1222 1683 ita
1276 1627 1510 1682 mundus
1546 1627 1830 1698 apparuit,
1904 1636 1960 1681 ttt

363 1721 526 1777 etiam
575 1730 696 1791 post
745 1730 974 1776 mortem
1017 1728 1273 1790 nepotum
1300 1735 1520 1776 suorum
1557 1730 1773 1791 peccata
1802 1721 1959 1777 oble-

363 1822 516 1884 geret
542 1828 559 1868 :
588 1822 643 1869 et
666 1813 810 1883 quod
841 1813 909 1869 de
940 1812 1249 1868 Ahrahamo
1273 1812 1487 1869 dixerat
1510 1813 1669 1877 Deus,
1717 1812 1770 1868 id
1799 1813 1959 1870 etiam

363 1907 434 1963 de
476 1907 568 1962 illo
614 1905 912 1977 proferret;
953 1908 1061 1963 imo
1107 1907 1274 1963 multo
1316 1908 1485 1979 magis
1522 1906 1595 1963 de
1628 1907 1848 1965 Davide.
1885 1907 1962 1965 De

365 1999 670 2070 patriarcha
709 1999 854 2055 enim
891 1999 967 2054 ait
1016 2017 1029 2054 :
1076 1997 1392 2055 Ilecordatus
1413 2016 1525 2054 sum
1555 2000 1838 2054 testamenti
1863 2001 1963 2054 mei

361 2092 499 2166 quod
526 2093 623 2163 fuit
651 2092 721 2146 ad
742 2091 1000 2147 Abraham
1022 2090 1219 2163 (Exod.
1242 2091 1298 2147 2.
1323 2090 1451 2161 ἰῆς
1482 2090 1569 2147 hic
1595 2106 1723 2147 vero
1751 2106 1856 2145 non
1878 2092 1958 2146 lo-

361 2182 543 2254 quitur
566 2182 636 2239 de
666 2191 988 2239 testamento
1021 2200 1035 2236 :
1065 2182 1161 2238 sed
1190 2182 1359 2253 quid?
1388 2181 1612 2253 Propter
1639 2181 1808 2237 David
1828 2199 1958 2252 pue-

362 2291 480 2330 rum
517 2291 686 2329 ineant
728 2283 991 2346 protegam
1034 2275 1167 2328 hanc
1207 2274 1460 2331 civitatem
1504 2274 1523 2346 (
1544 2271 1674 2330 Isai.
1705 2275 1795 2331 57.
1823 2272 1953 2346 55).

358 2367 700 2421 Satomonem
725 2364 887 2421 etiam
915 2365 1003 2435 qui
1036 2372 1182 2420 tanta
1215 2364 1419 2422 scelera
1446 2364 1684 2433 admisit,
1711 2365 1782 2422 ob
1804 2380 1956 2421 suam

360 2471 487 2529 erga
535 2457 786 2513 Daridem
828 2456 1256 2515 benevolentiam
1308 2472 1418 2514 non
1454 2458 1700 2529 permisit
1744 2458 1888 2516 Deus
1927 2474 1960 2515 e

362 2562 527 2621 regas
563 2548 834 2605 excidere.
887 2548 1166 2620 Tantaque
1204 2558 1322 2607 erat
1354 2549 1454 2605 viri
1502 2549 1851 2615 existimatio,
1901 2557 1961 2605 ut

362 2649 479 2710 post
511 2650 588 2695 tot
621 2654 793 2696 annos
837 2639 1028 2697 Petrus
1066 2641 1124 2697 in
1153 2641 1417 2698 concione
1453 2641 1524 2698 ad
1559 2640 1778 2699 Judmos
1815 2641 1959 2698 (liceo

361 2744 445 2791 ret
482 2749 498 2789 :
531 2732 704 2789 liceat
741 2734 991 2790 audenter
1015 2734 1186 2791 dicere
1222 2733 1293 2790 ad
1320 2751 1407 2791 eos
1435 2734 1501 2791 ds
1526 2735 1819 2805 patriarcha
1842 2734 1957 2789 Da-

360 2825 467 2893 uid,
499 2825 740 2896 quoniam
784 2825 1050 2892 defunctus
1082 2833 1160 2881 est
1204 2834 1253 2881 et
1306 2825 1533 2897 sepultus
1587 2824 1725 2898 (Act.
1753 2824 1808 2884 2.
1837 2825 1954 2897 29).

357 2917 606 2976 Christus
656 2934 872 2991 quoque
921 2917 1137 2976 Jndtcos
1187 2918 1493 2990 alloquens,
1548 2916 1786 2974 ostendit
1835 2932 1956 2974 eum

269 3068 287 3079 ,
357 3009 521 3066 etiam
562 3018 685 3081 post
724 3020 1004 3081 peccatum
1046 3010 1120 3066 ita
1166 3009 1400 3080 Spiritus
1440 3011 1612 3080 gratia
1655 3009 1954 3081 dignatum,

358 3113 417 3158 ut
461 3103 626 3159 etiam
673 3101 742 3158 de
791 3103 962 3173 ipsius
1006 3102 1283 3159 divinitate
1328 3101 1664 3173 prophetiam
1712 3101 1959 3158 emittere

359 3195 616 3252 meruerit
666 3213 682 3251 :
725 3194 959 3267 indeque
1001 3195 1239 3265 ipsorum
1266 3208 1361 3251 ora
1387 3194 1649 3251 obturans
1692 3193 1903 3249 dicebat
1939 3211 1952 3248 :

362 3287 632 3357 Qttoasodo
674 3304 793 3361 ergo
832 3286 1003 3342 Dauid
1042 3289 1098 3343 in
1137 3287 1322 3359 spiritu
1344 3295 1489 3342 vocat
1516 3302 1632 3341 estut
1657 3285 1953 3352 Dominam,

351 3381 550 3449 dicens,
595 3379 739 3437 Dixit
780 3380 1027 3436 Dominus
1073 3379 1296 3436 Domino
1337 3395 1480 3445 meo,
1523 3378 1660 3435 Sede
1704 3395 1736 3433 a
1764 3379 1957 3435 dextris

354 3474 480 3528 suis
511 3471 725 3545 (Matth.
751 3471 845 3529 22.
877 3472 1016 3544 45)?
1045 3471 1114 3527 Et
1136 3471 1279 3543 quod
1311 3473 1364 3527 in
1384 3471 1566 3544 Moyse
1592 3469 1790 3527 factum
1829 3479 1914 3527 est
1934 3512 1954 3540 ,

357 3561 463 3618 hoc
485 3562 731 3619 etiamin
759 3562 979 3618 Davide.
1026 3561 1490 3628 Quemadmodum
1531 3563 1676 3617 enim
1707 3560 1952 3630 Mariam,

354 3653 525 3710 invito
552 3654 714 3709 etiam
739 3653 940 3725 Moyse,
966 3653 1249 3724 castigavit
1292 3654 1453 3722 Deus,
1476 3668 1541 3709 eo
1566 3653 1709 3725 quod
1731 3653 1952 3709 fratrem

1121 410 1180 465 S.
1218 408 1498 466 .lOANNlS
1535 406 2010 466 CHRYSOSTOMI
2044 408 2361 468 ARCHIEP.
2402 406 2938 467 CONSTANTINOP.

3557 422 3663 476 διε

2078 528 2405 587 contumelia
2425 527 2714 593 affecisset,
2739 528 2866 600 quia
2888 545 3087 600 nempe
3107 538 3357 586 sanetum
3379 530 3532 587 illum
3555 534 3625 587 ad
3640 563 3658 572 -

2077 620 2298 675 modum
2328 619 2584 692 diligebat
2613 639 2628 676 :
2660 622 2760 685 sic,
2792 632 2848 677 et
2877 622 2982 678 hoc
3013 621 3252 688 nolente,
3285 606 3459 679 lilium
3482 623 3663 678 reirei-

2074 713 2178 769 lem
2203 713 2350 770 ultus
2375 725 2479 770 est.
2505 714 2631 770 llzcc
2653 730 2778 770 cum
2799 715 2940 779 aliis,
2973 716 3083 770 imo
3111 732 3222 787 pne
3247 717 3389 783 aliis,
3420 716 3518 772 viri
3545 717 3662 771 vir-

2075 813 2242 861 tutem
2278 807 2409 863 satis
2446 807 2740 862 declarant.
2790 805 2921 862 Nam
2956 822 3081 863 cum
3118 807 3259 863 Deus
3290 806 3397 863 fert
3430 817 3659 864 senten—

2073 896 2223 956 tiam.
2255 896 2391 951 nihil
2419 898 2560 953 ultra
2591 898 3004 967 explorandum.
3042 898 3100 952 Si
3131 898 3296 953 vultis
3329 907 3512 953 autem
3538 900 3657 967 ejus

2070 981 2460 1053 philosophiam
2502 982 2802 1037 minutatim
2833 980 3099 1050 ediscere,
3138 981 3262 1037 licet
3290 983 3656 1052 percurrenti-

2068 1074 2168 1131 hus
2218 1073 2493 1129 historiam
2550 1088 2735 1129 eorum
2782 1088 2901 1143 qua}
2946 1082 3069 1143 pust
3111 1081 3388 1142 peceatum
3440 1072 3602 1143 gessit
3640 1114 3657 1137 ,

2067 1166 2250 1223 videre
2292 1177 2543 1237 quantam
2591 1164 2679 1220 ille
2716 1164 2854 1233 apud
2887 1166 3050 1218 Ilctnn
3091 1163 3338 1218 fiduciam
3367 1161 3609 1219 habuerit
3639 1205 3655 1228 ,

2065 1267 2263 1329 quanta
2302 1259 2419 1328 ejus
2461 1257 2833 1314 beneanentia
2869 1256 3118 1327 dignatus
3158 1257 3250 1322 sit,
3298 1263 3554 1327 qttantum
3600 1255 3655 1309 in

2067 1353 2261 1409 virtute
2284 1352 2588 1422 profecerit,
2616 1368 2775 1424 quam
2802 1360 2951 1409 recte
2977 1351 3045 1407 ad
3073 1352 3317 1407 ultimum
3348 1365 3515 1420 usque
3543 1352 3657 1420 spi-

2065 1446 2225 1502 ritum
2248 1445 2459 1500 vixerit.
2488 1445 2581 1500 llis
2608 1445 2768 1516 igitur
2789 1443 3051 1513 exemplis
3077 1442 3325 1507 instituti,
3347 1441 3650 1511 vigilemus,

2065 1551 2456 1608 caveamusque
2484 1552 2551 1591 ne
2580 1536 2826 1590 labamur
2856 1552 2871 1590 :
2911 1534 3052 1606 quod
3081 1535 3126 1589 si
3152 1534 3366 1605 quando
3392 1532 3497 1588 labi
3524 1548 3655 1589 con-

2065 1630 2253 1700 tingat,
2301 1644 2371 1685 ne
2415 1628 2666 1699 prostrati
2697 1628 2992 1698 jaceamus.
3049 1626 3231 1697 Neque
3270 1628 3412 1682 enim
3434 1637 3652 1697 peccata

2066 1720 2281 1776 Davidis
2309 1722 2554 1790 exposui,
2594 1728 2654 1775 ut
2682 1735 2776 1775 vos
2807 1720 2858 1774 in
2884 1719 3164 1790 segnitiem
3191 1718 3472 1788 conjiciam
3497 1735 3513 1783 ;
3554 1717 3651 1773 sed

2064 1822 2122 1868 ut
2151 1813 2397 1868 timorem
2424 1813 2699 1868 incutiam.
2733 1811 2867 1867 Nam
2898 1812 2941 1867 si
2968 1811 3144 1883 justus
3176 1810 3287 1878 ille,
3315 1811 3438 1881 quia
3466 1826 3653 1881 parum

2063 1905 2330 1976 neglexit,
2372 1913 2459 1961 .tot
2498 1905 2710 1976 excepit
2751 1905 2991 1971 vulnera,
3042 1902 3169 1975 quid
3211 1904 3417 1975 passuri
3467 1917 3655 1959 sumus

2063 2013 2182 2066 nos,
2211 2000 2301 2070 qui
2327 1998 2564 2070 quotidie
2592 2013 2784 2069 segnes
2809 1997 3037 2054 sumus?
3078 1996 3155 2053 Ne
3180 1996 3386 2069 cogites
3424 2012 3551 2068 ergo
3578 1996 3656 2051 la-

2064 2107 2218 2164 psum
2258 2093 2403 2147 illum
2440 2107 2582 2159 esse,
2615 2100 2672 2148 ut
2718 2090 2841 2146 hinc
2883 2090 3156 2162 negligens
3182 2089 3418 2148 evadas:
3451 2088 3545 2144 sed
3571 2098 3653 2143 tc-

2061 2199 2184 2241 cum
2213 2191 2401 2255 reputa
2429 2193 2561 2255 quot
2582 2193 2884 2253 quantaque
2910 2192 3093 2253 postca
3127 2181 3328 2246 fecerit,
3385 2190 3517 2251 quot
3561 2181 3655 2236 lle-

2062 2286 2168 2345 tus,
2201 2284 2455 2349 quantam
2495 2277 2863 2346 paenitentiam
2909 2285 3064 2330 nocte
3097 2273 3290 2345 dieque
3316 2272 3654 2341 exhibuerit,

2062 2370 2237 2427 fontes
2276 2369 2636 2441 lacrymarum
2687 2368 2958 2435 emittcns,
3007 2366 3178 2437 iisque
3224 2368 3409 2422 lavans
3459 2366 3651 2422 lectum

2060 2478 2247 2528 suum;
2296 2472 2351 2518 et
2388 2462 2504 2517 haec
2547 2475 2704 2516 sacco
2753 2459 2990 2515 indutus.
3046 2457 3102 2515 Si
3142 2466 3321 2513 autem
3369 2457 3460 2513 ille
3506 2465 3651 2512 tanta

2060 2555 2267 2627 eguerit
2294 2553 2672 2617 conversione,
2700 2566 2803 2622 qua
2835 2550 3042 2606 ratione
3070 2548 3363 2620 poterimus
3391 2563 3491 2604 nos
3511 2550 3653 2603 salu-

2062 2659 2169 2706 tem
2199 2648 2477 2719 consequi,
2525 2656 2648 2718 post
2685 2653 2766 2701 tot
2794 2654 3012 2715 peccata
3045 2642 3195 2698 nullo
3218 2641 3525 2712 compuncti
3551 2639 3653 2696 do-

2058 2741 2212 2798 lore?
2240 2739 2372 2795 Nam
2403 2739 2493 2810 qui
2539 2736 2721 2792 multis
2748 2736 3004 2805 operibus
3032 2734 3188 2790 bonis
3213 2735 3504 2789 instructus
3548 2741 3651 2797 est,

2060 2832 2217 2890 facile
2255 2833 2426 2903 possit
2471 2830 2597 2887 hinc
2639 2839 2856 2901 peccata
2901 2843 2997 2883 sua
3026 2828 3280 2899 obtegere
3311 2843 3326 2881 :
3356 2827 3448 2898 qui
3474 2834 3653 2880 autem

2060 2924 2234 2981 nudus
2276 2932 2381 2990 est,
2426 2915 2763 2993 quocumque
2803 2920 2910 2976 telo
2947 2920 3258 2990 impetatur,
3289 2917 3504 2974 letalem
3536 2916 3656 2988 pla-

2059 3032 2180 3087 gam
2212 3015 2426 3085 accipit.
2477 3012 2555 3068 Ne
2582 3012 2741 3084 igitur
2768 3011 2870 3067 hoc
2897 3011 3126 3077 accidat,
3159 3025 3258 3065 nos
3287 3008 3443 3064 bonis
3471 3008 3653 3081 operi-

2058 3109 2160 3167 bus
2187 3111 2203 3141 ⁸
2253 3107 2578 3171 muniamus,
2628 3116 2685 3162 et
2727 3106 2772 3161 si
2813 3104 2957 3175 qttod
2996 3112 3277 3176 peccatum
3306 3101 3648 3163 admittatur.

2058 3198 2342 3258 confestim
2371 3213 2470 3255 nos
2500 3198 2818 3261 abluamus;
2852 3205 2910 3251 ut
2938 3195 3039 3251 hac
3076 3195 3181 3249 vita
3211 3194 3279 3249 ad
3308 3193 3401 3249 Dei
3428 3192 3652 3265 gloriam

2059 3301 2299 3366 peracta,
2345 3291 2520 3347 futura
2552 3290 2642 3346 illa
2675 3289 2916 3345 fruamur
2941 3289 3051 3343 vita
3081 3306 3096 3343 :
3124 3302 3283 3358 quam
3326 3301 3424 3341 nos
3464 3298 3655 3341 omnes

2056 3385 2281 3456 assequi
2311 3384 2605 3455 contingat,
2634 3381 2801 3453 gratia
2829 3389 2885 3437 et
2906 3379 3232 3451 benignitate
3256 3377 3464 3432 Domini
3486 3378 3655 3432 nostri

2057 3477 2183 3534 Jesu
2215 3476 2436 3544 Christi,
2465 3476 2551 3532 cui
2572 3474 2747 3546 gloria
2774 3481 2830 3529 et
2857 3472 3138 3543 imperium
3169 3470 3223 3527 in
3252 3470 3449 3525 smcula
3476 3482 3651 3524 smcu-

2060 3571 2257 3626 lorum.
2291 3570 2487 3624 Amen.

2124 3662 2143 3693 ¹
2180 3660 2236 3710 In
2259 3657 2422 3709 Morel.
2448 3658 2572 3719 solo,
2589 3657 2668 3707 hac
2694 3668 2856 3716 voces,
2881 3653 3014 3705 bonis
3034 3650 3279 3717 operibus,
3300 3650 3527 3702 deerant.

360 3775 3651 3805 _____________________________________________________________

1434 3884 1788 3949 HOMILIA
1837 3886 2107 3949 XXVII.
2151 3885 2239 3949 al.
2282 3883 2585 3945 XXVIII.

355 4006 485 4063 Car.
541 4006 595 4062 8.
645 4022 700 4061 ν.
752 4006 840 4063 Η.
894 4005 963 4061 Et
1013 4021 1129 4061 cum
1184 4006 1396 4062 uenisset
1440 4003 1591 4062 Iesus
1636 4008 1691 4062 in
1747 4006 1954 4062 domum

426 4097 592 4163 Petri,
636 4098 760 4154 vidit
797 4114 1000 4155 socrum
1043 4100 1153 4172 ejus
1187 4100 1441 4171 jacentem
1466 4108 1513 4154 et
1549 4100 1955 4171 febricitantem:

427 4190 517 4246 13.
554 4199 605 4244 et
643 4190 802 4262 tetigit
832 4206 1040 4244 manant
1079 4190 1210 4262 ejus,
1240 4199 1289 4246 et
1313 4190 1517 4262 reliquit
1548 4207 1660 4247 eam
1688 4192 1884 4264 febris:
1909 4202 1956 4248 et

426 4281 646 4336 surrexit
673 4290 720 4335 et
747 4280 1063 4337 ministrabat
1089 4282 1154 4337 ei.
1408 4272 1427 4291 κ

428 4372 484 4428 l.
525 4370 735 4429 Marcus
782 4382 839 4427 ut
878 4380 1093 4443 tempus
1140 4372 1506 4443 significaret,
1542 4373 1716 4441 dixit,
1768 4374 1955 4430 Statim

354 4460 566 4534 (Merc.
597 4463 652 4520 l.
680 4463 743 4520 51
764 4463 820 4537 ):
858 4462 949 4520 hic
974 4479 1102 4523 vero
1144 4464 1357 4534 signum
1389 4466 1727 4522 solummodo
1760 4469 1955 4537 posuit,

356 4567 677 4628 tempusque
705 4570 810 4612 non
838 4555 1063 4612 notavit.
1093 4556 1200 4613 Alii
1222 4565 1401 4613 autem
1429 4556 1632 4627 dicunt,
1653 4575 1851 4632 aegram
1872 4560 1960 4616 de-

356 4649 698 4706 cumbentem
745 4663 967 4722 rogasse
1013 4648 1163 4705 illum
1204 4666 1217 4703 :
1263 4648 1352 4706 hic
1400 4665 1563 4722 porro
1616 4651 1744 4709 illud
1796 4654 1956 4710 etiam

357 4741 543 4797 tacuit.
588 4740 646 4796 ln
689 4756 792 4812 qua
833 4755 893 4796 re
923 4750 1099 4797 tamen
1149 4742 1293 4797 nulla
1328 4746 1411 4798 εει
1436 4734 1829 4814 discrepantia;
1861 4746 1957 4803 sed

356 4831 503 4888 aliud
541 4841 627 4889 est
670 4832 970 4901 brevitatis,
1013 4834 1157 4889 aliud
1199 4834 1454 4906 plenioris
1481 4837 1824 4894 narrationis.
1853 4835 1959 4894 Sed

358 4940 457 5003 cur
484 4928 760 4998 ingressus
787 4934 872 4982 est
895 4926 948 4983 in
992 4926 1211 4984 domum
1254 4928 1437 4984 Petri?
1471 4928 1597 4984 Mihi
1630 4930 1844 4999 quidem
1874 4931 1959 4985 vi-

359 5015 518 5074 detur
543 5056 561 5085 ,
591 5025 652 5072 ut
691 5017 873 5075 cibum
913 5028 1153 5075 sumeret
1182 5037 1197 5074 :
1226 5019 1277 5074 id
1322 5019 1466 5091 quod
1509 5019 1795 5092 signiﬁcat,
1836 5036 1957 5077 cum

356 5109 434 5163 ait
460 5124 475 5162 :
504 5106 765 5177 Sun-exit,
795 5118 844 5164 et
873 5110 1191 5166 ministrabat
1225 5111 1292 5165 ei.
1321 5110 1454 5165 Nam
1492 5109 1633 5183 apud
1669 5111 1961 5183 discipulos

356 5199 682 5266 divertebat,
717 5209 776 5256 ut
793 5207 850 5257 et
874 5201 1015 5272 apud
1043 5201 1371 5269 Mattlueum,
1395 5202 1610 5273 quando
1633 5202 1778 5258 illum
1806 5219 1962 5259 voca-

359 5295 455 5361 vit,
480 5294 686 5351 honore
714 5294 835 5350 illos
854 5295 1097 5351 alliciens
1125 5304 1184 5350 ut
1201 5295 1549 5351 studiosiores
1580 5295 1846 5352 redderet.
1880 5297 1959 5352 Ttt

365 5401 492 5443 vero
522 5384 610 5443 hic
633 5385 765 5444 mihi
791 5385 1102 5444 consideres
1129 5389 1286 5443 velim
1317 5388 1457 5443 Petri
1483 5403 1608 5458 erga
1631 5387 1780 5443 illum
1808 5404 1960 5445 reve—

360 5476 611 5535 rentiam.
642 5478 776 5536 Cum
817 5479 960 5536 enim
991 5494 1206 5536 socrum
1252 5479 1473 5537 haberet
1510 5480 1654 5535 domi
1692 5480 1959 5551 jacentem

362 5581 418 5628 et
440 5570 728 5627 admodum
764 5570 1179 5638 febricitantem,
1222 5587 1327 5629 non
1370 5575 1533 5629 traxit
1568 5588 1691 5629 eum
1718 5573 1959 5643 domum,

363 5664 459 5723 sed
505 5664 840 5737 exspectavit
882 5665 1059 5723 donec
1096 5665 1355 5722 doctrinae
1387 5668 1694 5738 praedicatio
1717 5667 1963 5726 absolve-

365 5765 536 5823 retur,
577 5758 870 5830 cteterique
906 5773 1096 5814 omnes
1140 5769 1481 5823 sanarentur,
1510 5768 1565 5818 et
1590 5770 1716 5816 tunc
1744 5759 1961 5816 demum

369 5858 490 5901 cum
520 5847 793 5915 intrasset,
823 5847 972 5903 illum
1001 5851 1225 5919 rogavit.
1251 5848 1339 5905 Sic
1366 5851 1607 5908 abinitio
1640 5852 1955 5908 institueba-

2063 4016 2164 4071 tur,
2193 4015 2255 4060 ιιι
2283 4020 2368 4060 res
2407 4003 2634 4058 aliorum
2671 4002 2782 4058 suis
2807 4008 3179 4072 anteponeret.
3205 4000 3386 4072 itaque
3414 4014 3517 4053 non
3548 3992 3654 4048 Pe-

2062 4107 2174 4155 trus
2201 4099 2372 4169 ipsunt
2392 4096 2626 4160 induxit,
2650 4093 2742 4151 sed
2761 4094 2873 4164 ipse
2894 4102 3087 4163 sponte
3104 4093 3343 4159 intravit,
3374 4103 3655 4162 postquam

2061 4192 2304 4248 centurio
2325 4189 2532 4245 dixerat
2562 4206 2574 4241 :
2602 4185 2725 4243 Non
2744 4202 2856 4241 sum
2873 4188 3076 4254 dignus,
3104 4195 3159 4238 ut
3179 4186 3336 4239 intres
3356 4184 3447 4239 sub
3471 4193 3655 4238 tectum

2063 4299 2266 4347 meum;
2304 4282 2587 4338 declarans
2639 4288 2895 4349 quantum
2941 4276 3327 4349 gratificaretur
3367 4275 3652 4346 discipulo.

2063 4376 2221 4448 Atqui
2248 4376 2557 4432 consideres
2587 4375 2745 4430 velim
2775 4373 2961 4444 quales
2984 4379 3167 4426 essent
3199 4370 3521 4441 piscatorum
3552 4368 3654 4421 ho—

2043 4460 2246 4526 rumce.
2270 4469 2444 4535 mdes;
2476 4477 2710 4524 attamen
2740 4467 2794 4522 in
2842 4466 3055 4522 illorum
3085 4465 3289 4537 tuguria
3323 4464 3521 4518 intrare
3547 4478 3653 4517 non

2060 4562 2379 4635 dedignatus
2408 4574 2523 4623 cst:
2548 4576 2654 4633 quo
2677 4577 2775 4617 nos
2794 4560 3016 4616 doceret
3042 4566 3100 4613 ut
3123 4558 3176 4613 in
3199 4557 3446 4613 omnibus
3461 4555 3654 4612 fastum

2063 4657 2330 4716 calcemus
2362 4655 2671 4709 humanum.
2720 4654 2787 4709 Et
2813 4651 2975 4708 modo
3003 4650 3219 4724 quidem
3246 4649 3425 4706 verbis
3452 4658 3655 4704 tantum

2063 4760 2238 4815 sanat,
2274 4749 2434 4805 modo
2471 4763 2688 4804 manum
2730 4746 2976 4819 porrigit,
3009 4744 3171 4802 modo
3201 4755 3485 4814 utrumque
3515 4757 3655 4814 pra:-

2063 4848 2188 4904 stat,
2223 4838 2542 4895 medicinam
2570 4836 2642 4892 ob
2670 4837 2859 4895 oculos
2883 4835 3106 4892 ducens.
3137 4834 3255 4891 Non
3275 4834 3418 4892 enim
3443 4832 3657 4889 vnlehat

2065 4948 2281 5002 semper
2326 4928 2590 5003 stupendo
2629 4930 2790 4986 modo
2841 4928 3095 4984 miracula
3143 4927 3328 4983 edere.
3368 4924 3658 4998 Oportebat

2064 5026 2259 5095 quippe
2282 5024 2494 5079 interim
2517 5024 2703 5089 latere,
2727 5023 2958 5077 maxime
2977 5020 3335 5092 prmsentibus
3358 5018 3653 5087 discipulis,

2064 5118 2152 5189 qui
2183 5134 2247 5173 ex
2282 5117 2446 5172 nimio
2484 5117 2679 5188 gaudio
2704 5116 2882 5171 omnia
2919 5114 3320 5183 praedicasseut.
3353 5113 3485 5168 lllud
3529 5126 3657 5166 vero

2066 5211 2189 5266 hinc
2217 5210 2386 5281 palam
2415 5219 2518 5277 est,
2551 5210 2691 5280 quod
2725 5219 3002 5281 postquam
3050 5209 3284 5264 venisset
3319 5206 3370 5261 in
3398 5213 3656 5271 montem,

2065 5302 2381 5375 pt'azcipcret
2408 5303 2705 5372 discipulis,
2744 5319 2810 5358 ne
2837 5302 2920 5357 cui
2950 5300 3000 5356 id
3031 5301 3291 5356 dicerent.
3311 5299 3507 5370 Tetigit
3531 5314 3659 5368 ergo

2066 5412 2282 5465 Corpus,
2317 5412 2492 5466 neque
2521 5393 2679 5449 modo
2712 5393 2902 5449 febrim
2934 5392 3212 5454 exstinxit,
3246 5391 3340 5448 sed
3369 5401 3424 5448 et
3456 5391 3661 5445 valetu-

2065 5487 2246 5544 dinem
2291 5487 2447 5559 plene
2488 5487 2756 5542 restituit:
2785 5487 2910 5556 quia
2936 5487 3079 5541 enim
3119 5485 3252 5541 levis
3276 5492 3391 5541 erat
3415 5483 3658 5547 morbus,

2066 5595 2131 5636 ex
2156 5578 2407 5634 medendi
2444 5576 2604 5633 modo
2630 5576 2918 5649 potentiam
2960 5591 3110 5634 suam
3136 5574 3397 5641 ostendit;
3436 5572 3492 5629 id
3516 5569 3661 5645 quod

2065 5686 2154 5726 ars
2185 5669 2462 5726 medicina:
2488 5684 2595 5725 non
2623 5668 2857 5725 fecisset.

2141 5763 2384 5819 Christus
2399 5761 2635 5818 celeriter
2649 5760 2852 5817 morbos
2867 5756 3396 5834 auferebat—Scitis
3410 5764 3660 5813 cessante

2070 5853 2221 5910 febre
2248 5855 2418 5911 multo
2446 5862 2689 5926 tempore
2715 5869 2853 5924 opus
2873 5868 3012 5917 esse,
3049 5860 3105 5907 ut
3128 5850 3254 5923 :egri
3283 5850 3335 5904 in
3368 5848 3651 5921 pristinam
