4036 6430
469 468 571 525 3υό

467 585 827 642 valetudinem
855 583 1223 640 restituantur.
1246 579 1352 636 Sed
1380 588 1504 635 tunc
1525 579 1705 633 omnia
1729 578 1884 634 simul
1913 577 2050 632 facta

466 685 616 733 sunt.
645 675 762 731 Non
803 674 891 730 hic
916 681 1094 730 autem
1135 672 1332 739 solum,
1365 670 1460 726 sed
1485 671 1646 725 etiam
1678 669 1729 723 in
1757 667 1913 723 mari.
1943 667 2056 722 Illic

467 768 610 823 enim
640 781 745 823 non
775 775 964 822 ventos
995 773 1198 820 tantum
1224 777 1280 819 et
1306 770 1675 833 tempestatem
1701 760 1932 823 sedavit,
1959 758 2056 814 sed

467 861 629 916 etiam
653 868 857 914 motum
875 857 1125 913 (luctuum
1152 856 1330 912 statim
1354 853 1690 923 compressit,
1717 851 1858 922 quod
1882 851 2056 920 ipsum

467 952 628 1007 etiam
657 951 928 1006 insolitum
954 958 1070 1004 erat
1098 964 1114 1003 :
1143 949 1352 1004 etiamsi
1379 946 1523 1002 enim
1550 952 1839 1016 tempestas
1858 952 2056 1007 cesset,

468 1045 636 1098 multo
666 1051 852 1114 postea
898 1051 1142 1112 tempore
1183 1041 1340 1096 undae
1379 1040 1657 1094 ﬂuctuant.
1695 1037 1801 1093 Sed
1838 1051 1943 1092 non
1986 1036 2058 1092 ita

467 1134 668 1189 Christi
708 1133 877 1204 iussio
917 1142 1204 1203 operatur:
1232 1133 1412 1188 omnia
1437 1132 1579 1188 enim
1609 1130 1788 1185 statim
1809 1139 2056 1195 cessant,

470 1237 529 1280 ut
556 1229 608 1281 in
633 1226 855 1282 muliere
880 1225 1078 1281 factum
1101 1237 1203 1283 est.
1231 1226 1298 1281 Et
1318 1226 1420 1281 hoc
1440 1225 1720 1280 declarans
1737 1222 2060 1293 evangelista

467 1321 679 1374 dicebat
703 1337 718 1372 :
745 1320 999 1386 Surrexit,
1041 1328 1088 1373 et
1112 1319 1426 1373 ministrabat
1451 1319 1497 1372 ei
1510 1333 1528 1383 ;
1553 1317 1693 1388 quod
1719 1316 1920 1371 Christi
1947 1315 2058 1369 vir-

471 1412 598 1466 tutis
627 1411 836 1481 signum
879 1419 1022 1476 erat,
1067 1426 1276 1465 necnon
1318 1410 1542 1466 allectus
1586 1409 1848 1473 mulieris,
1897 1423 2058 1478 quem

468 1518 596 1573 erga
623 1503 890 1558 Christum
913 1501 1174 1558 exhibuit.
1215 1501 1381 1558 Aliud
1406 1517 1617 1572 quoque
1648 1501 1771 1554 hinc
1802 1499 2059 1570 perspici-

469 1612 609 1662 mus,
643 1610 837 1665 nempe
874 1595 1098 1650 aliorum
1121 1594 1242 1651 ﬁdei
1275 1595 1546 1651 Christum
1569 1595 1796 1650 aliorum
1822 1595 2058 1649 curatio-

469 1704 592 1742 nem
604 1687 922 1743 concedere.
936 1687 1066 1741 Nam
1081 1687 1166 1743 hic
1178 1687 1268 1742 alii
1283 1688 1452 1757 ipsum
1465 1687 1743 1758 rogabant,
1762 1697 1817 1742 ut
1829 1687 1987 1741 etiam
2005 1686 2059 1742 in

469 1795 638 1850 puero
648 1781 995 1836 centurionis.
1015 1780 1328 1850 Hujusmodi
1343 1795 1470 1836 vero
1487 1781 1710 1850 gratiam
1725 1780 1952 1835 aliorum
1967 1795 2059 1835 ro-

469 1882 592 1943 gatu
609 1872 934 1929 concedebat
953 1871 1274 1941 (dummodo
1295 1872 1341 1927 is
1364 1871 1455 1943 qui
1467 1871 1753 1928 curabatur
1766 1870 2056 1943 crederet),

470 1979 589 2022 eum
607 1981 711 2022 non
734 1975 1094 2036 poteratzeger
1107 1969 1276 2036 ipsum
1290 1966 1596 2029 convenire,
1610 1966 1695 2022 vel
1711 1981 1830 2022 cum
1845 1975 2062 2037 propter

469 2061 821 2130 ignorantiam
865 2075 970 2114 non
1011 2075 1261 2129 magnum
1283 2059 1410 2130 quid
1441 2058 1708 2115 sentiebat
1730 2058 1798 2114 de
1822 2057 2058 2125 Christo,

468 2152 555 2208 vel
580 2167 700 2208 cum
721 2163 851 2206 tetas
875 2151 1001 2221 aegri
1023 2151 1303 2206 immatura
1328 2159 1462 2207 erat.
1514 2151 1604 2206 16.
1660 2149 1876 2222 Vespere
1895 2159 2062 2206 autent

470 2248 626 2313 facta,
653 2244 940 2297 obtulerunt
969 2243 1015 2298 ei
1042 2243 1230 2298 multos
1247 2243 1498 2298 daemonia
1527 2242 1781 2308 habentes,
1809 2252 1856 2298 et
1893 2245 2062 2315 ejicie-

469 2335 552 2388 bat
574 2335 781 2404 spiritus
805 2351 979 2388 eorum
1004 2335 1067 2389 ab
1095 2336 1167 2389 eis
1189 2335 1355 2403 verbo,
1392 2345 1442 2390 et
1465 2351 1637 2390 omnes
1671 2336 1804 2390 male
1827 2335 2062 2392 habentes

469 2428 694 2490 curabat,
728 2428 815 2482 I7.
845 2437 900 2481 ut
917 2427 1276 2498 adimpleretur
1293 2427 1430 2497 quod
1446 2427 1637 2482 dictum
1651 2439 1723 2482 est
1750 2443 1839 2497 per
1869 2425 2061 2483 Isaiam

470 2519 771 2589 prophetam
794 2533 813 2571 :
838 2517 960 2587 Ipse
978 2520 1300 2588 inﬁrmitates
1327 2528 1526 2574 nostras
1545 2520 1756 2590 accepit,
1785 2528 1830 2574 et
1855 2519 2062 2590 aegritu—

469 2610 612 2665 dines
638 2610 854 2680 portavit
875 2609 1040 2677 (lsai.
1066 2612 1155 2666 53.
1185 2612 1218 2664 t
1232 2611 1274 2682 ).
1303 2611 1486 2666 Viden’
1515 2611 1866 2667 multitudinis
1898 2612 2058 2668 ﬁdem

468 2704 722 2774 deinceps
751 2705 1072 2760 adauctam?
1099 2704 1282 2774 Neque
1307 2705 1471 2770 enim,
1502 2716 1726 2776 urgente
1770 2707 1894 2762 licet
1921 2715 2058 2762 tem-

469 2811 619 2864 pore,
649 2795 902 2851 recedere
933 2796 1210 2861 volebant,
1238 2811 1414 2868 neque
1440 2796 1874 2868 intempestivum
1903 2808 2054 2868 puta-

465 2888 596 2944 bant
625 2890 669 2944 si
711 2903 936 2959 vespere
972 2898 1203 2961 aegrotos
1248 2904 1376 2946 suos
1415 2890 1766 2946 adducerent.
1807 2892 1886 2947 Tu
1937 2907 2062 2948 vero

468 2980 603 3035 mihi
655 2981 948 3052 perpende,
998 2989 1252 3051 quantam
1304 2981 1700 3041 multitudinem
1753 2998 1938 3038 eorum
1968 2984 2060 3054 qui

466 3075 752 3130 sanitatem
780 3082 1104 3144 acceperunt
1130 3082 1541 3145 praetercurrant
1562 3075 1921 3144 evangelista,
1951 3091 2060 3132 non

464 3167 740 3238 sigillatim
780 3178 1144 3231 recensentes,
1186 3167 1280 3223 sed
1324 3181 1432 3222 uno
1469 3167 1636 3223 verbo
1679 3168 2058 3223 miraculorum

468 3260 688 3330 pelagus
735 3260 1056 3316 immensum
1101 3259 1418 3316 referentes.
1460 3259 1664 3316 Deinde
1709 3275 1779 3314 ne
1815 3259 2060 3316 miraculi

467 3352 778 3422 magnitudo
818 3351 1246 3408 incredulitatem
1286 3359 1518 3422 pareret,
1551 3353 1694 3421 quod
1721 3361 1926 3406 tantum
1965 3366 2062 3421 po-

467 3445 652 3512 pulum
691 3453 798 3499 tam
837 3445 999 3500 variis
1026 3443 1272 3500 affectum
1317 3443 1519 3498 morbis
1547 3441 1599 3497 in
1629 3453 1902 3499 momento
1926 3451 2060 3498 tem-

468 3538 616 3608 poris
657 3538 880 3594 solverit
922 3545 976 3593 et
1017 3537 1304 3602 curaverit,
1362 3537 1441 3592 rei
1474 3545 1660 3592 testem
1696 3537 1909 3592 adducit
1938 3552 2062 3608 pro-

468 3631 704 3701 phetam,
750 3645 996 3701 magnam
1043 3629 1240 3700 ubique
1275 3644 1344 3684 ex
1373 3627 1664 3698 Scripturis
1705 3643 1882 3684 rerum
1920 3644 2059 3700 pra:-

467 3724 754 3779 dictionem
801 3721 1110 3786 ostendens,
1157 3721 1324 3792 signis
1370 3721 1500 3791 ipsis
1549 3737 1654 3778 non
1701 3719 2057 3778 inferiorem:

468 3818 615 3884 Ilzec,
644 3816 834 3887 inqttit,
867 3813 1031 3870 Isaias
1059 3813 1187 3870 dicit
1211 3831 1224 3868 :
1256 3811 1594 3880 Infirmitates
1615 3822 1814 3868 nostras
1841 3815 2058 3884 accepit,

445 3923 514 3971 'et
539 3915 864 3986 tegritudines
888 3914 1124 3985 portavit.
1152 3912 1267 3968 Non
1292 3911 1443 3978 dixit,
1477 3911 1678 3975 Solvit;
1707 3909 1822 3975 sed,
1855 3910 2062 3980 Accepit

468 4019 517 4063 et
561 4009 817 4078 portavit:
841 4005 983 4079 quod
1031 4006 1100 4062 de
1146 4005 1381 4077 peccatis
1420 4005 1596 4074 potius
1638 4003 1769 4057 mihi
1799 4003 1998 4058 dictum
2028 4017 2059 4056 a

469 4101 728 4174 prepheta
757 4099 985 4166 videtur,
1016 4111 1174 4169 quam
1206 4096 1274 4152 de
1295 4095 1518 4159 morbis,
1539 4103 1594 4150 et
1620 4109 1740 4149 cum
1770 4092 1871 4148 hoc
1898 4092 2062 4148 Joan-

471 4197 553 4251 nis
569 4195 713 4251 dicto
734 4201 1028 4256 consonat;
1056 4190 1185 4246 Ecce
1202 4206 1363 4261 agnus
1388 4187 1504 4257 Dei,
1531 4187 1618 4257 qui
1645 4186 1778 4242 tollit
1801 4195 2061 4258 peccatum

471 4287 646 4340 mundi
677 4284 856 4351 (Joan.
881 4285 933 4340 I.
962 4281 1078 4355 29).

537 4381 593 4438 2.
636 4378 910 4434 Peccatum
952 4376 1242 4430 morborum
1286 4390 1459 4428 causa.
1503 4371 1691 4428 Christi
1732 4372 1978 4427 modestia
2015 4381 2062 4427 et

471 4471 816 4543 pulchritudo.
834 4499 906 4509 —-
924 4467 1204 4536 Quomodo
1231 4483 1360 4538 ergo
1387 4467 1616 4536 idipsum
1651 4466 1720 4523 de
1745 4465 1948 4522 morbis
1975 4465 2062 4522 hic

470 4568 620 4638 ponit
648 4565 1005 4636 evangelista?
1031 4564 1124 4619 Vel
1147 4563 1286 4634 quod
1310 4563 1565 4618 historico
1596 4579 1747 4619 more
1775 4572 1828 4619 et
1850 4563 1915 4618 ad
1938 4563 2064 4619 lite-

470 4676 584 4714 ram
612 4658 714 4714 hoc
743 4655 1104 4713 testimonium
1137 4657 1297 4728 legat,
1326 4656 1406 4712 vel
1433 4666 1488 4710 ut
1513 4655 1759 4710 ostendat
1779 4655 2063 4726 plerosque

472 4752 692 4807 morbos
721 4766 785 4805 ex
831 4748 1065 4820 peccatis
1093 4750 1285 4803 anima:
1324 4747 1609 4818 proficisci.
1643 4746 1775 4801 Nam
1807 4748 1852 4801 si
1893 4761 2060 4812 mors,

469 4860 591 4916 qua:
619 4849 778 4913 caput
801 4848 884 4898 est
910 4839 1170 4906 omnium,
1199 4855 1265 4895 ex
1293 4845 1515 4910 peccato
1533 4837 1794 4908 originem
1821 4840 2062 4893 occasio-

471 4950 699 5004 nemque
740 4931 947 4999 habuit,
980 4931 1149 4985 multo
1190 4931 1360 5000 magis
1398 4929 1742 5002 aegritudines
1772 4928 1894 4983 hinc
1930 4938 2064 4984 (ιι-ιω

471 5036 596 5083 sunt
623 5046 638 5083 :
669 5023 1101 5101 quandoquidem
1127 5024 1254 5079 hinc
1277 5024 1437 5078 etiam
1459 5022 1658 5089 evenit,
1689 5030 1746 5076 ut
1771 5037 1870 5077 nos
1897 5021 2066 5091 passi-

470 5122 607 5178 biles
628 5122 816 5177 simus.
843 5120 931 5175 I8.
965 5117 1154 5173 Videns
1182 5117 1215 5172 J
1221 5134 1336 5172 esus
1361 5119 1532 5172 turbas
1560 5117 1744 5170 multas
1769 5116 1962 5169 circum
1986 5132 2060 5182 se,

470 5217 619 5286 iussit
640 5216 988 5287 transfretare.
1013 5209 1204 5268 Viden'
1218 5227 1428 5266 rursum
1459 5226 1617 5281 quam
1648 5211 1716 5265 sit
1737 5211 1806 5264 ab
1829 5217 2066 5264 ostenta-

379 5375 390 5386 η
471 5311 618 5365 tione
658 5306 905 5364 alienus?
935 5305 1082 5384 Nam
1126 5303 1304 5359 caeteri
1345 5303 1546 5368 dicunt,
1577 5303 1750 5371 ipsum
1793 5301 2064 5356 daemones

474 5402 781 5468 increpasse
801 5413 870 5453 ne
893 5381 1134 5452 dicerent
1157 5393 1274 5464 quis
1298 5402 1444 5448 esset
1469 5409 1481 5444 :
1508 5392 1594 5447 hic
1624 5407 1748 5446 vero
1769 5392 1864 5456 ait,
1891 5391 2062 5461 ipsum

473 5492 739 5547 amovisse
777 5490 980 5544 turbas.
1015 5485 1148 5541 Illud
1185 5493 1362 5540 autem
1389 5483 1600 5554 agebat,
1629 5490 1738 5537 tum
1766 5490 1824 5537 ut
1851 5498 1948 5536 nos
1986 5481 2065 5534 in-

472 5585 719 5638 stitueret
741 5581 1066 5650 doceretque
1097 5576 1434 5641 modestiam,
1467 5585 1577 5630 tum
1609 5583 1668 5628 ut
1694 5573 1948 5628 invidiam
1971 5587 2064 5628 se-

473 5677 624 5730 daret
663 5673 962 5738 Iudaicam,
1011 5671 1334 5740 doceretque
1377 5667 1509 5721 nihil
1554 5664 1622 5720 ad
1649 5664 2062 5721 ostentationem

467 5765 594 5823 esse
638 5763 958 5820 faciendum.
991 5763 1108 5818 Non
1153 5760 1295 5817 enim
1325 5772 1552 5830 corpora
1595 5765 1797 5812 tantum
1819 5754 2062 5821 curabat,

474 5859 567 5915 sed
597 5859 757 5914 etiam
784 5854 1103 5910 emendabat
1128 5853 1382 5915 animam,
1416 5852 1691 5921 ipsamque
1715 5848 1780 5901 ad
1824 5846 2063 5915 philoso-

473 5951 650 6022 phiam
698 5947 1041 6004 inSIituebatf
1073 5961 1193 6003 sese
1240 5954 1463 6013 utroque
1507 5939 1668 5996 modo
1702 5939 1980 6005 exhibens,
2009 5948 2064 5995 et

1445 459 1510 517 IN
1545 459 1952 517 MATTHEUM
1992 458 2217 516 ΙίΟΜΙΙι.
2262 459 2472 516 XXVII.
2512 463 2583 518 al.
2629 461 2862 522 XXVIII.

3662 472 3764 528 556

2166 576 2384 633 morbos
2409 589 2710 648 curantem,
2756 590 2813 638 et
2855 582 2986 641 nihil
3030 600 3095 641 ex
3123 584 3264 644 fastu
3305 589 3574 661 agentem.
3608 593 3758 650 Multi

2163 670 2360 740 quippe
2403 671 2504 741 ipsi
2551 672 2825 730 haerebant
2871 691 3056 733 amore
3097 678 3558 751 admirationeque
3589 685 3761 755 ducti,

2163 771 2325 833 atque
2377 763 2550 834 ipsum
2603 782 2817 836 semper
2868 769 3050 826 videre
3089 773 3387 842 cupientes.
3433 776 3564 844 Quis
3609 779 3755 834 enim

2164 853 2538 923 abscessisset,
2586 857 2711 914 dum
2745 860 2834 916 ille
2865 870 3010 918 tanta
3052 864 3305 920 miracula
3349 871 3622 938 patraret?
3667 881 3759 925 aut

2164 945 2284 1013 quis
2313 945 2571 1002 noluisset
2614 948 2801 1006 faciem
2828 959 2882 1008 et
2918 967 2981 1008 os
3024 954 3147 1010 talia
3180 956 3448 1028 loquentis
3475 961 3758 1030 aspicere?

2165 1035 2347 1107 Neque
2391 1039 2533 1094 enim
2577 1055 2644 1096 ex
2689 1043 2945 1114 prodigiis
3000 1054 3206 1102 tantum
3245 1035 3756 1120 admirandus’,m§ed

2166 1128 2331 1198 ipsius
2355 1131 2528 1186 solum
2551 1143 2872 1204 conspectus
2895 1138 3062 1208 gratia
3094 1139 3261 1196 multa
3292 1141 3483 1211 plenus
3519 1151 3673 1200 erat:
3703 1145 3758 1199 id

2166 1222 2307 1292 quod
2339 1223 2578 1280 indicans
2627 1227 2883 1298 propheta
2939 1229 3153 1288 dicebat
3198 1249 3212 1286 :
3263 1233 3543 1304 Speciosus
3591 1241 3760 1308 {arma

2167 1333 2276 1385 pra:
2303 1318 2425 1386 ﬁliis
2451 1317 2710 1374 hominum
2763 1320 2782 1392 (
2803 1320 2945 1376 Psal.
2987 1324 3078 1379 44.
3105 1325 3140 1379 5
3160 1324 3202 1394 ).
3229 1325 3381 1394 Quod
3409 1327 3458 1383 si
3491 1327 3654 1384 Isaias
3676 1329 3759 1384 di-

2167 1417 2273 1475 cat,
2301 1408 2420 1464 Non
2444 1410 2654 1466 habebat
2673 1413 2889 1481 speciem
2913 1430 3069 1484 neque
3093 1415 3322 1471 decorem
3351 1415 3514 1490 (Isai.
3542 1419 3632 1477 53.
3660 1419 3756 1492 2),

2165 1508 2258 1554 aut
2288 1500 2417 1556 illud
2445 1501 2513 1557 de
2537 1502 2828 1559 divinitatis
2850 1505 3019 1575 gloria
3060 1506 3314 1564 inell‘abili
3353 1509 3634 1580 intelligit;
3666 1521 3756 1567 aut

2167 1607 2231 1648 ea
2255 1609 2374 1663 quae
2399 1595 2450 1648 in
2482 1595 2730 1665 passione
2755 1607 2904 1666 gesta
2925 1608 3050 1653 sunt
3077 1608 3279 1668 narrat,
3305 1602 3760 1674 ignominiamque

2166 1687 2312 1742 illam
2339 1704 2498 1759 quam
2537 1690 2713 1744 crucis
2744 1699 2986 1759 tempore
3012 1693 3282 1757 sustinuit,
3313 1703 3406 1749 aut
3445 1695 3757 1752 tenuitatem

2167 1779 2311 1834 illam
2351 1797 2508 1850 quam
2539 1790 2651 1836 toto
2687 1782 2810 1836 vita:
2840 1791 3080 1852 tempore
3123 1785 3175 1837 in
3222 1787 3468 1842 omnibus
3495 1787 3756 1844 exhibuit.

2165 1871 2282 1928 Non
2305 1882 2484 1928 autem
2531 1873 2677 1942 prius
2724 1873 3074 1929 transfretare
3111 1873 3293 1944 jussit,
3340 1893 3499 1946 quam
3539 1879 3760 1935 morbos

2165 1973 2430 2020 curasset.
2455 1956 2708 2035 Alioquin
2759 1981 2863 2020 non
2909 1966 2960 2021 id
3005 1965 3148 2023 ferre
3171 1969 3492 2038 potuissent.
3519 1970 3588 2028 Ut
3617 1973 3759 2028 enim

2166 2055 2220 2113 in
2249 2066 2430 2113 monte
2473 2073 2579 2114 non
2621 2058 2964 2114 concionanti
3008 2059 3168 2114 modo
3196 2060 3439 2127 aderant,
3468 2063 3564 2118 sed
3598 2065 3760 2120 etiam

2166 2151 2410 2206 silentem
2433 2150 2794 2222 sequebantur
2821 2168 2834 2206 :
2877 2151 2955 2207 sic
2992 2151 3154 2207 etiam
3187 2169 3329 2208 nunc
3359 2171 3464 2209 non
3497 2156 3756 2213 miracula

2166 2243 2351 2299 edenti
2376 2251 2579 2299 tantum
2604 2244 2916 2310 hauebant;
2944 2245 3038 2300 sed
3063 2247 3226 2301 etiam
3257 2257 3380 2318 post
3417 2248 3558 2304 edita
3586 2251 3760 2322 signa,

2167 2335 2252 2392 vel
2278 2351 2340 2392 ex
2367 2335 2482 2408 ejus
2507 2337 2656 2392 vultu
2683 2345 2736 2392 et
2759 2348 3049 2408 conspectu
3073 2354 3321 2410 magnam
3345 2341 3638 2412 carpebant
3659 2343 3762 2399 uti-

2167 2429 2392 2486 litatem.
2422 2428 2554 2484 Nam
2583 2429 2630 2486 si
2656 2429 2866 2502 Moyses
2893 2431 3063 2502 gloria
3101 2432 3496 2503 splendentem,
3528 2434 3762 2506 Stepha-

2165 2537 2269 2578 nus
2308 2523 2608 2592 angelicum
2653 2523 2856 2577 vultum
2909 2523 3113 2591 habuit,
3159 2526 3333 2597 cogita
3374 2529 3586 2598 qualem
3637 2538 3763 2584 tunc

2166 2616 2476 2685 apparuisse
2490 2631 2828 2672 communem
2849 2617 3130 2672 Dominum
3160 2619 3447 2677 verisimile
3471 2630 3578 2681 est.
3602 2622 3764 2679 Forte

2166 2723 2294 2762 vero
2323 2708 2473 2762 multi
2497 2707 2607 2779 jam
2638 2708 2753 2778 ejus
2784 2709 3025 2764 videndae
3066 2711 3309 2782 imaginis
3338 2713 3631 2782 cupiditate
3678 2718 3764 2769 in-

2165 2801 2312 2854 censi
2338 2808 2462 2854 snnt
2491 2817 2504 2852 :
2535 2799 2630 2856 sed
2657 2802 2702 2856 si
2732 2802 2979 2867 velimus,
3007 2803 3163 2874 longe
3192 2804 3611 2874 splendidiorem
3646 2807 3762 2878 ipsa

2165 2891 2484 2947 videbimus.
2507 2891 2639 2946 Nam
2687 2892 2730 2947 si
2758 2908 2878 2946 cum
2918 2893 3104 2949 fiducia
3135 2903 3190 2949 et
3217 2895 3411 2952 virtute
3450 2897 3614 2954 vitam
3643 2914 3766 2968 per-

2165 2999 2408 3056 agamus,
2453 2985 2506 3040 in
2538 2983 2769 3040 nubibus
2813 2985 2986 3055 ipsum
3031 2987 3383 3056 excipiemus,
3411 2988 3620 3044 obviam
3661 2989 3765 3059 ipsi

2167 3077 2444 3132 venientes
2465 3076 2518 3130 in
2543 3076 2829 3130 immortali
2852 3085 2908 3132 et
2934 3077 3322 3146 incorruptibili
3351 3094 3597 3151 corpore.
3629 3080 3761 3136 Per-

2167 3167 2342 3237 pende
2369 3176 2550 3223 autem
2574 3183 2734 3239 quam
2765 3168 2958 3223 leniter
2996 3168 3139 3238 ipsos
3161 3178 3426 3237 amoveat,
3457 3186 3559 3227 nec
3583 3171 3765 3228 deter-

2167 3267 2303 3314 reat.
2345 3258 2462 3314 Non
2487 3258 2632 3313 enim
2660 3258 2814 3322 dixit,
2859 3257 3152 3324 Recedite;
3183 3259 3277 3316 sed
3307 3260 3652 3317 transfretare
3676 3261 3765 3332 ju-

2167 3352 2279 3418 bet,
2307 3367 2456 3421 spem
2484 3350 2688 3406 faciens
2721 3365 2781 3407 se
2811 3351 2904 3405 illo
2935 3351 3280 3421 traiecturum
3309 3368 3450 3409 esse.
3477 3354 3567 3410 Sic
3595 3354 3765 3410 turbae

2166 3444 2382 3516 quidem
2431 3444 2655 3499 multum
2694 3443 3022 3499 exhibebant
3060 3445 3281 3510 amoris,
3325 3454 3379 3500 et
3407 3462 3532 3502 cum
3569 3448 3760 3504 aﬂ‘ectu

2167 3525 2362 3607 magno
2388 3536 2784 3608 sequebantur;
2815 3553 2954 3592 unus
2971 3545 3151 3592 autem
3176 3540 3519 3609 pecuniarum
3549 3557 3760 3607 servus,

2165 3631 2576 3703 arrogantiaque
2602 3631 2793 3700 plenus
2817 3631 3043 3686 accessit
3066 3645 3130 3685 ac
3154 3630 3290 3686 dixit
3317 3649 3330 3687 :
3364 3632 3452 3688 l9.
3494 3632 3761 3706 Magister,

2166 3741 2349 3795 sequar
2378 3734 2425 3780 te
2446 3740 2762 3794 quocumque
2785 3723 2922 3778 ieris.
2952 3723 3409 3794 Vidistin’quanla
3435 3725 3764 3795 arrogantia?

2167 3807 2246 3872 Ac
2296 3817 2341 3872 si
2394 3832 2502 3871 non
2547 3816 2861 3887 dignaretur
2902 3830 2964 3870 se
3009 3830 3133 3871 cum
3175 3815 3326 3871 turba
3375 3830 3761 3883 annumerare,

2167 3924 2333 3980 seque
2363 3918 2642 3964 ostentans
2679 3909 2831 3977 quasi
2870 3923 2978 3962 non
3005 3907 3059 3963 in
3087 3908 3226 3978 vulgi
3261 3907 3415 3964 turba
3451 3918 3764 3980 computan-

2165 4001 2288 4066 dus,
2317 4001 2395 4055 sic
2416 3999 2644 4056 accedit.
2673 3999 2830 4054 Tales
2857 4007 2982 4054 sunt
3007 3999 3211 4054 Iudaici
3256 4015 3454 4065 mores,
3497 4000 3766 4071 intempe-

2168 4094 2304 4148 stiva
2361 4091 2505 4162 pleni
2551 4090 2764 4146 liducia.
2813 4090 2904 4147 Sic
2948 4099 3006 4146 et
3047 4091 3183 4146 alius
3241 4101 3425 4160 postea
3481 4093 3765 4150 silentibus

2166 4184 2416 4240 omnibus
2461 4183 2724 4251 insiliens,
2755 4183 2872 4238 ait:
2908 4183 3058 4250 Quod
3096 4193 3170 4238 est
3196 4184 3418 4252 primum
3465 4183 3764 4242 mandatum

2167 4275 2382 4352 (Matth.
2413 4276 2503 4332 i2.
2531 4276 2664 4347 36)?
2694 4278 2945 4332 Attamen
2996 4277 3256 4332 Dominus
3301 4278 3662 4348 importunam
3696 4279 3763 4332 li-

2167 4372 2427 4427 bertatem
2453 4384 2556 4424 non
2585 4369 2864 4439 corripuit,
2894 4376 2952 4424 ut
2975 4383 3074 4425 nos
3098 4367 3167 4424 ad
3191 4369 3495 4438 hujusmodi
3519 4371 3764 4427 homines

2167 4461 2417 4518 ferendos
2460 4461 2782 4516 institueret.
2831 4459 2958 4516 Ideo
3004 4475 3110 4516 non
3155 4461 3329 4531 palam
3371 4460 3642 4532 redarguit
3668 4478 3764 4516 eos

2167 4555 2260 4628 qui
2298 4557 2435 4610 mala
2462 4555 2799 4626 cogitarent:
2827 4554 2924 4610 sed
2952 4569 3139 4611 eorum
3161 4555 3399 4628 opinioni
3417 4553 3763 4626 ‘respondet,

2169 4650 2300 4720 ipsis
2333 4649 2467 4705 solis
2502 4649 2922 4705 confutationem
2967 4647 3352 4718 inspiciendam
3412 4647 3721 4718 relinquens
3746 4689 3764 4713 ,

2169 4740 2542 4812 duplicemque
2573 4742 2704 4811 ipsis
2730 4755 2926 4811 parens
2951 4741 3257 4809 utilitatem,
3288 4749 3344 4796 ut
3375 4756 3568 4810 nempe
3591 4743 3768 4796 sciant

2170 4849 2232 4890 se
2254 4833 2602 4890 conscientia:
2625 4841 2834 4889 secreta
2865 4846 3048 4899 nosse,
3075 4842 3240 4902 utque
3267 4839 3388 4902 post
3415 4831 3599 4888 datum
3628 4830 3768 4887 indi-

2169 4927 2311 4981 cium
2343 4925 2474 4980 illud
2520 4925 2696 4980 adhuc
2740 4924 2928 4988 lateat,
2968 4924 3104 4978 dans
3142 4923 3320 4978 locum
3345 4923 3414 4979 ad
3439 4924 3767 4995 resipiscen-

2169 5023 2318 5090 dum,
2359 5022 2405 5078 si
2445 5021 2649 5076 velint:
2682 5018 2741 5073 id
2766 5017 2908 5088 quod
2936 5031 3080 5072 nunc
3107 5016 3268 5072 etiam
3307 5017 3454 5074 fecit.
3495 5017 3592 5074 ilic
3619 5017 3765 5074 enim

2170 5115 2347 5170 multa-
2365 5113 2513 5184 signa
2546 5111 2752 5178 videns,
2806 5109 3122 5179 turbamque
3151 5107 3484 5175 afﬂuentem,
3515 5108 3770 5178 sperabat

2170 5221 2229 5263 se
2253 5222 2321 5262 ex
2355 5214 2432 5260 tot
2477 5203 2745 5259 miraculis
2770 5201 3049 5256 ditandum
3077 5215 3218 5268 esse,
3251 5201 3476 5271 ideoque
3499 5200 3647 5258 illum
3677 5216 3762 5255 se-

2168 5300 2258 5370 qui
2279 5297 2551 5367 cupiebat.
2583 5294 2861 5352 Undenam
2887 5293 2988 5347 hoc
3015 5292 3172 5348 nobis
3202 5291 3425 5362 patebit?
3443 5291 3524 5346 Ex
3546 5306 3768 5360 respon-

2169 5394 2323 5447 sione
2365 5389 2590 5453 Christi,
2631 5387 2724 5458 qui
2775 5401 2881 5442 non
2923 5385 3104 5441 verbis
3152 5384 3441 5456 loquentis,
3477 5382 3575 5438 sed
3600 5382 3766 5439 menti

2173 5481 2484 5552 respondet.
2524 5479 2661 5549 Quid
2686 5479 2867 5534 enim?
2895 5477 3100 5548 inquit;
3130 5491 3199 5530 an
3228 5474 3479 5546 pecunias
3519 5483 3573 5530 te
3602 5473 3769 5532 colle-

2170 5585 2378 5631 cturum
2410 5588 2615 5644 speras,
2650 5573 2696 5628 si
2724 5587 2811 5628 me
2828 5570 3128 5644 «sequaris?
3154 5585 3332 5625 annon
3360 5568 3511 5623 vides
3540 5567 3770 5630 mihine

2171 5668 2528 5725 diversorium
2554 5665 2768 5736 quidem
2797 5680 2919 5721 esse
2944 5663 3100 5734 quale
3127 5662 3257 5732 ipsis
3272 5660 3462 5714 avibus
3491 5659 3612 5720 est?
3634 5657 3767 5720 Nam

2172 5763 2267 5829 ait,
2297 5760 2388 5816 20.
2431 5759 2618 5830 Vulpes
2647 5762 2816 5830 foveas
2866 5757 3070 5824 habent,
3098 5763 3145 5809 ct
3179 5751 3405 5812 uolucres
3437 5748 3766 5813 adstriden-

2241 5948 2254 5975 ί
2292 5941 2406 6004 Alii,
2433 5944 2749 6004 arrogantuc.
3333 5971 3407 6008 .3,
3442 5973 3451 5982 .
