4036 6430
321 468 421 521 347

323 584 491 638 Filius
517 590 682 635 autem
707 575 922 630 hominis
952 587 1052 625 non
1078 568 1223 623 habet
1250 564 1333 619 ubi
1359 569 1511 633 caput
1534 558 1758 613 reclinet.
1786 553 1910 608 Haec

322 691 428 729 non
451 669 956 739 repellentiserant,
985 661 1080 718 sed
1107 659 1300 713 malam
1332 663 1566 709 mentem
1595 649 1911 716 redarguen-

322 769 389 821 tis
414 806 430 831 ,
459 772 512 818 et
544 766 862 832 potestatem
883 755 1060 811 dantis
1080 766 1201 808 cum
1224 749 1316 805 tali
1339 762 1436 819 spe
1461 745 1635 815 sequi,
1659 743 1702 797 si
1723 741 1907 796 vellet.

281 903 284 906 -
331 862 403 921 Ut
455 875 638 918 autem
685 862 804 932 ejus
841 844 1138 929 nequitiam
1171 858 1383 912 ediscas
1408 856 1447 921 ⁸,
1481 855 1566 908 his
1617 850 1822 907 auditis
1851 861 1907 903 ct

325 958 405 1013 sic
446 956 761 1012 confutatus
787 997 804 1021 ,
846 969 952 1009 non
1002 952 1139 1006 dixit
1165 948 1290 1011 ξιΑά
1327 945 1640 1018 sequendun
1686 953 1910 1014 paratus

319 1067 618 1186 su1.5"..Alilii
658 1143 872 1198 quoque
900 1139 1043 1194 saepe
1076 1122 1305 1192 idipsum
1334 1117 1580 1172 Christus
1614 1113 1771 1177 facit;
1801 1128 1908 1167 non

321 1235 508 1292 aperte
561 1218 865 1290 redarguit,
914 1215 1009 1271 sed
1055 1230 1118 1269 ex
1161 1213 1510 1282 reSponsione
1545 1206 1910 1263 accedentium

321 1324 553 1368 mentem
579 1312 768 1383 aperit.
788 1311 921 1366 Nam
948 1320 1002 1363 et
1033 1307 1110 1362 illi
1136 1307 1221 1375 qui
1249 1302 1487 1358 dicebat:
1515 1299 1760 1370 Magister
1786 1299 1912 1352 bene

327 1408 490 1478 (Luc.
525 1408 611 1462 t8.
644 1405 766 1475 {8),
796 1416 848 1458 ct
879 1419 941 1458 ex
971 1401 1278 1456 adulatione
1299 1397 1549 1467 sperabat
1578 1409 1636 1448 se
1659 1393 1814 1448 illum
1833 1392 1913 1446 al-

322 1502 588 1556 lecturum
630 1514 748 1552 esse
779 1497 843 1552 ad
884 1511 1035 1550 suam
1083 1492 1424 1553 sententiam,
1457 1485 1730 1556 reSpondit
1761 1503 1774 1538 :
1809 1487 1912 1538 (.‘ur

321 1609 403 1646 me
435 1591 560 1645 dic-is
603 1589 829 1644 bonum?
858 1587 1020 1641 Nemo
1061 1586 1237 1646 bonus,
1271 1582 1368 1635 nisi
1404 1595 1534 1633 unus
1562 1577 1701 1631 Deus
1730 1574 1909 1647 (Ibid.

321 1703 369 1742 υ.
399 1686 522 1757 19).
552 1685 616 1740 Ει
644 1699 764 1738 cum
811 1682 1053 1737 dicerent
1079 1678 1149 1744 ei,
1181 1675 1313 1729 Ecce
1354 1683 1514 1727 mater
1543 1680 1630 1724 tua
1653 1679 1701 1724 et
1730 1669 1913 1739 fratres

322 1780 396 1834 tui
437 1785 712 1849 quwrentes
759 1785 804 1829 te
833 1773 1044 1845 (Matth.
1079 1771 1164 1824 12.
1202 1767 1292 1838 i7)
1315 1809 1328 1829 ,
1351 1765 1472 1835 quia
1510 1764 1585 1819 illi
1623 1763 1910 1816 humanum

321 1869 446 1942 quid
479 1869 850 1940 patiebantur,
895 1878 1067 1933 neque
1095 1862 1238 1915 utilia
1278 1858 1376 1913 sibi
1404 1858 1588 1911 audire
1626 1854 1910 1920 volebant,

321 1967 416 2018 seu
447 1961 734 2017 ostendere
775 1974 834 2013 se
869 1957 968 2026 ipsi
997 1969 1195 2025 genere
1227 1951 1498 2022 proximos
1519 1963 1659 2011 esse,
1685 1945 1913 2014 hincque

322 2069 513 2107 vanam
534 2052 752 2122 gloriam
777 2063 1018 2118 carpere,
1045 2045 1167 2100 audi
1190 2042 1313 2114 quid
1336 2043 1479 2096 dicat
1506 2058 1520 2092 :
1553 2039 1680 2106 Qua:
1706 2045 1778 2091 est
1805 2053 1914 2089 ma-

324 2157 399 2199 ter
421 2161 553 2210 mea,
577 2152 623 2196 et
647 2142 734 2212 qui
753 2150 870 2195 sunt
909 2145 1093 2210 fratres
1122 2137 1218 2188 mei
1245 2132 1407 2204 (Ibid.
1437 2149 1486 2186 u.
1509 2129 1643 2196 48)?
1674 2128 1914 2198 lpsisque

320 2237 532 2290 demum
557 2231 807 2288 fratribus
826 2234 936 2285 suis
959 2227 1280 2292 dicentibus,
1301 2223 1520 2279 Ostende
1533 2222 1747 2286 teipsunt
1764 2235 1911 2272 mun-

321 2329 388 2380 do
418 2325 599 2397 (Joan.
631 2325 682 2379 7.
707 2325 786 2393 4),
815 2332 872 2377 ιιι
899 2321 1026 2377 hinc
1052 2335 1241 2375 vanam
1271 2318 1369 2372 sibi
1393 2315 1616 2386 gloriam
1644 2319 1911 2383 parerent,

322 2419 570 2474 dicebat:
615 2415 842 2471 Vestrum
881 2425 1078 2483 tempus
1125 2426 1320 2481 semper
1344 2418 1415 2463 est
1445 2417 1680 2479 paratum
1706 2446 1720 2468 ,
1748 2420 1913 2459 meum

302 2495 491 2564 autem
511 2508 738 2563 nondum
761 2507 902 2560 adest
930 2504 1092 2574 (Ibid.
1116 2520 1162 2557 υ.
1187 2501 1262 2573 6).
1295 2502 1396 2555 Per
1418 2498 1682 2554 contraria
1705 2509 1915 2566 quoque

323 2609 552 2680 idipsum
579 2609 724 2674 facit,
752 2623 872 2662 cum
891 2605 958 2661 de
980 2603 1307 2659 Nathanaele
1325 2599 1400 2654 ait
1423 2616 1437 2652 :
1464 2596 1594 2650 Ecce
1613 2609 1724 2648 uere
1743 2592 1915 2646 Israe-

324 2702 436 2764 lita,
469 2701 524 2753 in
567 2715 665 2770 quo
703 2699 854 2752 dolus
881 2713 984 2750 non
1025 2705 1097 2748 est
1142 2692 1161 2765 (
1193 2691 1329 2745 Ibid.
1356 2691 1408 2744 1.
1440 2687 1507 2742 47
1527 2688 1567 2757 ).
1599 2686 1662 2739 Et
1693 2698 1872 2738 rursus
1895 2723 1912 2749 ,

329 2793 520 2846 lfuntes
544 2791 840 2845 annuntiate
866 2786 1058 2842 Joanni
1079 2800 1192 2854 qua:
1221 2783 1436 2838 audistis
1462 2789 1510 2833 et
1538 2777 1732 2833 vidistis
1762 2774 1910 2844 (Luc.

307 2887 375 2938 ‘7.
393 2885 506 2954 9.2).
527 2884 708 2955 Neque
729 2881 874 2938 enim
903 2881 988 2935 hic
1014 2879 1211 2944 verbis,
1231 2875 1322 2930 sed
1350 2873 1514 2928 menti
1546 2869 1804 2924 mittentis
1832 2881 1918 2921 re-

325 2977 559 3047 Spondit.
588 2977 926 3045 Rursumque
957 2973 1151 3042 populo
1171 2966 1463 3023 secundum
1485 2964 1625 3018 illius
1640 2959 1920 3016 conscien-

327 3072 452 3124 tiam
479 3072 557 3122 sic
585 3065 1004 3138 loquitnrzﬂuid
1033 3063 1204 3116 existis
1220 3061 1272 3113 in
1297 3058 1548 3113 desertum
1566 3050 1912 3122 videreUbid.

327 3179 375 3214 υ.
408 3161 541 3229 ’24γῖ
569 3159 670 3226 Qui
697 3157 840 3210 enim
872 3156 1079 3208 videbat
1108 3167 1199 3206 eos
1223 3152 1289 3206 de
1311 3151 1516 3204 Joanne
1543 3146 1690 3215 quasi
1719 3144 1785 3199 de
1814 3142 1913 3196 levi

327 3265 382 3310 et
430 3253 667 3308 versatili
715 3250 944 3321 quodam
997 3248 1212 3301 homine
1250 3244 1504 3314 cogitare,
1550 3239 1689 3293 hanc
1729 3251 1915 3292 eorum

329 3345 636 3415 opinionem
687 3343 964 3412 corrigens
1009 3339 1168 3394 dicit:
1205 3336 1340 3402 Quid
1365 3335 1536 3389 existis
1572 3334 1625 3386 in
1668 3332 1917 3385 desertum

326 3439 535 3494 videre?
561 3438 865 3492 arundinem
893 3445 1038 3489 vento
1064 3433 1330 3504 agitatam,
1352 3439 1440 3482 aut
1465 3415 1713 3482 hominem
1743 3423 1916 3478 molli-

328 3532 419 3584 bus
445 3531 669 3583 vestitum
688 3531 713 3581 ἱ)
741 3543 836 3598 per
865 3535 1148 3594 utrumque
1177 3522 1512 3593 signiﬁcans,
1542 3521 1716 3589 ipsum
1745 3531 1918 3586 neque

328 3636 394 3675 ex
418 3636 477 3674 se
493 3619 798 3674 versatilcm
819 3632 957 3682 esse,
983 3631 1156 3684 neque
1183 3614 1453 3682 voluptate
1481 3612 1725 3680 quapiam
1750 3609 1891 3664 emol

330 3711 587 3766 licndum.
615 3709 704 3765 Sic
732 3710 909 3779 itaque
933 3722 1076 3763 nunc
1102 3705 1394 3760 secundum
1428 3713 1662 3758 mentem
1692 3702 1918 3770 loquen-

332 3804 402 3858 tis
441 3803 748 3872 respondet.
779 3803 856 3857 Ac
884 3800 1004 3855 vide
1028 3807 1279 3871 quautam
1323 3811 1464 3852 nunc
1490 3810 1702 3865 quoque
1731 3793 1918 3848 mode-

331 3895 588 3950 rationem
618 3894 884 3951 exhibeat.
913 3893 1094 3963 Neque
1117 3891 1260 3946 enim
1290 3889 1439 3956 dicit,
1474 3887 1654 3942 llabeo
1682 3887 1916 3955 quidem,

332 3988 426 4042 sed
447 3988 718 4058 despicio;
742 4002 927 4042 verum
956 3986 1101 4049 dicit,
1136 3983 1252 4038 Non
1280 3982 1472 4037 habeo.
1491 3980 1733 4035 Vidistin‘
1754 3994 1922 4048 quan-

235 4127 244 4138 .
335 4096 442 4134 tam
472 4081 863 4134 accuratiouem
885 4094 1007 4133 cum
1035 4075 1358 4146 indulgentia
1382 4073 1720 4143 conjunctam
1742 4080 1920 4126 Osten-

334 4174 466 4228 dat?
491 4174 558 4230 Ut
584 4172 744 4228 etiam
775 4188 895 4227 cum
923 4170 1232 4226 cometlcrct
1269 4177 1324 4223 et
1369 4167 1596 4231 biberet,
1620 4182 1683 4220 ac
1707 4173 1922 4220 contra-

334 4270 504 4332 riam,
545 4277 603 4321 ut
646 4266 951 4330 videbatur,
982 4264 1170 4319 .loanni
1213 4264 1336 4316 vita:
1384 4261 1645 4315 rationem
1696 4265 1922 4312 teneret.

339 4358 470 4412 illud
493 4367 669 4412 autem
703 4357 826 4410 facit
853 4369 950 4425 pro
978 4353 1307 4419 Judmorum,
1340 4351 1448 4406 imo
1473 4350 1635 4404 totius
1661 4349 1807 4404 orbis
1835 4364 1925 4403 sa-

339 4450 484 4513 lute,
517 4447 891 4502 ha'reticorum
941 4444 1102 4501 simul
1129 4459 1222 4499 ora
1251 4443 1639 4512 comprimens,
1687 4442 1928 4511 aliosque

337 4542 427 4609 qui
449 4540 671 4594 aderant
692 4539 908 4607 insuper
926 4535 1195 4591 attrahere
1217 4533 1456 4604 cupiens.
1475 4534 1624 4588 Alius
1640 4533 1925 4602 quispiam,

241 4618 250 4627 ’
337 4635 435 4696 ait,
481 4632 691 4686 dicebat
735 4629 831 4695 illi,
860 4629 952 4684 2L
982 4627 1228 4692 Domine,
1269 4629 1499 4698 permitte
1535 4627 1658 4681 milii
1709 4627 1929 4698 primum

339 4724 478 4777 abire
500 4763 513 4787 ,
543 4732 590 4777 et
617 4719 832 4792 sepelire
860 4730 1053 4789 patrem
1092 4735 1277 4772 incum.
1311 4717 1494 4774 Viden’
1531 4715 1930 4776 differentiam?

343 4819 410 4872 Et
433 4815 704 4886 quomodo
744 4814 1025 4884 impudens
1071 4813 1160 4868 ille
1206 4813 1437 4878 dicebat,
1471 4812 1669 4884 Sequar
1706 4821 1772 4877 te,
1799 4827 1930 4882 quo-

343 4923 556 4972 cumque
577 4908 724 4971 ieris;
751 4906 836 4960 hic
864 4921 1013 4970 vero,
1041 4905 1141 4961 etsi
1171 4921 1282 4959 rem
1313 4912 1554 4960 sanctam
1585 4911 1806 4972 petens,
1835 4903 1930 4970 ait,

345 4999 592 5055 Permitte
627 4998 795 5061 mihi;
833 5013 1018 5053 verum
1058 5012 1167 5052 non
1205 4996 1485 5066 permisit;
1513 4994 1608 5051 sed
1651 4993 1779 5064 quid
1823 4992 1934 5049 ait?

342 5091 431 5144 ‘22.
467 5089 592 5144 Sine
631 5098 857 5143 mortuos
898 5089 1110 5158 sepelire
1151 5097 1377 5141 mortuos
1417 5103 1559 5154 suos,
1588 5093 1642 5138 tu
1665 5095 1830 5139 autent
1857 5100 1938 5139 me

346 5199 568 5252 sequere.
595 5182 799 5253 Ubique
821 5184 962 5238 enim
991 5182 1316 5237 voluntatem
1335 5179 1665 5251 inSpiciebat.
1685 5179 1792 5236 Sed
1817 5194 1934 5246 cur,

350 5275 560 5345 inquies
584 5317 600 5342 ,
635 5291 742 5330 non
788 5273 1062 5344 permisit?
1100 5273 1236 5341 Quia
1275 5281 1431 5330 erant
1467 5274 1555 5344 qui
1602 5273 1704 5330 hoc
1745 5290 1938 5330 munus

350 5374 655 5443 implerent,
696 5388 870 5443 neque
913 5372 1211 5442 insepultus
1253 5387 1539 5428 mansurus
1577 5380 1738 5428 erat:
1779 5382 1940 5442 atque

353 5466 493 5520 hitnc
515 5482 578 5521 ex
607 5467 770 5522 rebus
790 5465 959 5535 magis
985 5465 1300 5521 necessariis
1327 5465 1480 5520 avelli
1507 5479 1614 5520 non
1639 5477 1776 5533 opus
1801 5471 1934 5519 erat.

355 5557 485 5611 Cum
526 5557 654 5612 dicit
686 5564 886 5621 autem,
916 5555 1148 5610 Mortuus
1190 5572 1327 5620 suos,
1364 5557 1602 5612 ostendit
1641 5554 1785 5610 hunc
1831 5569 1938 5610 non

357 5665 478 5703 esse
501 5661 770 5702 mortuum
801 5665 955 5703 suum
984 5665 996 5700 :
1024 5663 1146 5702 nam
1179 5647 1284 5718 hic,
1319 5657 1377 5701 ut
1401 5647 1672 5712 existimo,
1699 5655 1942 5702 mortuus

356 5752 423 5793 ex
465 5737 756 5794 inﬁdelium
785 5755 1009 5793 numero
1036 5719 1254 5794 et'atc'ISi
1294 5755 1454 5810 porro
1492 5739 1743 5810 juvenem
1783 5739 1944 5796 mira-

440 5905 453 5936 ³
480 5903 604 5955 \‘idc
630 5914 794 5957 notam
824 5907 1066 5962 Frideriti
1104 5912 1260 5964 l'icd.

1113 456 1167 506 s.
1208 445 1486 504 JOANLVIS
1523 433 2001 496 etii-.vsos'i‘oin
2038 433 2358 488 AltClltEl'.
2398 435 2929 492 coxsranrmor.

3498 437 3605 494 548

2016 551 2111 619 ris,
2139 552 2280 622 quod
2309 567 2406 622 pro
2429 567 2490 609 re
2518 562 2625 608 tam
2655 552 2954 608 necessaria
2981 548 3161 608 Jesum
3188 554 3476 622 rogaverit,
3504 569 3603 609 ne-

2015 661 2118 716 que
2158 654 2348 716 sponte
2389 645 2615 701 abierit:
2646 645 2819 700 multo
2850 643 3018 715 magis
3052 645 3262 711 mirare,
3295 645 3438 715 quod
3481 662 3604 714 pro-

2018 739 2215 794 hibitus
2258 739 2532 795 manserit.
2571 740 2764 793 Annon
2788 780 2803 804 ,
2835 738 3077 808 inquies,
3121 738 3464 807 ingratissimi
3505 739 3601 793 lilii

2015 841 2150 898 erat,
2185 832 2350 902 patris
2373 831 2641 901 exsequiis
2669 846 2774 885 non
2819 830 3118 886 interesse?
3148 829 3205 885 Si
3249 829 3300 885 id
3332 845 3397 884 ex
3429 829 3602 900 negli-

2013 924 2192 992 gentia
2235 923 2469 988 fecisset,
2502 921 2692 993 ingrati
2718 922 2882 978 animi
2911 922 3146 977 futurum
3173 932 3320 983 erat;
3347 921 3394 978 si
3422 931 3602 976 autem

2015 1035 2102 1074 res
2145 1021 2314 1090 magis
2357 1018 2656 1075 necessaria
2689 1018 2937 1081 instabat,
2982 1017 3335 1087 improbitatis
3373 1032 3606 1072 summa:

2015 1110 2174 1165 fuerit
2203 1110 2420 1167 abiisse.
2449 1110 2582 1165 Nam
2609 1110 2767 1167 Jesus
2803 1109 2856 1166 id
2884 1109 3158 1179 prohibuit
3180 1108 3306 1178 ipsi,
3324 1124 3431 1164 non
3457 1106 3604 1178 quod

2010 1203 2222 1272 jubet-et
2245 1204 2502 1258 honorem
2529 1203 2835 1272 parentibus
2863 1201 3098 1257 debitum
3127 1207 3489 1264 contemnere,
3507 1199 3606 1254 sed

2017 1308 2072 1351 ut
2117 1296 2444 1361 ostenderet,
2477 1295 2606 1350 nihil
2659 1295 2812 1351 nobis
2849 1308 3002 1362 usque
3040 1291 3402 1347 necessarium
3447 1306 3602 1356 esse,

2015 1403 2176 1463 atque
2195 1407 2283 1446 res
2307 1393 2570 1456 cmlestes,
2604 1391 2776 1460 iisque
2802 1402 3008 1444 summa
3033 1402 3155 1441 cum
3175 1384 3444 1454 diligentia
3482 1398 3605 1438 esse

2019 1483 2450 1547 incumbendum,
2473 1497 2574 1538 nec
2601 1482 2683 1536 vel
2709 1480 2973 1536 tantillum
3001 1477 3372 1540 ditl‘erendum,
3393 1477 3603 1530 etiamsi

2015 1577 2301 1633 admodmn
2340 1577 2580 1647 urgentia
2610 1575 2894 1631 videantur
2933 1589 3052 1629 esse
3088 1588 3152 1628 ea
3191 1587 3311 1643 qua;
3347 1571 3452 1626 alio
3489 1582 3603 1626 tra-

2017 1672 2168 1727 hunt.
2203 1671 2340 1739 Quid
2368 1670 2510 1725 enim
2550 1669 2720 1739 magis
2763 1667 3123 1723 necessarium
3144 1705 3160 1730 ,
3187 1678 3346 1735 quam
3372 1663 3605 1733 sepelire

2016 1764 2260 1835 patrem?
2282 1763 2408 1834 quid
2445 1761 2686 1818 facilius?
2723 1759 2906 1830 Neque
2930 1757 3072 1814 enim
3096 1757 3320 1812 multum
3349 1754 3607 1826 temporis

2017 1853 2390 1912 insumendum
2415 1861 2550 1910 erat.
2581 1852 2638 1907 Si
2668 1865 2829 1922 porro
2858 1865 2963 1904 non
3000 1857 3206 1904 tantum
3236 1845 3492 1915 temporis
3516 1844 3604 1898 in-

2016 1964 2231 2006 sumere
2259 1948 2382 2004 licet
2407 1955 2663 2018 quantum
2689 1945 2758 2000 ad
2787 1941 3153 2013 sepeliendum
3181 1950 3385 2010 patrem
3408 1946 3492 1994 est
3510 1952 3606 1992 ne—

2015 2041 2329 2107 cessarium,
2359 2048 2414 2096 et
2433 2040 2479 2094 si
2507 2053 2577 2094 ne
2599 2037 2804 2092 tantillo
2827 2034 3044 2106 quidem
3085 2045 3325 2102 tempore
3349 2029 3605 2100 spiritua-

2017 2133 2089 2189 lia
2119 2132 2424 2203 relinquere
2461 2139 2630 2185 tutum
2670 2135 2756 2185 est
2783 2145 2798 2183 :
2829 2127 3004 2198 cogita
3026 2123 3221 2197 quibus
3262 2123 3430 2177 simus
3458 2118 3604 2190 digni

2017 2226 2211 2296 poenis,
2241 2224 2331 2297 qui
2357 2240 2420 2280 ea
2456 2238 2578 2294 quae
2604 2221 2671 2277 ad
2697 2219 2972 2276 Christum
3018 2223 3263 2288 spectant
3291 2222 3401 2270 toto
3438 2212 3608 2268 ferme

2020 2329 2260 2388 tempore
2307 2314 2626 2378 deserimus,
2653 2321 2708 2368 et
2749 2308 3069 2367 necessariis
3097 2306 3354 2362 vilissima
3393 2313 3607 2374 antepo-

2019 2413 2212 2474 nimus,
2234 2409 2487 2478 nullaque
2512 2421 2572 2462 re
2595 2413 2816 2474 urgente
2843 2400 3054 2458 desides
3069 2413 3272 2455 sumus.
3296 2396 3425 2452 Inde
3445 2410 3608 2466 porro

2013 2502 2276 2557 doctrinas
2295 2499 2528 2569 hujusce
2556 2494 2947 2568 philosophiam
2978 2492 3161 2548 mirari
3188 2497 3432 2560 oportet,
3461 2486 3604 2560 quod

2012 2595 2262 2665 juvenem
2289 2591 2453 2648 verbo
2481 2590 2572 2646 Dei
2599 2588 2847 2651 afﬁxerit,
2880 2585 2946 2641 ad
2977 2583 3092 2640 hmc
3115 2582 3276 2638 etiam
3299 2579 3478 2635 multis
3501 2577 3608 2632 eri-

2019 2689 2196 2757 puerit
2231 2687 2406 2750 malis,
2433 2684 2668 2746 ﬂetibus,
2699 2680 2862 2737 luctui
2889 2719 2907 2746 ,
2933 2678 3156 2747 aliisque
3185 2673 3308 2731 inde
3335 2670 3605 2743 sequenti-

2019 2781 2138 2834 bus.
2155 2779 2287 2834 Nam
2312 2787 2432 2850 post
2454 2776 2783 2846 sepulturam
2811 2786 2946 2843 opus
2971 2779 3090 2826 erat
3118 2774 3490 2824 testamentum
3513 2778 3608 2820 ex-

2017 2882 2202 2928 cutere
2227 2914 2240 2938 ,
2283 2879 2458 2927 sortes
2501 2868 2814 2926 hereditatis
2848 2863 3204 2929 distribuere,
3251 2869 3304 2916 et
3340 2858 3443 2914 alia
3485 2871 3609 2928 qua:

2019 2965 2135 3020 haec
2158 2965 2518 3036 sequebantur
2545 2961 2723 3017 onuiia
2753 2961 2928 3015 facere
2950 2975 2964 3013 :
2995 2956 3180 3025 sicque
3202 2951 3449 3008 ﬂuctibus
3472 2950 3609 3006 alios

2019 3059 2214 3113 ﬂuctus
2236 3055 2641 3128 excipientibus,
2678 3053 2916 3126 procula
2944 3047 3184 3105 veritatis
3213 3056 3368 3118 portu
3395 3045 3483 3100 ille
3506 3043 3606 3098 ab-

2019 3153 2210 3206 ductus
2251 3149 2457 3205 fuisset.
2489 3147 2614 3204 Ideo
2663 3147 2836 3217 ipsum
2887 3141 3140 3206 attrahit,
3188 3149 3242 3195 et
3278 3137 3380 3192 sibi
3413 3135 3606 3206 jungit.

2019 3243 2174 3312 Quod
2217 3243 2262 3297 si
2299 3240 2474 3296 adhuc
2501 3238 2712 3294 miraris
2738 3247 2792 3292 et
2811 3249 2954 3306 a‘gre
2978 3233 3107 3300 fers,
3143 3229 3285 3302 quod
3310 3225 3613 3300 prohibitus

2021 3336 2180 3392 fuerit
2207 3345 2429 3406 paterno
2454 3332 2645 3388 adesse
2660 3329 2831 3385 funeri
2852 3345 2866 3392 ;
2888 3327 3016 3382 illud
3043 3325 3244 3395 cogites
3271 3321 3448 3385 velim,
3466 3319 3606 3374 mut-

2023 3437 2106 3481 tos
2135 3441 2255 3481 esse
2291 3425 2381 3496 qui
2425 3439 2546 3479 cum
2590 3422 2761 3478 sciant
2797 3419 3075 3490 quospiam
3115 3413 3393 3471 molestius
3421 3411 3610 3466 funera

2022 3521 2226 3575 laturos
2256 3533 2397 3584 esse,
2429 3531 2524 3572 seu
2553 3515 2739 3585 patris,
2771 3528 2866 3568 seu
2907 3509 3116 3576 matris,
3143 3523 3239 3563 seu
3265 3505 3380 3570 lilii,
3408 3519 3502 3559 seu
3531 3502 3613 3556 al-

2023 3611 2187 3666 terius
2212 3611 2615 3680 cujuscumque,
2635 3621 2740 3660 non
2769 3604 3078 3674 permittere
3107 3614 3172 3655 ea
3197 3598 3327 3667 ipsis
3357 3593 3609 3657 nuntiari,

2023 3718 2196 3773 neque
2227 3703 2370 3772 ipsos
2413 3700 2478 3756 ad
2519 3699 2822 3768 sepulcrum
2854 3695 3039 3750 venire
3067 3710 3081 3746 :
3112 3707 3286 3762 neque
3315 3689 3433 3744 ideo
3469 3688 3612 3758 ipsus

2025 3794 2358 3850 crudelitatis
2387 3790 2859 3846 inhumanitatisve
2880 3799 3195 3842 accusamus
3220 3801 3232 3837 :
3262 3791 3317 3838 et
3338 3781 3457 3852 jure
3490 3777 3611 3848 qui-

2024 3888 2168 3943 dem.
2201 3887 2333 3940 Nam
2373 3894 2557 3940 contra
2599 3883 2778 3938 facere
2834 3879 3182 3935 inhumanum
3226 3883 3390 3940 esset,
3419 3885 3614 3941 nempe

2025 3980 2105 4035 sic
2132 3980 2352 4034 allectos
2377 3977 2443 4032 ad
2476 3978 2676 4031 luctum
2701 3976 2719 4006 ¹
2751 3974 3004 4030 educere.

2097 4075 2150 4129 4.
2190 4075 2319 4140 Quae
2359 4073 2428 4126 ad
2469 4072 2685 4124 salutem
2729 4074 2956 4137 spectant
3002 4073 3122 4120 sunt
3167 4061 3360 4117 caneris
3401 4068 3608 4126 antepo~

2026 4168 2214 4222 nenda.
2250 4166 2338 4220 Vir
2366 4167 2418 4220 in
2446 4165 2668 4235 nequitia
2706 4163 2896 4228 uiuens,
2927 4170 3000 4214 est
3043 4166 3242 4211 mortuo
3286 4153 3520 4208 deterior.
3545 4178 3580 4189 —
3599 4176 3617 4186 -

2029 4260 2180 4328 Quod
2209 4259 2254 4313 si
2291 4258 2617 4328 propinquos
2643 4256 2716 4309 ita
2753 4254 2932 4324 lugere
2975 4259 3028 4306 et
3053 4251 3288 4304 animum
3313 4245 3466 4300 atteri
3498 4257 3611 4296 ma-

2031 4355 2140 4408 lum
2164 4361 2267 4416 est,
2291 4353 2446 4420 longe
2477 4349 2628 4418 pejus
2654 4357 2736 4402 est
2759 4361 2790 4400 a
2817 4341 3181 4415 spiritualibus
3209 4337 3400 4395 abduci
3423 4335 3615 4390 verbis.

2032 4443 2260 4514 Ideoque
2279 4442 2403 4496 alibi
2427 4441 2550 4496 dicit
2577 4457 2592 4494 :
2623 4439 2786 4495 Nemo
2807 4437 3006 4492 mittens
3027 4449 3231 4488 manum
3247 4447 3389 4485 snam
3417 4427 3484 4481 ad
3501 4444 3621 4480 ara-

2031 4551 2186 4603 trum,
2217 4548 2264 4592 et
2306 4551 2570 4590 conuersus
2595 4534 2662 4587 ad
2689 4533 3002 4603 posteriora,
3031 4537 3180 4597 aptus
3222 4536 3294 4580 est
3322 4523 3390 4578 ad
3413 4537 3622 4593 regnum

2035 4631 2275 4688 caelorum
2297 4627 2450 4700 (Luc.
2473 4628 2529 4683 9.
2557 4624 2670 4697 62).
2701 4624 2838 4679 Nam
2875 4624 3033 4692 longe
3061 4618 3252 4676 melius
3287 4627 3372 4674 est
3400 4629 3621 4684 regnum

2037 4722 2360 4794 praidicare,
2403 4718 2644 4788 aliosque
2685 4731 2718 4770 a
2748 4723 2921 4770 morte
2963 4710 3266 4774 retrahere,
3295 4722 3454 4779 quam
3493 4704 3622 4759 nihil

2032 4815 2306 4884 juvautem
2341 4819 2610 4866 mortuum
2639 4807 2903 4878 sepelire;
2935 4819 3056 4860 cum
3086 4801 3320 4857 maxime
3338 4804 3628 4868 supersunt

2037 4907 2127 4960 alii
2179 4904 2267 4975 qui
2308 4902 2515 4974 possint
2563 4900 2666 4957 hoc
2708 4898 2944 4956 ofﬁcium
2992 4895 3236 4965 implere.
3279 4891 3420 4948 Nihil
3469 4889 3631 4960 igitur

2037 4997 2181 5054 aliud
2213 4996 2337 5052 inde
2365 4994 2639 5058 discimus,
2661 5006 2820 5062 quam
2849 4988 2992 5060 quod
3019 5003 3086 5043 ne
3111 4985 3386 5041 minimum
3414 4980 3628 5051 quidem

2041 5090 2299 5160 temporis
2341 5096 2517 5144 terere
2564 5094 2848 5152 oporteat:
2875 5080 3082 5137 etiamsi
3114 5087 3362 5135 sexcenta
3393 5076 3498 5129 alia
3542 5089 3630 5127 ur-

2042 5193 2220 5257 geant,
2243 5181 2535 5252 spiritualia
2557 5188 2683 5234 sunt
2709 5191 2926 5247 semper
2943 5173 3154 5230 caneris
3178 5171 3260 5227 vel
3282 5169 3512 5224 maxime
3538 5183 3631 5220 ne-

2043 5275 2294 5332 cessariis
2332 5270 2707 5341 anteponenda
2728 5310 2744 5334 ,
2789 5266 3173 5336 sciendumquc
3199 5271 3318 5326 est,
3347 5260 3472 5332 quid
3504 5260 3631 5320 vita,

2043 5368 2172 5440 quid
2203 5380 2349 5421 mors
2373 5365 2464 5420 sit.
2490 5363 2635 5418 Multi
2658 5362 2800 5418 enim
2830 5360 2989 5415 ctiam
3011 5374 3075 5413 cx
3103 5357 3190 5422 iis,
3219 5354 3307 5426 qui
3343 5353 3522 5406 vivere
3553 5349 3632 5404 \i-

2047 5460 2259 5524 dentur,
2291 5473 2321 5511 a
2364 5455 2590 5512 mortuis
2635 5454 2769 5508 nihil
2797 5451 3072 5516 ditl‘erunt,
3099 5449 3144 5503 si
3185 5447 3235 5500 in
3279 5445 3512 5514 nequitia
3554 5443 3634 5493 vi-

2048 5563 2204 5615 vant;
2237 5551 2347 5604 into
2387 5546 2684 5604 deteriores
2725 5545 2887 5599 etiam
2931 5542 3156 5596 mortuis
3197 5546 3341 5592 sunt.
3376 5533 3512 5589 Nam
3553 5533 3638 5602 qui

2051 5654 2277 5699 mortuus
2306 5652 2401 5707 est,
2436 5641 2624 5710 inquit,
2647 5639 2958 5709 justi/iratus
2985 5645 3056 5688 est
3083 5651 3113 5685 α
3147 5641 3348 5703 peccato
3379 5628 3396 5696 (
3407 5627 3553 5682 Rom.
3584 5627 3636 5677 ti.

2051 5738 2106 5808 7)
2132 5754 2148 5798 ;
2179 5736 2266 5790 hic
2289 5743 2465 5790 autent
2490 5732 2738 5803 nequitia:
2770 5729 2952 5786 servit.
2986 5727 3062 5782 Ne
3092 5724 3218 5779 mihi
3241 5721 3462 5787 dixeris,
3490 5715 3640 5769 illum

2117 5894 2133 5925 ¹
2169 5891 2385 5954 Quidam,
2409 5889 2474 5941 ad
2493 5889 2655 5954 genus.
