4036 6424
455 508 552 561 καὶ
579 504 678 569 τὰς
706 504 923 566 ἁλύσεις
939 499 1284 572 διαρρήσσων
1303 499 1446 552 κατά
1468 497 1570 566 τὴν
1608 495 1706 568 έρη
1715 512 1814 565 μον
1840 493 2128 546 ἐπλανᾶτο·

453 597 484 648 6
511 595 567 648 δὲ
593 595 811 664 Μάρκος
829 591 911 644 ὅτι
931 589 1023 642 καὶ
1054 589 1168 650 τοῖς
1199 585 1368 648 λίθοις
1397 585 1591 638 ἑαυτὸν
1621 581 1820 636 ἐκοπτέ
1849 597 1982 650 φησι
2003 595 2020 614 ο
2039 577 2134 630 καὶ

451 681 522 735 τά
553 683 772 751 ῥήματα
809 677 866 729 δὲ
912 674 1092 729 αύτῶν
1128 672 1291 727 ἱκανά
1329 672 1391 725 16
1437 671 1644 743 ἀπηνὲς
1676 672 1719 702 ⁹¹
1753 669 1850 722 καὶ
1889 668 1952 721 16
1981 665 2134 721 ἀναί-

453 784 678 837 σχυντον
704 763 1065 828 ἐνδείξασθαι..
1093 757 1320 826 *Ηλθες
1354 759 1466 830 γάρ
1489 752 1606 812 ὦδε
1645 756 1758 824 πρὸ
1783 755 1992 825 καιροῦ
2019 754 2134 818 ,ϐα-

447 855 698 907 σανίσαι
727 848 924 921 ἡμᾶς
961 849 1144 919 φησίν.
1173 850 1296 900 Ὅτι
1324 847 1420 917 μέν
1456 845 1566 916 γὰρ
1602 845 1700 916 οὐχ
1725 845 1994 916 ἥμαρτον,
2032 841 2132 894 οὐκ

449 937 596 1012 εἶχον
622 942 794 992 εἰπεῖν
819 956 832 968 ·
861 937 1075 1002 ἀξιοῦσι
1097 935 1154 989 δέ
1182 935 1256 1006 μὴ
1285 935 1390 1005 πρὸ
1409 932 1604 1004 καιροῦ
1623 931 1806 985 δοῦναι
1831 929 1931 1000 τὴν
1953 929 2128 998 δίκην.

463 1029 682 1100 Ἐπειδὴ
713 1027 823 1098 γάρ
861 1025 1160 1079 κατέλαϐεν
1211 1023 1411 1084 αὐτοὺς
1440 1021 1507 1073 1‘1
1552 1021 1826 1088 ἀνήκεστα
1882 1019 1930 1051 θ’
1982 1014 2132 1070 δεινά

449 1119 544 1172 καὶ
581 1117 873 1189 παράνομα
904 1116 1084 1166 ἐκεῖνα
1117 1110 1517 1182 ἐργαζομένους
1539 1148 1554 1170 ,
1587 1111 1680 1160 καὶ
1725 1106 1782 1158 τὸ
1811 1105 2034 1174 πλάσμα
2071 1102 2130 1155 16

449 1206 644 1260 ἐαυτοῦ
672 1205 831 1260 παντὶ
857 1202 1282 1272 διαστρέφοντας
1314 1198 1501 1268 τρόπῳ
1539 1198 1633 1250 καὶ
1660 1193 2127 1266 τιμωρουμένους,

449 1297 544 1350 καί⁵
570 1293 819 1365 ἐνόμιζον
851 1291 1013 1344 αὐτὸν
1040 1290 1106 1342 δι’
1136 1287 1444 1358 ὑπερϐολὴν
1477 1286 1586 1337 τῶν
1612 1281 1919 1353 γενομένων
1951 1280 1997 1312 ’³
2029 1280 2130 1332 οὐκ

447 1383 739 1453 ἀναμένειν
772 1380 862 1434 τὸν
891 1378 1081 1448 καιρὸν
1107 1376 1206 1445 τῆς
1230 1375 1523 1436 κολάσεως,
1561 1371 1649 1426 διά
1683 1371 1842 1425 τοῦτο
1883 1367 2127 1439 παρεκά-

445 1473 571 1538 λουν
594 1471 687 1523 καὶ
717 1469 925 1522 ἐδέοντο
949 1484 962 1498 ·
1004 1465 1100 1518 καὶ
1132 1466 1181 1517 οἱ
1215 1463 1350 1534 μηδὲ
1379 1460 1594 1531 δεσμῶν
1634 1458 1946 1528 ἀνεχόμενοι
1979 1456 2128 1524 σιδη-

448 1559 577 1630 ρῶν,
609 1559 858 1628 ἔρχονται
881 1554 1185 1623 δεδεμένοι·
1219 1553 1312 1604 καὶ
1337 1551 1386 1602 οί
1426 1549 1494 1602 τά
1532 1548 1633 1618 ὅρη
1679 1544 2124 1616 κατατρέχοντες,

445 1649 525 1710 είς
563 1647 630 1700 τά
667 1643 829 1697 πεδία
851 1641 1081 1713 ἐξῄεσαν
1105 1655 1119 1669 ’
1165 1640 1262 1692 καὶ
1289 1638 1335 1670 ⁵⁸
1369 1639 1419 1690 οἱ
1446 1638 1573 1698 τοὺς
1605 1633 1794 1692 ἀλλους
1829 1631 2127 1694 κωλύοντες

441 1733 758 1796 διαϐαίνειν,
805 1731 898 1784 τὸν
944 1727 1358 1798 ἀποτειχίζοντα
1389 1724 1488 1795 τὴν
1543 1723 1661 1776 ὁδὸν
1689 1723 1870 1784 αὐτοῖς
1903 1719 2121 1782 ἰδόντες,

443 1821 701 1891 ἔστησαν.
739 1819 805 1872 Τί
832 1818 1033 1888 δήποτε
1059 1816 1116 1868 δὲ
1143 1816 1238 1867 καὶ
1267 1817 1378 1876 τοῖς
1408 1813 1600 1880 τάφοις
1621 1806 2121 1891 ἐμφιλοχωροῦσινς

456 1890 734 1980 Ὀλέθριον
763 1906 942 1977 δόγμα
967 1907 1078 1967 τοῖς
1113 1902 1330 1965 πολλοῖς
1371 1900 1602 1954 ἐνθεῖναι
1654 1897 1984 1968 βουλόμενοι,
2013 1890 2126 1948 οἷον

442 1997 528 2051 δτι
563 1997 620 2050 al
644 1996 813 2066 ψυχαὶ
837 1993 946 2047 τῶν
973 1991 1313 2047 ἀπελθόντων
1329 1987 1582 2059 δαίμονες
1603 1987 1873 2056 γίνονται·
1903 1983 1931 2037 6
1963 1983 2125 2054 μηδέ-

444 2100 576 2138 ποτε
600 2083 813 2154 γένοιτο
841 2080 974 2154 μηδὲ
1003 2079 1196 2152 μέχρις
1224 2077 1432 2140 ἐννοίας
1461 2075 1668 2130 λαϐεῖν.
1696 2073 1762 2126 Τί
1788 2068 1906 2137 οὖν,
1937 2073 2121 2142 φησὶν,

443 2169 510 2223 ἀν
542 2169 736 2232 είποις,
761 2168 891 2221 ὅταν
921 2165 1108 2218 πολλοὶ⁹
1135 2163 1242 2217 τῶν
1281 2163 1492 2233 γοήτων
1540 2160 1737 2222 παῖδας
1782 2160 1828 2192 ⁸⁸
1869 2157 2126 2221 λαϐόντες

443 2250 883 2320 ἀποσφάττωσιν,
921 2248 1061 2303 ὥστε
1085 2247 1268 2308 αὐτοῖς
1290 2243 1430 2315 μετά
1461 2243 1636 2297 ταῦτα
1667 2241 2125 2314 συμπράττουσαν

443 2338 541 2411 τὴν
563 2339 742 2409 ψυχὴν
775 2337 951 2408 ἐχειν;
984 2336 1094 2389 Καὶ
1116 2334 1280 2388 πόθεν
1301 2332 1458 2386 τοῦτο
1493 2331 1686 2402 δῆλον;
1729 2331 1855 2384 Ὅτι
1890 2329 1988 2400 μὲν
2014 2328 2124 2400 γὰρ

443 2426 870 2494 ἀποσφάττουσι,
928 2423 1114 2478 πολλοὶ
1169 2421 1421 2492 λέγουσιν
1446 2437 1460 2453 ·
1491 2420 1574 2474 ὅτι
1621 2419 1679 2473 δὲ
1707 2421 1762 2473 αἰ
1811 2417 1982 2488 ψυχαὶ
2013 2415 2123 2471 τῶν

443 2514 762 2585 σφαγέντων
789 2514 906 2585 μετ’
932 2511 1113 2566 αὐτῶν
1133 2512 1262 2575 εἰσι,
1287 2509 1454 2564 πόθεν
1492 2508 1701 2578 ἐγνως;
1732 2506 1852 2561 εἰπέ
1881 2524 1992 2578 μοι.
2013 2506 2124 2559 Λύ-

447 2604 546 2669 101,
576 2604 760 2674 φησὶν,
789 2603 840 2657 οἱ
876 2601 1240 2674 δαιμονῶντες
1263 2599 1483 2672 βοῶσιν,
1531 2599 1614 2652 ὅτι
1651 2597 1815 2668 Ψυχὴ
1839 2595 1931 2649 τοῦ
1953 2596 2122 2662 δεῖνος

443 2691 574 2762 ἐγώ.
613 2693 776 2748 Ἀλλά
806 2693 902 2747 καὶ
932 2690 1090 2746 τοῦτο
1137 2691 1307 2762 σκηνή
1342 2707 1425 2754 τις
1461 2689 1557 2743 καὶ
1585 2687 1770 2759 ἀπάτη
1817 2685 2123 2756 διαϐολική.

443 2782 520 2835 Ού
554 2781 663 2854 γάρ
693 2781 892 2853 ἡψυχὴ
923 2779 1016 2834 τοῦ
1049 2778 1498 2848 τετελευτηκότος
1531 2777 1737 2846 ἐστὶνή
1773 2774 1973 2844 βοῶσα,
2007 2772 2123 2826 ἀλλ’

443 2871 471 2924 6
498 2869 707 2940 δαίμων
739 2871 768 2923 6
795 2867 1219 2942 ὑποκρινόμενος
1248 2865 1442 2928 ταῦτα,
1466 2863 1610 2917 ὥστε
1660 2861 1940 2932 ἀπατῆσαι
1995 2861 2123 2924 τοὺς

443 2956 759 3022 ἀκούοντας.
795 2956 857 3009 Εἰ
878 2955 986 3027 γάρ
1019 2957 1098 3018 είς
1119 2953 1370 3024 δαίμονος
1403 2951 1591 3004 οὐσίαν
1620 2949 1843 3003 δυνατὸν
1869 2948 1917 2981 ’⁸
1945 2946 2122 3018 ψυχὴν

445 3043 726 3109 εἰσελθεῖν,
758 3042 938 3114 πολλῷ
977 3041 1175 3112 μᾶλλον
1198 3041 1276 3104 είς
1300 3040 1360 3093 τὸ
1395 3039 1552 3110 σῶμα
1581 3039 1641 3092 16
1669 3037 1888 3106 ἐαυτῆς.
1913 3035 2123 3098 Ἀλλως

444 3132 498 3187 δέ
525 3133 626 3186 οὐκ
657 3132 723 3186 ἂν
752 3132 796 3163 ’⁷
825 3131 942 3202 ἔχοι
971 3130 1128 3198 λόγον
1145 3130 1244 3200 τὴν
1275 3127 1610 3198 ἡδικημένην
1629 3125 1808 3198 ψυχὴν
1839 3124 2124 3195 συμπράτ-

445 3238 556 3275 τειν
582 3219 660 3292 τῷ
695 3218 1010 3291 ἠδικηκότι·
1045 3217 1078 3288 ἦ
1114 3215 1400 3287 ἄνθρωπον
1428 3215 1686 3270 δύνασθαι
1720 3213 1952 3284 δύναμιν
1981 3213 2125 3266 ἀσώ-

448 3326 618 3381 ματον
647 3310 728 3372 εἰς
756 3307 953 3378 ἑτέραν
1011 3303 1336 3376 μεταϐαλεῖν
1385 3304 1596 3357 οὐσίαν.
1648 3304 1711 3358 Εἰ
1743 3301 1852 3374 γὰρ
1890 3302 1982 3354 ἐπὶ
2015 3300 2124 3355 τῶν

446 3395 715 3469 σωμάτων
729 3394 889 3449 τοῦτο
903 3394 1204 3465 ἀμήχανον,
1225 3393 1318 3445 καὶ
1331 3391 1431 3444 οὑκ
1453 3391 1518 3445 ἄν
1539 3408 1624 3454 τις
1644 3389 1934 3460 ἀνθρώπου
1963 3389 2123 3460 σῶμα

443 3487 566 3540 δνου
593 3485 640 3518 ⁸⁸
692 3485 1014 3556 ἐργάσαιτο·
1056 3480 1238 3551 πολλῷ
1273 3479 1474 3550 μᾶλλον
1507 3480 1602 3532 ἐπὶ
1627 3479 1725 3550 τῆς
1755 3479 1991 3549 ἀοράτου
2021 3477 2124 3547 ψυ-

445 3574 544 3643 χῆς
568 3572 726 3626 τοῦτο
764 3570 1042 3634 ἀδύνατον,
1070 3569 1168 3622 καὶ
1195 3569 1296 3622 οὐκ
1330 3568 1396 3622 ἀν
1420 3583 1506 3632 τις
1537 3566 1806 3638 ἰσχύσειεν
1834 3567 1914 3629 είς
1932 3566 2125 3636 δαίμοο

446 3675 536 3722 νος
568 3657 755 3710 ούσίαν
779 3657 946 3727 αὐτὴν
977 3657 1345 3726 μετενεγκεῖν.

515 3753 586 3816 γ’.
621 3747 784 3800 ’Ὥστε
809 3745 1070 3817 γραῖδίων
1101 3744 1406 3814 μεθυόντων
1436 3743 1597 3796 ταυτὶ
1633 3743 1702 3796 τά
1737 3745 1987 3813 ῥήματα,
2026 3741 2124 3796 καὶ¹

446 3835 654 3890 παίδων
686 3832 1080 3906 μορμολύκεια.
1115 3832 1250 3886 Οὐδὲ
1279 3830 1388 3904 γὰρ
1410 3831 1488 3885 ένι
1509 3831 1687 3902 ψυχὴν
1714 3832 2124 3902 ἀπορραγεῖσαν

445 3922 541 3976 τοῦ
577 3920 824 3994 σώματος
851 3920 1085 3974 ἐνταῦθα
1139 3920 1442 3973 πλανᾶσθαι
1494 3919 1695 3973 λοιπόν.
1740 3920 1990 3972 Δικαίων
2017 3919 2125 3990 γάρ

446 4006 640 4077 ψυχαί
659 4007 729 4060 ἐν
755 4005 910 4076 χειρί
939 4003 1086 4058 Θεοῦ
1106 4019 1118 4032 ·
1153 4003 1280 4057 εἰδὲ
1307 4005 1360 4056 αί
1388 4003 1494 4057 τῶν
1525 4002 1766 4064 δικαίων,
1803 4003 1898 4056 καὶ
1921 4002 1977 4054 αί
2014 4002 2124 4054 τῶν

446 4095 688 4150 παίδων·
719 4094 838 4148 ούδέ
863 4091 971 4163 γὰρ
991 4093 1194 4145 ἐκεῖναι
1226 4090 1478 4163 πονηραί.
1502 4091 1610 4145 Καὶ
1644 4091 1701 4144 αἰ
1733 4090 1840 4144 τῶν
1875 4091 2126 4161 ἀμαρτω-

445 4180 554 4234 λῶν
583 4181 640 4234 δὲ
667 4180 867 4244 εὐθέως
897 4178 1146 4232 ἐντεῦθεν
1193 4179 1520 4248 ἀπάγονται.
1557 4177 1669 4231 Καὶ
1704 4177 1864 4248 δῆλον
1892 4177 2000 4230 ἀπὸ
2028 4176 2122 4230 τοῦ

446 4267 700 4340 Λαζάρου
729 4267 936 4322 καὶτοῦ
969 4267 1222 4321 πλουσίου
1239 4283 1257 4299 ·
1287 4268 1381 4321 καὶ
1405 4266 1638 4337 ἀλλαχοῦ
1659 4266 1716 4319 δέ
1741 4283 1906 4335 φησιν
1934 4267 1962 4320 6
1990 4267 2125 4337 Χρι-

449 4355 574 4419 στός
595 4371 610 4384 ⁸
645 4355 916 4424 Σήμερον
937 4355 1052 4424 τὴν
1073 4355 1284 4425 ψυχήν
1308 4370 1425 4408 σου
1451 4353 1816 4409 ἀπαιτοῦσιν
1839 4353 1956 4407 ἀπὸ
1982 4353 2120 4410 σοῦ.

448 4443 561 4499 Καὶ
583 4443 682 4514 οὐχ
713 4439 825 4497 οἷόν
857 4461 918 4496 τε
944 4444 1123 4516 ψυχὴν
1141 4443 1464 4510 ἐξελθοῦσαν
1486 4441 1581 4495 τοῦ
1616 4442 1867 4512 σώματος
1892 4441 2123 4496 ἐνταῦθα

449 4531 756 4586 πλανᾶσθαι
774 4547 789 4560 ⁸
819 4533 911 4586 καὶ
943 4532 1086 4604 μάλα
1117 4532 1360 4595 εἰκότως.
1387 4529 1538 4603 [557]
1566 4531 1628 4583 Εἰ
1653 4529 1762 4601 γάρ
1788 4531 1845 4583 ἐν
1871 4533 1940 4602 γῇ
1977 4530 2123 4601 βαδί-

448 4624 632 4687 ζοντες
656 4623 722 4692 τῇ
748 4620 968 4692 συνήθει
999 4621 1093 4674 καὶ
1114 4619 1398 4692 γνωρίμῳ,
1421 4620 1514 4673 καὶ
1547 4619 1706 4690 σῶμα
1731 4619 2128 4692 περικείμενοι,

446 4711 575 4764 ὅταν
607 4708 764 4781 ξένην
795 4707 1066 4779 ὁδεύωμεν
1087 4708 1224 4769 666v.
1262 4708 1420 4762 ποίαν
1458 4707 1630 4761 ἐλθεῖν
1673 4707 1774 4762 οὐκ
1829 4707 2006 4778 ἴσμεν,
2060 4707 2127 4760 ἂν

451 4798 528 4869 μὴ
555 4799 649 4852 τὸν
697 4795 1144 4868 χειραγωγοῦντα
1187 4795 1431 4868 ἔχωμεν·
1489 4795 1607 4859 πῶς
1655 4798 1689 4866 ἡ
1745 4794 1840 4849 τοῦ
1874 4795 2130 4866 σώματος

448 4885 827 4956 ἀπορραγεῖσα
853 4883 1020 4955 ψυχὴ,
1038 4884 1254 4953 καὶτῆς
1275 4881 1562 4953 συνηθείας
1601 4883 1895 4948 ἐξελθοῦσα
1924 4883 2126 4954 πάσης,

450 4971 657 5024 εἴσεται
686 4971 788 5025 ποῦ
820 4971 901 5024 δεῖ
943 4969 1182 5041 βαδίζειν
1210 4972 1256 5004 ⁸⁸
1287 4970 1416 5026 ἄνευ
1452 4969 1548 5024 τοῦ
1577 4969 2007 5039 καθοδηγοῦντος
2030 4971 2130 5024 αύ-

449 5059 584 5128 τήνς
606 5059 716 5112 Καὶ
737 5059 1065 5129 πολλαχόθεν
1082 5057 1140 5112 δὲ
1159 5057 1426 5128 ἑτέρωθεν
1457 5057 1524 5112 ἀν
1544 5075 1629 5120 τις
1659 5057 1888 5121 κατίδοι,
1921 5059 2002 5111 ὅτι
2029 5059 2130 5112 ούκ

451 5145 531 5198 ενι
550 5145 730 5216 ψυχὴν
767 5145 1090 5210 ἐξελθοῦσαν
1115 5144 1352 5200 ἐνταῦθα
1375 5147 1570 5215 μεῖναι.
1603 5145 1714 5198 Καὶ
1736 5145 1846 5215 γὰρ
1869 5147 1898 5199 6
1923 5145 2130 5215 Στέφα-

453 5232 543 5296 νός
576 5248 738 5304 φησι·
777 5231 950 5297 Δέξαι
988 5233 1056 5286 τὸ
1105 5231 1342 5301 πνεῦμὰ
1375 5247 1530 5303 μου·
1570 5232 1666 5285 καὶ
1707 5234 1738 5285 6
1773 5231 2016 5299 Παῦλος,
2057 5235 2128 5287 T6

451 5320 759 5376 ἀναλῦσαι
780 5318 879 5374 καί
897 5319 1020 5375 σὺν
1044 5319 1277 5387 Χριστῷ
1288 5317 1442 5374 εἶναι
1459 5317 1664 5383 πολλῷ
1682 5318 1919 5384 μᾶλλον
1937 5320 2128 5390 κρεῖτ-

449 5425 576 5463 τον.
613 5409 725 5462 Καὶ
751 5409 879 5481 περὶ
909 5408 1004 5463 τοῦ
1035 5408 1380 5481 πατριάρχου
1404 5408 1462 5462 δέ
1488 5425 1654 5478 φησιν
1694 5409 1728 5479 ἡ
1757 5407 1946 5479 Γραφή
1972 5426 1986 5440 ·
2019 5409 2127 5464 Kal
2153 5427 2163 5438 ·

449 5496 782 5566 προσετέθη
799 5495 950 5565 πρὸς
963 5495 1108 5564 τοὺς
1125 5497 1386 5566 πατέρας
1395 5496 1602 5558 αὑτοῦ,
1624 5495 1866 5566 τραφείς
1877 5497 1946 5550 ἐν
1961 5497 2126 5567 τήρει

525 5583 572 5615 ’⁸
602 5583 871 5652 ἀνήκεστα
903 5601 1013 5640 om.
1045 5584 1107 5639 C.
1160 5585 1222 5637 Ι).
1273 5583 1338 5640 Ε.
1390 5583 1450 5638 F.
1531 5581 1912 5652 ’³’γινομένων
1963 5586 2029 5638 Α.
2072 5584 2134 5642 F.

1172 386 1232 442 S.
1267 383 1554 441 JOANNIS
1591 375 2077 438 CHRYSOSTOMI
2112 372 2436 430 ARCHIEP.
2472 371 3021 432 CONSTANTMOP.

3814 379 3926 434 356

2237 486 2421 553 καλῷ.
2451 488 2648 542 ’Ότιδέ
2673 489 2793 544 οὐδὲ
2826 491 2883 543 αἱ
2914 490 3022 543 τῶν
3050 487 3389 559 ἁμαρτωλῶν
3417 486 3590 563 ψυχαὶ
3622 494 3926 570 διατρίϐειν

2235 575 2472 630 ἐνταῦθα
2501 577 2795 642 δύνανται,
2827 578 3061 632 ἄκουσον
3096 575 3193 648 τοῦ
3240 579 3498 634 πλουσίου
3556 582 3732 639 πολλά
3777 588 3924 660 ὑπὲρ

2233 662 2424 717 τούτου
2453 665 2919 738 παρακαλοῦντος,
2945 666 3042 719 καὶ
3064 665 3165 719 οὐκ
3185 666 3670 739 ἐπιτυγχάνοντος·
3697 673 3778 736 ὡς
3803 678 3919 744 εῖγε

2232 743 2302 820 ἦν
2331 749 2554 804 δυνατὸν
2584 789 2599 814 ,
2651 753 2814 818 αὐτὸς
2865 752 2931 806 ἂν
2976 748 3132 824 ἦλθε,
3169 754 3263 806 καί
3291 755 3586 826 ἀνήγγειλε
3620 759 3638 790 ⁸
3695 760 3766 814 τά
3805 743 3924 817 ἐκεῖ

2232 839 2596 909 γεγενημένα.
2630 839 2794 894 Ὅθεν
2817 839 2998 910 δῆλον,
3029 841 3112 893 ὃτι
3141 839 3280 910 μετά
3303 841 3404 912 τὴν
3432 844 3688 899 ἐντεῦθεν
3714 849 3915 920 ἀποδη-

2232 924 2367 993 μίαν
2396 927 2477 989 είς
2513 927 2698 998 χώραν
2725 928 2847 980 τινά
2876 928 3181 996 ἀπάγονται
3211 929 3270 981 αἱ
3293 927 3486 999 ψυχαὶ,
3517 933 3705 987 οὐκέτι
3726 935 3904 1005 κύριαι

2231 1008 2388 1066 οὖσαι
2438 1014 2788 1079 ἐπανελθεῖν,
2826 1014 2963 1069 ἀλλά
3007 1013 3106 1085 τὴν
3157 1015 3396 1086 φοϐερὰν
3430 1018 3646 1090 ἐκείνην
3700 1023 3907 1094 ἡμέραν

2231 1100 2621 1169 ἀναμένουσαι.

2303 1181 2366 1234 Εἰ
2395 1182 2453 1236 δέ
2480 1182 2626 1250 λέγοι
2648 1201 2752 1246 τις.
2785 1183 2893 1236 Καὶ
2929 1183 3074 1248 τίνος
3090 1183 3276 1238 ἐνεκεν
3305 1185 3440 1257 ὅπερ
3467 1185 3708 1258 ἠξίωσαν
3732 1191 3782 1243 οί
3803 1192 3918 1245 δαί-

2235 1286 2394 1338 μονες
2434 1271 2690 1342 ἐποίησεν
2719 1273 2749 1324 6
2783 1271 3040 1342 Χριστὸς,
3084 1274 3166 1336 εἰς
3203 1273 3302 1344 τὴν
3332 1273 3535 1346 ἀγέλην
3571 1277 3680 1329 τῶν
3714 1279 3918 1349 χοίρων

2229 1356 2530 1428 ἐπιτρέψας
2564 1359 2748 1422 αὐτοῖς
2775 1357 3065 1422 άπελθεῖν;
3089 1360 3267 1414 ἐκεῖνο
3299 1359 3364 1414 ἂν
3390 1363 3695 1434 εἰποιμενε,
3720 1367 3917 1422 δτιούκ

2230 1445 2460 1509 ἐκείνοις
2484 1446 2803 1517 πειθόμενος
2827 1448 2984 1501 τοῦτο
3001 1450 3278 1520 ἐποίησεν,
3304 1450 3440 1504 ἀλλά
3466 1451 3638 1506 πολλά
3661 1454 3915 1509 ἐντεῦθεν

2227 1531 2527 1602 οἰκονομῶν
2549 1551 2561 1562 ·
2586 1533 2644 1586 ἓν
2662 1535 2779 1604 μὲν,
2808 1535 2869 1588 16
2898 1535 3106 1600 διδάξαι
3126 1539 3252 1600 τοὺς
3268 1537 3680 1608 ἀπαλλαγέντας
3697 1542 3808 1596 τῶν
3826 1561 3920 1596 πο-

2228 1619 2408 1689 νηρῶν
2447 1621 2728 1692 τυράννων
2773 1623 2998 1676 ἐκείνων
3037 1623 3102 1676 τὸ
3153 1625 3381 1694 μέγεθος
3429 1629 3529 1697 τῆς
3570 1626 3750 1698 λύμης
3805 1631 3916 1684 τῶν

2227 1706 2691 1763 ἐπιϐουλευόντων
2709 1703 2888 1773 αὐτοῖς
2912 1725 2924 1739 ·
2962 1710 3048 1763 ἓτε
3058 1729 3150 1782 ρον
3174 1713 3194 1742 ³
3218 1713 3297 1780 δέ,
3327 1714 3414 1766 ἵνα
3438 1715 3652 1785 μάθωσι
3689 1718 3914 1787 πάντες,

2226 1794 2308 1848 ὅτι
2335 1796 2456 1849 οὐδὲ
2485 1797 2685 1868 χοίρων
2743 1799 3183 1870 κατατολμῶσιν,
3218 1802 3267 1854 εἰ
3316 1801 3392 1872 μὴ
3423 1803 3584 1866 αὐτὸς
3625 1809 3914 1877 συγχωρή-

2229 1898 2338 1936 σειε
2361 1883 2380 1913 ⁸
2410 1900 2424 1914 ·
2457 1885 2661 1956 τρίτον,
2689 1886 2770 1938 ὅτι
2800 1886 3156 1959 χαλεπώτερα
3193 1887 3302 1941 τῶν
3337 1889 3536 1960 χοίρων
3574 1892 3818 1956 ἐκείνους
3846 1894 3913 1947 ἂν

2225 1972 2574 2042 εἰργάσαντο,
2606 1976 2655 2026 εί
2686 1977 2761 2045 μὴ
2784 1975 2879 2030 καὶ
2905 1977 2964 2030 ἐν
2994 1978 3062 2046 τῇ
3099 1980 3356 2048 συμφορᾷ
3392 1979 3594 2050 πολλῆς
3635 1981 3911 2036 ἀπέλαυον

2224 2057 2326 2128 τῆς
2357 2059 2451 2112 τοῦ
2511 2059 2648 2113 Θεοῦ
2707 2063 2984 2133 προνοίας.
3025 2064 3148 2118 Ὀτι
3199 2064 3309 2137 γὰρ
3346 2067 3494 2136 ἡμᾶς
3536 2068 3647 2121 τῶν
3695 2071 3908 2138 ἀλόγων

2229 2145 2431 2216 μᾶλλον
2481 2148 2722 2220 μισοῦσι,
2778 2151 2942 2204 παντί
2980 2168 3085 2205 που
3133 2151 3292 2222 δῆλόν
3329 2155 3498 2208 ἐστιν.
3529 2153 3692 2208 Ὥστε
3723 2156 3774 2208 οἰ
3799 2155 3905 2211 τῶν

2224 2235 2422 2306 χοίρων
2453 2236 2530 2308 μὴ
2556 2237 2886 2309 φειδόμενοι,
2929 2238 3046 2294 ἀλλ’
3075 2240 3134 2293 ἐν
3165 2241 3267 2311 μιᾷ
3294 2240 3489 2312 καιροῦ
3521 2244 3662 2314 ῥοπῇ
3695 2244 3899 2308 πάντας

2225 2323 2424 2388 αὐτοὺς
2445 2327 3011 2398 κατακρημνίσαντες,
3061 2326 3241 2398 πολλῷ
3289 2328 3492 2400 μᾶλλον
3543 2329 3610 2384 ἂν
3645 2332 3766 2397 τοὺς
3805 2334 3898 2386 ἀν·

2226 2409 2480 2482 θρώπους
2525 2413 2702 2467 ταῦτα
2757 2415 3102 2486 εἰργάσαντο,
3155 2415 3250 2480 οὓς
3293 2413 3476 2488 εἶχον,
3531 2419 3619 2472 ἐπ’
3668 2421 3900 2492 ἐρημίας

2224 2499 2449 2570 ἀγοντες
2473 2501 2568 2555 καὶ
2593 2501 2900 2570 ἀπάγοντες
2914 2511 2958 2567 ⁸,
2977 2504 3027 2556 εί
3058 2504 3134 2575 μὴ
3165 2505 3258 2559 καὶ
3285 2507 3346 2560 ἐν
3377 2507 3515 2578 αὐτῇ
3542 2511 3605 2579 τῇ
3635 2511 3906 2580 τυραννίδι

2225 2588 2395 2660 πολλὴ
2419 2585 2488 2661 ἦν
2510 2591 2545 2661 ἡ
2579 2591 2674 2643 τοῦ
2702 2589 2840 2644 Θεοῦ
2869 2591 3186 2662 κηδεμονία,
3211 2592 3502 2663 χαλινοῦσα
3524 2596 3617 2650 καὶ
3635 2597 3907 2668 ἐπέχουσα

2223 2676 2322 2748 τὴν
2344 2677 2656 2750 περαιτέρω
2687 2676 2867 2748 ῥύμην
2900 2677 3101 2732 αὐτῶν.
3132 2679 3296 2733 Ὅθεν
3323 2680 3503 2752 δῆλον,
3533 2683 3617 2736 ὅτι
3641 2685 3742 2736 οὐκ
3761 2684 3908 2738 ἔστιν

2225 2765 2421 2831 οὐδεὶς,
2457 2765 2516 2829 ὃς
2539 2767 2642 2820 οὐκ
2673 2766 2938 2820 ἀπολαύει
2997 2767 3097 2838 τῆς
3132 2767 3226 2821 τοῦ
3281 2769 3419 2823 Θεοῦ
3450 2773 3725 2842 προνοίας.
3762 2774 3825 2827 Εἰ
3849 2774 3910 2828 δέ

2229 2854 2304 2925 μὴ
2339 2855 2541 2919 πάντες
2557 2856 2781 2924 ὁμοίως,
2813 2856 2946 2926 μηδέ
2969 2855 3093 2909 καθ’
3121 2856 3219 2910 Eva
3239 2859 3462 2930 τρόπον,
3477 2862 3572 2914 καί
3592 2861 3749 2915 τοῦτο
3773 2880 3913 2935 προ-

2225 2943 2375 3006 νοίας
2403 2944 2660 3014 μέγιστον
2685 2939 2825 3009 εἶδός
2857 2947 2995 3000 ἐστι.
3034 2945 3178 3017 Πρὸς
3210 2947 3318 3020 γάρ
3359 2948 3418 3002 16
3451 2951 3665 3023 ἐκάστῳ
3689 2952 3910 3006 λυσιτε-

2223 3031 2352 3086 λοῦν
2409 3034 2503 3086 καὶ
2557 3033 2618 3086 τὸ
2652 3035 2754 3105 τῆς
2795 3035 3052 3107 προνοίας
3089 3037 3480 3094 ἐπιδείκνυται.
3525 3041 3669 3112 Πρὸς
3706 3041 3766 3094 δὲ
3792 3047 3911 3108 τοῖς

2224 3120 2539 3192 εἰρημένοις
2571 3122 2666 3175 καὶ
2699 3123 2887 3195 ἕτερον
2921 3125 2985 3178 ἐκ
3011 3125 3200 3178 τούτου
3233 3127 3595 3198 μανθάνομεν,
3632 3130 3824 3201 ὅτιπερ
3848 3132 3912 3186 ού

2224 3213 2379 3282 κοινῇ
2415 3210 2633 3264 πάντων
2695 3213 2915 3283 προνοεῖ
2950 3212 3132 3284 μόνον,
3160 3213 3299 3268 ἀλλά
3336 3217 3430 3269 καὶ
3475 3216 3581 3288 ἰδίᾳ
3630 3218 3867 3272 ἑκάστου
3895 3238 3908 3251 ·

2222 3298 2251 3353 ὃ
2299 3299 2394 3352 καὶ
2439 3299 2534 3352 ἐπὶ
2574 3299 2686 3352 τῶν
2739 3299 2998 3370 μαθητῶν
3046 3300 3316 3372 ἐδήλωσεν
3365 3301 3570 3357 εἰπών·
3609 3303 3794 3374 Ὑμῶν
3841 3307 3912 3360 δὲ

2224 3387 2364 3440 καὶθ
2406 3389 2468 3440 αὶ
2504 3388 2702 3456 τρίχες
2741 3386 2852 3454 τῆς
2889 3386 3162 3456 κεφαλῆς
3193 3389 3582 3460 ἠριθμημέναι
3614 3394 3752 3446 εἰσί.
3796 3395 3912 3448 Καὶ

2225 3474 2333 3527 ἀπὸ
2365 3473 2472 3526 τῶν
2492 3473 2874 3544 δαιμονῶντων
2919 3474 2975 3527 δὲ
3013 3475 3220 3529 τούτων
3251 3478 3268 3508 ’
3305 3477 3371 3530 ἄν
3398 3495 3482 3541 τις
3515 3478 3672 3532 τοῦτο
3698 3483 3912 3535 κατίδοι

2225 3561 2434 3631 σαφῶς,
2466 3562 2515 3614 οἳ
2569 3561 2742 3614 πάλαι
2785 3562 2850 3616 ἂν
2898 3563 3302 3634 ἀπεπνίγησαν,
3355 3568 3403 3618 εἰ
3447 3567 3524 3639 μὴ
3568 3569 3770 3640 πολλῆς
3808 3572 3911 3640 τῆς

2224 3649 2430 3704 ἀνωθεν
2473 3649 2801 3720 κηδεμονίας
2835 3650 3126 3706 ἀπέλαυον.
3152 3653 3252 3705 Διά
3289 3653 3352 3723 δὴ
3386 3653 3558 3707 ταῦτα
3605 3658 3911 3728 ἐπέτρεψεν

2223 3737 2482 3791 ἀπελθεῖν
2540 3737 2563 3768 ⁸
2603 3739 2682 3801 εἰς
2731 3738 2829 3808 τὴν
2868 3739 3074 3809 ἀγέλην
3126 3740 3237 3793 τῶν
3283 3741 3504 3811 χοίρων,
3549 3745 3643 3796 καὶ
3687 3745 3774 3798 ἵνα
3812 3749 3915 3798 καὶ

2225 3827 2274 3878 οἰ
2299 3826 2319 3856 ⁸
2345 3826 2414 3878 τὰ
2450 3825 2623 3895 χωρία
2651 3825 2924 3889 οίκοῦντες
2946 3828 3130 3880 ἐκεῖνα
3161 3827 3406 3897 μάθωσιν
3439 3830 3605 3883 αὑτοῦ
3625 3831 3722 3901 τὴν
3745 3834 3916 3886 δύνα-

2227 3929 2341 3984 μιν.
2383 3912 2552 3965 Ἔνθα
2601 3913 2700 3984 μέν
2729 3914 2838 3985 γὰρ
2879 3913 3013 3968 πολὺ
3043 3913 3104 3967 16
3137 3914 3308 3986 6v0pa
3347 3915 3499 3988 [558]
3533 3919 3700 3971 αὑτοῦ
3731 3922 3911 3984 ἐστιν,

2225 4002 2283 4055 ού
2321 4003 2524 4074 σφόδρα
2556 4002 2901 4057 ἐπεδείκνυτο
2934 4005 2978 4036 ¹⁸
3006 4020 3024 4038 ο
3059 4004 3187 4058 ἔνθα
3219 4005 3278 4058 δὲ
3325 4005 3508 4077 μηδεὶς
3550 4009 3712 4063 αὑτὸν
3739 4004 3913 4076 οἶδεν,

2224 4090 2338 4144 ἀλλ’
2395 4090 2475 4143 ἐτι
2525 4089 2866 4162 ἀναισθήτως
2913 4090 3233 4156 διάκεινται,
3270 4093 3572 4164 ἐκλάμπειν
3610 4097 3783 4151 ἐποίει
3838 4103 3917 4154 τά

2225 4177 2500 4248 θαύματα,
2519 4177 2659 4231 ὥστε
2689 4178 2886 4242 αὐτοὺς
2902 4179 2981 4242 εἰς
3007 4179 3106 4250 τὴν
3134 4179 3298 4232 αὑτοῦ
3322 4180 3647 4250 θεογνωσίαν
3671 4187 3919 4240 ἐπισπά-

2228 4269 2448 4320 σασθαι.
2486 4267 2608 4319 Ὀτι
2665 4265 2774 4336 γάρ
2825 4267 3142 4339 ἀναίσθητοί
3188 4285 3334 4333 τινες
3365 4265 3504 4341 ἦσαν
3544 4273 3592 4323 οἱ
3621 4271 3720 4343 τὴν
3750 4274 3918 4328 πόλιν

2227 4354 2446 4425 ἐκείνην
2470 4353 2746 4418 οἰκοῦντες
2777 4356 2842 4418 ¹¹,
2867 4355 3026 4426 δῆλον
3055 4357 3163 4409 ἀπὸ
3182 4355 3275 4410 τοῦ
3297 4358 3505 4422 τέλους.
3528 4360 3655 4412 Δέον
3676 4361 3788 4432 γὰρ
3809 4364 3916 4416 αὺ-

2226 4444 2353 4507 τοὺς
2415 4443 2790 4514 προσκυνῆσαι
2846 4444 2940 4498 καὶ
2993 4442 3272 4514 θαυμάσαι
3325 4447 3424 4517 τὴν
3465 4448 3714 4518 δύναμιν,
3759 4453 3808 4502 οί
3853 4451 3916 4505 δέ

2227 4530 2577 4600 ἀπέπεμπον,
2628 4532 2736 4583 Καὶ
2791 4529 3176 4599 παρεκάλουν
3217 4533 3506 4587 ἀπελθεῖν
3549 4537 3665 4589 ἀπὸ
3711 4539 3755 4568 ¹¹
3790 4538 3916 4592 τῶν

2229 4619 2408 4686 ὁρίων
2431 4616 2648 4673 αὐτῶν.
2699 4617 2860 4671 Ἀλλά
2904 4618 3048 4682 τίνος
3079 4619 3265 4674 ἐνεκεν
3294 4623 3500 4676 ἀνεῖλον
3531 4626 3656 4688 τοὺς
3690 4627 3913 4696 χοίρους

2229 4707 2586 4778 οίδαίμονες;
2656 4705 2937 4777 Πανταχοῦ
2989 4709 3116 4770 τοὺς
3171 4708 3491 4778 ἀνθρώπους
3544 4715 3624 4774 εἰς
3668 4715 3911 4784 ἀθυμίαν

2230 4793 2521 4865 ἐμϐάλλειν
2558 4793 2601 4824 ⁸³
2637 4793 3004 4848 ἐσπουδάκασι
3028 4835 3042 4856 ,
3091 4797 3184 4848 καὶ
3221 4797 3495 4867 πανταχοῦ
3540 4785 3791 4869 χαίρουσι
3838 4807 3902 4872 τῇ

2231 4882 2480 4954 ἀπωλείᾳ
2507 4881 2573 4935 ’⁸.
2633 4879 2806 4934 Τοῦτο
2835 4881 2965 4950 γοῦν
2993 4883 3089 4935 καὶ
3132 4885 3159 4936 6
3209 4883 3452 4947 διάϐολος
3500 4886 3594 4938 ἐπὶ
3629 4888 3724 4940 τοῦ
3787 4889 3902 4940 Ἰὼϐ

2229 4969 2486 5040 ἐποίησε·
2525 4967 2704 5022 καίτοι
2755 4969 2851 5023 καὶ
2898 4970 3014 5029 ἐκεῖ
3040 4973 3067 5024 6
3095 4969 3228 5034 Θεὸς
3261 4971 3562 5043 ἐπέτρεψεν
3587 4987 3600 5000 ·
3629 4975 3744 5027 ἀλλ’
3785 4977 3904 5030 οὐδὲ

2231 5059 2350 5112 ἐκεῖ
2386 5057 2706 5128 πειθόμενος
2744 5057 2824 5128 τῷ
2852 5057 3104 5129 διαϐόλῳ,
3135 5057 3272 5112 ἀλλά
3293 5059 3384 5112 16v
3408 5059 3572 5113 αὑτοῦ
3599 5061 3906 5132 θεράποντα

2230 5145 2402 5199 θέλων
2445 5145 2721 5216 ἀποφῆναι
2762 5144 3168 5217 λαμπρότερον,
3219 5147 3316 5200 καὶ
3357 5146 3436 5217 τῷ
3472 5147 3685 5219 δαίμονι
3725 5151 3907 5203 πᾶσαν

2231 5232 2617 5303 ἀναισχυντίας
2665 5232 2950 5285 ἐκκόπτων
3002 5232 3296 5303 πρόφασιν,
3338 5234 3433 5286 καὶ
3470 5235 3552 5296 εἰς
3594 5233 3692 5303 τὴν
3744 5235 3903 5288 αὐτοῦ

2233 5320 2582 5392 περιτρέπων
2634 5319 2877 5390 κεφαλὴν
2917 5319 2987 5373 τά
3043 5319 3185 5373 κατά
3225 5320 3322 5373 τοῦ
3371 5320 3582 5374 δικαίου
3623 5323 3895 5394 γινόμενα.

2247 5409 2402 5462 Ἐπεὶ
2432 5409 2529 5463 καὶ
2565 5407 2661 5461 νῦν
2712 5407 3042 5472 τούναντίον,
3091 5410 3235 5480 ἥπερ
3275 5407 3466 5479 ἧθελον
3495 5403 3660 5472 οὗτοι,
3695 5410 3893 5478 γέγονε.

2234 5499 2345 5552 Καὶ
2370 5499 2474 5570 γὰρ
2509 5499 2543 5569 ἡ
2569 5496 2662 5551 τοῦ
2686 5497 2922 5568 Χριστοῦ
2946 5498 3170 5568 δύναμις
3197 5497 3464 5569 λαμπρῶς
3491 5500 3901 5570 ἀνεκηρύττετο,

2225 5587 2275 5619 ’δ
2309 5587 2403 5662 καὶ
2440 5601 2551 5662 (1m.
2580 5584 2645 5662 (1Σ
2665 5585 2736 5662 _D.
2773 5585 2858 5662 Ε.Δ
2891 5587 2965 5662 *⁸⁵
3001 5584 3220 5662 παῖδας]
3256 5588 3349 5662 καὶ
3373 5587 3570 5662 παῖδας
3601 5587 3665 5662 Αἶ
3699 5588 3906 5662 αύτοῖς]

525 5584 572 5615 ’⁸
602 5584 666 5637 ἀν
707 5601 871 5637 κεστα
903 5601 1013 5640 om.
1045 5584 1107 5639 C.
1160 5585 1222 5637 Ι).
1273 5584 1338 5640 Ε.
1390 5584 1450 5638 F.
1531 5585 1579 5616 ”
1610 5584 1912 5652 γινομένων
1963 5586 2029 5638 Α.
2072 5584 2126 5641 F.

450 5653 650 5737 αὐτοὺς
814 5655 1150 5737 ⁸⁸-ἀδύναιτον
1304 5656 1365 5737 ’ξ’
1396 5655 1496 5737 οῦκ
1529 5653 1617 5737 ἂν]
1653 5654 1950 5737 ούδέκεᾶίί.
1991 5657 2126 5737 οῦδ-ἐ

2253 5587 2275 5619 δ
2309 5587 2403 5639 καὶ
2440 5601 2551 5638 om.
2580 5584 2643 5639 C.
2676 5585 2736 5640 D.
2773 5585 2837 5638 E.
2919 5587 2965 5618 ”
3001 5584 3220 5658 παῖδας]
3256 5588 3349 5639 καὶ
3373 5587 3570 5650 παῖδας
3601 5587 3664 5641 Α.
3699 5588 3906 5662 αὐτοῖς]

2253 5657 2409 5737 ισοὶίρ
2449 5656 2582 5737 gen.
2616 5655 2735 5737 :2“;
2777 5656 2861 5737 M’:
2889 5654 3036 5737 6vo'g]
3071 5657 3197 5737 Md:
3231 5656 3390 5737 σῶμα
3409 5727 3423 5737 ‘
3445 5656 3714 5737 £151.36):
3739 5658 3805 5737 ἀν
3829 5677 3910 5723 τις

454 5725 664 5793 ἰσχύσει
693 5725 748 5778 ἀ.
779 5742 828 5778 σ.
859 5725 909 5779 6.
933 5725 1272 5826 ἐργάσασθαι
1304 5723 1368 5778 D.
1444 5726 1489 5758 ⁹⁹
1517 5723 1620 5778 ποῦ
1653 5723 1860 5794 βαδίζει
1891 5725 1954 5780 Α.
1995 5729 2088 5779 ποῖ
2117 5728 2321 5798 βαδίζει
2349 5726 2412 5780 C.
2451 5725 2512 5778 D.
2546 5729 2673 5778 ποῖα
2704 5725 2939 5796 βαδίζειν
2965 5723 3026 5778 [ι’.

454 5794 472 5824 ι
500 5794 703 5827 ρι’...ιηη
750 5793 862 5827 nam
1005 5795 1256 5827 aenum“.
1285 5795 1395 5827 In.”
1450 5795 1506 5827 χλ
1533 5811 1619 5827 η...
1685 5795 1722 5827 ι·
1819 5794 1957 5827 ιαιη
1995 5795 2068 5827 πη
2135 5808 2182 5827 ι..
2230 5797 2341 5827 υλλ
2410 5799 2698 5827 ρ..υ,,...-α,
2736 5797 2775 5827 ρ
2839 5796 3019 5827 ,Μαρέης

455 5794 472 5824 ¹
499 5794 707 5863 εἴποιμι
747 5794 881 5849 Edd.
962 5794 981 5826 ³
1004 5795 1256 5918 δεύτερον
1284 5795 1418 5848 Edd.
1450 5795 1507 5848 δὲ
1532 5811 1641 5849 om.
1683 5795 1742 5848 Β.
1819 5801 1841 5827 ⁸
1868 5794 1959 5850 Sic
1993 5794 2126 5866 Ep..-

455 5865 528 5952 9;.
547 5866 986 5952 233217915:
1213 5905 1274 5952 κ,
1305 5867 1326 5896 ·
1353 5867 1444 5952 ἐπεὶ
1477 5866 1640 5950 dera.
1663 5864 1884 5952 ww
1916 5868 2126 5952 ξεφαξιῆ

2253 5797 2364 5851 Ξόιί.
2410 5794 2800 5920 συγχωςὲἱςϐ.
2838 5796 3022 5852 αξιοι-ἰ
3066 5794 3417 5920 συγχωὲήσῃ.

2253 5868 2352 5952 ιιίςί.
2391 5869 2623 5952 315.3511"
2653 5867 2777 5952 diis.
2822 5868 2841 5898 "
2872 5867 3078 5952 τούτων
3111 5884 3255 5952 0m.“
3302 5886 3417 5952 ...το

451 5794 472 5824 ²
499 5794 707 5863 εἴποιμι
747 5793 881 5849 Edd.
962 5793 981 5826 ³
1004 5795 1256 5863 δεύτερον
1284 5795 1418 5848 Edd.
1450 5795 1507 5848 δὲ
1532 5793 1661 5849 οη).
1683 5795 1742 5848 Β.

452 5933 476 5962 ⁸
505 5933 783 6004 ἀπελθεῖν]

3123 5729 3136 5758 ¹
3163 5727 3466 5797 ἀπήγγειλε
3496 5727 3558 5781 E.
3587 5727 3808 5798 ἤγγειλε
3843 5737 3906 5784 L‘.

3496 5799 3519 5830 ⁸
3551 5799 3909 5869 περιάγοντες

2732 5907 2746 5920 .
2822 5868 2841 5898 ⁷
2872 5867 3078 5920 τούτων
3111 5867 3222 5922 om}
3253 5867 3314 5921 E.
3352 5867 3510 5922 τοῦτο
3537 5868 3605 5920 ἄν
3626 5867 3709 5929 τις
3740 5868 3904 5924 idem.

623 5935 783 6012 λθεῖν]
817 5935 972 6012 fuit];
1000 5935 1183 6012 αὐτοῖς
1237 5936 1296 5989 Ε.
1325 5935 1456 6012 add_._
1492 5937 1688 6012 αὐτοὺς
1725 5936 1890 6012 Edd._
1935 5938 1956 5968 ’
1989 5935 2126 5990 καὶῖ

2253 5938 2325 6012 ιαὶ
2361 5938 2433 6012 οί]
2464 5937 2645 6012 δίε-Ε.
2693 5937 2850 6012 P_ri_u_s
2899 5938 2991 6012 καὶ
3018 5938 3260 6012 -ἰιιριιιείι
3303 5938 3444 6012 ἕως.
3485 5939 3581 6012 ἵνα.
3628 5939 3703 6008 μὴ
3753 5940 3908 6012 οίνῐ).

452 6002 634 6055 acturi
671 6001 853 6055 τναόι.
931 6005 974 6034 ¹⁶
1004 6004 1370 6058 ἐπιδείκνυται
1417 6001 1478 6058 l".
1559 6006 1602 6037 ”
1638 6007 2017 6070 κατοικοῦντες
2045 6008 2110 6061 C.

2253 6010 2308 6062 Ε.

2391 6011 2433 6040 η
2461 6007 2854 6082 ἀπδ]λέκ-Ειίςί.
2876 6077 2888 6082 _
2937 6008 2992 6082 ‘1
3015 6009 3272 6082 ἐμϐαλεῖν
3303 6007 3364 6062 F.
3397 6008 3527 6082 Post
3567 6007 3707 6082 6.71:.
3744 6011 3905 6082 vulgo

456 6079 710 6140 repetunt
740 6073 786 6124 οί
809 6072 1079 6146 δαίμονες,
1105 6077 1246 6146 quod
1274 6077 1330 6131 in
1360 6073 1420 6128 E.
1448 6075 1598 6130 Arm.
1626 6075 1760 6131 Mor.
1793 6092 1900 6133 non
1929 6093 2118 6150 compa

2309 6078 2351 6109 "
2374 6081 2437 6150 τῇ
2471 6072 2650 6134 αὐτῶν
2682 6077 2927 6150 ἀπωλείᾳ
2953 6072 3090 6134 Εόιί.
3116 6081 3258 6136 cwde
3286 6096 3349 6132 ac
3383 6081 3628 6133 vastitate
3656 6077 3753 6134 Ge.
