2018 3218
249 211 302 241 555

248 269 384 297 volebant.
398 267 462 295 Nam
472 265 570 293 Christi
585 264 701 299 potentia
715 263 814 290 clarius
829 262 1036 297 przrdicabatur,

247 321 280 341 ac
299 312 416 348 nequitia
431 312 583 339 da-monum
595 331 601 341 ,
618 317 653 337 ex
669 317 720 344 qua
735 309 779 335 ille
801 309 872 335 eruit
890 314 985 334 omnes
997 306 1043 341 qui

248 361 283 388 ab
291 360 356 396 ipsis
366 359 566 390 detinebantur,
576 357 742 385 manifestius
751 355 884 391 apparuit,
898 359 1044 389 notumque

249 406 309 440 fuit,
327 406 388 433 illos
411 412 446 432 ne
470 405 496 432 in
511 411 609 439 porcos
627 403 734 438 quidem
752 401 852 429 habere
871 405 1043 436 potestatem,

247 452 299 480 nisi
315 452 341 479 id
353 451 505 487 permiserit
516 450 701 477 universorum
715 448 793 475 Deus.

283 498 311 526 4.
328 497 471 525 Paruerant
493 496 593 523 diabolo
608 495 762 522 traditarum
780 493 886 520 historia
907 492 1045 527 anogogice

248 545 401 580 explicatur.
415 543 558 577 Descriptio
569 542 657 569 lascivi
667 546 689 568 et
702 541 782 568 avari.
794 555 829 560 —
840 540 868 567 Si
883 539 943 574 quis
955 544 1044 565 autem

250 591 309 618 lucc
321 591 467 626 anagogiee
479 590 544 617 velit
554 589 688 622 accipere,
705 588 731 615 id
748 587 839 621 utique
855 586 927 617 licet,
941 585 988 613 sed
1003 584 1043 612 hi-

250 638 333 665 storia
346 638 385 665 sic
399 637 489 664 habet.
504 635 649 663 Sciendum
666 642 747 669 porro
762 638 803 660 est
816 633 938 659 homines
950 639 1046 667 porco-

249 693 308 712 rum
330 685 414 711 instar
433 684 564 714 viventes,
581 681 749 709 dmmonibus
769 687 830 707 esse
844 683 921 713 captu
943 677 1044 705 faciles.

248 731 300 765 Qui
320 735 408 758 autem
430 730 486 758 hare
506 730 655 765 patiuntur,
671 728 793 755 homines
807 734 868 754 cum
888 726 959 757 sint,
974 732 1047 759 swpe

252 781 365 812 possunt
380 777 440 804 illos
450 783 596 811 superare;
612 775 635 802 si
645 782 711 801 vero
726 773 798 808 porci
814 772 923 800 omnino
936 770 1045 802 fuerint,

250 830 303 850 non
318 822 398 850 modo
411 830 425 849 a
439 821 606 849 daamonibus
619 820 798 855 exagitantur,
812 818 859 844 sed
871 817 952 844 etiam
976 823 1047 850 pra:-

250 868 406 903 cipitantur.
420 867 589 902 lnsuperque
610 873 644 892 ne
664 865 723 900 quis
742 864 793 891 hoc
807 870 863 890 rem
884 869 944 889 esse
960 861 1047 894 [ictam

250 918 375 950 putaret,
390 913 438 941 sed
452 913 565 947 quisque
580 911 703 939 crederet
722 909 861 937 daemones
890 908 898 923 ¹
913 914 975 934 vere
999 914 1048 933 ex-

252 961 350 992 ivisse,
366 967 399 986 ex
423 965 564 993 porcorum
588 962 674 984 morte
692 956 718 983 id
735 953 904 982 manifestum
924 952 1048 980 efficitur.

253 1007 301 1035 llic
310 1014 377 1035 vero
400 1005 537 1041 perpende
557 1005 617 1039 ejus
636 1002 870 1031 mansuetudinem
893 1008 956 1028 cum
971 1004 1049 1035 pote-

251 1058 321 1082 state
335 1053 517 1088 coujunctam.
534 1051 602 1079 Cum
617 1051 689 1078 enim
702 1050 821 1085 regionis
834 1049 930 1075 incolat
941 1068 948 1080 ,
966 1052 1005 1074 tot
1017 1047 1065 1083 ab_

253 1108 286 1127 eo
308 1100 426 1134 acceptis
441 1098 588 1129 beneficiis,
613 1097 686 1124 illum
711 1096 744 1123 ah
757 1102 787 1122 se
808 1094 948 1121 discedere
968 1100 1047 1127 coge-

252 1151 324 1180 rent,
340 1154 393 1174 non
417 1145 525 1177 restitit,
548 1144 595 1172 sed
613 1144 753 1176 discessit,
769 1149 872 1176 eosque
890 1140 936 1176 qui
959 1147 988 1167 se
1000 1139 1051 1167 do-

252 1193 338 1221 ctrina
352 1193 436 1228 ipsius
449 1192 572 1227 indignos
587 1190 776 1221 declarabant,
792 1188 910 1223 reliquit,
927 1186 1052 1214 doctores

255 1239 397 1274 assignans
408 1238 460 1265 illis
469 1243 527 1269 eos,
542 1237 588 1272 qui
603 1244 618 1262 a
632 1235 800 1263 dtcmonibus
814 1233 919 1261 liberati
935 1232 1051 1264 fuerant,

254 1294 358 1314 necnon
373 1284 511 1317 subulcos,
527 1292 542 1311 a
558 1283 655 1318 quibus
669 1288 845 1318 quaecumque
858 1284 933 1315 gesta
949 1278 1054 1306 fuerant

256 1332 378 1360 ediscere
392 1335 517 1366 poterant
529 1339 536 1356 :
552 1328 682 1356 recedens
696 1335 777 1363 porro
788 1327 923 1362 ingentem
939 1324 1005 1360 ipsis
1019 1323 1053 1350 ti-

256 1386 360 1407 morem
374 1377 492 1413 reliquit.
507 1375 602 1404 Damni
628 1374 726 1409 quippe
741 1372 897 1408 magnitudo
917 1371 956 1398 rei
970 1374 1054 1406 gesta:

256 1425 355 1453 famam
370 1423 522 1458 evulgabat,
534 1428 632 1457 resque
643 1425 714 1447 tanta
724 1419 842 1454 ipsorum
855 1417 960 1444 animos
970 1417 980 1432 ¹
990 1423 1054 1451 per-

255 1472 369 1500 culerat.
391 1470 516 1505 Undique
537 1475 661 1496 rumores
683 1466 882 1496 offerebantur,
897 1464 956 1491 haec
979 1466 1055 1498 gesta

255 1516 388 1552 stnpcndd
399 1515 587 1551 prxdicantcs,
595 1513 671 1540 abiis
681 1512 725 1547 qui
736 1511 821 1538 curati
831 1509 949 1542 fuerant,
961 1516 975 1535 a
988 1515 1057 1543 pra:-

255 1562 374 1598 cipitatis
388 1561 485 1596 porcis,
500 1567 516 1587 a
530 1566 674 1595 porcorum
689 1557 815 1589 dominis,
829 1554 981 1583 asubulcis.
993 1554 1057 1581 Haec

257 1616 339 1645 porro
347 1616 418 1635 nunc
425 1607 505 1635 etiam
516 1606 609 1633 videre
616 1608 668 1637 est,
677 1603 776 1631 multos
785 1603 810 1630 in
818 1601 948 1637 sepulcris
957 1600 1057 1627 dzcmo-

258 1656 360 1687 niacos,
369 1661 436 1689 quos
447 1653 513 1680 nihil
522 1652 555 1680 ab
565 1651 667 1679 insania
683 1649 801 1682 cohibet,
812 1655 864 1676 non
881 1647 993 1680 ferrum,
1003 1654 1056 1673 non

256 1707 361 1734 catena,
380 1708 433 1729 non
453 1698 595 1728 multitudo
616 1697 766 1729 hominum,
789 1703 843 1722 non
867 1694 977 1726 monita,
1001 1700 1054 1720 non

260 1756 360 1781 terror,
375 1756 428 1776 non
444 1748 523 1775 minae
533 1767 540 1779 ,
554 1753 608 1773 non
623 1744 687 1780 quid
707 1743 805 1771 simile.
822 1742 888 1769 Cum
910 1741 969 1776 quis
984 1741 1057 1768 enim

257 1797 375 1824 lascivus
393 1801 537 1829 corporum
554 1792 640 1820 forma
659 1791 775 1826 capitur,
793 1789 860 1817 nihil
871 1788 985 1816 ditl‘erta
1000 1787 1058 1815 dte-

259 1842 385 1870 moniaco
399 1850 406 1867 2
421 1839 469 1867 sed
484 1838 572 1866 nudus
585 1841 615 1865 ut
628 1836 673 1864 ille
689 1836 914 1869 circumvagatur,
936 1833 1058 1861 vestibus

259 1889 368 1924 quidem
383 1886 507 1918 indutus,
522 1883 570 1912 sed
583 1890 649 1910 vero
662 1882 762 1909 amictu
778 1880 918 1916 spoliatus,
932 1883 961 1907 et
971 1879 1057 1913 gloria

259 1934 311 1963 sibi
323 1933 413 1961 debita
427 1931 542 1959 nudatus
554 1951 561 1963 ,
583 1938 637 1957 non
660 1928 791 1963 lapidibus
807 1934 869 1954 sese
889 1925 1056 1961 percutiens,

259 1981 307 2010 sed
323 1980 440 2016 peccatis
451 1978 539 2014 lapide
549 1978 629 2012 longe
639 1975 802 2004 durioribus.
816 1973 881 2007 Quis
896 1973 977 2008 igitur
989 1972 1059 1999 hunc

260 2027 396 2054 hominem
406 2026 490 2061 ligare
501 2023 600 2059 poterit
609 2022 769 2056 sedareque,
781 2024 837 2047 tam
850 2019 965 2054 turpiter
978 2025 1059 2053 agen-

261 2079 326 2105 tem,
341 2072 516 2108 petulantem,
529 2077 676 2104 numquam
691 2068 732 2095 sui
748 2070 912 2102 compotem,
925 2065 973 2093 sed
989 2073 1061 2092 scm-

261 2128 310 2156 per
327 2119 451 2155 sepulcra
473 2116 635 2145 adeuntem?
647 2115 721 2143 Talia
737 2114 837 2149 quippe
852 2118 915 2141 sunt
938 2112 1061 2140 meretri-

261 2174 323 2193 cum
339 2164 485 2192 diversoria
502 2163 587 2190 multo
599 2161 696 2190 foetore
709 2161 796 2196 plena,
810 2160 892 2187 multa
906 2158 1060 2194 putredine.

262 2211 331 2245 Quid
342 2210 376 2238 de
390 2217 471 2237 avaro
485 2207 625 2236 dicamus?
637 2214 727 2234 nonne
737 2210 765 2234 et
780 2205 839 2240 ipse
854 2205 916 2233 talis
930 2204 988 2232 est?
1000 2204 1061 2239 quis

262 2265 325 2285 cum
339 2256 422 2291 ligare
431 2261 558 2290 umquam
567 2253 684 2289 poterit?
693 2252 750 2280 Non
764 2256 892 2285 terrores,
902 2258 957 2278 non
967 2250 1059 2284 milite,

264 2310 318 2331 non
337 2302 451 2334 monita,
468 2308 522 2328 non
537 2299 649 2328 consilia
660 2297 698 2335 (η)
711 2307 718 2326 :
730 2305 822 2325 verum
836 2297 894 2325 haec
907 2296 996 2324 omnia
1016 2295 1061 2323 ille

263 2348 371 2377 vincula
393 2348 494 2383 rumpit
506 2355 512 2373 :
527 2351 555 2374 et
567 2346 590 2374 si
603 2345 663 2381 quis
678 2344 813 2372 soluturus
827 2351 843 2371 a
857 2344 971 2372 vinculis
982 2350 1061 2371 acce-

265 2395 312 2423 dat
322 2415 330 2427 ,
343 2394 450 2429 adjurat
464 2400 526 2421 eum
541 2400 575 2420 ne
596 2391 731 2423 solvatur,
746 2391 893 2419 cruciatum
915 2390 1061 2417 maximum

265 2442 424 2470 existimans
436 2448 489 2468 non
503 2447 563 2468 esse
578 2439 605 2467 in
618 2439 738 2467 cruciatu
752 2446 758 2464 :
772 2445 826 2472 quo
841 2437 905 2472 quid
920 2436 1062 2464 miserabi-

266 2488 318 2516 lius
325 2487 448 2515 dicaturl
463 2486 508 2514 Ille
523 2493 639 2521 namque
651 2485 768 2517 datmon,
777 2484 826 2512 etsi
838 2483 961 2511 homines
975 2482 1063 2517 despi~

265 2538 351 2566 ceret,
363 2538 390 2561 at
404 2533 503 2561 Christi
521 2532 607 2567 jussui
621 2532 711 2563 cessit,
726 2535 754 2558 et
773 2529 827 2557 cito
841 2537 857 2557 ι
875 2536 989 2563 corpore
1002 2529 1064 2556 abs-

265 2580 364 2612 cessit;
380 2579 425 2607 hie
438 2586 502 2606 vero
521 2586 574 2606 non
592 2577 665 2606 cedit
679 2581 824 2613 prmeepto.
837 2575 903 2602 Nam
920 2575 982 2602 licet
994 2582 1062 2609 quo-

267 2625 334 2653 tidie
348 2624 439 2652 audiat
454 2624 527 2651 illum
541 2624 676 2651 dicentem
687 2643 694 2653 .
708 2621 770 2649 Non
786 2622 887 2656 potestis
904 2620 956 2648 Deo
971 2621 1064 2648 servire

266 2678 292 2699 ct
305 2678 432 2698 mammae
442 2670 550 2705 (Matth.
561 2670 588 2697 6.
596 2670 655 2704 2i),
667 2669 716 2696 etsi
727 2668 878 2703 gehennam
886 2667 1064 2695 comminetur

268 2723 296 2746 et
305 2717 483 2746 intolerabilia
498 2716 640 2751 supplicia,
652 2723 706 2743 non
717 2715 885 2749 obtemperat
896 2718 997 2747 tamen,
1010 2722 1062 2740 non

269 2764 341 2799 quod
355 2763 466 2791 Christo
479 2762 515 2790 sit
530 2762 636 2794 fortior,
659 2761 704 2789 sed
718 2761 789 2796 quod
804 2760 928 2788 Christus
941 2767 991 2787 nos
1010 2767 1063 2787 non

268 2809 368 2837 invitos
381 2809 415 2836 ad
429 2808 643 2844 resipisccntiam
656 2807 747 2835 ducat.
765 2807 881 2842 Ideoque
894 2806 931 2834 illi
944 2806 1020 2841 quasi
1038 2806 1065 2833 in

301 2890 310 2906 ι
330 2888 374 2913 Alh
383 2887 480 2920 legunt,
492 2888 633 2920 (lectionem.

301 2920 313 2936 ²
331 2918 422 2950 Aliqui,
431 2918 599 2950 ignorantiam.

304 2950 341 2981 (ιι)
356 2947 473 2975 [tiara-co
484 2950 523 2974 hic
534 2950 630 2981 wuitur
648 2947 745 2980 signum
767 2947 969 2979 interrogationis.

640 207 668 235 s.
688 205 827 234 JOANNIS
845 203 1079 232 cnnvsosront
1101 206 1261 238 .tncnutp.
1279 208 1545 240 cuxsrmrmup,

1841 222 1898 250 556

1100 263 1215 291 desertis
1238 270 1388 300 versantur,
1410 268 1514 297 etiamsi
1529 270 1555 297 in
1576 272 1672 299 mediis
1693 275 1747 302 sint
1771 276 1898 305 urbibus.

1100 309 1167 356 Quis
1179 311 1250 338 enim
1273 317 1363 340 mente
1377 314 1470 343 valens
1492 318 1576 351 possit
1589 325 1649 346 cum
1671 319 1824 356 hujusmodi
1843 326 1899 354 ho-

1100 355 1217 383 minibus
1230 358 1352 385 versari?
1367 359 1471 388 Mallem
1486 367 1559 389 certe
1570 371 1630 391 cum
1647 355 1781 396 sexcentis
1795 369 1901 399 dmmo-

1101 402 1184 430 niacis
1200 403 1335 438 habitare,
1352 413 1431 440 quam
1452 414 1512 435 cum
1526 417 1579 436 uno
1596 410 1645 438 hoc
1659 412 1800 443 laborante
1824 425 1900 445 mor-

1100 447 1135 499 bo
1147 457 1155 474 :
1171 449 1296 485 quodque
1316 451 1353 478 ita
1367 452 1479 487 loquens
1493 462 1547 482 non
1562 456 1684 485 aberrem
1694 479 1702 491 ,
1719 460 1849 494 probatur
1862 471 1896 490 ex

1100 497 1136 542 iis
1148 503 1208 542 qua:
1222 497 1328 532 utrique
1341 498 1487 533 patiuntur.
1504 500 1536 528 Hi
1550 509 1666 539 namque
1679 512 1740 532 eum
1751 507 1796 542 qui
1809 515 1839 535 se
1854 509 1899 535 ni-

1101 541 1139 589 hil
1155 541 1234 576 laesit,
1249 543 1386 572 inimicum
1405 546 1455 574 sibi
1475 552 1579 582 putant,
1595 550 1743 586 volantque
1763 561 1824 581 eum
1851 556 1899 589 qui

1102 588 1172 638 liber
1185 594 1227 617 cst
1251 597 1359 638 servum
1381 599 1457 619 suum
1472 601 1542 627 esse,
1555 596 1624 623 utin
1647 598 1724 626 malis
1747 588 1900 628 innumeris

1101 633 1263 668 involvant;
1297 635 1455 665 daemoniaci
1495 647 1559 667 vero
1588 642 1657 669 nihil
1691 644 1743 672 tale
1770 644 1895 677 faciunt.

1100 678 1147 705 sed
1175 679 1300 707 morbum
1327 681 1354 708 in
1382 690 1411 710 se
1436 685 1554 712 retinent
1577 686 1596 713 '.
1628 687 1669 715 illi
1696 690 1797 717 multas
1824 692 1895 718 sub-

1101 729 1209 752 vertunt
1230 725 1336 759 domos,
1354 726 1433 762 idque
1448 735 1589 763 peragunt,
1607 735 1635 757 ut
1649 739 1745 758 nomen
1773 733 1817 759 nt‘i
1842 734 1899 759 illa-

1101 771 1273 806 sphemetur,
1289 780 1321 799 ac
1344 773 1477 808 pernicies
1492 780 1554 801 Sttltl
1574 781 1602 802 et
1615 776 1687 803 urbis
1706 781 1732 804 et
1752 778 1823 805 orbis
1837 779 1902 805 uni-

1102 818 1173 845 versi
1186 825 1194 850 ;
1210 818 1237 845 hi
1249 826 1313 845 vero
1328 826 1342 845 a
1358 819 1525 847 dmnionibus
1536 822 1673 856 exagitati,
1688 823 1860 852 miseratione
1871 831 1902 853 et

1103 864 1230 899 laerymis
1241 864 1314 900 digni
1333 869 1405 892 sunt.
1423 866 1454 893 lli
1475 871 1549 894 certe
1571 868 1629 895 sine
1644 869 1699 896 ullo
1718 877 1799 897 sensu
1814 871 1901 899 multa

1104 909 1221 942 faciunt;
1237 910 1275 936 illi
1291 911 1395 938 ratione
1410 911 1514 947 przediti
1530 913 1690 948 impingunt,
1701 915 1726 942 in
1742 917 1838 944 mediis
1852 925 1902 944 ur-

1103 956 1181 983 bibus
1195 956 1402 990 debacchantes,
1417 962 1444 985 et
1454 966 1524 985 novo
1534 959 1649 994 quodam
1667 961 1755 989 furore
1770 964 1901 998 correpti.

1104 1001 1172 1036 Quid
1188 1003 1259 1030 enim
1277 1003 1329 1031 tale
1343 1003 1445 1031 faciunt
1458 1005 1615 1034 dmmoniaci
1630 1014 1724 1035 omnes
1734 1028 1742 1041 ,
1757 1010 1836 1044 quale
1850 1018 1902 1037 au-

1105 1054 1152 1074 sus
1176 1052 1218 1075 est
1243 1047 1344 1081 Judas,
1372 1053 1521 1078 extremam
1548 1059 1690 1087 aggressus
1714 1054 1902 1089 iniquitatem?

1104 1092 1185 1120 Certe
1198 1100 1294 1122 omnes
1308 1095 1352 1130 qui
1365 1095 1439 1123 illum
1450 1096 1599 1130 imitantur,
1611 1103 1675 1125 sunt
1687 1100 1763 1134 quasi
1776 1100 1841 1128 fera:
1853 1102 1901 1129 im-

1107 1147 1200 1168 manes
1221 1148 1255 1168 ex
1277 1141 1431 1170 carceribus
1450 1143 1559 1178 elapsae,
1584 1144 1708 1173 civitates
1732 1147 1897 1181 perturbant,

1107 1187 1215 1214 nemine
1228 1187 1381 1216 cohibente.
1400 1188 1433 1215 lli
1448 1193 1536 1217 tamen
1558 1190 1673 1218 vinculis
1694 1192 1812 1227 undique
1831 1200 1897 1221 con-

1108 1234 1284 1269 stringuntur,
1297 1235 1385 1270 qualia
1399 1239 1471 1268 sunt,
1486 1236 1605 1271 judicum
1618 1241 1713 1270 terror,
1729 1238 1816 1273 legum
1829 1247 1900 1267 com-

1109 1282 1280 1312 minationcs,
1295 1281 1365 1318 vulgi
1379 1283 1533 1317 maledicta,
1549 1288 1576 1311 et
1587 1284 1639 1311 alia
1652 1285 1765 1319 plurima
1779 1295 1786 1319 ;
1803 1287 1845 1314 his
1859 1292 1900 1314 ta-

1109 1335 1170 1354 men
1192 1327 1229 1354 illi
1243 1327 1359 1363 diruptis
1371 1329 1461 1356 omnia
1483 1337 1529 1357 sus
1542 1329 1629 1365 deque
1643 1336 1763 1359 vertunt.
1780 1332 1856 1367 Quod
1878 1335 1900 1360 si

1108 1374 1169 1409 quis
1185 1374 1242 1401 lucc
1261 1375 1365 1401 vincula
1388 1374 1517 1409 auferret,
1534 1376 1555 1403 is
1578 1377 1728 1404 daemonem
1742 1378 1801 1405 illos
1821 1386 1902 1406 occu-

1110 1426 1218 1455 pantem
1232 1421 1304 1449 clare
1319 1428 1510 1456 cognosceret,
1527 1424 1572 1458 qui
1588 1429 1661 1450 certe
1677 1425 1761 1452 multo
1774 1430 1801 1453 et
1814 1427 1903 1453 acrior

1109 1472 1136 1494 et
1149 1467 1264 1495 ferocior
1276 1473 1318 1495 est
1331 1476 1362 1495 eo
1376 1469 1418 1502 qui
1431 1477 1503 1495 nunc
1517 1476 1642 1504 egressus
1653 1475 1786 1499 narratur.

1145 1514 1171 1542 5.
1186 1513 1285 1542 Verum
1300 1516 1361 1549 quia
1384 1515 1409 1542 id
1424 1516 1481 1543 fieri
1497 1517 1599 1551 nequit,
1615 1518 1699 1544 verbo
1715 1522 1802 1545 tamen
1826 1524 1905 1547 tenus

1110 1560 1160 1587 ista
1172 1560 1311 1596 fingamus,
1325 1566 1351 1587 et
1363 1567 1471 1589 catenas
1481 1562 1538 1597 ejus
1552 1570 1647 1590 omnes
1660 1563 1828 1597 auferamus;
1841 1569 1905 1592 tunc

1110 1605 1168 1641 ejus
1184 1605 1302 1634 furorem
1312 1607 1412 1641 liquido
1424 1609 1549 1635 sciemus.
1565 1610 1598 1635 At
1613 1608 1696 1636 feram
1709 1617 1723 1636 a
1735 1610 1811 1637 nobis
1822 1610 1906 1638 nuda-

1112 1658 1166 1680 tam
1181 1660 1215 1680 ne
1227 1652 1378 1680 formidetis
1391 1663 1397 1680 :
1414 1655 1439 1681 in
1455 1655 1537 1681 verbo
1551 1662 1667 1690 namque
1680 1660 1734 1682 tota
1748 1663 1827 1683 scena
1840 1663 1906 1684 con-

1111 1698 1192 1732 sistit,
1209 1706 1297 1734 neque
1313 1698 1338 1726 in
1353 1700 1391 1726 rei
1405 1700 1517 1727 veritate
1534 1700 1648 1735 idipsum
1664 1701 1854 1735 conspicimus.
1865 1701 1904 1729 Sit

1112 1744 1200 1780 itaque
1216 1744 1298 1772 homo
1311 1745 1455 1780 quispiam,
1470 1746 1558 1781 ignem
1570 1746 1605 1773 ab
1615 1747 1701 1774 oculis
1714 1748 1851 1780 emittcns,
1864 1748 1906 1775 ni-

1110 1798 1169 1826 ger,
1183 1791 1229 1826 qui
1244 1791 1271 1818 in
1286 1796 1400 1827 utroque
1413 1791 1530 1820 humero
1542 1793 1674 1821 dracones
1687 1794 1834 1829 pendentes
1845 1795 1905 1822 loco

1112 1838 1283 1866 brachiorum
1291 1838 1406 1873 habeat;
1419 1847 1449 1866 os
1458 1840 1554 1867 habeat
1565 1840 1591 1867 in
1600 1848 1654 1875 quo
1663 1848 1712 1875 pro
1719 1840 1844 1869 dentibus
1852 1843 1906 1878 gla-

1112 1885 1148 1913 dii
1158 1885 1211 1912 sint
1221 1885 1304 1918 inﬁxi,
1314 1894 1362 1921 pro
1374 1886 1464 1921 lingua
1475 1887 1535 1914 fons
1543 1888 1615 1914 virus
1626 1894 1815 1923 venenumque
1827 1889 1905 1915 emit-

1113 1937 1172 1959 tens
1182 1941 1189 1965 ;
1201 1937 1296 1960 venter
1302 1933 1359 1968 ejus
1369 1934 1442 1960 omni
1451 1933 1558 1961 fornace
1567 1933 1737 1966 sitvoracior,
1747 1942 1808 1969 quae
1818 1935 1905 1962 omnia

1113 1980 1211 2014 injecta
1224 1980 1369 2015 deglutiat;
1381 1980 1463 2015 pedes
1471 1981 1519 2007 alis
1530 1980 1651 2008 instructi
1661 1986 1687 2008 et
1697 1980 1803 2008 ﬂamma
1814 1983 1906 2017 quavis

1112 2025 1345 2059 vehementiores;
1357 2027 1445 2053 vultus
1455 2026 1513 2060 ejus
1522 2027 1596 2054 canis
1610 2026 1698 2062 etlupi
1711 2027 1827 2062 speciem
1843 2028 1906 2055 refe-

1113 2076 1172 2105 rat;
1188 2080 1241 2099 non
1256 2072 1398 2099 humanam
1409 2079 1500 2099 vocem
1514 2072 1635 2105 emittat,
1651 2072 1699 2100 sed
1715 2072 1910 2108 quidiusuavc,

1113 2118 1296 2153 iniucundum,
1306 2119 1424 2146 terribile
1437 2127 1443 2145 :
1455 2118 1480 2145 in
1489 2118 1663 2154 manibusque
1672 2118 1792 2145 flammas
1801 2118 1906 2146 habeat.

1113 2164 1251 2192 Horrenda
1272 2164 1361 2192 forsan
1378 2165 1453 2192 vobis
1474 2165 1531 2192 lta‘c
1549 2164 1706 2196 videantur;
1723 2164 1769 2191 sed
1790 2166 1908 2193 nondum

1114 2211 1188 2239 illum
1207 2211 1245 2238 uti
1261 2219 1307 2245 par
1322 2215 1380 2239 erat
1394 2211 1563 2245 depinximus
1579 2218 1586 2236 :
1604 2210 1645 2237 his
1659 2210 1756 2245 quippe
1775 2211 1826 2238 alia
1847 2217 1908 2239 sunt

1113 2257 1245 2285 addenda.
1261 2257 1360 2285 Obvius
1372 2264 1492 2292 quosque
1509 2256 1610 2292 jugulet
1622 2263 1653 2283 ac
1667 2256 1776 2284 devoret
1791 2278 1799 2291 ,
1815 2265 1908 2285 carnes

1114 2304 1223 2332 laceret.
1237 2304 1293 2331 Hoc
1306 2307 1427 2331 moastro
1438 2302 1555 2330 deterior
1565 2306 1606 2329 est
1615 2309 1722 2335 avarus,
1735 2302 1811 2337 quasi
1824 2302 1907 2330 infer-

1114 2359 1165 2379 nus
1177 2358 1271 2378 omnes
1286 2350 1396 2383 invadit,
1410 2349 1523 2377 omnes’
1539 2349 1680 2381 devorans,
1697 2350 1846 2377 communis
1860 2350 1908 2377 hr—

1115 2398 1186 2426 mani
1206 2397 1312 2433 generis
1333 2396 1417 2424 hostis
1429 2396 1601 2424 circumiens.
1618 2395 1724 2423 Nullum
1744 2397 1841 2432 quippe
1855 2398 1910 2423 vult

1114 2451 1257 2479 superesse
1271 2442 1406 2470 hominem
1418 2462 1426 2476 ,
1445 2445 1474 2468 ut
1492 2441 1580 2468 omnia
1603 2441 1746 2475 possideat.
1762 2441 1853 2476 Neque
1869 2441 1909 2469 hic

1116 2496 1205 2519 tamen
1218 2489 1288 2517 sistit
1300 2488 1411 2525 gradum
1423 2509 1431 2522 ,
1447 2488 1494 2515 sed
1509 2491 1648 2523 postquam
1662 2495 1757 2515 omnes
1768 2487 1910 2522 cupiditate

1115 2544 1163 2564 sua
1178 2535 1310 2572 perdidit,
1327 2539 1405 2562 terra:
1416 2534 1590 2562 substantiam
1606 2534 1679 2568 cupit
1692 2533 1811 2567 abolere,
1827 2534 1910 2561 illam-

1115 2590 1168 2618 que
1183 2583 1209 2610 in
1222 2590 1316 2610 aurum
1330 2588 1436 2609 versam
1450 2580 1541 2607 videre
1555 2588 1562 2606 :
1576 2587 1663 2614 neque
1677 2584 1780 2607 tantum
1794 2583 1910 2613 terram,

1116 2628 1164 2656 sed
1176 2632 1291 2661 montes,
1303 2627 1397 2660 saltus,
1409 2627 1495 2653 fontes
1506 2630 1533 2653 et
1542 2625 1631 2653 omnia
1644 2633 1704 2660 qua:
1714 2625 1764 2653 sub
1774 2630 1911 2659 aspectum

1117 2675 1226 2703 cadunt.
1244 2675 1330 2710 Atque
1344 2678 1373 2701 ut
1386 2673 1511 2706 discatis,
1530 2680 1579 2700 nos
1592 2672 1710 2700 nondum
1723 2672 1782 2707 ejus
1795 2671 1910 2699 furorem

1118 2726 1205 2749 totum
1217 2720 1445 2748 demonstravisse
1458 2727 1464 2746 :
1480 2726 1561 2746 nemo
1572 2719 1607 2745 sit
1619 2718 1664 2753 qui
1678 2718 1752 2745 illum
1767 2722 1877 2744 accuset
1888 2721 1910 2744 et

1119 2771 1237 2799 terreat;
1251 2766 1299 2794 sed
1310 2766 1374 2794 tolle
1387 2765 1556 2793 formidinem
1571 2765 1671 2800 legum,
1683 2768 1712 2792 et
1725 2763 1826 2791 videbis
1843 2764 1911 2790 illum

1118 2820 1227 2851 arrepto
1236 2813 1325 2850 gladio
1335 2821 1427 2839 omnes
1439 2811 1627 2841 trucidantem,
1639 2809 1913 2843 nctninniarcentem,

1153 2888 1484 2925 |_Quidanthtss.,qliivero
1504 2888 1650 2925 daemoniaci
1676 2887 1737 2913 nihil
1763 2888 1831 2913 aliud
1855 2886 1912 2912 ntali

1121 2919 1225 2978 [ηεὶῗῖξῖ
1236 2920 1387 2977 Ἥρωι
1400 2919 1509 2946 morbum
1521 2919 1545 2944 in
1556 2926 1581 2945 se
1593 2919 1711 2945 retineant

1228 2970 1235 2981 .
1330 2971 1335 2976 .
