4036 6448
332 397 440 453 555

322 514 423 565 καὶ
447 511 481 581 ἡ
522 509 757 582 πονηρία
780 509 890 563 τῶν
910 507 1202 579 δαιμόνων,
1225 501 1293 579 ἧς
1315 507 1596 579 ἀπήλλαξε
1625 508 1754 572 τοὺς
1792 507 1885 561 ὑπ’
1911 508 2009 561 αύ-

321 597 437 650 τῶν
461 598 879 668 κατεχομένους,
920 595 1254 666 σαφέστερον
1275 594 1624 659 διεδείκνυτο,
1648 596 1746 649 καὶ
1772 595 1856 649 ὅτι
1890 595 2013 648 οὐδὲ

321 688 529 759 χοίρων
554 689 693 741 εἶσὶν
724 687 995 742 ἅπτεσθαι
1023 685 1225 758 κύριοι,
1265 686 1342 757 μὴ
1375 685 1471 739 τοῦ
1491 685 1602 740 τῶν
1626 686 1766 739 ὅλων
1795 686 2012 755 ἐπιτρέ-

323 793 525 840 ποντος
554 774 711 830 Θεοῦ.
743 783 749 789 ’

397 863 461 916 δ’.
496 864 560 917 Εἰ
593 863 650 917 δέ
694 880 778 927 τις
816 861 911 916 καὶ
960 860 1101 916 κατὰ
1130 861 1422 933 ἀναγωγὴν
1467 860 1641 915 ταῦτα
1679 860 1918 924 ἐκλάϐοι,
1950 860 2013 914 τὸ

321 950 539 1008 κωλύον
569 950 738 1005 οὐδέν.
779 951 842 1004 Ἦ
879 950 981 1021 μὲν
1007 951 1116 1021 7&9
1153 949 1364 1021 ἰστορία
1401 946 1542 1019 αῦτη
1566 965 1580 980 ·
1611 949 1773 1003 δεῖδὲ
1810 949 2010 1003 εἰδέναι

322 1040 538 1110 σαφῶς,
581 1039 657 1102 ὡς
687 1039 734 1093 οἰ
771 1037 1052 1110 χοιρώδεις
1100 1037 1210 1093 τῶν
1259 1036 1564 1109 ἀνθρώπων
1609 1037 2010 1108 εὐεπιχείρητοι

320 1132 448 1192 ταῖς
492 1128 600 1182 τῶν
649 1126 919 1198 δαιμόνων
954 1125 1259 1198 ἐνεργείαις
1290 1124 1416 1179 εἰσί.
1453 1125 1563 1178 Kal
1607 1123 1884 1196 ἄνθρωποι
1911 1124 2011 1195 μὲν

322 1217 480 1279 ὄντες
531 1216 583 1269 οί
618 1213 791 1269 ταῦτα
840 1214 1161 1284 πάσχοντες,
1206 1212 1463 1267 δύνανται
1505 1212 1599 1266 καὶ
1628 1211 2010 1283 περιγενέσθαι

322 1303 589 1367 πολλάκις
612 1318 628 1333 ⁸
659 1302 725 1357 ἂν
774 1301 832 1354 δὲ
887 1304 1058 1373 χοῖροι
1106 1300 1168 1354 τὸ
1206 1301 1327 1354 ὅλον
1353 1300 1641 1369 γένωνται,
1677 1300 1737 1353 ού
1770 1298 2012 1370 δαιμονί-

323 1391 513 1456 ζονται
540 1391 721 1461 μόνον,
741 1388 878 1444 άλλά
900 1390 994 1447 καὶ
1016 1388 1573 1460 κατακρημνίζονται.
1596 1386 1708 1442 Kal
1734 1386 1908 1450 ἄλλως
1929 1385 2008 1450 δέ,

324 1478 417 1532 ἵνα
450 1479 523 1550 μή
545 1496 628 1541 τις
653 1476 858 1547 σκηνὴν
906 1474 1047 1530 εἶναι
1095 1474 1294 1549 νομίσῃ
1322 1475 1390 1530 τὶι
1419 1473 1710 1544 γενόμενα,
1752 1472 1888 1527 ἀλλά
1922 1490 2011 1526 πι-

323 1565 530 1639 στεύσῃ
554 1565 739 1633 σαφῶς
759 1566 842 1619 ὃτι
875 1563 1098 1635 ἐξῆλθον
1126 1567 1175 1618 οἱ
1209 1564 1461 1636 δαίμονες
1492 1563 1556 1629 ’⁵,
1582 1561 1691 1616 ἀπὸ
1720 1561 1814 1615 τοῦ
1840 1561 2008 1615 θανά-

319 1671 422 1707 του
455 1653 564 1707 τῶν
622 1658 821 1725 χοίρων
863 1653 1024 1705 τοῦτο
1069 1651 1277 1720 γίνεται
1325 1650 1645 1719 κατάδηλον.
1702 1648 1905 1702 Σκόπει
1952 1649 2008 1703 δὲ

321 1742 492 1797 αὐτοῦ
527 1743 622 1796 καὶ
674 1742 735 1794 τὸ
788 1743 962 1813 πρᾶον
995 1740 1133 1813 μετὰ
1174 1741 1272 1811 τῆς
1300 1739 1600 1809 δυνάμεως.
1644 1739 1863 1811 Ἐπειδὴ
1900 1739 2009 1812 7&9

320 1831 555 1886 τοιαῦτα
614 1829 1068 1902 εὐεργετηθέντες
1095 1827 1405 1898 ἀπήλαυνον
1437 1827 1600 1880 αὐτὸν
1621 1828 1672 1879 οί
1703 1826 1803 1899 τὴν
1824 1825 2011 1899 χώραν

321 1919 606 1983 οἰκοῦντες
656 1918 894 1990 ἐκείνην,
950 1918 1050 1970 ούκ
1078 1918 1402 1979 ἀντέτεινεν,
1453 1915 1568 1969 ἀλλ’
1604 1915 1923 1988 ἀνεχώρησε
1946 1917 2009 1981 ’⁸,

323 2009 424 2062 καὶ
460 2009 587 2071 τοῦς
624 2006 879 2074 ἀναξίους
917 2005 1306 2076 ἀποφήναντας
1344 2005 1572 2067 ἑαυτοὺς
1608 2004 1709 2075 τῆς
1737 2004 1902 2058 αὐτοῦ
1929 2003 2011 2058 δι-

321 2095 623 2161 δασκαλίας
654 2094 933 2159 κατέλιπε,
954 2093 1079 2155 τοὺς
1112 2089 1577 2163 ἐλευθερωθέντας
1609 2092 1718 2145 τῶν
1744 2091 2013 2163 δαιμόνων

321 2185 453 2249 δοὺς
488 2182 850 2247 διδασκάλους
878 2182 974 2236 xal
1000 2181 1041 2214 ⁸⁷
1073 2183 1201 2245 τοὺς
1233 2179 1503 2244 συϐώτας,
1529 2179 1671 2234 ῶστε
1701 2180 1833 2253 παρ’
1867 2182 2013 2235 ὲκεί-

325 2291 438 2327 νων
469 2270 663 2343 μαθεῖν
690 2271 868 2327 πάντα
905 2271 976 2325 τά
1007 2268 1352 2342 γεγενημένα
1376 2284 1391 2300 ·
1421 2270 1517 2324 καὶ
1542 2267 1707 2333 αὐτὸς
1735 2270 2015 2343 ἀναχωρή-

325 2378 431 2423 σας
458 2360 550 2414 τὸν
570 2360 734 2431 φόϐον
755 2359 980 2430 ἀφίησιν
1001 2357 1186 2422 αὐτοῖς
1207 2356 1605 2429 ἐνακμάζοντα.
1643 2357 1756 2411 Kal
1784 2358 1893 2429 7&9
1915 2360 2015 2429 τῆς

324 2449 537 2521 ζημίας
564 2448 625 2502 τὸ
645 2447 874 2520 μέγεθος
904 2445 1127 2500 διεδίδου
1155 2445 1252 2500 τοῦ
1282 2446 1648 2517 γεγενημένου
1673 2445 1771 2516 τὴν
1801 2448 2011 2518 φήμην,

326 2539 430 2593 καὶ
482 2538 789 2591 καθικνεῖτο
835 2536 936 2607 τῆς
963 2534 1205 2600 διανοίας
1248 2537 1292 2567 ³⁸
1324 2534 1505 2590 αὐτῶν
1528 2534 1590 2588 τὸ
1632 2536 1865 2604 συμϐάν.
1904 2536 2015 2590 Καὶ

326 2624 662 2695 πολλαχόθεν
691 2622 952 2694 ἐφέροντο
993 2622 1189 2691 φωναὶ,
1230 2620 1704 2693 ἀνακηρύττουσαι
1746 2621 1842 2675 τοῦ
1884 2622 2016 2676 θαύ⁴

327 2729 503 2784 ματος
538 2710 602 2765 τὸ
640 2709 964 2781 παράδοξον,
990 2707 1100 2763 ἀπὸ
1128 2709 1237 2763 τῶν
1271 2708 1738 2780 θεραπευθέντων,
1767 2708 1877 2764 ἀπὸ
1905 2710 2015 2764 τῶν

323 2799 893 2864 καταποντισθέντων,
932 2798 1042 2852 ἀπὸ
1063 2796 1174 2851 τῶν
1202 2796 1480 2852 δεσποτῶν
1504 2798 1614 2852 τῶν
1654 2799 1873 2870 χοίρων,
1905 2798 2016 2853 ἀπὸ

322 2888 440 2942 τῶν
469 2885 866 2958 ποιμαινόντων
911 2885 1111 2949 αὐτοὺς
1142 2884 1466 2957 ἀνθρώπων.
1511 2886 1554 2919 ¹⁹
1584 2886 1770 2942 Ταῦτα
1794 2889 1889 2942 καὶ
1917 2886 2017 2942 νῦν

324 2974 593 3045 γινόμενα
621 2973 720 3027 ῐδοι
752 2989 835 3035 τις
855 2971 943 3037 ἂν,
975 2972 1070 3026 καὶ
1095 2971 1323 3035 πολλοὺς
1348 2974 1406 3026 ἐν
1437 2974 1548 3037 τοῖς
1577 2974 1864 3045 μνημείοις
1900 2975 2015 3031 δαιο

328 3060 741 3135 μονιζομένους,
775 3059 868 3124 οῦς
893 3059 1048 3114 οὐδὲν
1072 3058 1295 3131 κατέχει
1317 3059 1416 3129 τῆς
1439 3060 1657 3130 μανίας,
1681 3061 1746 3115 οὐ
1772 3061 2010 3135 σίδηρος,

326 3150 433 3221 οὐχ
463 3149 672 3212 ἅλυσις,
703 3148 803 3200 οὐκ
835 3145 1141 3218 ἀνθρώπων
1189 3146 1412 3219 πλῆθος,
1468 3147 1529 3201 οὐ
1568 3148 1910 3219 παραίνεσις,
1951 3151 2013 3204 ού

329 3236 605 3300 νουθεσία,
637 3236 698 3289 οὐ
716 3235 899 3304 φόϐος,
923 3235 1024 3288 οὐκ
1060 3233 1279 3304 ἀπειλὴ,
1305 3233 1405 3287 οὐκ
1437 3233 1566 3289 ἄλλο
1614 3235 1724 3289 τῶν
1754 3236 2013 3290 τοιούτων

328 3326 508 3383 οὐδέν.
535 3326 648 3380 Kal
670 3323 779 3395 7&9
809 3324 938 3379 ὅταν
955 3340 1039 3386 τις
1069 3322 1369 3386 ἀκόλαστος
1464 3323 1601 3393 πρὸς
1624 3323 1802 3377 πάντα
1835 3324 1880 3357 ²⁰
1908 3324 2014 3379 σὼ.

330 3429 485 3485 ματα
531 3412 889 3482 ἐπτοημένος,
937 3409 1091 3464 οὐδὲν
1139 3409 1413 3480 διενήνοχε
1470 3407 1566 3462 τοῦ
1608 3409 1971 3480 δαιμονῶντος
1999 3429 2012 3445 ·

326 3500 471 3557 ἀλλά
522 3501 728 3570 γυμνὸς
763 3498 806 3530 ²¹
858 3496 1012 3570 [559]
1054 3496 1129 3560 ῶς
1159 3498 1362 3561 ἐκεῖνος
1413 3497 1783 3569 περιέρχεται,
1822 3499 2014 3570 ἱμάτια

332 3591 438 3659 μὲν
463 3585 827 3657 ἐνδεδυμένος,
858 3583 958 3654 τῆς
1001 3582 1058 3636 δέ
1113 3581 1346 3653 ἀληθοῦς
1390 3584 1682 3655 περιϐολῆς
1707 3585 2010 3658 ἐστερημέ-

272 3680 282 3687 ·
327 3691 423 3736 νος
449 3675 516 3739 θ’,
536 3672 629 3725 καὶ
651 3671 749 3741 τῆς
775 3667 924 3739 αὐτῷ
967 3666 1351 3739 προσηκούσης
1382 3667 1538 3739 δόξης
1567 3671 2013 3741 γεγυμνωμένος,

327 3763 397 3817 οὐ
424 3762 590 3824 λίθοις
627 3758 819 3813 ἑαυτὸν
845 3754 1232 3820 κόπτων,ἀλλά
1258 3756 1617 3828 ἁμαρτήμασι
1630 3757 1838 3812 πολλῶν
1852 3757 2016 3813 λίθων

327 3850 756 3923 χαλεπωτέροις.
812 3845 909 3909 Τίς
957 3842 1051 3900 οὖν
1107 3845 1200 3898 τὸν
1229 3844 1465 3899 τοιοῦτον
1508 3844 1667 3917 δῆσαι
1695 3846 2012 3919 δυνήσεται;

329 3943 422 4004 τες
449 3941 495 3970 ⁸³
524 3937 731 3991 παῦσαι
756 3933 1169 4005 ἀσχημονοῦντα
1195 3933 1289 3987 καὶ
1309 3933 1712 4006 οἰστρούμενον,
1746 3937 1839 3989 καί
1868 3936 2016 3991 οὐδέ-

331 4043 470 4082 ποτε
535 4027 592 4079 ἐν
651 4023 831 4095 ἐαυτῷ
860 4022 1164 4092 γινόμενον,
1210 4021 1324 4075 ἀλλ’
1373 4022 1459 4074 ἀεὶ
1492 4020 1641 4091 παρά
1662 4020 1730 4075 τὰ
1757 4023 2015 4093 μνήματα

334 4116 639 4187 φοιτῶντας
685 4112 924 4167 Τοιαῦτα
949 4111 1059 4182 7&9
1107 4109 1216 4163 τῶν
1245 4108 1459 4179 πορνῶν
1489 4108 1536 4140 ³⁸
1570 4108 1637 4161 τά
1669 4110 2013 4179 καταγώγια,

331 4204 540 4275 πολλῆς
562 4203 665 4274 τῆς
718 4201 984 4264 δυσωδίας
1016 4201 1275 4270 γέμοντα,
1309 4196 1510 4267 πολλῆς
1548 4197 1648 4267 τῆς
1699 4199 2009 4268 σηπεδόνος.

332 4293 404 4346 Τί
448 4292 505 4345 δὲ
566 4293 596 4346 6
647 4289 1015 4361 φιλάργυρος;
1060 4288 1180 4356 ούχί
1211 4285 1487 4353 τοιοῦτος;
1532 4286 1616 4349 τίς
1648 4286 1755 4357 7&9
1779 4288 1824 4318 ⁸⁵
1850 4288 2014 4343 αὑτὸν

334 4379 553 4450 ἰσχύσει
572 4378 734 4451 δῆσαί
757 4392 889 4431 ποτε
907 4393 922 4441 ς
948 4376 1068 4446 ούχί
1089 4374 1243 4443 φόϐοι
1273 4373 1367 4427 καὶ
1385 4374 1605 4427 ἀπειλαὶ
1626 4375 1764 4445 καθη
1774 4378 2010 4447 μεριναί,

330 4468 434 4524 καὶ
487 4465 837 4538 παραινέσεις
885 4462 978 4516 καὶ
1024 4461 1366 4533 συμϐουλαί;
1404 4460 1563 4514 Ἀλλά
1619 4462 1798 4516 πάντα
1838 4463 2013 4518 ταῦτα

328 4552 712 4610 διακόπτειτά
759 4551 935 4622 δεσμά
962 4564 975 4580 ·
1022 4548 1123 4604 κᾶν
1147 4549 1275 4621 έλθῃ
1306 4566 1386 4613 τις
1412 4549 1573 4604 αὐτὸν
1608 4551 1655 4584 ²⁰
1683 4550 2011 4617 ἀπαλλάξαι,

331 4642 545 4718 ὀρκίζει
566 4640 707 4696 ὥστε
742 4640 817 4713 μὴ
838 4637 1240 4709 ἀπαλλαγῆναι,
1273 4636 1505 4708 βάσανον
1531 4637 1834 4709 ἡγούμενος
1873 4636 2013 4694 εἶναι

334 4734 604 4807 μεγίστην
654 4733 716 4784 τὸ
753 4731 828 4802 μὴ
860 4725 1000 4782 εἶναι
1041 4730 1100 4781 ὲν
1159 4731 1226 4800 τῇ
1269 4728 1516 4799 βασάνῳ·
1543 4722 1604 4782 οῦ
1641 4728 1693 4782 τί
1722 4729 1918 4799 γένοιτ’
1948 4731 2015 4785 ἂν

330 4820 667 4893 ἀθλιώτερον
696 4820 780 4884 ¹⁷;
834 4817 1075 4879 Ἐκεῖνος
1120 4816 1217 4885 μὲν
1263 4815 1374 4889 γὰρ
1414 4818 1442 4870 6
1467 4817 1695 4887 δαίμων,
1727 4819 1778 4871 εἰ
1811 4818 1907 4872 καὶ
1931 4820 2022 4873 ἀν..

332 4910 572 4983 θρώπων
623 4905 1049 4977 κατεφρόνησεν,
1080 4903 1216 4957 ἀλλά
1241 4904 1320 4975 τῷ
1361 4906 1747 4975 προστάγματι
1787 4902 1896 4972 εἶξε
1921 4907 2016 4960 τοῦ

332 4996 597 5070 Χριστοῦ,
623 4996 717 5050 καί
743 4993 956 5064 ταχέως
976 4992 1298 5063 ἀπεπήδησε
1335 4993 1381 5023 ⁸⁸
1418 4991 1512 5045 τοῦ
1544 4991 1793 5063 σώματος
1812 5008 1826 5023 ⁶
1860 4989 2015 5060 οὗτος

331 5087 391 5140 δὲ
416 5084 538 5139 οὐδέ
566 5081 645 5155 τῷ
674 5081 1061 5152 προστάγματι
1103 5079 1261 5133 είκει.
1300 5078 1430 5133 Ἰδοὺ
1451 5078 1583 5147 γοῦν
1620 5080 1743 5134 καθ’
1774 5082 2014 5153 ἑκάστην

330 5173 551 5246 ἡμέραν
577 5169 765 5226 ἀκούει
793 5166 959 5223 αὑτοῦ
1005 5166 1273 5235 λέγοντος,
1313 5168 1395 5221 οὐ
1424 5166 1690 5223 δύνασθε
1724 5169 1845 5236 Θεῷ
1876 5170 2015 5225 δου-

330 5261 538 5317 ,ἱεύειν
569 5258 665 5313 καί
690 5253 965 5328 μαμωνᾷ,
996 5255 1089 5308 καὶ
1114 5254 1336 5322 γέενναν
1386 5254 1754 5322 ἀπειλοῦντος,
1794 5259 1889 5312 καὶ
1916 5259 2013 5323 τὰς

333 5347 670 5420 ἀνηκέστους
699 5346 972 5408 κολάσεις,
999 5344 1091 5396 καὶ
1123 5343 1185 5396 ού
1229 5343 1475 5398 πείθεται
1500 5360 1514 5375 ·
1551 5344 1651 5415 οὐχ
1688 5346 1770 5399 ὅτι
1799 5347 2014 5419 ἰσχυρο-

412 5465 457 5496 ¹⁸
481 5463 571 5519 Sic
611 5461 773 5518 codd.
800 5461 991 5531 "Versa,
1039 5456 1206 5531 Eulh.
1240 5458 1465 5531 ἐξῆλθεν
1490 5460 1520 5512 6
1555 5460 1764 5531 δαίμων
1814 5464 1950 5519 Edd.

1317 392 1383 447 ΙΝ
1422 390 1842 448 ΜΑΤΤΗᾹΞΗΜ
1879 388 2112 446 IIOMIL.
2154 391 2388 449 XXVIII.
2428 396 2500 450 al.
2539 392 2730 449 XXIX.

2059 5468 2104 5499 ”
2132 5468 2268 5540 ἀλλά
2308 5469 2401 5540 καὶ
2428 5470 2576 5540 ἀνεχ.
2622 5467 2756 5523 Edd.

3691 388 3795 445 550

2113 509 2272 579 τερός
2297 510 2413 563 ἐστι
2441 509 2534 563 τοῦ
2571 509 2830 581 Χριστοῦ,
2852 509 3062 564 ἀλλ’ὅτι
3089 510 3321 573 ἄκοντας
3345 510 3495 581 ἡμᾶς
3517 512 3546 565 6
3562 511 3799 583 Χριστὸς

2114 597 2174 649 ού
2211 596 2553 671 σωφρονίζει.
2586 599 2685 651 Διά
2715 597 2875 652 τοῦτο
2901 599 2977 662 ὡς
3005 600 3061 651 ἐν
3095 597 3326 670 ἐρήμοις
3348 601 3397 651 οἱ
3427 596 3658 652 τοιοῦτοι
3678 599 3798 652 δια-

2112 684 2380 754 τρίϐουσι,
2418 685 2525 739 κᾶν
2554 687 2612 739 ὲν
2637 685 2832 758 μέσαις
2866 686 3084 740 πόλεσιν
3114 678 3238 739 ῶσι.
3270 684 3366 749 Τίς
3391 686 3502 756 γὰρ
3527 684 3596 740 ἂν
3623 686 3801 739 ἕλοιτο

2113 770 2239 824 νοῦν
2267 771 2406 842 ἔχων
2437 772 2702 839 τοιούτοις
2727 773 3079 844 συγγίνεσθαι
3117 773 3426 846 ἀνθρώποις
3452 790 3466 839 ;
3495 773 3712 828 Μᾶλλον
3732 774 3800 827 ἂν

2112 856 2289 927 ἔγωγε
2313 860 2689 933 κατεδεξάμην
2712 861 2849 933 μετὰ
2891 861 3097 933 μυρίων
3134 860 3513 932 δαιμονώντων
3538 861 3729 923 οἰκεῖν,
3762 859 3798 931 ἢ

2117 947 2257 1018 μετὰ
2281 947 2401 1012 ἑνὸς
2430 949 2634 1022 ταύτην
2664 950 2948 1014 νοσοῦντος
2973 950 3073 1019 τὴν
3101 949 3275 1005 νόσον.
3305 950 3417 1003 Kal
3436 950 3518 1003 ὅτι
3538 949 3601 1001 οὐ
3623 947 3799 1018 σφάλ-

2112 1033 2276 1107 λομαι
2312 1037 2484 1091 ταῦτα
2532 1037 2727 1106 λέγων,
2788 1037 2945 1109 δῆλον
2988 1038 3048 1103 ἐξ
3086 1031 3161 1091 ὧν
3190 1037 3445 1108 ἑκάτεροι
3476 1037 3797 1107 πάσχουσιν.

2113 1119 2273 1178 υῦτοι
2305 1124 2404 1195 μὲν
2424 1125 2531 1199 γὰρ
2559 1126 2652 1179 τὸν
2676 1127 2828 1180 οὐδὲν
2857 1126 3157 1198 ἠδικηκότα
3186 1124 3379 1197 ἐχθρὸν
3398 1124 3680 1195 ἡγοῦνται,
3705 1124 3801 1177 καὶ

2115 1212 2393 1283 βούλονται
2420 1215 2515 1268 καὶ
2558 1214 2742 1268 δοῦλον
2768 1214 2953 1269 λαϐεῖν
2992 1214 3278 1286 ἐλεύθερον
3300 1214 3345 1244 ’θ
3375 1212 3527 1275 ὄντα,
3564 1213 3659 1266 καὶ
3695 1230 3800 1281 μυ-

2115 1301 2249 1373 ρίοις
2305 1302 2693 1372 περιϐάλλουσι
2746 1305 2965 1366 κακοῖς·
3008 1304 3057 1355 οἱ
3088 1302 3145 1356 δέ
3164 1301 3531 1372 δαιμονῶντες
3564 1300 3612 1332 ³⁸
3644 1300 3800 1353 οὐδὲν

2111 1390 2353 1445 τοιοῦτον
2375 1392 2416 1423 ³³
2449 1389 2794 1462 ἐργάζονται,
2829 1389 2945 1445 ἀλλ’
2976 1392 3035 1445 ὲν
3071 1390 3286 1453 έαυτοῖς
3321 1388 3420 1460 τὴν
3452 1387 3608 1441 νόσον
3637 1386 3799 1458 στρέ-

2113 1496 2293 1547 φουσι.
2320 1480 2432 1534 Kal
2464 1475 2611 1534 οῦτοι
2644 1480 2741 1551 μὲν
2764 1480 2808 1512 ³⁸
2843 1478 3043 1542 πολλὰς
3074 1477 3253 1542 οἰκίας
3285 1475 3675 1547 ἀνατρέπουσι,
3705 1477 3802 1528 καὶ

2111 1567 2171 1621 τὸ
2202 1568 2374 1640 δνομα
2397 1568 2492 1623 τοῦ
2524 1569 2659 1623 Θεοῦ
2685 1566 3124 1640 βλασφημεῖσθαι
3167 1563 3674 1637 παρασκευάζουσι,
3705 1564 3801 1617 καὶ

2110 1654 2258 1726 λύμη
2306 1657 2518 1721 πόλεως
2555 1658 2651 1712 καί
2690 1656 2791 1727 τῆς
2820 1655 3145 1726 οἰκουμένης
3181 1654 3401 1723 ἀπάσης
3450 1651 3587 1706 εἰσίν
3611 1668 3625 1683 ·
3661 1652 3709 1705 οἰ
3740 1652 3800 1704 δὲ

2112 1743 2218 1798 ὑπὸ
2246 1744 2516 1816 δαιμόνων
2564 1743 2940 1815 ἐνοχλούμενοι
2976 1743 3044 1807 ⁸³,
3096 1740 3365 1795 ἐλεεῖσθαι
3417 1739 3617 1812 μᾶλλόν
3657 1742 3800 1794 εἰσιν

2112 1831 2253 1897 ἄξιοι
2269 1834 2362 1887 καὶ
2376 1833 2727 1905 δακρύεσθαι.
2752 1832 2861 1887 Kal
2877 1833 2925 1885 οἰ
2947 1831 3045 1901 μὲν
3068 1831 3127 1883 ἐν
3146 1828 3475 1899 ἀναισθησίᾳ
3494 1827 3563 1881 τά
3577 1827 3800 1881 πλείονα

2113 1922 2475 1992 πράττουσιν·
2506 1921 2556 1973 οἱ
2591 1920 2649 1974 δὲ
2683 1920 2821 1992 μετά
2863 1915 3126 1988 λογισμοῦ
3160 1915 3590 1986 παραπαίουσιν,
3617 1914 3675 1967 ἐν
3710 1914 3801 1983 μέ-

2116 2024 2234 2069 σαις
2268 2008 2456 2062 πόλεσι
2503 2006 2915 2077 βακχευόμενοι,
2959 2005 3055 2058 καὶ
3094 2004 3289 2074 καινήν
3317 2019 3441 2056 τινα
3481 2001 3798 2072 μαινόμενοι

2119 2094 2338 2166 μανίαν.
2362 2095 2427 2148 Τί
2441 2094 2551 2167 γὰρ
2570 2094 2812 2148 τοιοῦτον
2824 2092 3146 2166 ἐργάζονται
3166 2092 3216 2145 οί
3236 2089 3599 2161 δαιμονῶντες
3626 2089 3800 2143 ἀπαν-

2113 2199 2223 2247 τες,
2248 2178 2361 2236 οἷον
2395 2183 2595 2247 Ἰούδας
2611 2182 2897 2253 ἐτόλμησε,
2917 2181 3016 2252 τὴν
3040 2180 3279 2251 ἐσχάτην
3302 2177 3651 2251 παρανομίαν
3674 2179 3797 2231 ἐπιο

2114 2270 2430 2341 δειξάμενος
2454 2288 2468 2337 ;
2498 2271 2608 2326 Kal
2639 2271 2840 2333 πάντες
2868 2269 2924 2322 δέ
2952 2270 3002 2322 οἱ
3040 2269 3248 2322 ἐκεῖνον
3278 2266 3592 2338 ζηλοῦντες,
3626 2264 3802 2319 καθά-

2114 2375 2223 2429 περ
2246 2358 2412 2429 θηρία
2450 2357 2663 2430 χαλεπά
2705 2358 2815 2412 ἀπὸ
2853 2355 3162 2428 γαλεάγρας
3200 2354 3463 2424 φυγόντα,
3491 2351 3591 2416 τάς
3614 2351 3799 2415 πόλεις

2116 2445 2459 2518 θορυϐοῦσιν,
2489 2443 2704 2509 οὐδενὸς
2726 2444 3067 2514 κατέχοντος.
3087 2442 3406 2513 Περίκειται
3438 2439 3538 2511 μὲν
3563 2438 3673 2511 7&9
3702 2440 3799 2493 κα)⁵

2114 2533 2326 2598 τούτοις
2356 2532 2533 2605 δεσμά
2563 2532 2901 2603 πανταχόθεν
2919 2548 2933 2562 ·
2967 2524 3080 2585 οἷον
3108 2531 3138 2583 ό
3175 2528 3285 2584 τῶν
3311 2526 3581 2583 δικαστῶν
3607 2526 3796 2597 φόϐος,

2114 2622 2148 2691 ἡ
2172 2620 2283 2676 τῶν
2315 2621 2498 2691 νόμων
2548 2620 2768 2691 ἀπειλὴ,
2801 2621 2835 2691 ὴ
2863 2618 3014 2690 παρὰ
3057 2617 3167 2671 τῶν
3198 2616 3409 2670 πολλῶν
3430 2614 3796 2683 κατάγνωσις,

2117 2711 2212 2765 καὶ
2235 2710 2400 2783 ἐτερα
2424 2710 2648 2765 πλείονα
2663 2710 2870 2764 τούτων
2894 2726 2908 2742 ·
2945 2709 3059 2764 ἀλλ’
3080 2711 3231 2779 ὅμως
3255 2706 3545 2763 καὶταῦτα
3573 2709 3800 2780 διαρρη-

2116 2798 2342 2869 γνύντες
2371 2798 2548 2854 πάντα
2595 2799 2708 2854 ἄνω
2733 2800 2828 2852 καὶ
2879 2798 3031 2853 κάτω
3054 2795 3289 2851 ποιοῦσι.
3325 2795 3439 2851 Kal
3466 2797 3519 2849 εί
3540 2813 3631 2861 τις
3659 2797 3801 2851 αὺτά

2115 2888 2299 2943 τέλεον
2325 2889 2505 2944 αὐτῶν
2531 2889 2578 2922 ³⁵
2609 2890 2818 2958 ἀφεῖλε,
2841 2889 2961 2943 τότε
2995 2889 3062 2943 ἂν
3096 2888 3239 2959 ἔγνω
3265 2885 3452 2958 σαφῶς
3484 2886 3575 2940 τὴν
3604 2886 3664 2940 ἐν
3697 2886 3801 2940 αύ-

2117 2979 2230 3040 τοῖς
2258 2976 2491 3049 δαίμονα
2542 2977 2677 3032 πολὺ
2718 2976 2813 3031 τοῦ
2852 2977 2946 3031 νῦν
2978 2975 3284 3041 ἐξελθόντος
3306 2972 3643 3046 ἀγριώτερον
3671 2973 3800 3027 ὄντα

2119 3065 2211 3119 καὶ
2233 3064 2629 3138 μανικώτερον.

2190 3151 2344 3225 [540]
2374 3159 2436 3207 ε’.
2462 3151 2602 3205 Ἀλλ’
2621 3151 2811 3224 ἐπειδὴ
2826 3152 2987 3207 τοῦτο
3006 3152 3108 3207 οὐκ
3128 3150 3230 3217 ένι,
3247 3149 3328 3223 τῷ
3347 3149 3492 3222 λόγῳ
3513 3148 3650 3214 τέως
3666 3149 3801 3203 αὐτὸ

2118 3238 2470 3312 ὁποθώμεθα,
2512 3243 2607 3295 καὶ
2640 3241 2823 3306 πάσας
2848 3239 3013 3296 αὐτοῦ
3049 3241 3391 3313 περιέλωμεν
3418 3239 3517 3302 τὰς
3545 3237 3793 3297 ἁλύσεις·

2118 3329 2211 3382 καὶ
2243 3329 2366 3383 τότε
2410 3330 2577 3385 αὑτοῦ
2613 3330 2801 3398 σαφῶς
2831 3328 3092 3399 εἰσόμεθα
3122 3327 3223 3399 τὴν
3262 3326 3524 3398 λαμπρὰν
3577 3324 3796 3397 μανίαν.

2129 3415 2291 3470 Ἀλλά
2323 3416 2398 3489 μὴ
2423 3417 2639 3490 δείσητε
2671 3418 2732 3471 τὸ
2760 3416 2947 3489 θηρίον
2968 3456 2983 3480 ,
3024 3418 3154 3470 ὅταν
3188 3415 3321 3469 αὐτὸ
3353 3412 3752 3483 ἐκκαλύψωμεν
3781 3430 3795 3443 ·

2115 3503 2173 3556 ἐν
2195 3503 2304 3576 γάρ
2333 3504 2412 3574 τῷ
2444 3503 2588 3575 λόγῳ
2609 3505 2643 3576 ή
2668 3504 2841 3575 σκηνὴ
2860 3545 2873 3569 ,
2896 3503 2997 3557 οὐκ
3020 3504 3079 3556 ἐν
3108 3501 3336 3572 ἀληθείᾳ
3365 3501 3412 3533 ⁸³
3444 3500 3507 3553 τὸ
3536 3500 3794 3571 πρᾶγμα.

2119 3596 2300 3649 Ἔστω
2335 3596 2514 3650 τοίνυν
2564 3613 2647 3659 τις
2693 3595 2981 3667 ἄνθρωπος
3032 3592 3143 3665 πῦρ
3190 3592 3299 3648 ἀπὸ
3349 3591 3459 3646 τῶν
3502 3588 3798 3661 ὀφθαλμῶν

2115 3685 2320 3755 ἀφιεὶς,
2357 3684 2544 3756 μέλας,
2582 3684 2642 3750 ἐξ
2675 3685 2954 3756 ἑκατέρων
2984 3681 3091 3736 τῶν
3135 3679 3306 3756 ὤμων
3338 3678 3641 3751 δράκοντας
3676 3678 3800 3731 ἀντὶ

2117 3753 2317 3850 χειρῶν
2351 3753 2492 3843 έχων
2525 3753 2928 3845 ἐξηρτημένους
2955 3787 2971 3804 ·
3004 3769 3146 3823 ἔστω
3179 3753 3239 3823 δὲ
3270 3766 3421 3837 αὐτῷ
3451 3766 3547 3819 καὶ
3590 3764 3762 3835 στόμα
3781 3805 3798 3829 ,

2117 3863 2237 3916 ἀντὶ
2266 3862 2366 3933 μὲν
2391 3861 2618 3915 ὀδόντων
2652 3860 2778 3930 ξίφη
2795 3859 2922 3926 ὀξέα
2954 3858 3075 3929 ἕχον
3104 3855 3464 3929 ἐμπεπηγότα
3493 3855 3560 3919 ⁸⁸,
3590 3853 3711 3907 ἀντὶ
3740 3852 3799 3905 δέ

2117 3948 2369 4018 γλώσσης
2400 3947 2481 4001 ἰοῦ
2512 3947 2606 4001 κα)⁵
2646 3945 2972 4018 δηλητηρίου
3005 3945 3297 4014 φαρμάκου
3345 3939 3529 4012 πηγὴν
3560 3938 3798 3993 ἀναϐλύ-

2117 4036 2318 4102 ζουσαν
2344 4053 2357 4067 ·
2388 4036 2601 4107 γαστὴρ
2631 4036 2688 4089 δὲ
2707 4074 2722 4097 ,
2754 4035 2985 4106 καμίνου
3041 4034 3225 4103 πάσης
3269 4029 3792 4103 δαπανητικωτέρα,

2117 4126 2184 4178 τὰ
2215 4125 2595 4196 ἐμϐαλλόμενα
2628 4122 2992 4176 ἀναλίσκουσα
3025 4121 3273 4175 ἅπαντα·
3323 4118 3416 4172 καὶ
3454 4116 3615 4180 πόδες
3660 4116 3797 4168 ύπό-

2116 4211 2306 4285 πτεροί
2350 4228 2495 4274 τινες
2534 4211 2629 4264 καὶ
2675 4209 2869 4278 φλογὸς
2922 4209 3140 4280 ἀπάσης
3195 4206 3577 4279 σφοδρότεροι·
3612 4204 3708 4257 καὶ
3738 4203 3801 4256 τὸ

2121 4302 2413 4371 πρόσωπον
2439 4298 2497 4353 δέ
2527 4296 2676 4369 αὐτῷ
2704 4297 2812 4351 ἀπὸ
2846 4297 3006 4360 κυνὸς
3034 4297 3129 4349 καὶ
3160 4294 3323 4348 λύκου
3358 4292 3800 4361 κατεσκευασμέ-

2121 4406 2207 4443 νον
2237 4388 2411 4443 εοτω·
2439 4387 2532 4440 xal
2567 4384 2886 4457 φθεγγέσθω
2924 4383 3089 4456 μηδὲν
3138 4381 3496 4454 ἀνθρώπινον,
3542 4379 3656 4434 ἀλλ’
3688 4380 3799 4433 ἀπ-

2120 4476 2252 4547 ηχές
2279 4493 2334 4529 τι
2359 4474 2454 4529 καὶ
2480 4474 2643 4546 ἀηδὲς
2675 4474 2768 4527 καὶ
2809 4472 3040 4544 φοϐερόν
3061 4488 3074 4503 ·
3110 4470 3284 4542 ἐχέτω
3326 4469 3383 4523 δὲ
3413 4469 3508 4522 καὶ
3552 4467 3613 4521 ἐν
3642 4468 3801 4538 χερσὶ

2121 4564 2314 4636 φλόγα.
2350 4563 2503 4634 Τάχα
2533 4561 2740 4634 φοϐερά
2768 4562 2917 4616 δοκεῖ
2940 4556 3080 4613 εἶναι
3101 4559 3229 4630 ὑμῖν
3261 4557 3331 4611 τὰ
3355 4555 3624 4628 εἰρημένα
3644 4574 3655 4585 ·
3679 4554 3796 4607 ἀλλ’

2114 4653 2327 4706 οὐδέπω
2370 4653 2489 4705 κατ’
2543 4650 2702 4717 ἀξίαν
2751 4650 2912 4703 αὐτὸν
2964 4645 3413 4718 ἐσχηματίσαμεν
3440 4659 3453 4672 ·
3503 4641 3641 4714 μετά
3688 4641 3798 4712 7&9

2115 4739 2320 4795 τούτων
2353 4738 2447 4793 καὶ
2472 4737 2636 4809 ἔτερα
2660 4737 2741 4791 δεῖ
2762 4736 3102 4807 προσθεῖναι.
3129 4734 3238 4787 Kal
3263 4733 3370 4802 7&9
3395 4730 3438 4762 ⁸⁷
3466 4730 3593 4794 τοὺς
3622 4730 3799 4783 ἀπαν-

2113 4826 2322 4890 τῶντας
2377 4826 2684 4896 σφαττέτω,
2753 4823 3111 4887 κατεσθιέτω,
3173 4820 3282 4874 τῶν
3340 4818 3561 4890 σαρκῶν
3614 4818 3798 4871 αὐτῶν

2116 4914 2394 4970 ἁπτέσθω.
2413 4913 2574 4967 Ἀλλά
2603 4912 2697 4967 xal
2712 4914 2902 4965 τούτου
2926 4909 3104 4979 πολλῴ
3134 4906 3513 4980 χαλεπώτερος
3541 4908 3569 4960 6
3600 4907 3795 4977 φιλάρ-

2117 5017 2302 5073 γυρος,
2336 5003 2499 5054 πᾶσιν
2529 5000 2700 5054 ἐπιὼν
2734 4999 2921 5070 ὥσπερ
2949 4998 3103 5070 ᾅδης,
3140 4996 3348 5060 πάντας
3379 4995 3425 5027 ³⁸
3457 4994 3795 5055 καταπίνων,

2118 5090 2295 5154 κοινὸς
2339 5089 2593 5160 πολέμιος
2640 5088 3062 5159 περιερχόμενος
3088 5083 3184 5137 τοῦ
3228 5083 3338 5138 τῶν
3369 5081 3673 5155 ἀνθρώπων
3706 5082 3799 5150 γέ-

2116 5195 2262 5242 νους.
2317 5180 2428 5231 Καὶ
2467 5177 2577 5250 7&9
2628 5177 2875 5249 βούλεται
2926 5174 3131 5246 μηδένα
3175 5172 3462 5243 ἄνθρωπον
3494 5167 3630 5223 εῖναι
3657 5209 3670 5233 ,
3709 5170 3800 5222 ἵνα

2116 5266 2187 5318 τά
2232 5265 2409 5319 πάντα
2437 5267 2481 5297 ³⁸
2541 5266 2764 5337 κατέχῃ.
2816 5265 2928 5318 Kal
2973 5262 3096 5316 οὐδὲ
3137 5259 3371 5315 ἐνταῦθα
3400 5259 3649 5322 ῑσταται,
3680 5257 3797 5311 ἀλλ’

2118 5354 2246 5406 ὅταν
2274 5356 2480 5417 πάντας
2510 5352 2753 5424 ἀπολέσῃ
2783 5354 2849 5424 τῇ
2886 5349 3173 5423 ἐπιθυμίᾳ,
3203 5349 3297 5402 καὶ
3326 5348 3426 5419 τῆς
3446 5348 3549 5419 γῆς
3578 5346 3676 5417 τὴν
3703 5348 3797 5399 ού-

2864 5469 2905 5499 ¹⁷
2941 5469 3037 5521 καὶ
3065 5483 3179 5522 om.
3223 5465 3287 5522 C.
3331 5463 3376 5517 D
3427 5463 3489 5519 E.
3537 5463 3596 5518 F.
3632 5461 3799 5515 I’auiu

328 5544 465 5591 ante
494 5533 617 5610 δοὺς
652 5549 762 5587 om.
887 5529 1016 5610 τοὺς
1051 5528 1500 5610 συϐώταςχτοὺςη
1524 5528 1959 5610 χοιροϐόσκονταε

2188 5555 2201 5601 ;
2242 5528 2563 5610 συμϐιοταῖς
2609 5540 2730 5610 (sic)
2763 5539 2824 5594 C.
2861 5538 3039 5593 Verba
3067 5539 3211 5610 τοῦς
3263 5534 3798 5610 συϐώταςηιςιιιύιιιιιίηη

330 5604 559 5662 sustulit
602 5619 747 5658 corr.
783 5603 848 5657 Ι).
886 5600 1048 5655 Plura
1085 5599 1141 5652 in
1185 5599 1371 5654 adnm.

333 5737 926 5816 m9;60ﬁ¢_lidbél_l_§,
946 5808 968 5816 _
997 5740 1049 5816 ’ἶ
1073 5737 1180 5816 τίς]
1221 5737 1490 5816 καῖ’ῌιιά.

763 5603 848 5687 Ἰ).
886 5601 1048 5687 Pl‘ura
1068 5601 1141 5687 in
1185 5601 1371 5687 arduo}.
1424 5601 1501 5687 It“
1522 5601 1959 5687 διανοίαςλὸἰιὶιι

2188 5601 2327 5687 ξῐηις
2346 5601 2568 5687 ἀγνοίας
2592 5601 2668 5687 .Ᾱ.
2693 5601 2772 5687 CL
2893 5607 3252 5687 ἀναισθησίας

333 5676 501 5750 Κατά
533 5672 897 5750 ’φιλαργύρων
925 5669 1042 5750 Α.-.
1068 5668 1344 5750 ²⁰.πάντα]
1642 5673 1715 5750 Β..
1892 5676 1937 5750 '_‘
1957 5676 2197 5750 γυμνὸς]
2226 5680 2351 5750 σιω.
2388 5668 2464 5733 ῶν
2490 5668 2626 5736 Εᾶιί.

1571 5741 1615 5773 ’δ
1647 5743 1860 5803 πύρνων
1896 5741 2197 5802 Είιᾶ.’(;υιιῖ
2234 5747 2295 5803 F.

3431 5606 3471 5635 "
3507 5605 3793 5657 llGlix'ON.

2731 5682 2776 5711 "
2816 5674 3652 5749 ἀπεστερημένοςῌΕᾱᾶηστοὶ-ᾖς
3699 5690 3794 5741 pm

2372 5751 2417 5782 ι·
2441 5750 2573 5823 γὰρ]
2599 5751 2654 5823 δὲ
2676 5750 2827 5823 Εάειο.
2860 5766 2915 5820 ρ.
2950 5766 3004 5823 ρο
3027 5744 3342 5823 weak-
3397 5746 3459 5823 1“
3491 5744 3654 5823 ᾳίιτὲδν
3680 5760 3791 5823 ωει-

329 5818 397 5870 (ἶ.
415 5808 501 5868 ’[ὶ.
529 5808 601 5868 Εξ
625 5813 687 5868 F.
719 5808 1053 5912 ἀπαλλάξαιΙ
1075 5808 1198 5866 add.
1234 5809 1343 5862 τῶν
1368 5810 1584 5881 δεσμῶν
1618 5808 1753 5868 Edd.
1830 5815 1875 5845 "
1901 5834 1959 5884 χο

332 5889 382 5912 II
409 5884 503 5912 ..λιι
534 5884 691 5912 {Xa/.0
775 5884 801 5912 Δ
865 5883 904 5912 [⁸
1006 5880 1029 5912 ⁸
1092 5882 1137 5912 ,ι
1181 5880 1235 5912 κδ
1267 5882 1411 5912 ιῖἴιυ
1447 5882 1571 5912 κη...
1647 5882 1686 5912 ι’
1747 5882 1786 5912 Π
1861 5895 1911 5912 Λο
1957 5904 1959 5912 .

2190 5836 2286 5912 PO“:
2305 5808 2711 5912 (οπηοξᾶἀγβάοει.
2788 5821 2834 5853 ’⁸
2860 5808 3181 5912 ἀπέδήιμζξξσε
3208 5819 3272 5872 Α.
3304 5814 3703 5912 ς’..υχάπέέστη

332 5889 382 5919 ’ν
408 5884 503 5939 τὸν
533 5884 713 5938 ἐλεύθ.
766 5884 832 5936 Α.
865 5883 926 5936 C.
1006 5880 1053 5952 θ’
1084 5882 1141 5952 εἰ
1180 5880 1237 5933 δὲ
1266 5882 1415 5935 ἄλλοι
1444 5880 1597 5952 δαίμ.
1647 5882 1711 5937 C.
1746 5882 1806 5937 F.
1860 5880 1915 5939 ei

1955 5903 2037 5956 pr.
2079 5888 2142 5941 D.

2245 5889 2288 5920 ³¹
2313 5884 2587 5964 ’Ἕριοῦτοῇ
2636 5892 2725 5947 Sic
2780 5892 2965 5964 σού-(1η
2989 5884 3053 5945 εἴ
3083 5884 3434 5964 Y_crs_s._&).).o
3472 5884 3607 5964 Ed_d.
3642 5900 3705 5964 ιι..
3732 5899 3765 5964 ρ

329 5955 600 6032 τρέφουσι
621 5953 818 6032 Edd.“
847 5954 892 5984 "
922 5951 1032 6003 Kal
1049 5946 1203 6032 ρῦτοι
1234 5952 1356 6032 μὲν]
1373 5946 1561 6032 “0619::
1595 5953 1651 6032 δέ
1884 5946 1959 6011 1⁴’.¹

2188 5959 2272 6032 DL
2328 5960 2374 5991 ³³
2407 5946 2724 6032 ὀχλούμενοί
2767 5966 2829 6015 Α·
2852 5962 2913 6015 Ο·
2951 5963 3009 6015 Ι).
3063 5960 3134 6032 _‘"
3162 5957 3339 6014 αὐτῶν
3376 5971 3486 6011 om.
3523 5957 3589 6010 Δ.
3642 5946 3709 5985 ’³⁸
3735 5946 3792 6009 ἓν

342 6020 408 6101 τῇ
436 6020 524 6080 ἀλ.
553 6023 693 6080 Edd.
773 6023 821 6055 “
845 6020 1135 6091 πεπηγότα
1172 6020 1243 6074 Α.
1268 6020 1430 6077 ΩῘΡ.
1509 6024 1551 6053 ³⁷
1585 6022 1715 6098 7&9]
1738 6025 1864 6082 add.
1892 6043 1959 6080 κα

2230 6030 2276 6062 ³⁸
2310 6020 2487 6086 πάντα
2530 6020 2665 6090 Εἱίιί.
2743 6034 2789 6067 ⁸³
2816 6032 3033 6088 πάντων
3059 6029 3119 6084 F.

576 6112 852 6174 ΡΑτιιοι..
898 6109 1016 6172 Gn.
1069 6107 1255 6168 LVII.

3397 6128 3467 6185 id
