4036 6458
351 396 461 455 5ἒὶ7
1324 402 1357 507 Ili

354 528 462 566 non
494 512 668 565 amico
692 553 707 576 ,
739 528 842 565 non
875 523 1132 583 cognato,
1168 530 1273 568 non
1305 515 1486 581 fratri,
1521 531 1625 569 non
1655 518 1810 586 patri.
1843 516 1954 571 luto

353 619 487 656 vero
526 620 633 658 non
668 622 802 672 opus
830 615 914 661 est
953 606 1106 660 nobis
1137 606 1222 659 illa
1263 605 1585 677 byputhesi;
1617 608 1955 664 sciscitemur

348 695 423 747 ab
452 710 539 761 eo,
565 711 744 748 annon
775 696 864 751 ille
886 695 1184 766 huiusmodi
1210 712 1298 752 res
1324 698 1375 751 in
1397 698 1721 767 cogitatione
1744 709 1950 764 verset,

349 802 533 842 annon
562 803 751 843 omnes
779 789 957 843 animo
994 790 1240 853 invadat,
1265 804 1443 844 annon
1472 790 1699 845 trucidet
1726 793 1950 859 amicos,

346 894 612 952 Cognatas
635 893 687 937 et
717 884 1106 954 progenitores.
1132 885 1243 940 lmo
1265 901 1393 942 vero
1421 886 1563 941 nulla
1588 887 1949 958 interrogandi

348 974 671 1041 necessitas,
699 988 821 1029 cum
851 990 1009 1030 nemo
1037 976 1243 1031 nesciat
1270 989 1364 1032 eos
1387 1017 1403 1042 ,
1432 977 1522 1047 qui
1562 976 1665 1032 hoc
1698 987 1951 1034 tenentur

345 1065 563 1130 morbo,
593 1074 922 1120 senectutem
950 1066 1113 1136 patris
1136 1067 1214 1121 sui
1237 1082 1380 1138 a‘gre
1407 1067 1567 1134 ferre,
1593 1076 1646 1123 et
1665 1068 1807 1138 quod
1835 1070 1953 1125 aliis

346 1155 510 1210 dulce
534 1156 872 1226 Optabileque
901 1169 1003 1223 est,
1029 1175 1219 1228 nempe
1249 1159 1384 1215 ﬁlios
1412 1161 1631 1227 habere,
1661 1178 1948 1218 onerosum

346 1247 683 1302 existimare.
713 1247 861 1302 Multi
892 1250 1033 1303 enim
1076 1249 1175 1306 hac
1208 1251 1276 1305 de
1319 1266 1475 1304 causa
1508 1253 1790 1308 orbitatem
1823 1264 1946 1308 sunt

346 1337 554 1406 adepti,
591 1349 942 1408 naturamque
970 1341 1205 1395 sterilem
1238 1343 1622 1408 reddiderunt,
1655 1359 1758 1397 non
1789 1345 1949 1399 modo

345 1440 508 1485 natos
543 1432 848 1487 «recidentes
872 1476 886 1497 ,
920 1433 1012 1487 sed
1040 1434 1197 1487 etiam
1232 1450 1297 1489 ne
1336 1445 1681 1489 naseereutur
1706 1436 1945 1491 efficien-

351 1534 458 1578 tes.
487 1524 563 1579 Nc
591 1525 856 1580 miremini
884 1527 1062 1595 itaque
1082 1568 1095 1587 ,
1129 1528 1171 1580 si
1199 1543 1414 1581 avarum
1446 1529 1531 1583 illa
1566 1529 1735 1584 forma
1761 1530 1947 1599 depin-

342 1617 587 1671 xerimus
620 1633 633 1672 :
664 1632 785 1671 nam
831 1618 985 1687 longe
1021 1617 1194 1672 adhuc
1221 1619 1452 1673 deterior
1481 1628 1595 1687 est,
1628 1636 1785 1690 quam
1815 1622 1947 1675 dixi-

342 1723 489 1761 mus.
526 1707 635 1763 Sed
672 1708 945 1765 videmnus
987 1726 1092 1778 quo
1133 1722 1288 1779 pacto
1316 1728 1436 1765 eum
1477 1713 1544 1766 al)
1574 1714 1673 1767 hoc
1702 1713 1947 1770 dtemone

343 1799 578 1855 liberare
608 1800 918 1869 poterimus.
959 1801 1238 1867 Quomodo
1270 1802 1401 1856 liber
1426 1804 1573 1857 erit?
1609 1804 1662 1858 Si
1694 1805 1837 1859 clare
1865 1806 1945 1859 di-

340 1891 535 1946 dicerit
570 1893 847 1947 avaritiam
882 1894 961 1947 \el
1005 1892 1070 1947 ad
1104 1894 1356 1962 pecunias
1386 1895 1773 1962 comparandas
1810 1910 1944 1950 cou-

341 1984 563 2036 tt‘ariatu
604 1997 724 2038 esse
753 2000 767 2037 ι
803 1999 922 2038 nam
953 1984 1040 2053 qtti
1074 1999 1231 2052 parva
1263 1985 1456 2039 lucrari
1484 1986 1668 2040 volunt
1689 2028 1704 2051 ,
1734 2002 1947 2057 semper

339 2091 534 2146 magna
567 2078 839 2145 patiuntur
861 2079 1054 2131 damna
1077 2097 1090 2132 :
1113 2078 1161 2132 id
1184 2077 1324 2148 quod
1347 2080 1504 2133 etiam
1528 2081 1578 2135 in
1606 2082 1942 2150 proverbium

341 2184 562 2223 versum
604 2179 705 2223 est.
738 2169 883 2223 Multi
915 2182 1061 2225 certe
1087 2187 1208 2224 eum
1246 2181 1485 2224 mutuum
1518 2187 1708 2242 magno
1741 2174 1944 2229 femore

335 2260 553 2326 darent,
583 2276 686 2314 non
710 2261 999 2329 exploratis
1026 2262 1334 2330 accipientis
1361 2262 1717 2328 facultatibus,
1739 2276 1940 2319 sortem

338 2350 512 2419 ipsam
537 2366 656 2403 cum
686 2354 859 2405 usuris
881 2353 1197 2406 amiserunt.
1218 2351 1448 2405 Rursum
1472 2354 1558 2407 alii
1589 2356 1638 2407 in
1667 2356 1937 2423 periculis,

335 2458 464 2495 cum
495 2443 694 2496 nollent
727 2459 888 2513 pauca
919 2443 1181 2513 proferre,
1208 2444 1368 2498 vitam
1395 2460 1514 2497 cum
1544 2448 1734 2514 opibus
1761 2448 1938 2515 perdi-

334 2535 561 2589 derunt.
597 2535 727 2590 Item
757 2535 848 2590 alii
878 2552 997 2589 cum
1028 2536 1315 2605 dignitates
1342 2538 1677 2606 peettuiarias
1698 2581 1710 2603 ,
1743 2539 1824 2592 vel
1859 2540 1938 2594 si-

338 2625 489 2680 milia
517 2627 739 2696 adipisci
774 2634 989 2695 possent
1014 2669 1026 2692 ,
1055 2642 1178 2679 cum
1210 2628 1550 2695 parcimnnim
1579 2629 1736 2684 nimis
1756 2631 1940 2686 stude-

332 2726 481 2783 rent,
501 2734 528 2769 a
548 2727 660 2771 toto
678 2718 1008 2772 cxx-ideruut.
1032 2717 1292 2784 Quoniam
1310 2721 1450 2771 enittt
1469 2735 1651 2774 serere
1670 2722 1934 2789 nesciunt,

329 2810 430 2864 sed
466 2820 663 2864 metere
693 2819 892 2863 tantum
923 2811 1172 2874 student,
1201 2826 1229 2862 a
1258 2824 1434 2864 messe
1461 2810 1767 2880 frequenter
1795 2815 1939 2869 exci-

1324 401 1386 455 IN
1427 398 1832 460 ΜΑΤἸἸίΑΞυΜ
1875 402 2102 460 llOMlL.
2147 404 2340 463 XXIX.
2382 410 2453 462 al.
2499 410 2663 466 XXX.

3561 429 3664 484 353

2065 519 2216 574 dunt.
2251 521 2418 577 Nemo
2456 525 2598 580 enim
2642 543 2853 599 semper
2887 543 3089 591 metere
3119 548 3296 606 potest
3327 583 3340 605 ,
3387 542 3527 598 sicut
3567 562 3667 603 nec

2064 624 2278 680 semper
2324 614 2539 670 lucrari.
2581 617 2713 685 Quia
2764 623 2923 691 igitur
2967 626 3276 696 impendere
3321 634 3526 698 nolunt,
3563 651 3664 692 nec

2071 703 2263 757 lucrari
2290 705 2500 770 sciunt,
2538 709 2631 763 sed
2660 721 2712 765 et
2738 714 2781 766 si
2811 729 3032 771 uxorem
3063 718 3261 776 ducere
3290 736 3536 792 Oper-teat
3559 769 3575 792 ,
3609 728 3663 783 ir.

2066 792 2207 847 idem
2241 795 2479 850 incidunt
2518 798 2806 869 damnum,
2836 804 2965 860 dum
2995 808 3075 862 vel
3114 812 3326 879 inopem
3371 832 3466 882 pro
3496 817 3665 876 divite

2062 883 2283 951 ducunt,
2316 886 2398 940 vel
2425 888 2467 941 si
2496 889 2717 946 divitem
2747 894 3033 964 accipiant,
3058 910 3111 953 et
3137 901 3225 955 illa
3254 905 3402 959 mille
3423 907 3566 962 vitiis
3593 911 3664 968 si:

2061 975 2285 1042 atl'ecta,
2322 979 2372 1031 in
2415 981 2586 1051 majus
2628 984 2869 1041 incidunt
2912 989 3314 1049 detrimentum.
3355 998 3470 1053 Non
3515 1004 3659 1060 enim

2063 1068 2354 1138 opulentia,
2384 1072 2478 1126 sed
2509 1074 2677 1131 virtus
2701 1077 2913 1134 divitias
2945 1083 3100 1151 parit.
3129 1084 3261 1140 Nam
3289 1103 3406 1158 quae
3429 1108 3492 1145 ex
3522 1092 3665 1149 diti-

2063 1161 2148 1214 tiis
2171 1162 2388 1225 utilitas,
2425 1164 2468 1219 si
2493 1166 2577 1219 illa
2602 1169 2820 1240 prodiga
2846 1171 2915 1226 sit
2935 1182 2989 1228 et
3009 1186 3342 1247 sumptuosa,
3362 1184 3479 1238 etsi
3505 1188 3656 1255 quasi

2062 1263 2251 1307 ventus
2278 1258 2455 1310 omnia
2488 1258 2756 1329 dissipet?
2784 1263 2908 1333 quid
2938 1265 2981 1320 si
3005 1267 3201 1324 lasciva
3227 1272 3316 1337 sit,
3343 1289 3405 1329 ac
3434 1290 3662 1333 sexcen-

2060 1355 2143 1401 tos
2172 1360 2440 1405 amatores
2475 1355 2748 1409 attrahat?
2774 1357 2899 1427 quid
2930 1359 2974 1413 si
3016 1361 3270 1418 ebriosa?
3306 1380 3483 1423 annon
3509 1370 3659 1429 brevi

2056 1440 2339 1511 conjugem
2378 1458 2532 1499 suum
2570 1447 2636 1501 ad
2684 1448 2916 1519 inepiam
2958 1451 3201 1523 rediget?
3239 1456 3355 1513 Non
3394 1460 3444 1514 in
3485 1479 3658 1524 uxore

2056 1531 2294 1589 ducenda
2325 1544 2548 1601 tantum,
2578 1539 2670 1594 sed
2693 1542 2853 1595 etiam
2885 1542 2937 1595 in
2962 1546 3191 1601 emendo
3224 1548 3496 1617 falluntur,
3523 1553 3652 1610 dum

2055 1640 2257 1691 servos,
2292 1643 2395 1680 non
2425 1630 2620 1696 probos
2646 1647 2709 1686 ac
2735 1642 2983 1690 strenuos
3004 1677 3018 1697 ,
3047 1638 3142 1692 sed
3174 1654 3268 1695 eos
3291 1642 3379 1707 qui
3407 1645 3497 1698 vili
3531 1662 3653 1715 pre-

2054 1717 2131 1770 tio
2157 1716 2372 1776 dantur.
2404 1732 2734 1777 comparant.
2781 1724 2903 1781 Hmc
2941 1728 3119 1792 itaque
3143 1734 3319 1787 omnia
3351 1738 3648 1795 cogitantes

2057 1808 2317 1879 (nondum
2355 1812 2496 1865 enim
2537 1814 2605 1869 de
2630 1817 2873 1884 gehenna
2902 1827 2955 1873 et
2985 1819 3052 1875 de
3086 1836 3254 1892 regno
3280 1824 3439 1880 verba
3466 1830 3655 1886 audire

2054 1900 2363 1971 potuistis),
2394 1914 2448 1956 et
2474 1904 2792 1961 detrimenta
2824 1910 2874 1963 in
2903 1921 3136 1966 mentem
3168 1927 3509 1982 revocantes,
3533 1938 3655 1991 qua:

2050 2004 2195 2060 saepe
2234 1991 2302 2046 ab
2350 1996 2567 2049 avaritia
2614 2001 2754 2067 passi
2794 2002 2957 2068 estis,
3009 2005 3060 2059 in
3108 2004 3438 2079 faenoribus,
3473 2014 3554 2068 vel
3598 2017 3654 2071 in

2050 2084 2301 2149 emendo,
2328 2089 2405 2141 vel
2437 2090 2486 2142 iu
2513 2089 2752 2146 ducenda
2775 2110 2956 2157 uxore,
2991 2098 3040 2151 iu
3075 2103 3408 2169 patrociniis,
3431 2107 3481 2159 in
3506 2107 3655 2162 aliis-

2049 2190 2153 2242 que
2204 2178 2486 2244 omnibus,
2529 2184 2596 2237 ab
2635 2199 2819 2239 amore
2848 2191 3192 2256 pecuniarum
3242 2195 3532 2254 abscedite.
3561 2200 3654 2255 Sic

2049 2266 2189 2320 enim
2216 2271 2456 2336 poteritis
2481 2282 2535 2327 et
2558 2288 2874 2342 praesentem
2904 2280 3062 2336 vitam
3094 2292 3207 2337 tuto
3236 2288 3528 2359 transigere
3549 2332 3564 2358 ,
3595 2305 3653 2348 et

2049 2359 2324 2427 paululum
2354 2365 2495 2417 aucti
2529 2380 2807 2423 sermones
2835 2371 2903 2424 de
2932 2372 3267 2443 philosophia
3304 2380 3490 2435 audire
3513 2423 3526 2446 ,
3567 2394 3650 2438 at-

2046 2466 2150 2521 que
2175 2453 2382 2509 acutius
2412 2457 2675 2522 videntes,
2700 2461 2879 2530 ipsum
2905 2464 3126 2533 justitite
3155 2469 3323 2524 solent
3354 2475 3645 2544 respicere,

2049 2545 2417 2615 promissaque
2436 2548 2550 2618 ejus
2571 2556 2825 2623 consequi
2852 2574 2864 2608 :
2888 2571 3114 2627 quorum
3138 2562 3342 2618 utinam
3363 2580 3646 2626 consortes

2045 2638 2214 2693 simus
2238 2655 2448 2708 omnes,
2470 2645 2638 2713 gratia
2663 2655 2719 2700 et
2739 2648 3062 2717 benignitate
3088 2653 3297 2711 Domini
3326 2663 3490 2716 nostri
3515 2663 3645 2720 Jesu

2045 2727 2266 2797 Christi,
2286 2731 2371 2786 cui
2394 2734 2562 2805 gloria
2590 2747 2643 2792 et
2671 2738 2975 2808 imperium,
3003 2744 3054 2798 in
3081 2748 3276 2803 sarcula
3294 2752 3640 2811 saeculorum.

2047 2820 2241 2877 Amen.

1480 3005 1827 3069 HOMILIA
1873 3009 2119 3073 XXIX.
2167 3016 2252 3077 al.
2302 3018 2514 3080 XXX.

295 3098 460 3182 .Cat'.
493 3126 545 3182 9.
571 3143 621 3181 v.
660 3127 709 3181 l.
757 3124 820 3179 Et
850 3127 1130 3180 ascendens
1157 3125 1308 3181 Jesus
1339 3128 1390 3180 in
1428 3128 1734 3197 naviculam,
1766 3140 1927 3186 trans-

404 3221 607 3289 fretavit
626 3263 641 3286 ,
674 3230 719 3274 et
746 3221 871 3274 venit
904 3223 955 3273 in
980 3222 1226 3273 civitatem
1257 3238 1422 3273 suum.
1444 3220 1499 3276 2.
1531 3221 1596 3275 Et
1622 3239 1734 3277 ecce
1754 3225 1933 3290 o/ferc-

404 3313 525 3367 bant
555 3316 601 3369 ei
617 3314 952 3385 paralyticum
981 3315 1030 3367 in
1059 3314 1183 3367 lecto
1207 3317 1478 3382 faventem.
1504 3314 1569 3367 Et
1592 3317 1764 3371 videns
1783 3318 1935 3373 Jesus

404 3405 558 3474 ﬁdem
589 3406 812 3467 illorum,
842 3405 969 3458 dixit
1001 3406 1280 3475 paralytico
1304 3422 1322 3458 :
1353 3402 1582 3475 Con/ide,
1612 3408 1688 3475 ﬁli
1709 3447 1725 3474 ,
1756 3409 1929 3463 remil-

403 3504 579 3549 tunlur
609 3496 696 3549 tibi
724 3506 932 3564 peccata
961 3505 1067 3548 tua.

404 3631 452 3683 l.
492 3627 769 3700 Paralytici
799 3628 901 3681 duo
924 3629 975 3681 in
1008 3626 1317 3699 Evangeliis.
1353 3626 1522 3691 Filius
1546 3628 1790 3698 (aqualem
1827 3630 1932 3686 Pa-

329 3721 398 3773 tri
429 3737 482 3774 se
509 3720 838 3774 dentoustrat.
861 3749 934 3760 -—
962 3719 1240 3773 Civitatem
1273 3735 1424 3773 suam
1469 3718 1555 3774 hic
1589 3720 1925 3788 Caperuaum

324 3811 562 3878 appellat
593 3827 606 3862 :
636 3827 757 3864 nam
798 3825 918 3879 qua:
954 3810 1079 3862 tulit.
1106 3810 1275 3877 ipsum
1309 3809 1618 3865 Bethlebem
1646 3811 1779 3876 fuit;
1811 3828 1929 3883 qua:

316 3903 597 3967 educavit,
618 3901 867 3969 Nazaret;
888 3919 1008 3973 quae
1028 3905 1119 3960 diu
1142 3907 1534 3964 inhabitantem
1552 3914 1567 3943 ι
1584 3911 1796 3974 habuit,
1816 3909 1916 3962 Ca-

327 4004 587 4060 peruaum
652 3988 980 4063 Paralytieus
1006 4001 1183 4046 autem
1224 3992 1310 4045 hic
1332 3992 1468 4045 alius
1496 4002 1579 4046 est
1608 3994 1674 4045 ab
1701 4009 1765 4048 eo
1790 4035 1808 4059 ,
1837 3997 1926 4065 qui

328 4092 662 4137 memoratur
688 4096 717 4136 a
742 4081 970 4137 Joanne.
1002 4080 1098 4137 ille
1122 4082 1320 4151 quippe
1359 4083 1409 4135 in
1442 4082 1640 4150 piscina
1667 4083 1878 4152 jacebat
1907 4103 1923 4153 ;

326 4172 419 4226 hic
440 4183 612 4227 autem
643 4174 693 4227 in
723 4173 1057 4243 Caperuaum
1091 4191 1105 4227 :
1138 4182 1192 4228 et
1220 4173 1307 4227 ille
1327 4173 1538 4242 quidem
1571 4175 1780 4243 triginta
1807 4186 1926 4232 ueto

322 4264 484 4317 annis
515 4264 838 4335 paralyticus
876 4264 1010 4329 fuit;
1042 4265 1109 4319 de
1139 4264 1242 4318 hoc
1286 4279 1413 4318 vero
1454 4264 1578 4317 nihil
1621 4266 1797 4320 simile
1839 4268 1924 4321 di-

321 4364 472 4407 ctum
491 4364 574 4409 est
598 4372 614 4409 :
645 4356 731 4410 ille
750 4356 923 4410 nullos
946 4355 1194 4419 habebat,
1216 4355 1305 4424 qui
1329 4355 1411 4409 sui
1433 4372 1615 4411 curam
1637 4367 1921 4427 gererent;

321 4447 417 4501 hic
451 4459 635 4503 contra
679 4447 861 4502 habuit
897 4449 986 4519 qui
1033 4462 1092 4503 se
1132 4448 1197 4502 ad
1240 4447 1422 4503 Jesum
1469 4449 1756 4507 deferrent.
1792 4452 1926 4508 lluic

322 4554 487 4608 porro
511 4541 645 4595 dixit
673 4556 688 4596 :
736 4539 873 4604 Fili,
900 4541 1223 4594 remittuntur
1257 4540 1345 4593 tibi
1383 4554 1624 4611 peccata;
1654 4543 1727 4597 illi
1758 4560 1884 4599 vero
1903 4587 1920 4612 ,

335 4628 425 4684 Vis
451 4646 604 4684 sanus
634 4649 739 4685 esse
765 4630 943 4698 (Joau.
974 4631 1025 4686 5.
1054 4632 1158 4703 6)?
1187 4631 1336 4686 Illum
1372 4633 1421 4686 in
1445 4634 1668 4689 sabbato
1692 4636 1919 4706 curavit,

320 4719 469 4774 hunc
496 4737 600 4774 non
626 4721 677 4775 in
706 4721 965 4787 Sabbato;
994 4723 1226 4792 alioquin
1258 4734 1436 4777 autem
1463 4724 1606 4778 illum
1646 4725 1743 4780 hac
1770 4727 1836 4782 de
1864 4746 1921 4784 re

318 4810 492 4866 Judaei
519 4825 865 4868 accu~assent
886 4856 899 4877 ,
926 4814 1014 4882 qui
1046 4814 1129 4869 hic
1155 4823 1355 4877 tacent,
1386 4815 1493 4870 illle
1519 4834 1645 4872 vero
1674 4820 1875 4875 instant
1901 4862 1916 4886 ,

320 4904 607 4973 ipsumque
656 4918 1068 4976 persequuntur.
1112 4906 1237 4962 llaec
1282 4924 1383 4963 non
1429 4910 1545 4964 sine
1582 4926 1740 4965 causa
1780 4914 1920 4968 dicta

317 5004 450 5047 sunt
476 5011 504 5048 a
533 5011 619 5050 me
642 5012 657 5059 ;
685 4995 779 5051 sed
806 5012 871 5051 nc
894 4997 1014 5066 quis
1036 5013 1197 5052 unum
1225 4999 1580 5070 eumdemque
1605 5016 1727 5056 esse
1747 5005 1921 5072 suspi-

256 5100 265 5109 °
316 5101 452 5141 cans
476 5088 825 5160 paralytieum
852 5130 867 5153 ,
899 5089 1283 5144 dissonantium
1315 5089 1401 5145 hic
1427 5106 1549 5147 esse
1580 5102 1807 5161 putaret.
1839 5094 1917 5150 Tu

318 5193 451 5232 vero
480 5179 781 5250 pet-pendas
802 5195 960 5249 quam
996 5181 1289 5245 modestus,
1320 5198 1479 5252 quam
1509 5196 1818 5240 mansuetus
1848 5190 1917 5243 sit

319 5269 599 5327 Dominus.
637 5270 766 5325 Nam
799 5282 851 5325 et
881 5283 1037 5326 antea
1067 5274 1250 5327 turbas
1274 5286 1546 5329 amoverat
1566 5318 1580 5339 ,
1599 5288 1653 5330 et
1681 5293 1711 5332 a
1740 5278 1916 5333 Gada-

314 5362 465 5415 reuis
490 5378 671 5431 prnsus
694 5379 800 5417 non
821 5363 1047 5423 obstitit.
1077 5366 1170 5419 sed
1193 5368 1435 5432 secessit,
1459 5368 1557 5421 etsi
1580 5386 1681 5423 non
1708 5373 1911 5438 procul.

313 5455 658 5525 Rursumque
678 5498 692 5520 ,
721 5472 840 5511 eum
870 5458 1201 5513 asecttdi.~set
1230 5458 1280 5512 in
1315 5461 1610 5514 navrculatn
1631 5506 1644 5527 ,
1669 5465 1911 5531 trajecit,

311 5561 439 5599 cum
472 5556 653 5614 posset
678 5544 840 5615 pedes
871 5548 1117 5602 transire.
1146 5547 1329 5618 Neque
1349 5550 1489 5604 enim
1517 5565 1733 5622 semper
1761 5554 1915 5609 mira-

312 5637 443 5694 bilia
486 5648 698 5706 patrare
737 5638 985 5705 volebat,
1034 5657 1101 5694 ne
1145 5642 1458 5696 meonomite
1498 5658 1606 5697 sua:
1651 5646 1910 5700 rationem

314 5729 685 5786 labefactaret.
717 5729 994 5787 Matthmus
1023 5732 1180 5802 igitur
1205 5735 1295 5799 ait,
1321 5732 1609 5790 Attulcrwtt
1636 5753 1748 5791 eum
1776 5753 1796 5791 :
1823 5740 1912 5794 alii

407 5863 534 5915 ‘Alii
562 5865 927 5930 inlutbilatttem.
949 5870 1060 5923 sine
1087 5873 1193 5923 diu.

2044 3150 2173 3190 vero
2214 3138 2398 3194 dicunt
2439 3157 2638 3212 aegrum
2678 3161 2773 3215 per
2813 3148 3079 3220 diruptam
3113 3162 3307 3211 tectum
3346 3158 3636 3218 demissum

2041 3227 2205 3284 fuisse
2232 3241 2285 3285 et
2311 3242 2435 3288 ante
2458 3234 2728 3291 Christum
2762 3242 3013 3310 positum,
3047 3244 3178 3300 nihil
3205 3248 3503 3306 dicentibus
3532 3254 3584 3306 ill
3609 3269 3638 3309 s

2041 3319 2130 3384 qui
2174 3322 2503 3393 attulerant,
2536 3327 2631 3381 sed
2670 3338 2836 3385 totout
2880 3334 2978 3402 ipsi
3011 3339 3461 3403 permittentibus.
3503 3344 3635 3399 Nam

2040 3410 2188 3464 initio
2209 3413 2422 3481 quidem
2446 3416 2535 3472 ille
2558 3419 2839 3484 circuibat,
2864 3439 3038 3495 neque
3058 3435 3257 3482 tantam
3286 3432 3353 3485 ab
3377 3434 3637 3490 acceden-

2040 3502 2179 3556 tibus
2209 3508 2507 3573 postulabat
2536 3510 2695 3567 lident
2724 3533 2737 3568 :
2770 3513 2856 3571 hic
2884 3527 3060 3573 autem
3088 3532 3142 3575 et
3166 3538 3504 3581 accesserunt
3532 3569 3547 3592 ,
3579 3538 3637 3584 et

2039 3593 2170 3649 fides
2200 3595 2266 3650 :tb
2288 3596 2416 3666 ipsis
2443 3602 2694 3671 requisita
2720 3618 2833 3672 est;
2862 3623 2982 3663 nam
3015 3612 3108 3676 ait,
3124 3611 3314 3667 Videas
3336 3617 3487 3684 ﬁdem
3516 3620 3636 3673 illo-

2035 3702 2171 3752 rum,
2202 3687 2253 3742 id
2280 3698 2395 3754 est,
2424 3707 2611 3748 eorum
2640 3697 2729 3767 qui
2764 3698 3091 3759 deutiserattt
3120 3708 3493 3777 paralyticunt.
3525 3711 3635 3769 Ne-

2035 3794 2139 3848 que
2170 3782 2312 3836 enim
2347 3785 2540 3856 ubique
2566 3801 2888 3859 mgrotorum
2921 3797 3145 3866 requirit
3176 3799 3335 3854 fidem
3364 3845 3380 3866 ,
3419 3815 3473 3857 ut
3509 3821 3630 3862 cunt

2034 3869 2342 3938 desipiunt,
2380 3874 2465 3929 vel
2504 3877 2609 3932 alio
2646 3881 2804 3935 modo
2832 3893 3009 3939 mente
3034 3890 3174 3957 capti
3204 3901 3345 3946 sunt.
3384 3894 3476 3948 llic
3504 3911 3632 3951 vero

2033 3962 2218 4027 a‘groti
2248 3961 2380 4017 fides
2400 3976 2515 4019 erat
2543 3984 2728 4038 magna
2751 3988 2764 4035 ;
2789 3974 3027 4043 alioquin
3053 3980 3197 4032 enim
3232 3996 3332 4035 ron
3365 3984 3431 4037 ita
3456 4000 3513 4038 se
3540 3988 3633 4042 dc-

2037 4052 2174 4106 mitti
2218 4056 2570 4123 permisisset.
2615 4061 2877 4127 Quoniam
2922 4065 3080 4135 igitur
3109 4079 3306 4125 tantam
3339 4077 3632 4134 exhibuere

2034 4140 2213 4208 fidem,
2240 4145 2459 4200 exhibet
2478 4158 2532 4202 et
2558 4151 2672 4220 ipse
2694 4156 2984 4222 potentiam
3012 4174 3184 4227 suam,
3208 4177 3328 4215 eum
3357 4170 3500 4221 omni
3532 4185 3626 4238 pu-

2032 4241 2224 4289 testate
2250 4251 2465 4305 peccata
2488 4243 2720 4309 solvens,
2751 4260 2814 4301 ac
2843 4263 2937 4317 per
2964 4251 3140 4305 omnia
3170 4252 3545 4314 demonstrans
3570 4277 3629 4317 se

2032 4323 2175 4380 Patri
2208 4330 2467 4399 mqualem
2495 4349 2633 4387 esse.
2667 4336 2764 4392 llic
2792 4355 2917 4392 vero
2950 4345 3218 4411 perpende
3249 4363 3263 4403 :
3296 4352 3541 4418 superius
3575 4354 3626 4410 id

2030 4418 2341 4474 ostendebat
2375 4422 2461 4477 ille
2487 4467 2499 4486 ,
2539 4440 2661 4480 cum
2699 4428 2926 4485 docebat
2960 4448 3053 4488 eos
3091 4447 3358 4507 tamquam
3392 4452 3619 4510 potesta-

2031 4518 2136 4564 tem
2170 4510 2404 4577 habens;
2440 4532 2533 4586 per
2558 4519 2855 4588 leprosum,
2882 4542 3000 4578 eum
3033 4526 3188 4595 dixit,
3231 4528 3355 4585 Volo
3379 4538 3631 4593 mumr'm‘e

2030 4600 2243 4672 (.llattlz.
2278 4604 2332 4660 8.
2367 4605 2475 4676 3);
2512 4625 2606 4678 per
2649 4616 3058 4683 centurionem,
3098 4635 3218 4674 cunt
3257 4623 3467 4681 dicente
3499 4629 3623 4696 illo,

2032 4691 2247 4749 Tantum
2275 4699 2356 4752 dic
2384 4716 2456 4753 vei
2468 4701 2550 4766 bo,
2579 4713 2624 4758 et
2650 4707 2913 4762 sanabitur
2942 4727 3066 4779 puer
3095 4730 3234 4768 meus
3265 4714 3422 4777 (Ibid.
3448 4734 3493 4773 υ.
3525 4723 3558 4776 8
3577 4723 3619 4793 ),

2029 4786 2249 4842 nziratus
2276 4799 2375 4853 est,
2401 4792 2679 4861 ipsmnque
2705 4797 2824 4868 plus
2855 4815 3011 4868 quant
3043 4818 3229 4857 omnes
3258 4806 3500 4864 laudibus
3527 4830 3614 4868 ex.

2029 4878 2179 4945 tulit;
2223 4897 2318 4949 per
2358 4899 2503 4938 mare
2531 4928 2545 4952 ,
2576 4902 2695 4942 cum
2726 4889 2897 4957 ipsum
2924 4894 3088 4948 verbo
3122 4905 3323 4952 tantum
3352 4901 3575 4959 frenavit
3607 4927 3622 4973 ;

2027 4987 2123 5040 per
2152 4972 2460 5043 daemonas,
2493 4981 2707 5049 quando
2748 4982 2918 5052 ipsum
2955 4985 3189 5053 judicent
3230 5004 3350 5046 esse
3389 4998 3622 5053 confite-

2027 5064 2256 5133 bantur,
2296 5080 2349 5123 et
2391 5087 2516 5126 cum
2554 5085 2818 5143 potestate
2866 5095 3055 5149 magna
3103 5082 3250 5152 ipsos
3294 5088 3472 5156 cjecit.
3522 5093 3620 5150 Hic

2024 5170 2235 5211 rursum
2267 5160 2455 5229 majori
2481 5166 2640 5217 modo
2669 5166 2911 5221 inimicos
2939 5187 3065 5226 suos
3089 5175 3444 5243 atqualitatcm
3477 5182 3618 5239 illam

2023 5247 2266 5303 confiteri
2304 5253 2484 5320 cogit,
2517 5263 2571 5309 et
2601 5272 2697 5325 per
2726 5258 2960 5327 ipsorum
2993 5265 3151 5319 verba
3189 5268 3236 5321 in
3268 5274 3616 5340 cottSpicuutu

2024 5341 2216 5395 reddit.
2258 5343 2375 5411 ipse
2415 5361 2643 5416 namque
2680 5364 2739 5403 se
2778 5351 2845 5405 ab
2879 5356 3173 5415 ambitione
3210 5361 3443 5419 alienum
3469 5380 3618 5420 cont-

2022 5442 2335 5487 monstrans
2364 5436 2507 5505 (nam
2540 5455 2787 5509 magnum
2832 5448 3186 5511 spectantium
3226 5453 3493 5508 theatrum
3522 5456 3617 5508 ad-

2023 5525 2261 5592 erat,qni
2291 5525 2530 5594 ingressu
2560 5531 2833 5597 art-ebant,
2869 5533 2990 5589 ideo
3011 5541 3355 5612 parulytieum
3386 5560 3619 5615 superne

2020 5612 2422 5691 demiserunt),
2453 5635 2559 5674 non
2601 5625 2778 5677 statim
2818 5627 2883 5679 ad
2929 5645 3123 5699 corpus
3163 5634 3303 5703 qUod
3339 5637 3620 5695 videbatur

2021 5707 2317 5762 Curandum
2352 5723 2409 5763 se
2436 5711 2682 5777 contulit,
2716 5714 2809 5770 sed
2839 5718 2907 5773 ab
2938 5719 3043 5774 illis
3069 5725 3350 5781 occasione
3381 5742 3615 5797 sumpta,

2020 5797 2162 5864 quod
2194 5813 2301 5851 non
2332 5800 2622 5868 apparebat
2647 5805 2873 5873 primum
2900 5812 3334 5884 curavit,nempe
3357 5818 3611 5881 animam,

2020 5903 2141 5943 cum
2166 5900 2379 5960 peccata
2403 5891 2603 5949 dimisit
2625 5911 2639 5952 :
2665 5896 2716 5951 id
2743 5901 2884 5969 quod
2912 5902 3206 5975 paralytieo
3232 5911 3454 5966 salutem
3480 5925 3621 5981 pr.e~
