4036 6478
497 393 603 452 559

493 511 677 573 hchat,
708 502 806 575 tpsi
831 514 958 555 vero
987 510 1093 552 non
1116 493 1339 548 multum
1363 488 1547 561 gloria:
1571 484 1712 556 apud
1740 484 1858 538 illos
1882 480 2078 536 attulit.

495 601 573 655 illi
600 600 741 654 enim
772 610 801 649 a
831 590 1063 662 nequitia
1090 601 1186 642 sua
1224 583 1511 655 exagitati,
1547 595 1668 635 eum
1701 577 1897 632 vellent
1927 588 2082 628 ocea-

493 695 676 748 siones
714 680 1065 742 maledicendi
1092 666 1370 746 quaerere,
1397 672 1528 728 illud
1568 669 1719 725 inviti
1745 666 2039 723 effecerunt
2065 705 2083 729 ,

496 794 553 838 ut
583 795 670 836 res
698 778 897 833 clarior
923 772 1197 831 evaderet.
1224 768 1398 838 Saga;
1427 764 1570 822 enim
1598 776 1719 817 eum
1747 768 1912 822 esset,
1942 758 2086 826 ipso-

491 890 610 931 rmu
655 871 851 927 invidia
883 877 969 925 est
1008 880 1139 922 usus
1174 863 1242 919 ad
1271 861 1479 932 signum
1513 854 1915 914 celebrandum.
1944 854 2085 918 Quoo

494 967 637 1021 niam
665 964 822 1035 igitur
851 960 1204 1016 turbabantur
1227 963 1282 1011 et
1308 951 1557 1009 dicebant
1583 965 1597 1005 :
1629 949 1683 1005 '5.
1719 946 1819 1001 Hic
1847 943 2086 1035 blasphe-

498 1069 600 1113 mat
624 1076 642 1125 ;
670 1033 782 1124 quis
821 1062 981 1125 potest
1028 1058 1236 1121 peccata
1272 1045 1522 1098 dimittere
1549 1082 1565 1103 ,
1612 1039 1711 1094 nisi
1757 1038 1898 1092 solus
1947 1033 2086 1088 Deus

497 1153 520 1225 (
543 1151 704 1206 Marc.
725 1149 783 1204 2.
812 1146 925 1219 7)?
953 1144 1226 1199 videamus
1254 1136 1396 1210 quod
1434 1136 1547 1205 ipse
1573 1131 1842 1225 ait.ﬂNu-m
1880 1128 2089 1199 opinio-

495 1222 619 1299 nem
650 1240 794 1296 illam
825 1234 1054 1306 rejecit?
1093 1231 1253 1302 Atqui
1292 1228 1338 1285 si
1379 1243 1485 1282 nou
1521 1224 1742 1295 a‘qualis
1784 1222 1894 1277 Deo
1935 1229 2084 1285 erat,

494 1337 674 1390 dicere
696 1330 877 1387 debuit
901 1344 917 1387 :
937 1324 1072 1396 Quid
1101 1324 1167 1380 de
1191 1337 1277 1376 me
1308 1334 1412 1375 non
1435 1323 1846 1372 consentaneam
1873 1310 2087 1379 opinio-

495 1442 619 1483 nem
647 1422 890 1479 habetis?
917 1416 1105 1473 Procul
1136 1415 1323 1470 absum
1353 1426 1381 1464 a
1412 1418 1555 1464 tanta
1587 1415 1870 1477 potestate.
1888 1403 2087 1457 Verum

495 1518 628 1574 nihil
646 1514 823 1571 simile
839 1512 1004 1575 dicit;
1029 1509 1137 1562 imo
1159 1520 1287 1561 vero
1303 1504 1448 1559 illaut
1471 1500 1776 1571 opinionetn
1799 1496 2086 1552 confirma-

494 1615 566 1666 vit
590 1619 642 1667 et
670 1607 932 1672 asseruit,
966 1614 1074 1659 tam
1104 1615 1262 1668 voce,
1288 1614 1448 1668 quam
1480 1595 1755 1652 miraculo.
1785 1592 1918 1660 Quia
1946 1590 2088 1645 enim

493 1707 561 1762 de
588 1705 768 1774 seipso
794 1700 1039 1771 qua'dam
1080 1694 1322 1767 promrre
1357 1689 1694 1747 auditoribus
1722 1688 2089 1756 importunum

492 1815 615 1856 esse
644 1796 945 1859 videbatur,
978 1806 1076 1863 per
1095 1790 1228 1845 alios
1253 1787 1339 1840 illa
1371 1800 1489 1855 qua:
1504 1782 1571 1837 ad
1598 1797 1657 1837 se
1681 1788 1929 1851 spectant
1956 1792 2091 1833 con-

494 1892 671 1945 ﬁrmat
691 1906 707 1944 :
727 1886 973 1957 quodque
1001 1884 1191 1936 mirum
1216 1879 1332 1941 fuit,
1365 1891 1470 1931 non
1502 1889 1597 1945 per
1627 1871 1830 1928 amicos
1861 1879 2088 1937 tantum,

493 1982 591 2038 sed
607 1982 769 2037 etiam
794 1995 887 2048 per
904 1976 1177 2033 inimicos:
1194 1971 1335 2041 quod
1356 1985 1421 2025 ex
1440 1967 1713 2038 sapientiae
1726 1966 1844 2035 ejus
1859 1961 2094 2018 culmine

491 2074 756 2149 procedit.
784 2072 884 2127 Per
902 2068 1103 2124 amicos
1124 2065 1360 2137 quidem,
1381 2077 1503 2117 cum
1524 2059 1677 2123 dixit,
1691 2056 1840 2123 Volo,
1869 2052 2094 2149 ntunda-

494 2145 569 2237 δε,
589 2170 826 2237 itemque
847 2178 969 2219 cum
995 2161 1102 2226 ait,
1130 2158 1250 2213 Non
1278 2155 1445 2212 inveni
1473 2162 1662 2208 tantam
1686 2149 1839 2220 ﬁdem
1859 2149 1910 2203 in
1927 2145 2095 2202 Israel

495 2260 708 2333 (Matth.
723 2258 774 2314 8.
792 2255 884 2325 10)
903 2272 919 2312 :
936 2269 1035 2326 per
1056 2251 1300 2307 inimicos
1311 2257 1487 2303 autem
1506 2259 1676 2307 nunc;
1699 2258 1821 2298 cum
1834 2241 2095 2333 dixissent

493 2331 662 2418 enim,
688 2347 854 2404 Nemo
870 2354 1031 2418 potest
1050 2343 1299 2397 dimittere
1316 2347 1541 2411 peccata,
1565 2336 1661 2390 nisi
1679 2335 1818 2389 solus
1837 2332 1993 2418 Dcu_s,
2013 2331 2095 2418 in-

493 2437 616 2492 tulit
630 2414 745 2506 ipsc
762 2433 844 2489 :6.
864 2414 932 2488 Ut
945 2438 1111 2485 autem
1129 2426 1321 2490 sciatis,
1333 2423 1450 2495 quia
1462 2430 1755 2493 potestatem
1767 2416 1911 2472 habet
1929 2414 2094 2471 Filius

494 2528 711 2585 hominis
735 2526 983 2582 dimittere
1010 2529 1210 2594 peccata
1224 2533 1378 2587 super
1396 2524 1582 2570 terram
1600 2553 1617 2580 ,
1647 2520 1764 2565 tunc
1787 2508 1917 2564 dixit
1942 2522 2094 2577 para-

495 2625 647 2696 lytico
665 2639 685 2678 :
706 2620 934 2692 Surgens
952 2618 1074 2673 tolle
1096 2613 1390 2687 grabbatum
1408 2618 1571 2673 tuum,
1599 2614 1650 2662 et
1668 2604 1794 2659 vade
1811 2605 1863 2657 in
1888 2602 2096 2696 domum

495 2691 656 2771 ticam.
670 2691 855 2785 Neque
869 2712 1042 2767 solum
1057 2710 1162 2773 hic,
1181 2704 1276 2763 sed
1292 2703 1452 2761 etiam
1467 2697 1594 2756 alibi
1605 2713 1724 2754 cum
1737 2697 1976 2752 dicerent
1993 2691 2092 2747 illi:

495 2810 573 2865 De
601 2812 729 2864 bono
754 2823 905 2881 apere
928 2822 1030 2859 non
1056 2802 1344 2871 lapidamus
1372 2807 1451 2863 te,
1484 2795 1573 2851 sed
1593 2795 1655 2848 de
1681 2788 1993 2862 blasphemia
2010 2826 2028 2853 ,
2045 2795 2094 2840 et

493 2904 612 2974 quia
637 2902 785 2956 homo
807 2916 921 2954 cum
944 2902 1030 2964 sis,
1057 2896 1184 2969 facis
1211 2893 1422 2964 teipsum
1445 2888 1608 2942 Deum
1636 2885 1815 2959 (Joan.
1848 2881 1936 2938 10.
1961 2881 2090 2943 33):

496 3011 669 3067 neque
695 3004 819 3049 ltlllc
850 2992 986 3046 hanc
1010 2988 1315 3061 Opinionem
1343 2979 1654 3040 confutavit,
1678 2976 1773 3034 sed
1795 2976 1938 3067 illam
1960 2987 2093 3067 con:

496 3061 727 3141 lirtnavit
750 3083 965 3138 dicens:
986 3080 1046 3136 Si
1073 3094 1173 3132 non
1202 3074 1336 3148 facio
1366 3084 1522 3142 Opera
1550 3067 1722 3122 Patris
1752 3064 1868 3132 mei,
1887 3080 1947 3118 ne
1971 3061 2095 3115 ntihi

495 3177 735 3240 credatis;
757 3176 801 3230 si
820 3182 989 3228 autem
1010 3168 1163 3240 facio,
1188 3165 1382 3221 etiamsi
1403 3163 1525 3217 mihi
1548 3175 1650 3214 non
1669 3155 1893 3223 creditis,
1915 3151 2094 3208 saltem

495 3270 731 3340 operibus
755 3265 943 3322 credite
962 3262 1123 3338 (Ibid.
1153 3260 1243 3318 37.
1269 3258 1386 3328 '58).

567 3365 623 3418 2.
659 3359 824 3419 Unius
863 3358 957 3413 Dei
1000 3365 1069 3412 est
1097 3363 1287 3409 secreta
1311 3351 1479 3407 cordis
1504 3363 1649 3403 nosse
1688 3355 1733 3401 et
1765 3344 2093 3399 revelare.—

494 3457 593 3514 llic
621 3469 780 3526 porro
808 3448 1102 3507 divinitatis
1135 3460 1248 3502 sua:
1287 3441 1431 3498 aliud
1461 3441 1669 3512 signum
1714 3452 1821 3491 non
1871 3448 2091 3505 parvum

494 3551 733 3612 exhibet,
759 3559 965 3602 necnon
993 3556 1105 3598 suae
1134 3554 1256 3594 cum
1286 3537 1446 3594 Patre
1474 3530 1810 3605 :rqualitatis.
1834 3526 1912 3583 Illi
1942 3541 2094 3580 nam-

495 3655 601 3710 que
628 3637 904 3702 dicebant,
953 3641 1174 3704 peccata
1203 3629 1473 3683 dimittere
1496 3626 1656 3679 unius
1685 3622 1776 3678 Dei
1806 3634 1927 3676 esse
1959 3635 1973 3671 :
2007 3617 2092 3671 hic

495 3708 624 3787 vero
645 3745 750 3785 non
778 3726 936 3782 modo
957 3731 1171 3795 peccata
1196 3720 1433 3786 dimittit,
1456 3715 1549 3772 sed
1576 3722 1732 3771 antea
1759 3710 1914 3792 aliud
1935 3708 2092 3780 quid-

496 3824 637 3895 piam
659 3819 895 3885 exbihet,
923 3814 1062 3888 quod
1079 3814 1234 3870 unius
1261 3811 1353 3867 Dei
1372 3821 1472 3875 est,
1496 3806 1637 3880 quod
1664 3819 1856 3876 nempe
1885 3810 2090 3859 secreta

493 3913 673 3971 cordis
701 3912 920 3971 revelct.
950 3909 1133 3980 Neque
1157 3905 1299 3962 enim
1327 3903 1376 3959 id
1403 3901 1542 3974 quod
1563 3899 1867 3971 cogitabant
1896 3897 1949 3952 in
1980 3910 2091 3950 me-

493 4008 642 4065 dium
688 4004 1043 4077 protulerunt.
1067 4003 1119 4057 5.
1154 3997 1286 4054 Ecce
1309 4040 1324 4063 ,
1357 3995 1528 4068 inquit
1552 4036 1567 4061 ,
1594 3992 1803 4061 quidam
1828 3991 1891 4045 de
1916 3990 2091 4045 scribis

494 4098 731 4152 dixerunt
760 4095 894 4149 intra
918 4107 1012 4148 se:
1046 4090 1140 4144 llic
1171 4088 1508 4160 blasphemat.
1539 4086 1592 4141 4.
1635 4084 1700 4138 Et
1739 4082 1900 4138 sciens
1937 4079 2089 4150 Jesus

494 4189 822 4260 cogitationes
867 4200 1061 4248 eorum,
1095 4183 1221 4237 dixit
1256 4197 1273 4235 :
1307 4179 1442 4246 Quid
1470 4194 1558 4232 vos
1583 4175 1815 4247 cogitatis
1852 4172 1993 4227 mala
2036 4172 2091 4226 in

496 4279 730 4335 cordibus
761 4275 972 4331 vestris?
1003 4274 1153 4342 Quod
1192 4281 1369 4326 autem
1418 4269 1575 4325 unius
1623 4267 1716 4323 Dei
1763 4265 1834 4320 sit
1882 4271 2087 4320 secreta

499 4385 680 4434 nosse,
715 4368 838 4424 audi
871 4366 1185 4437 prophetam
1216 4363 1480 4417 dicentem
1509 4377 1523 4414 :
1558 4358 1633 4414 Tu
1663 4358 1795 4412 nosti
1824 4356 1981 4411 corda
2008 4371 2095 4409 so-

484 4466 578 4519 lus
606 4461 698 4533 (2.
729 4457 911 4514 Paral.
944 4458 994 4513 6.
1028 4455 1165 4524 30);
1212 4462 1267 4509 et
1292 4467 1500 4507 rursum
1527 4492 1543 4517 ,
1588 4449 1835 4505 Scrutans
1864 4447 2018 4502 corda
2042 4457 2089 4501 et

494 4573 640 4613 rencs
670 4554 806 4611 Deus
837 4550 1014 4623 (l’sal.
1038 4550 1088 4603 7.
1121 4546 1245 4619 10).
1274 4545 1533 4602 Jeremias
1556 4559 1681 4598 vero
1710 4542 1784 4597 ait
1814 4560 1827 4597 :
1857 4541 2091 4614 Profun-

496 4654 620 4707 dum
663 4666 750 4705 cor
775 4657 848 4703 est
875 4660 981 4717 prce
1007 4644 1256 4704 omnibus,
1289 4649 1335 4695 et
1374 4639 1522 4692 homo
1545 4647 1639 4704 est,
1689 4646 1737 4691 et
1765 4637 1877 4706 quis
1923 4642 2093 4689 noscet

493 4760 610 4800 eum
633 4743 651 4814 (
668 4740 780 4796 Jer.
813 4740 900 4793 l7.
929 4735 1030 4806 9)?
1052 4744 1128 4801 et,
1160 4733 1324 4787 llomo
1349 4732 1481 4786 videt
1505 4731 1557 4784 in
1579 4730 1729 4802 facie,
1758 4725 1897 4782 Deus
1923 4735 2093 4778 autem

494 4839 548 4890 in
576 4834 728 4889 corde
755 4834 773 4902 (
796 4832 848 4885 l.
870 4830 997 4901 Reg.
1017 4826 1103 4883 {6.
1124 4826 1210 4899 7).
1239 4824 1298 4880 In
1327 4823 1506 4878 multis
1522 4835 1731 4892 quoque
1762 4819 1882 4874 aliis
1912 4817 2093 4872 videre

500 4934 604 4990 est,
628 4925 794 4980 Deum
827 4938 989 4977 unum
1017 4935 1137 4975 esse
1163 4918 1254 4989 qui
1283 4924 1490 4971 mentes
1516 4913 1743 4969 noverit.
1791 4910 2094 4968 Ostendens

500 5016 683 5086 itaque
709 5029 769 5070 se
792 5014 954 5069 Deum
979 5026 1120 5080 esse,
1164 5007 1421 5080 aequalem
1460 5005 1629 5073 Patri,
1660 5019 1778 5076 quae
1823 5004 1920 5075 ipsi
1952 5004 2004 5058 in
2035 5017 2094 5059 se

496 5107 822 5178 cogitabant.
839 5120 903 5160 ac
928 5106 1118 5159 timore
1148 5098 1500 5157 multitudinis
1522 5097 1572 5152 in
1600 5096 1830 5152 medium
1855 5095 2094 5167 proferre

499 5213 606 5254 non
635 5195 923 5261 audebant,
954 5195 1069 5264 ipse
1107 5193 1367 5249 revelavit
1416 5199 1472 5247 et
1515 5188 1793 5244 manifesta
1826 5186 2089 5254 reddidit,

478 5304 746 5363 magnam
787 5286 874 5342 hic
900 5300 1110 5357 quoque
1134 5285 1295 5341 animi
1328 5284 1599 5339 lenitatem
1627 5281 1933 5336 ostendens.
1959 5278 2090 5333 Nam

501 5385 580 5439 ait
607 5400 621 5439 :
652 5382 790 5451 Quid
818 5379 1047 5452 cogitatis
1090 5379 1229 5432 mala
1266 5378 1319 5432 in
1360 5376 1593 5432 cordibus
1618 5374 1832 5429 vestris?
1860 5372 2018 5429 Certe
2048 5373 2092 5426 si

499 5474 765 5549 indignari
789 5470 1093 5545 quempiam
1122 5470 1421 5541 oportebat,
1451 5484 1649 5538 mgrum
1670 5467 1820 5537 quasi
1850 5465 2092 5519 delusum

500 5582 598 5639 par
625 5567 724 5622 t‘uit
751 5565 967 5637 indigne
995 5562 1152 5626 ferre,
1183 5576 1244 5615 ac
1269 5560 1447 5615 dicere
1476 5577 1490 5614 :
1522 5557 1602 5613 Ad
1629 5557 1770 5612 aliud
1798 5555 2091 5610 sanandum

503 5659 719 5721 venisti,
746 5657 889 5714 aliud
912 5666 965 5712 tu
990 5652 1189 5710 curas?
1211 5654 1477 5708 undenam
1506 5650 1637 5705 mihi
1668 5649 1923 5720 liquidum
1967 5650 2090 5715 erit,

1280 375 1335 433 S.
1379 370 1655 430 JOANNIS
1691 362 2171 441 CIIRYSOSTOMI
2214 365 2526 425 ARCIIIEP.
2569 370 3106 434 CONSTANTINOP.

3684 392 3791 448 360

2194 490 2299 534 tem
2328 486 2561 551 perversi
2592 497 2641 541 et
2670 489 2867 554 invidi,
2891 493 3118 549 aliorum
3149 495 3418 553 beneﬁciis
3444 500 3787 563 insidiantur.

2190 573 2315 631 Ideo
2342 578 2487 647 ipsos
2505 595 2625 634 cum
2653 584 2799 637 omni
2840 594 3014 641 tamen
3047 588 3263 644 lenitate
3304 595 3542 662 corripit.
3575 598 3709 654 Nam
3740 602 3789 658 si

2190 684 2298 724 non
2335 672 2554 728 creditis
2577 714 2593 740 ,
2634 674 2844 748 inquit,
2874 679 3019 736 dicto
3055 684 3226 751 primo
3247 727 3263 748 ,
3290 685 3711 763 jactantiamqtte
3734 695 3786 751 id

2190 776 2312 818 esse
2338 766 2556 833 putatis,
2579 781 2706 823 ecce
2729 771 2840 839 jam
2864 771 3006 828 aliud
3036 774 3160 831 huic
3188 779 3419 851 adjungo
3449 784 3487 849 ’,
3527 787 3668 854 quod
3697 803 3787 843 se-

2189 863 2333 908 creta
2365 866 2540 911 vestra
2577 860 2843 927 rex-clem;
2879 864 2946 918 ad
2976 866 3088 921 lucc
3117 869 3330 926 tertium
3358 873 3570 944 adjicio.
3600 878 3789 945 Quod-

2189 959 2312 1000 nam
2345 947 2512 1003 illud?
2531 949 2682 1018 Quod
2707 955 2979 1028 paralytici
3000 974 3195 1030 corpus
3216 962 3422 1018 ﬁrmum
3444 948 3687 1024 reddam.
3711 972 3792 1029 Ac

2191 1037 2405 1104 quando
2436 1042 2781 1114 paralyticum
2808 1045 3198 1118 alloquebatur,
3231 1068 3335 1108 non
3373 1056 3516 1111 clare
3548 1070 3788 1128 potesta-

2194 1135 2300 1182 tem
2350 1143 2500 1222 suam
2531 1132 2609 1222 sic
2636 1133 2944 1203 declaravit,
2976 1156 3076 1196 nec
3097 1142 3228 1198 dixit
3253 1188 3267 1207 ,
3294 1146 3513 1202 Dimitto
3538 1152 3631 1206 tibi
3666 1169 3793 1222 pec—

2191 1227 2339 1316 cata;
2363 1221 2478 1316 sed,
2500 1221 2849 1316 Dimittuntur
2872 1231 2961 1285 tibi
2988 1244 3209 1303 peccata.
3241 1237 3352 1293 lllis
3378 1251 3553 1297 autem
3587 1221 3790 1316 cogen-

2195 1311 2355 1377 tibus,
2385 1313 2580 1370 clarius
2608 1330 2760 1373 suam
2787 1324 3030 1380 enuntiat
3070 1337 3410 1396 potestatem,
3460 1311 3683 1391 dicens:
3717 1337 3792 1394 Ut

2191 1402 2382 1474 sciatis,
2415 1406 2535 1474 quia
2555 1418 2849 1478 potestatem
2894 1414 3042 1471 habet
3084 1416 3132 1471 F
3133 1420 3251 1474 ilius
3294 1421 3512 1479 hominis
3560 1428 3612 1481 in
3652 1441 3791 1484 terra

2192 1494 2478 1551 dimittendi
2532 1511 2759 1568 peccata.
2812 1502 3003 1561 Viden’
3028 1521 3286 1579 quantum
3334 1514 3505 1580 abest,
3555 1528 3612 1572 nt
3655 1522 3792 1576 nolit

2193 1588 2412 1656 mqualis
2438 1588 2583 1645 Patri
2612 1595 2888 1663 reputari?
2911 1596 3026 1653 Non
3055 1602 3197 1656 enim
3226 1603 3357 1659 dixit
3383 1623 3396 1658 :
3425 1606 3587 1662 Filius
3608 1610 3787 1667 humi-

2195 1678 2276 1734 nis
2300 1679 2407 1735 alio
2431 1697 2566 1752 opus
2592 1682 2790 1752 habet;
2821 1703 2994 1759 neque
3019 1691 3149 1747 dicit
3174 1734 3189 1755 .
3240 1696 3393 1752 Dedit
3438 1700 3510 1753 illi
3554 1713 3791 1771 potesta-

2194 1776 2338 1829 tem:
2364 1772 2481 1838 sed,
2503 1772 2810 1832 I’otestatem
2829 1779 2996 1836 habet.
3014 1781 3198 1854 Neque
3219 1786 3346 1841 illud
3374 1804 3440 1844 ex
3463 1789 3598 1847 fastu
3617 1793 3746 1849 dicit
3771 1815 3788 1851 :

2193 1860 2298 1918 Sed
2316 1865 2536 1921 utvobis
2557 1871 2925 1940 persuadeam,
2948 1874 3135 1945 inquit,
3159 1893 3245 1934 me
3268 1896 3369 1935 non
3392 1881 3788 1955 blasphemare,

2204 1978 2330 2017 cum
2360 1979 2448 2020 me
2475 1963 2615 2020 iacio
2642 1968 2906 2037 aequalem
2938 1966 3045 2023 Deo
3064 1969 3106 2021 '.
3132 1968 3342 2041 Ubique
3370 1975 3514 2029 enim
3548 1978 3665 2031 vult
3690 1980 3788 2033 de-

2206 2056 2629 2113 monstrationes
2642 2058 2883 2128 prtebere
2898 2060 3075 2115 claras
3090 2063 3469 2134 lirmasque,ut
3485 2081 3607 2122 cum
3623 2070 3784 2125 dicit:

2219 2142 2378 2210 Vade,
2402 2145 2608 2200 ostende
2625 2157 2674 2201 te
2694 2148 2955 2202 sacerdoti
2979 2149 3198 2220 (Matth.
3235 2154 3288 2208 8.
3324 2154 3392 2224 4)
3418 2176 3429 2209 :
3460 2172 3792 2226 sacrumque

2204 2235 2348 2292 Petri
2386 2238 2605 2295 exhibet
2648 2240 3069 2310 ministrantem,
3098 2262 3164 2301 ac
3204 2262 3401 2316 porcos
3459 2253 3784 2321 praecipitari

2205 2329 2468 2398 permittit
2497 2330 2538 2383 ³.
2578 2328 2670 2388 Sic
2722 2342 2779 2390 et
2820 2350 2999 2401 nunc,
3048 2338 3390 2395 remissionis
3434 2356 3782 2411 peccatorum

2196 2418 2405 2491 signum
2419 2425 2605 2480 statuit
2617 2427 2862 2497 corporis
2879 2430 3238 2488 valetudinem
3257 2451 3272 2498 ;
3297 2436 3618 2492 valetudinis
3636 2453 3780 2504 vero,

2196 2512 2339 2582 quod
2367 2514 2683 2585 grabbatum
2713 2520 2883 2586 tollat,
2914 2537 2982 2578 ne
3010 2533 3287 2594 putaretur
3313 2527 3362 2581 id
3408 2530 3550 2597 quod
3580 2514 3786 2600 gestum

2196 2611 2315 2659 erat
2343 2604 2654 2675 phantasma
2696 2623 2836 2666 esse.
2864 2612 3049 2683 Neque
3088 2616 3233 2685 prius
3285 2616 3414 2671 illud
3461 2617 3604 2683 fecit,
3629 2634 3788 2690 quam

2197 2695 2342 2766 ipsos
2368 2698 2769 2773 interrogasset.
2793 2705 2846 2759 5.
2865 2704 3003 2772 Quid
3027 2719 3120 2772 est,
3148 2708 3337 2779 inquit,
3361 2710 3565 2779 facilius
3586 2711 3749 2765 dicere
3764 2728 3787 2767 :

2198 2788 2536 2847 Dimittuntur
2576 2796 2666 2850 tibi
2705 2808 2942 2866 peccata,
2972 2817 3041 2855 an
3077 2803 3246 2857 dicere
3267 2845 3284 2870 ,
3314 2803 3456 2859 Tolle
3491 2806 3790 2877 grabbatum

2199 2892 2362 2951 tuum,
2390 2895 2437 2939 et
2463 2888 2588 2942 vade
2615 2890 2667 2942 in
2693 2891 2897 2945 domum
2925 2895 3103 2949 tuam?
3122 2896 3273 2964 Quod
3302 2907 3478 2953 autem
3507 2900 3654 2965 dicit,
3685 2899 3787 2956 bu-

2192 2975 2423 3059 jusmodi
2453 2989 2536 3035 est
2564 2998 2576 3034 :
2610 2982 2745 3050 Quid
2780 2984 2927 3038 vobis
2951 2985 3157 3042 videtur
3187 2988 3391 3044 facilius
3418 3005 3557 3057 esse,
3594 3004 3790 3062 corpus

2196 3067 2513 3124 dissolutum
2538 3071 2769 3137 ﬁrmare,
2793 3084 2883 3130 aut
2900 3078 3090 3132 anima:
3113 3089 3323 3148 peccata
3346 3080 3644 3136 dimittere?
3659 3081 3790 3138 Cor-

2198 3174 2297 3229 pus
2325 3160 2536 3217 lirmare
2557 3173 2720 3219 certe.
2749 3166 2957 3234 Quanto
2977 3170 3117 3224 enim
3144 3172 3319 3226 anima
3343 3176 3680 3242 praestantior
3706 3185 3791 3231 est

2196 3267 2454 3323 corpore,
2489 3264 2634 3311 tanto
2665 3272 2875 3327 peccata
2904 3261 3176 3319 dimittere
3218 3266 3388 3336 majus
3425 3279 3507 3321 est
3548 3270 3790 3338 corporis

2195 3346 2471 3403 curatione
2505 3349 2637 3404 :sed
2680 3351 2800 3420 quia
2848 3352 2974 3408 illud
3014 3355 3299 3422 occultum,
3334 3356 3435 3411 hoc
3473 3373 3601 3413 vero
3620 3360 3791 3414 mani-

2196 3436 2389 3494 festum
2413 3450 2515 3508 est,
2542 3442 2735 3512 adjicio
2762 3444 2811 3499 id
2834 3447 2974 3514 quod
3003 3449 3180 3504 minus
3208 3460 3310 3512 est,
3329 3453 3422 3505 sed
3453 3453 3708 3521 apertius,
3730 3462 3790 3509 ut

2198 3529 2250 3584 id
2289 3532 2429 3602 quod
2460 3533 2631 3604 majus
2670 3537 3045 3607 occultumque
3071 3548 3154 3593 est
3176 3581 3192 3606 ,
3222 3556 3317 3610 per
3342 3541 3443 3597 hoc
3470 3542 3664 3597 factum
3690 3543 3789 3599 dc-

2195 3633 2540 3690 monstretur,
2565 3625 2675 3697 jam
2702 3628 2849 3699 prius
2868 3631 3119 3700 operibus
3137 3633 3378 3687 revelans
3401 3634 3450 3688 id
3468 3636 3609 3704 quod
3627 3636 3792 3692 Joan-

2197 3730 2294 3770 nes
2335 3715 2563 3787 dixerat,
2596 3720 2694 3785 Qui
2742 3722 2873 3775 tollit
2893 3733 3098 3792 peccata
3122 3725 3300 3779 mundi
3331 3724 3531 3797 (Joan.
3577 3731 3628 3783 ί.
3654 3727 3726 3782 29
3749 3736 3789 3797 j.

2267 3809 2320 3864 5.
2338 3810 2466 3866 Cum
2491 3810 2669 3880 itaque
2685 3811 2837 3881 jussu
2859 3814 3024 3883 ip~ius
3039 3816 3608 3880 snrrexisset,domum
3638 3819 3790 3874 illum

2197 3904 2401 3958 remisit
2430 3922 2442 3957 :
2471 3902 2558 3959 hic
2599 3920 2809 3959 rursum
2852 3907 3175 3973 ostendens,
3221 3925 3433 3978 quama
3474 3910 3614 3966 fastu
3639 3922 3788 3967 esset

2194 3996 2421 4064 alienus,
2445 4013 2665 4070 remque
2686 4000 2828 4054 illam
2854 4000 3163 4070 phantasma
3188 4017 3291 4057 non
3310 4002 3506 4060 fuisse:
3533 4006 3627 4062 bos
3643 4008 3790 4062 enim

2195 4101 2250 4146 et
2270 4093 2440 4149 morbi
2466 4103 2521 4149 et
2539 4095 2783 4149 sanitatis
2805 4104 2970 4151 testes
2992 4097 3224 4152 adhibet.
3248 4098 3361 4168 Ego
3374 4099 3589 4169 quidem
3609 4109 3790 4171 aptas—

2195 4196 2330 4248 sem,
2363 4185 2553 4255 inquit,
2584 4200 2681 4256 per
2710 4186 2953 4242 morbum
2995 4198 3140 4242 tuum
3168 4205 3282 4255 θος,
3311 4191 3400 4261 qui
3428 4191 3542 4246 sani
3571 4191 3791 4260 quidem

2194 4277 2462 4344 videntur,
2492 4279 2587 4335 sed
2625 4281 2801 4334 anima
2843 4290 3125 4352 mgrotant,
3157 4296 3350 4340 sanare
3377 4300 3394 4341 :
3417 4286 3540 4354 quia
3576 4300 3708 4340 vero
3736 4286 3793 4340 id

2197 4368 2558 4428 nolunt.Vade
2580 4371 2633 4424 in
2658 4372 2884 4438 domum,
2911 4381 2969 4428 ttt
3008 4388 3103 4429 eos
3130 4375 3222 4444 qui
3261 4374 3330 4431 ibi
3360 4386 3483 4431 sunt
3509 4376 3790 4432 emendes.

2197 4462 2360 4519 Vides
2389 4464 2658 4536 quomodo
2687 4465 2933 4522 ostendat
2957 4481 3017 4522 se
3035 4473 3092 4522 et
3107 4468 3300 4522 anima-
3325 4479 3378 4523 et
3404 4470 3647 4540 corporis
3672 4484 3794 4525 esse

2195 4565 2491 4612 creatorem
2508 4560 2532 4611 ?
2547 4556 2985 4628 Utriusqnecnim
3008 4559 3318 4615 substantia:
3332 4560 3594 4632 paralysin
3613 4569 3791 4624 sanat,

2196 4658 2252 4704 et
2279 4650 2422 4720 quod
2461 4650 2727 4705 occultum
2755 4661 2890 4717 erat,
2922 4666 2987 4707 ex
3017 4666 3084 4708 eo
3126 4652 3268 4722 quod
3299 4652 3638 4709 manifestum
3680 4664 3790 4721 est,

2198 4750 2380 4796 notum
2408 4743 2549 4797 facit.
2577 4744 2822 4798 Attamen
2846 4744 2918 4799 illi
2949 4735 3124 4800 adhuc
3162 4744 3310 4801 humi
3338 4746 3594 4816 repebant
3623 4767 3636 4803 :
3667 4763 3793 4803 nam

2198 4835 2250 4890 8.
2286 4835 2708 4899 Glori/icavernnt
2758 4835 2944 4901 Deum,
2985 4837 3175 4908 inquit,
3219 4839 3307 4908 qui
3334 4838 3469 4892 dedit
3493 4850 3793 4907 potestatem

2197 4927 2349 4981 talem
2381 4927 2701 4991 hominibus;
2727 4929 2853 4998 ipsis
2879 4928 3020 4982 enim
3061 4943 3188 4983 caro
3207 4928 3489 4985 resistebat
3542 4929 3638 4984 Ille
3664 4946 3797 4988 vero

2198 5033 2304 5073 non
2332 5019 2623 5090 increpavit
2638 5035 2752 5085 eos,
2782 5019 2875 5073 sed
2906 5019 3126 5089 prodest
3149 5028 3324 5075 tamen
3360 5019 3486 5084 illis,
3510 5034 3605 5090 per
3627 5035 3794 5090 opera

2197 5113 2456 5178 excitans,
2482 5127 2774 5181 eorumque
2797 5113 3030 5166 aliimum
3061 5112 3112 5166 in
3137 5111 3366 5167 sublime
3389 5112 3620 5182 erigens.
3650 5111 3792 5167 lute-

2198 5206 2301 5260 rim
2328 5219 2459 5260 vero
2484 5220 2589 5259 non
2619 5220 2841 5275 parvum
2872 5214 3008 5269 erat,
3050 5203 3191 5274 quod
3239 5205 3480 5259 omnium
3516 5202 3798 5258 hominum

2200 5300 2463 5354 maximus
2491 5297 2797 5363 haberetur,
2822 5297 3070 5368 quodque
3090 5312 3119 5351 a
3147 5297 3258 5352 Deo
3282 5296 3467 5352 venire
3493 5305 3798 5368 putaretur.

2197 5393 2330 5448 Nam
2352 5393 2396 5447 si
2423 5393 2536 5446 hcce
2557 5392 2780 5446 ﬁrmiter
2810 5401 2988 5444 mente
3042 5392 3362 5447 tenuissent.
3389 5388 3604 5458 paulum
3632 5388 3802 5459 proli-

2198 5485 2400 5540 cientes
2436 5486 2776 5554 agnovissent
2817 5484 2986 5552 ipsum
3010 5496 3129 5536 esse
3157 5481 3247 5536 Dei
3280 5479 3490 5534 Filium.
3547 5478 3653 5534 Sed
3685 5480 3802 5535 inre

2200 5593 2305 5634 non
2351 5579 2573 5633 ﬁrmiter
2620 5578 2971 5640 retinuerunt,
3006 5575 3234 5645 ideoque
3280 5574 3534 5629 accedere
3565 5588 3669 5627 non
3701 5589 3805 5644 p0-

2267 5721 2283 5753 ι
2320 5717 2416 5768 Alii
2434 5715 2638 5776 habent,
2662 5716 2799 5767 aliud
2821 5714 3013 5776 signum
3035 5696 3419 5778 huic
3484 5738 3489 5743 ,,
3636 5692 3675 5778 2-2,“

2264 5783 2287 5813 ⁸
2321 5781 2415 5844 Alii
2441 5780 2632 5843 losum.
2651 5782 2826 5844 ,l’atri,
2848 5793 2956 5844 pro,
2987 5779 3103 5832 Deo.
3298 5784 3299 5787 ‘
3322 5776 3331 5778 ⁷
3526 5800 3533 5805 η
3568 5802 3573 5805 -
3598 5776 3655 5827 ut

2266 5845 2288 5877 ³
2318 5843 2435 5904 Alii,
2456 5841 2762 5907 prwapitari
2789 5841 2936 5898 iubet.

446 5796 456 5806 .
505 5749 722 5805 dimissa
743 5747 873 5803 mihi
896 5760 1017 5802 esse
1031 5744 1285 5816 peccata?
1315 5742 1466 5798 Nune
1483 5751 1662 5799 autem
1692 5741 1781 5797 ille
1810 5740 1939 5795 nihil
1966 5740 2097 5795 dicit

506 5839 836 5913 hujusmodi,
853 5838 947 5896 sed
966 5838 1019 5895 in
1033 5837 1270 5895 curantis
1288 5844 1494 5908 peteSta
1503 5844 1608 5892 tem
1634 5850 1693 5891 se
1711 5834 1872 5891 tradit
1890 5852 1904 5905 ;
1924 5833 1976 5890 bi
1994 5849 2093 5890 au-

3445 6469 3478 6474 _
3567 6470 3606 6478 .___
3688 6476 3697 6478 _
3778 6476 3799 6478 _
3868 6475 3890 6478 _
3946 6470 3984 6478 .-
