4036 6444
396 508 467 563 36
476 511 493 564 I

1361 495 1425 551 IN
1458 491 1865 552 MAT'I‘IIASUM
1906 486 2135 544 IIOMIL.
2179 486 2347 542 XXX.
2389 488 2460 542 al.
2506 487 2696 546 XXXI.

3581 486 3683 542 5t?

399 631 615 679 luerunt
636 622 725 694 (ιι)⁴
763 622 990 677 Rursum
1018 620 1159 674 enim
1178 617 1425 672 dicebant
1452 634 1465 669 ε
1499 612 1596 667 llic
1623 614 1893 665 homouon
1915 616 1986 661 est
2092 604 2231 657 mala
2256 604 2311 657 iu
2346 604 2580 659 cordibus
2601 603 2813 674 vestris(
2840 604 3026 659 Matth.
3060 604 3147 661 I3.
3174 602 3320 677 50)?
3342 604 3568 673 Oportet
3591 607 3686 676 ἱείς

398 733 430 768 a
455 713 779 785 I)e0(Joau.
810 716 863 769 9.
904 714 1043 783 Ili);
1076 722 1148 774 et,
1208 707 1497 778 Quomodo.
1521 706 1603 759 hic
1645 721 1678 758 a
1722 703 1835 757 Deo
1870 700 1989 755 est?

400 807 630 875 Ila'cque
669 806 974 875 frequenter
1014 803 1315 867 versabant,
1367 799 1452 852 illa
1479 798 1727 851 vitiorum
1771 807 1990 847 suorum

401 899 631 968 tegmina
652 897 1008 951 obtendentes
1038 913 1051 948 :
1082 893 1221 964 quod
1238 893 1397 947 etiam
1426 905 1569 944 nunc
1587 887 1734 940 multi
1767 884 1989 949 faciunt,

401 1006 489 1061 qut
517 989 642 1043 dum
676 990 841 1043 Deum
876 987 1146 1041 vindicare
1170 985 1437 1043 videntur.
1469 981 1580 1035 suis
1615 977 1891 1045 indulgent
1915 973 1996 1027 af-

402 1081 648 1147 fectibus,
706 1095 828 1132 cum
875 1087 1146 1149 «moneret
1186 1077 1365 1131 omnia
1409 1089 1530 1129 cum
1591 1066 1996 1125 mansuetudine

402 1182 655 1228 tractare.
688 1172 899 1226 Etenim
949 1171 1317 1225 universormn
1361 1166 1520 1228 Deus,
1558 1161 1649 1232 qui
1692 1160 1889 1214 fulmen
1920 1156 1997 1209 vi-

402 1265 561 1318 brare
582 1273 755 1332 potest
779 1263 829 1316 in
861 1277 957 1316 eos
1001 1262 1089 1330 qui
1123 1260 1295 1329 ipsum
1328 1253 1675 1325 blasphemiis
1705 1252 1993 1319 impetunt,

403 1355 575 1410 solem
601 1368 754 1407 suum
786 1353 913 1407 oriri
963 1363 1133 1415 curat,
1188 1349 1387 1404 imbres
1439 1345 1629 1400 emittit
1656 1384 1670 1407 ,
1701 1350 2001 1406 ceteraque

404 1446 584 1501 omnia
617 1445 831 1513 largiter
857 1442 1161 1512 suppeditat
1194 1458 1207 1493 :
1239 1455 1396 1509 quem
1422 1434 1617 1491 imitari
1643 1447 1739 1486 nos
1765 1437 1997 1499 oportet,

404 1552 595 1607 rogare
623 1551 831 1605 nempe,
863 1549 1101 1598 monere,
1127 1532 1403 1586 instituere
1418 1543 1538 1584 cum
1570 1521 1997 1585 mansuetudine,

409 1647 515 1684 non
547 1630 724 1696 irasci,
770 1644 871 1683 nec
902 1627 1135 1683 eli‘erari.
1164 1625 1348 1693 Neque
1375 1622 1516 1677 enim
1560 1635 1624 1673 cx
1676 1613 2001 1685 blaSpbemia

405 1721 533 1791 quid
564 1722 869 1774 nocumenti
895 1719 962 1773 ad
989 1720 1151 1773 Deum
1182 1714 1405 1777 accedit,
1440 1720 1498 1766 ut
1526 1720 1581 1764 ttt
1609 1707 1999 1767 excandescas;

406 1812 503 1867 sed
534 1813 622 1882 qui
652 1811 1043 1882 blasphemavit
1071 1811 1184 1879 ipse
1208 1809 1398 1862 vulnus
1428 1804 1653 1872 accepit.
1695 1801 1877 1870 Itaque
1923 1802 2004 1851 in-

407 1905 663 1975 gemisce,
692 1905 989 1975 Iacrymare
1018 1921 1029 1952 :
1072 1901 1325 1972 laerymis
1370 1898 1513 1952 cnim
1552 1896 1767 1965 dignum
1795 1892 2005 1948 esthoc

410 1995 616 2057 vitium,
645 1995 731 2048 cui
752 1993 990 2049 curando
1023 1992 1225 2047 nullum
1266 1987 1668 2045 mansuetudine
1697 1986 1887 2038 melius
1914 1996 2004 2037 rc-

411 2087 665 2141 meditun.
694 2084 1045 2140 Mansuetudo
1064 2085 1259 2154 quippe
1287 2081 1429 2135 omni
1461 2078 1709 2132 violentia
1738 2077 2006 2147 potentior

409 2185 515 2232 est.
542 2176 673 2231 Vide
697 2176 853 2246 igitur
878 2174 1148 2246 quomodo
1184 2175 1230 2228 is
1256 2173 1390 2242 ipse,
1414 2171 1502 2239 qui
1526 2170 1718 2238 injuria
1748 2167 2002 2230 aflicitur,

412 2276 469 2321 ct
507 2268 558 2321 in
599 2267 765 2321 veteri
798 2276 851 2320 et
893 2268 943 2320 in
986 2280 1123 2319 nova
1164 2268 1276 2333 lege
1325 2263 1573 2331 loquatur
1615 2276 1629 2313 :
1678 2258 1746 2312 ibi
1792 2257 2004 2327 quidem

411 2360 600 2415 dicens
631 2378 644 2413 :
670 2359 869 2429 Popule
898 2376 1056 2421 meus,
1098 2359 1219 2426 quid
1242 2357 1335 2426 Ieci
1378 2356 1465 2408 tibi
1501 2352 1700 2423 (Miclt.
1729 2352 1781 2406 6.
1808 2353 1840 2405 5
1862 2349 1925 2420 )‘l
1956 2349 2005 2402 in

421 2467 559 2507 nova
588 2462 790 2514 autem,
814 2451 993 2513 Saule,
1015 2448 1194 2512 Saule,
1210 2448 1331 2519 quid
1360 2463 1438 2500 me
1461 2445 1769 2517 persequeris
1788 2444 1921 2517 (Act.
1950 2442 2007 2498 9.

416 2543 524 2613 4)?
553 2543 747 2597 Paulus
773 2543 896 2597 item
924 2541 1076 2611 jubet
1101 2539 1435 2594 adversarios
1455 2552 1575 2592 cum
1600 2535 2009 2591 mansuetudine

414 2636 691 2704 corripere
729 2635 816 2705 (2.
852 2634 982 2689 Tim.
1033 2633 1087 2687 2.
1144 2631 1271 2702 9-4).
1321 2630 1439 2700 Ipse
1483 2644 1694 2698 quoque
1743 2628 2005 2691 Christus,

413 2727 631 2795 quando
655 2735 998 2782 accesserunt
1042 2724 1307 2792 discipuli,
1359 2732 1607 2790 rogantes
1638 2728 1696 2773 ut
1743 2720 1915 2789 ignem
1942 2719 2011 2775 de

413 2819 553 2872 ca‘lo
576 2820 867 2881 emitteret,
923 2817 1269 2872 vehementer
1311 2813 1605 2881 increpavit
1654 2826 1747 2866 eos
1788 2812 2008 2881 dicens,

419 2907 643 2962 Nescitis
667 2911 816 2979 cujus
833 2909 1040 2979 spiritus
1063 2910 1180 2962 estis
1197 2923 1281 2960 vos
1306 2904 1454 2975 (Luc.
1482 2903 1534 2958 9.
1558 2903 1684 2972 Μ).
1710 2902 1805 2956 llic
1832 2911 2009 2957 autem

417 3015 526 3053 non
557 3000 683 3055 dicit
708 3001 839 3070 ipse,
868 3001 912 3056 0
938 3000 1249 3055 exsecrandi
1291 3010 1345 3054 et
1392 2993 1840 3067 prmstigiatorcs!
1871 3010 1903 3047 ο
1934 2993 2012 3047 in-

417 3091 524 3146 vidi
551 3100 605 3146 et
657 3092 930 3146 hominum
959 3093 1147 3148 salutis
1201 3092 1435 3147 inimici!
1480 3093 1597 3161 sed,
1623 3094 1758 3162 Quid
1785 3093 2013 3165 cogitatis

590 3203 847 3276 Inﬁrmco,
873 3212 935 3276 ᾆξᾶ
953 3221 1061 3255 τοῦτο
1076 3213 1160 3276 ὡδὶ
1178 3217 1383 3275 προισιηιῖν
1405 3215 1649 3276 ἦδυνῆθῃσαν,
1679 3219 1792 3269 qua?
1814 3208 1883 3257 sic
1901 3221 2014 3257 eon-

421 3266 545 3330 verti
577 3266 797 3315 debent:
830 3267 1033 3325 Ideoque
1079 3266 1281 3316 ulteins
1318 3268 1548 3330 progredi
1585 3282 1675 3318 non
1698 3266 1966 3330 potuerunt
1994 3282 2013 3320 :

417 3327 603 3377 Scilicet
629 3342 721 3377 non
759 3336 1020 3390 potuerunt
1064 3342 1126 3378 co
1156 3330 1384 3392 progredi
1407 3327 1475 3378 "ut
1506 3327 1812 3380 div‘iuitaieut
1836 3331 2014 3383 Christi

418 3399 765 3451 agnoscerent.

2094 704 2179 750 tur
2200 713 2317 751 cum
2351 698 2755 752 mansuetudine
2798 698 3043 752 morbum
3088 713 3383 754 removere.
3413 697 3545 754 Nam
3598 702 3687 770 qui

2093 804 2160 842 ex
2188 789 2420 843 humano
2449 791 2637 845 timore
2664 792 2852 845 melior
2873 791 3121 856 efficitur,
3147 794 3252 847 cito
3272 794 3336 846 ad
3371 799 3688 863 pravitatem

2098 880 2310 933 redibit.
2345 880 2580 950 Ideoque
2603 882 2806 935 zizania
2839 882 3069 953 relinqui
3093 883 3270 951 jussit,
3315 889 3447 937 dam
3480 897 3691 954 tcuqus

2112 968 2176 1021 ad
2205 968 2601 1037 pmnitentiam.
2635 968 2784 1022 Multi
2819 984 3055 1038 namque
3078 972 3294 1024 illorum
3318 973 3692 1040 pmnitcntiant

2113 1069 2423 1132 eget-tittt,et
2453 1060 2604 1130 probi
2634 1061 2760 1115 facti
2802 1070 2949 1124 sunt,
2977 1062 3068 1132 qui
3094 1063 3330 1131 perversi
3349 1065 3498 1133 ptius
3515 1074 3690 1133 erant,

2099 1155 2549 1223 qm-madmodum
2573 1154 2786 1219 Paulus,
2814 1156 3121 1225 publicanus
3147 1198 3160 1218 ,
3195 1159 3328 1211 la:ro
3359 1176 3372 1211 :
3403 1174 3523 1211 nam
3551 1175 3694 1229 pust-

2102 1264 2260 1317 qnam
2306 1246 2509 1301 zizania
2569 1246 2799 1311 fuerant,
2848 1247 2900 1301 in
2951 1249 3183 1302 triticum
3213 1258 3477 1304 maturmn
3508 1252 3696 1306 mutati

2105 1351 2248 1395 Sttttl.
2282 1339 2336 1394 In
2366 1340 2658 1394 seminibus
2687 1349 2835 1395 certe
2862 1339 2915 1394 id
2944 1341 3057 1394 lieri
3089 1342 3310 1411 nequit;
3345 1343 3395 1397 in
3425 1348 3699 1415 proposito

2106 1445 2159 1486 et
2188 1432 2460 1486 voluntate
2491 1431 2540 1485 id
2584 1441 2730 1486 certe
2784 1431 2935 1486 facile
2981 1441 3062 1486 est
3095 1454 3107 1488 :
3139 1449 3244 1486 non
3305 1436 3447 1488 enim
3494 1445 3700 1491 natura:

2110 1524 2351 1578 terminis
2372 1523 2482 1592 ipsa
2515 1523 2781 1593 alligatur,
2814 1524 2906 1577 sed
2939 1524 3183 1579 libertate
3209 1526 3412 1580 arbitrii
3441 1527 3700 1581 honorata

2109 1616 2227 1671 fuit.
2275 1616 2408 1671 Cum
2450 1632 2579 1686 ergo
2618 1616 2812 1671 videris
2841 1618 3080 1671 veritatis
3110 1617 3316 1673 hostem
3339 1657 3352 1681 ,
3383 1618 3700 1688 obsequium

2110 1711 2184 1765 illi
2218 1711 2417 1780 prtebe,
2461 1724 2645 1764 curam
2698 1711 2836 1764 illius
2884 1709 3043 1775 babe,
3092 1709 3159 1763 ad
3209 1712 3459 1768 virtutem
3515 1714 3699 1778 reduc,

2108 1805 2410 1874 exemplum
2439 1804 2559 1857 vita:
2586 1803 2845 1871 optinmm
2880 1804 3140 1872 prmbens,
3167 1819 3415 1858 sermone
3443 1815 3597 1860 utens
3624 1810 3711 1859 in-

2109 1896 2342 1964 culpata,
2376 1894 2729 1964 patrocinium
2761 1895 2857 1962 ipsi
2892 1903 2947 1948 et
2992 1910 3175 1949 curam
3228 1895 3563 1966 impendens,
3591 1914 3703 1952 mo-

2110 1989 2235 2043 dum
2265 2004 2477 2041 omnem
2509 1986 2898 2041 ememlationis
2914 1987 3229 2054 admovens,
3249 1988 3509 2044 imitando
3533 1991 3704 2045 medi-

2111 2098 2203 2136 eos
2234 2084 2483 2151 optimos,
2514 2082 2604 2152 qui
2637 2096 2739 2135 non
2798 2096 2898 2134 una
2930 2088 3131 2134 tantum
3178 2081 3459 2136 medicinae
3502 2084 3707 2138 ratione

2113 2184 2353 2235 utuntur,
2403 2173 2498 2228 sed
2542 2188 2664 2226 cum
2704 2171 2884 2226 vident
2913 2171 3064 2226 ulcus
3095 2172 3255 2241 priori
3287 2173 3576 2242 pharmace
3603 2190 3706 2230 non

2112 2265 2326 2329 cedere,
2375 2263 2520 2317 aliud
2560 2262 2838 2332 adjiciunt,
2889 2273 2941 2318 et
2990 2272 3107 2332 post
3136 2263 3264 2317 illud
3294 2281 3503 2319 rursum
3528 2266 3708 2329 aliml;

2112 2368 2166 2411 ct
2194 2372 2337 2411 mine
2361 2364 2566 2419 secant,
2600 2369 2741 2408 nunc
2766 2354 3003 2423 alligant.
3040 2354 3107 2408 Et
3135 2365 3187 2407 tu
3213 2357 3388 2425 itaque
3409 2356 3706 2411 animarum

2115 2450 2354 2505 medicus
2377 2449 2621 2514 effectus,
2666 2447 2810 2501 omni
2843 2448 3009 2501 utaris
3037 2448 3255 2502 curandi
3284 2449 3491 2505 ratione
3519 2464 3708 2505 secon-

2114 2542 2239 2596 dnnt
2264 2540 2463 2594 Christi
2492 2539 2673 2608 leges,
2702 2548 2758 2591 ut
2788 2546 2843 2592 et
2868 2538 3183 2591 salutarium
3234 2554 3461 2609 operum
3496 2549 3708 2594 tuorum

2115 2641 2168 2687 et
2192 2632 2418 2685 aliorum
2471 2639 2634 2699 partae
2663 2630 2853 2684 salutis
2893 2629 3196 2684 intercedem
3233 2630 3484 2700 accipias,
3516 2632 3583 2685 ad
3617 2632 3709 2687 Dei

2115 2725 2335 2795 gloriam
2355 2723 2532 2778 omnia
2550 2722 2769 2787 faciens,
2802 2733 2856 2777 ct
2883 2723 3006 2777 inde
3029 2723 3120 2775 tibi
3139 2723 3361 2792 gloriam
3382 2723 3675 2778 concilians
3696 2744 3709 2779 :

2117 2832 2238 2870 nam
2261 2817 2354 2882 ait,
2383 2814 2737 2883 Gloriﬁcautes
2766 2831 2845 2867 me
2872 2814 3187 2885 gloriﬁcubo,
3209 2823 3253 2865 et
3281 2815 3366 2878 qui
3392 2824 3709 2868 contemnunt

2117 2924 2214 2971 me,
2238 2916 2617 2960 contemnemur
2645 2906 2663 2976 (
2692 2908 2737 2958 l.
2775 2906 2899 2974 Reg.
2932 2905 2986 2957 ἓ.
3021 2906 3141 2974 50).
3176 2907 3365 2960 Omnia
3414 2905 3593 2973 itaque
3644 2907 3709 2961 ad

2116 3002 2231 3066 ejus
2259 3000 2479 3069 gloriam
2511 2999 2787 3064 faciamus,
2818 3007 2874 3052 ut
2904 2998 3112 3053 beatam
3160 3000 3302 3053 illam
3334 3012 3535 3055 sortem
3578 3017 3710 3056 con-

2117 3106 2409 3162 sequamur
2440 3108 2454 3145 :
2486 3106 2646 3161 quam
2675 3090 2878 3144 utinam
2913 3106 3103 3144 omnes
3135 3091 3516 3159 adipiscamur,
3545 3096 3711 3161 gmtia

2117 3191 2173 3238 et
2226 3183 2549 3251 benignitate
2582 3181 2792 3235 Domini
2823 3183 2988 3235 nostri
3020 3182 3144 3236 Jesu
3180 3183 3397 3245 L‘bristi,
3424 3183 3509 3237 eui
3548 3184 3714 3255 gloria

2119 3286 2173 3331 et
2204 3276 2507 3345 imperium,
2542 3275 2593 3328 in
2638 3276 3199 3330 szecula'sweulurum.
3236 3278 3427 3332 Amen.

1540 3592 1887 3654 HOMILIA
1959 3593 2174 3658 XXX.
2193 3592 2278 3655 al.
2310 3592 2554 3654 XXXI.

420 3712 549 3771 Car.
577 3714 625 3770 9.
655 3730 705 3769 v.
738 3713 790 3769 9.
820 3712 1016 3768 Etcum
1047 3714 1277 3768 transiret
1302 3713 1417 3768 inde
1436 3713 1605 3779 Jesus,
1625 3714 1745 3767 vidit
1767 3714 2018 3769 hominem

491 3810 744 3863 sedentem
771 3810 823 3862 in
854 3809 1059 3871 telonio,
1090 3807 1388 3862 Matt/neum
1414 3811 1636 3862 nomine.
1679 3807 1747 3862 Et
1788 3809 1861 3862 ait
1887 3809 1964 3863 illi
1997 3824 2016 3862 :

495 3902 717 3970 Sequere
736 3918 832 3955 me.
866 3899 933 3956 Et
954 3918 1163 3971 surgens
1178 3912 1415 3972 sequutus
1440 3912 1508 3955 est
1528 3918 1662 3955 eum.

496 3996 548 4048 I.
589 3993 851 4059 Quomodo
889 4010 979 4046 uos
1006 4010 1178 4063 gerere
1204 3994 1470 4047 debeamus
1508 4008 1629 4061 erga
1674 3991 2014 4046 insidiatores.

425 4085 657 4141 Μαιαιωί
686 4086 877 4139 vacatio
907 4094 949 4136 et
970 4086 1231 4138 virtus.-—
1250 4083 1477 4138 Peracto
1505 4082 1783 4147 miraculo,
1812 4096 1915 4135 non
1944 4082 2016 4137 ibi

425 4179 642 4237 inmisit,
675 4193 740 4231 nc
769 4178 858 4230 illo
887 4184 1148 4247 przeseute
1190 4174 1381 4229 invidia
1432 4174 1600 4244 magis
1647 4173 1889 4239 arderet;
1922 4173 2016 4229 scd

426 4269 479 4321 in
512 4267 733 4337 gratiam
766 4268 998 4336 ipsorum
1030 4267 1274 4331 recessit,
1309 4275 1363 4319 ut
1386 4265 1602 4318 morbus
1630 4264 1723 4318 ille
1747 4264 2017 4335 mitigare-

426 4370 532 4414 tur.
564 4359 693 4414 Illud
722 4375 935 4428 quoque
962 4373 1060 4413 nos
1110 4358 1386 4423 faciamus,
1420 4373 1526 4410 non
1557 4356 1716 4410 simul
1742 4366 2016 4412 versantes

425 4469 548 4507 cum
579 4452 973 4517 insidiantibus,
1023 4451 1119 4507 sed
1164 4466 1350 4506 eorum
1398 4448 1561 4503 ttlccri
1612 4449 2013 4522 indulgeamus,

424 4544 681 4599 cedentes
709 4554 762 4597 et
791 4544 1190 4597 contentionem
1235 4542 1482 4595 vitantes.
1508 4541 1611 4595 Sed
1637 4556 1733 4595 cur
1759 4558 1862 4593 non
1891 4556 2013 4594 cum

426 4634 618 4699 Petro,
663 4634 869 4690 Joanne
924 4644 978 4689 et
1025 4636 1142 4688 aliis
1193 4634 1590 4688 voeaviteum?
1628 4632 1697 4688 Ut
1735 4642 1859 4687 tunc
1890 4633 2015 4687 illuc

426 4726 607 4792 venit,
653 4741 775 4781 cum
829 4726 993 4780 sciret
1046 4725 1293 4780 homines
1347 4726 1809 4795 OblCll‘lpCt'alltl'OS
1851 4739 2010 4778 esse:

426 4816 507 4870 sic
556 4824 683 4871 tunc
730 4815 1033 4870 Mattlucum
1084 4816 1313 4878 voravit,
1365 4830 1484 4869 cum
1516 4824 1861 4883 sequuturum
1891 4828 2014 4867 eum

426 4923 551 4962 esse
600 4917 840 4964 noverat.
900 4908 1187 4977 PrOpterea
1233 4906 1393 4963 etiam
1435 4906 1656 4961 Paulum
1684 4916 1803 4974 post
1837 4921 2017 4960 resur-

428 5002 724 5057 rectionem
757 5002 991 5072 piscatus
1030 5009 1131 5055 cst.
1164 4996 1296 5054 Nam
1334 4998 1424 5069 qui
1455 4998 1611 5054 corda
1643 4998 1810 5061 novit,
1841 5007 1895 5052 ct
1920 5011 2012 5052 oc-

425 5093 570 5150 culta
622 5093 878 5148 mentium
924 5092 1196 5161 pchpiCit,
1248 5091 1453 5147 sciebat
1500 5091 1835 5160 quandouam
1865 5090 2014 5158 quis-

424 5202 534 5256 que
558 5200 744 5240 eorum
784 5184 1176 5254 obscquuturus
1226 5193 1390 5239 esset.
1441 5182 1673 5252 Ideoque
1717 5197 1822 5235 non
1865 5182 2016 5236 initio

427 5278 639 5331 vocavit
684 5277 831 5330 illum
855 5316 872 5341 ,
918 5291 1038 5330 cum
1065 5275 1240 5329 adhuc
1281 5274 1502 5329 duriore
1530 5284 1671 5329 esset
1696 5274 1895 5339 animo,
1920 5274 2013 5329 sed

431 5377 552 5438 post
580 5376 829 5422 sexcenta
864 5366 1119 5420 miracula
1140 5407 1155 5429 ,
1186 5381 1307 5420 cum
1354 5366 1490 5419 fama
1535 5379 1628 5419 sua
1682 5365 2017 5434 percrebuis-

428 5470 535 5522 set,
564 5459 777 5529 quando
807 5459 951 5513 illmn
979 5466 1203 5513 noverat
1230 5458 1296 5513 ad
1324 5458 1798 5526 obtemperandum
1841 5459 2017 5525 aptio-

432 5566 545 5605 rem
575 5565 714 5606 esse.
757 5549 874 5605 Non
902 5550 999 5604 abs
1026 5564 1084 5603 re
1111 5558 1288 5602 autem
1335 5546 1493 5603 fuerit
1522 5548 1747 5616 apostoli
1779 5547 2016 5616 philoso-

430 5640 612 5715 phiam
649 5642 664 5672 ι
697 5641 908 5704 mirari,
941 5640 1029 5711 qui
1059 5648 1356 5693 anteactam
1391 5639 1552 5693 vitam
1579 5652 1683 5692 non
1711 5636 2015 5704 occultavit,

497 5774 515 5805 ι
548 5769 688 5844 Savil.
716 5778 767 5821 et
790 5769 975 5831 κονίει..
997 5768 1327 5878 sapieruiam;
1364 5769 1465 5843 sed.
1498 5782 1613 5828 vox,
1647 5766 2017 5878 pldlmimmm

503 5833 714 5878 -meltus
736 5836 975 5878 aumlrare
1000 5849 1058 5878 vn
1081 5842 1192 5878 etur
1216 5848 1227 5878 :
1258 5847 1365 5878 nam
1392 5831 1689 5878 télnlosmiltta
1720 5844 1764 5878 at
1870 5831 2017 5878 Uint-

432 5838 511 5885 bie
531 5833 714 5883 melius
736 5836 975 5901 quadrare
1000 5831 1227 5901 videtur:
1258 5847 1365 5901 nam
1392 5831 1690 5901 philosOpbia
1720 5831 2021 5901 apud‘tlbry-

429 5904 699 5947 sostotnum
727 5891 831 5957 pro,
873 5896 1060 5955 virtute,
1087 5891 1322 5944 modestia
1367 5891 1419 5957 et
1455 5891 2015 5957 humilitate.accipitur.

432 5961 523 6013 Hie
536 5971 681 6020 porro
697 5955 964 6009 Matthwum
989 5958 1165 6019 laudat,
1184 5959 1267 6021 qui
1291 5955 1573 6021 publicanus
1589 5968 1698 6005 cum
1717 5960 1870 6017 esset,
1889 5955 2022 6005 ideo-

2128 3714 2223 3769 sed
2254 3722 2312 3770 et
2341 3730 2534 3769 nomen
2557 3730 2712 3770 stmm
2735 3716 2932 3784 posuit,
2960 3716 3100 3787 quod
3130 3718 3220 3772 alii
3256 3719 3305 3772 in
3336 3719 3476 3774 aliud
3521 3736 3714 3777 nomen

2126 3807 2382 3861 mutando
2406 3808 2767 3862 occultavere.
2800 3809 2906 3862 (Zur
2936 3824 3094 3878 porro
3138 3810 3271 3864 dixit
3314 3811 3486 3881 ipsum
3513 3815 3716 3868 sedisse

2127 3900 2181 3952 in
2209 3899 2446 3953 telonio?
2479 3899 2731 3954 Vocantis
2758 3900 2866 3953 vim
2899 3900 3188 3956 ostendens
3209 3944 3223 3966 ,
3257 3904 3397 3973 quod
3429 3920 3550 3959 cum
3581 3921 3716 3959 non-

2125 3988 2251 4043 dmn
2284 3988 2579 4045 destitisset
2606 3999 2660 4045 ct
2690 3990 2938 4059 improbo
2968 3991 3166 4046 telonio
3194 3993 3444 4060 luet-cret,
3490 4009 3554 4049 ex
3603 4014 3717 4051 me.

2125 4083 2227 4136 diis
2268 4083 2438 4152 ipsum
2494 4082 2650 4136 malis
2698 4084 3008 4138 extraxerit.
3062 4085 3523 4150 Quemadnuulum
3570 4090 3714 4144 enim

2128 4175 2340 4229 beatum
2391 4174 2613 4228 Paulum
2647 4176 2910 4229 furentem
2939 4186 2990 4230 et
3017 4177 3168 4232 rabie
3201 4179 3460 4247 percitam
3493 4194 3719 4235 conven-

2124 4268 2182 4321 tit
2212 4285 2223 4320 :
2253 4266 2303 4319 id
2327 4267 2467 4336 quod
2501 4269 2615 4335 ipse
2644 4267 2888 4323 vocantis
2926 4268 3175 4323 virtutem
3229 4269 3604 4327 demonstrans
3640 4274 3719 4329 ait

2123 4359 2188 4412 ad
2232 4358 2449 4414 Galatas
2499 4361 2743 4415 scribens
2773 4379 2785 4413 :
2813 4359 3039 4415 Audistis
3092 4366 3517 4417 conversationem
3556 4382 3718 4421 meum

2122 4448 2397 4518 aliquando
2416 4449 2470 4502 iu
2497 4449 2789 4514 Judaismo,
2820 4450 2939 4521 quia
2978 4467 3133 4521 supra
3159 4452 3364 4506 modum
3389 4457 3707 4524 persequebar

2126 4540 2407 4595 Ecclesium
2440 4540 2533 4594 Dei
2563 4540 2713 4613 (Gal.
2749 4543 2803 4599 l.
2844 4543 2948 4613 15)
2979 4543 3095 4597 :sic
3122 4553 3172 4599 et
3197 4545 3489 4613 piscatores
3517 4547 3568 4599 in
3598 4562 3715 4601 mc-

2121 4632 2225 4685 diis
2243 4634 2497 4702 operibus
2525 4634 2735 4689 vocavit
2760 4652 2772 4687 :
2802 4634 2894 4689 sed
2938 4635 3013 4689 illi
3045 4644 3214 4690 artem
3260 4637 3579 4690 exercebant
3607 4653 3713 4690 non

2123 4726 2531 4794 vituperabilem
2561 4728 2797 4796 quidem,
2832 4725 2923 4781 sed
2956 4742 3076 4796 qua:
3099 4737 3215 4781 erat
3264 4727 3537 4781 hominum
3561 4744 3714 4798 agro—

2126 4822 2311 4884 stium,
2361 4835 2468 4873 non
2514 4821 2861 4884 urbanorum,
2908 4829 3068 4890 atque
3111 4820 3329 4873 omnino
3350 4821 3711 4890 simplicium;

2125 4913 2238 4965 iure
2269 4921 2446 4966 autem
2476 4912 2715 4967 lucrandi
2746 4911 2903 4977 ratio,
2932 4911 3257 4981 impudentia
3285 4912 3437 4979 plena
3464 4922 3599 4979 erat,
3648 4930 3712 4969 ae

2126 5006 2415 5075 petulantia
2439 5047 2452 5069 ,
2486 4988 2731 5075 quastus
2751 5004 2964 5075 iniquus
2986 5013 3041 5058 et
3070 5012 3367 5059 mercatura
3396 5005 3670 5060 illiberalis
3698 5023 3710 5059 :

2123 5107 2357 5152 attamen
2406 5099 2536 5152 nihil
2567 5098 2756 5152 borum
2787 5096 2999 5153 erubuit
3034 5099 3078 5152 is
3100 5098 3188 5168 qui
3219 5100 3445 5154 vocavit.
3473 5098 3581 5155 Nec
3611 5116 3715 5155 nn.

2126 5209 2264 5258 rttm,
2295 5192 2338 5244 si
2360 5191 2703 5262 publicanum
2731 5206 2838 5245 non
2859 5192 3158 5249 erubescat.
3187 5191 3400 5261 quando
3423 5207 3519 5245 nec
3544 5208 3718 5245 nterc-

2124 5287 2308 5341 tricem
2332 5300 2525 5340 vocare
2547 5300 2651 5339 non
2681 5283 2840 5339 modo
2870 5298 2975 5336 non
3015 5284 3247 5347 erubuit,
3277 5284 3368 5337 sed
3400 5282 3562 5349 pedes
3590 5299 3718 5335 suos

2123 5380 2377 5444 osculari,
2430 5379 2785 5450 lacrymisque
2829 5378 3004 5447 rigare
3048 5377 3310 5447 permisit.
3358 5376 3564 5430 Etenim
3597 5375 3717 5429 idco

2126 5472 2290 5537 venit,
2325 5485 2429 5525 non
2472 5479 2530 5523 ut
2569 5483 2764 5538 corpus
2792 5476 3009 5522 curaret
3050 5469 3258 5531 solum,
3286 5467 3380 5521 sed
3423 5475 3481 5521 ut
3522 5467 3717 5520 anima:

2127 5564 2329 5618 morbis
2357 5561 2681 5618 mederetur.
2704 5560 2859 5630 Quod
2892 5561 3052 5616 etiam
3105 5560 3402 5632 paralytico
3422 5559 3671 5631 pra-stitit
3703 5576 3718 5615 :

2125 5780 2227 5831 que
2249 5765 2377 5831 male
2400 5763 2590 5831 audiret
2610 5762 2739 5826 apud
2762 5762 2984 5831 diutinos,
3021 5771 3379 5831 nomen__suutn_
3409 5764 3572 5807 tamen
3614 5769 3714 5807 non

2126 5819 2462 5880 occultaverit.
2501 5819 2726 5875 sedsese
2758 5824 3017 5873 Matthremr
3064 5819 3407 5883 appellaverit,
3444 5830 3713 5883 nequene-

2126 5905 2239 5940 men
2255 5902 2396 5937 suum
2415 5888 2694 5942 mutaverit,
2709 5888 2836 5948 quod
2855 5892 3010 5934 tamet
3040 5880 3265 5933 fecerunt
3281 5884 3361 5933 alii
3378 5880 3719 5943 evangelista,

2127 5956 2215 6017 qut
2235 5955 2391 6013 ipsum
2415 5951 2527 6000 Levi
2550 5948 2875 6013 appellarunt.
