4036 6430
423 452 529 507 363

418 577 472 621 et
500 570 778 636 postquam
805 566 951 621 clare
975 564 1302 631 ostenderat,
1333 579 1392 620 se
1420 579 1577 636 posse
1602 574 1814 635 peccata
1837 564 2016 620 dimit-

418 668 550 724 tere,
584 658 653 714 ad
683 660 822 713 hunc
846 669 1030 728 postea
1060 659 1308 722 accessit,
1341 671 1397 714 ut
1437 676 1542 714 non
1565 658 1910 715 turbarentur
1937 663 2015 715 vi-

417 751 609 806 dentes
641 752 976 819 publicanum
1009 752 1062 807 in
1090 751 1477 823 discipulorum
1517 753 1742 808 chorum
1765 754 2014 810 adscribi.

414 840 547 896 Nam
577 845 665 911 qui
698 853 872 912 potest
920 854 1133 915 peccata
1178 846 1356 900 omnia
1397 846 1629 912 solvere,
1660 846 1787 916 quid
1818 848 2013 902 mirum

412 934 457 987 si
481 943 534 987 et
581 935 722 988 hunc
747 937 1047 1005 apostolum
1080 935 1277 992 faciat?
1304 937 1409 993 Sed
1441 949 1499 992 ut
1520 937 1753 993 didicisti
1779 941 2018 994 vocantis

412 1034 755 1092 potestatem,
794 1027 873 1081 sic
897 1027 1044 1082 disce
1064 1028 1236 1084 vocati
1265 1027 1648 1084 obedientiam.
1670 1028 1853 1099 Neque
1873 1030 2015 1083 enim

410 1119 747 1187 repugnavit,
778 1136 949 1190 neque
974 1121 1223 1177 dubitans
1241 1121 1409 1176 dixit:
1438 1121 1575 1189 Quid
1606 1120 1710 1177 hoc
1731 1122 1856 1178 est?
1886 1138 2014 1177 num

417 1224 507 1265 me
549 1209 819 1265 hominem
864 1210 1173 1282 bujusmodi
1232 1210 1603 1267 fraudulenter
1647 1213 1843 1268 vocat?
1883 1213 2012 1267 Nam

417 1313 565 1360 certe
605 1305 976 1373 intempestiva
1016 1304 1203 1360 fuisset
1241 1304 1543 1376 bujusmodi
1580 1306 1874 1361 humilitas.
1906 1307 2013 1363 Sed

414 1398 595 1452 statim
626 1398 859 1454 obedivit
890 1417 903 1453 :
938 1414 1111 1470 neque
1144 1400 1293 1467 petiit
1321 1400 1612 1454 utdonnnn
1659 1402 1738 1455 ire
1790 1400 2010 1465 liceret,

413 1500 472 1544 ut
515 1504 628 1545 rem
674 1505 795 1546 cum
868 1490 983 1546 suis
1037 1492 1497 1558 communicaret,
1555 1492 2009 1561 quemadmodum

409 1583 570 1637 etiam
592 1583 887 1653 piscatores
915 1581 1155 1639 fecerunt
1187 1601 1200 1638 :
1238 1592 1294 1639 nt
1332 1584 1476 1638 enim
1504 1584 1577 1638 illi
1606 1591 1763 1651 retia,
1797 1584 2015 1639 navicu-

412 1675 542 1740 lam,
583 1687 638 1731 et
663 1686 892 1747 patrem,
921 1677 991 1732 ita
1023 1686 1081 1733 et
1105 1677 1191 1732 hic
1210 1676 1547 1731 teloniariam
1578 1692 1818 1732 mensam
1848 1689 1902 1732 et
1934 1676 2015 1730 lu-

414 1783 567 1822 crum
596 1767 837 1837 reliquit,
868 1779 929 1822 ut
955 1779 1292 1838 sequeretur,
1321 1767 1386 1821 ad
1412 1764 1590 1823 omnia
1620 1777 1861 1838 paratum
1892 1768 2013 1822 ani-

411 1876 560 1915 mum
596 1860 858 1916 exhibens
891 1879 904 1915 :
936 1872 990 1916 et
1038 1876 1067 1915 a
1097 1861 1259 1917 rebus
1284 1861 1535 1916 omnibus
1576 1861 1922 1916 saecularibus
1955 1875 2014 1917 se

409 1953 593 2005 statim
642 1951 984 2019 abscindens,
1011 1960 1108 2023 per
1135 1952 1505 2008 obedientiam
1538 1951 1827 2022 perfectam
1860 1952 2013 2007 testi-

410 2045 693 2111 ticabatur,
723 2060 881 2112 quam
915 2046 1236 2115 tempestive
1258 2052 1478 2099 vocatus
1523 2044 1727 2099 fuisset.
1776 2043 1846 2098 Et
1894 2058 2010 2110 cur,

410 2138 640 2207 inquies,
673 2154 793 2196 non
824 2138 892 2193 dc
912 2137 1031 2192 aliis
1051 2136 1206 2202 dixit,
1262 2136 1532 2208 quomodo
1562 2137 1732 2191 vocati
1770 2135 1966 2190 fuerint
1994 2176 2010 2202 ,

409 2228 505 2283 sed
534 2228 601 2283 de
632 2228 793 2283 Petro
814 2236 1037 2291 tantum,
1066 2226 1292 2289 Jacobo,
1325 2227 1533 2282 Joanne
1563 2236 1618 2281 et
1646 2225 1911 2296 Philippo,
1944 2226 2013 2281 de

408 2323 624 2376 etctcris
661 2337 790 2375 vero
820 2319 1119 2390 nusquam?
1163 2318 1296 2387 Quia
1342 2318 1393 2372 hi
1447 2318 1678 2373 maxime
1713 2327 1889 2384 erant,
1920 2316 2011 2387 qui

409 2413 642 2468 hnmih-s
685 2412 766 2467 vel
819 2421 1002 2481 turpes
1049 2422 1191 2466 artes
1247 2410 1602 2475 exercebant;
1655 2424 1827 2478 neque
1866 2409 2011 2464 enim

407 2505 680 2575 quidpiam
721 2515 805 2561 est
850 2504 1135 2576 publicano
1159 2503 1416 2571 deterius,
1441 2503 1524 2558 vel
1544 2502 1809 2573 piscatore
1830 2503 2016 2560 vilius.

409 2597 562 2665 Quod
589 2612 751 2666 porro
775 2597 1054 2667 Philippus
1083 2596 1242 2650 etiam
1290 2596 1431 2650 inter
1465 2595 1727 2666 ignobiles
1765 2610 2014 2650 censere-

409 2697 517 2754 tur,
546 2702 609 2742 ex
630 2688 798 2758 patria
829 2688 1014 2757 liquet.
1052 2685 1256 2741 Idcirco
1284 2685 1382 2740 hos
1401 2687 1631 2741 maxime
1658 2700 1779 2740 cum
1807 2686 2013 2740 artibus

409 2780 525 2835 suis
575 2779 892 2851 praedicant,
926 2779 1009 2833 his
1054 2778 1394 2833 declarantcs
1423 2776 1523 2830 sibi
1553 2777 1717 2831 etiam
1765 2777 1816 2831 in
1849 2776 2012 2830 rebus

412 2871 709 2941 splendidis
751 2871 909 2926 fidem
960 2884 1082 2925 esse
1137 2867 1465 2924 habendam.
1511 2867 1645 2922 Cum
1692 2867 1836 2923 cnim
1878 2867 2011 2921 nihil

412 2974 947 3035 prmtereanteorum
985 2978 1104 3034 quin
1157 2959 1527 3031 vituperabilia
1568 2960 1648 3014 vel
1689 2959 1812 3013 vilia
1862 2969 2009 3024 sunt,

410 3058 507 3113 sed
535 3057 650 3111 hazc
678 3072 787 3126 pra:
815 3055 936 3111 aliis
961 3062 1210 3110 accurate
1233 3051 1544 3122 prtedicent,
1576 3050 1689 3105 sive
1732 3050 1819 3104 illa
1850 3049 2014 3119 magi-

412 3161 607 3216 strum,
657 3149 771 3203 sive
822 3148 1116 3216 discipulos
1166 3152 1574 3215 spcctcnt,cur
1603 3143 1654 3198 in
1705 3140 2009 3213 splendidis

412 3239 824 3310 conspicuisque
842 3237 1078 3308 suspecti
1104 3235 1322 3302 fuerint,
1374 3248 1494 3289 cum
1518 3233 1751 3288 maxime
1785 3233 1934 3302 signa
1960 3239 2016 3286 et

418 3330 683 3387 miracula
709 3332 876 3386 multa
909 3339 925 3370 ³
956 3336 1400 3400 praetercurrant,
1459 3336 1512 3381 ct
1552 3342 1669 3396 qua:
1694 3325 1759 3379 ad
1796 3340 2011 3379 crucem

411 3431 675 3494 spectant,
701 3438 821 3493 qum
853 3431 1005 3477 certe
1039 3421 1294 3491 probrosa
1327 3419 1576 3475 videntur
1601 3429 1850 3473 accurate
1867 3434 2014 3488 prte-

413 3515 619 3581 dicent,
652 3514 1036 3583 discipulorum
1085 3511 1212 3566 item
1261 3519 1428 3573 artes,
1479 3509 1745 3578 vilemque
1789 3518 2008 3574 sortem,

411 3606 652 3677 magistri
673 3619 883 3675 quoque
900 3605 1297 3675 progenitores,
1313 3602 1405 3672 qui
1436 3602 1518 3657 vel
1552 3617 1617 3656 ex
1650 3602 1900 3671 peceatis,
1927 3600 2011 3656 vel

413 3712 480 3754 ex
518 3697 610 3753 vili
640 3695 951 3752 conditione
985 3695 1096 3748 nuli
1137 3701 1312 3758 erant,
1349 3693 1495 3747 clara
1526 3706 1657 3747 voce
1694 3692 1744 3745 in
1778 3693 2012 3745 medium

413 3788 745 3859 praeferunt?
774 3787 933 3844 Unde
958 3785 1304 3841 manifestum
1331 3792 1436 3847 est,
1467 3784 1612 3853 ipsos
1643 3798 1892 3853 magnam
1917 3798 2013 3838 ve-

412 3880 591 3937 ritatis
624 3879 877 3935 habuisse
906 3878 1189 3935 rationem.
1244 3890 1306 3929 ae
1350 3889 1525 3945 neque
1551 3873 1618 3928 ad
1640 3874 1886 3945 gratiam,
1918 3887 2012 3929 ne-

414 3987 520 4044 que
550 3970 615 4026 ad
652 3970 1065 4026 ostentationem
1097 3967 1401 4038 scripsisse.

486 4066 543 4119 2.
571 4063 758 4120 Christi
805 4062 948 4130 apud
990 4060 1290 4116 Mattha‘um
1335 4059 1644 4113 convivuutis
1665 4057 1849 4129 agendi
1882 4059 2014 4112 ratio

411 4157 717 4227 explicatur.
759 4153 1158 4223 Redargttuntur
1200 4152 1237 4204 ii
1263 4152 1348 4219 qui
1376 4151 1470 4205 sibi
1510 4152 1702 4220 fautum
1730 4166 1794 4202 ea:
1811 4151 2012 4221 jejunio

413 4265 595 4322 parere
628 4256 829 4303 curam.
877 4275 950 4285 —
979 4245 1234 4300 Vocatum
1272 4247 1450 4313 itaque
1480 4243 1787 4298 Mattlneum
1821 4257 2013 4311 magno

413 4340 596 4396 affecit
646 4339 853 4393 honore
895 4337 964 4392 ad
1012 4353 1251 4393 mensam
1293 4336 1604 4397 admittens,
1633 4351 1741 4404 quo
1771 4336 1917 4390 illum
1944 4334 2014 4391 de

410 4434 600 4489 futuro
625 4431 763 4486 bene
787 4445 1007 4501 sperare
1032 4440 1206 4495 curat,
1230 4440 1283 4483 et
1304 4428 1562 4498 majorem
1586 4428 1720 4483 indit
1739 4428 2010 4484 ﬁduciam.

413 4521 531 4579 Non
566 4522 709 4577 enim
739 4521 790 4574 iu
821 4520 1058 4575 sananda
1075 4518 1192 4589 ejus
1217 4520 1494 4589 iniquitate
1513 4520 1736 4573 multum
1757 4519 2014 4590 temporis

413 4614 682 4679 adhibuit,
729 4613 826 4670 sed
872 4613 1000 4667 illud
1051 4612 1231 4667 statim
1284 4610 1482 4666 factum
1524 4621 1636 4675 est;
1679 4627 1854 4682 neque
1888 4627 2011 4667 cum

413 4706 511 4761 illo
539 4713 757 4761 tantum
784 4704 1055 4759 recumbit
1072 4703 1138 4757 ad
1156 4717 1425 4769 mensam,
1443 4702 1537 4756 sed
1560 4718 1684 4756 eum
1704 4701 1828 4757 aliis
1851 4700 1993 4755 mul-

414 4798 523 4853 tis:
545 4814 874 4867 quamquam
897 4796 949 4850 id
970 4797 1047 4851 illi
1064 4796 1284 4851 crimini
1307 4795 1560 4857 dabatur,
1578 4794 1722 4863 quod
1747 4804 1998 4862 peccato-

415 4904 508 4944 res
535 4904 643 4943 non
665 4889 925 4958 abigeret.
948 4887 1151 4942 Verum
1176 4903 1352 4957 neque
1378 4887 1480 4941 hoc
1509 4886 1689 4941 eclant
1718 4881 1996 4954 evangeli-

419 4990 519 5033 sta:
546 4981 819 5047 quomodo
858 4980 931 5033 illi
960 4979 1256 5034 accusandi
1284 4980 1611 5033 occasiones
1651 4976 1944 5046 captabant
1980 5013 1997 5040 ,

416 5067 538 5135 eius
560 5065 903 5137 explorantes
927 5081 1109 5136 opera.
1138 5065 1481 5121 Conveniunt
1519 5080 1677 5135 porro
1703 5066 1969 5136 publicani
1996 5106 2010 5132 ,

418 5158 572 5227 quasi
618 5157 687 5212 ad
735 5159 866 5212 artis
909 5169 1247 5223 consortem;
1294 5173 1418 5212 nam
1446 5156 1636 5212 honori
1677 5158 1779 5214 sibi
1811 5158 2012 5214 ducens

416 5250 559 5321 quod
584 5250 830 5307 Christus
858 5249 926 5305 ad
952 5266 1010 5305 se
1037 5251 1291 5317 venisset,
1320 5264 1508 5305 omnes
1530 5252 1862 5306 convocavit.
1892 5251 2015 5306 Ete-

414 5346 525 5400 nim
555 5358 717 5400 omne
754 5342 1043 5398 curationis
1083 5358 1253 5412 genus
1280 5342 1524 5398 Christus
1559 5342 1880 5407 adhibebat,
1913 5358 2013 5400 nec

415 5436 580 5492 modo
598 5452 721 5493 cum
752 5435 1180 5499 concionaretnr,
1214 5449 1334 5488 cum
1359 5442 1592 5498 curaret,
1616 5449 1738 5489 cum
1768 5435 2010 5491 inimicos

415 5530 784 5599 redargueret,
844 5527 940 5583 sed
989 5529 1146 5581 etiam
1197 5542 1319 5581 cum
1368 5527 1761 5590 convivaretnr,
1813 5526 2011 5584 multos

420 5622 565 5675 male
596 5618 815 5675 affectos
844 5618 1164 5674 emendabat
1189 5636 1203 5672 :
1228 5617 1311 5672 his
1336 5633 1435 5673 nos
1457 5617 1659 5673 docens
1683 5634 1843 5675 onme
1871 5628 2010 5675 tem-

419 5725 521 5778 pus
569 5723 834 5780 omneque
883 5724 1017 5781 opus
1066 5722 1219 5778 posse
1267 5708 1420 5763 nobis
1464 5708 1742 5764 utilitatem
1797 5708 2008 5765 afferre.

420 5800 675 5868 Quamvis
702 5809 875 5856 autem
896 5816 959 5856 ea
982 5817 1102 5870 qua!
1130 5810 1254 5855 tunc
1272 5800 1514 5869 apposita
1538 5809 1710 5866 erant,
1737 5800 2012 5872 iniquitate

495 5934 511 5964 ι
547 5929 662 5993 Alii,
683 5945 793 5983 cum
809 5933 1018 5984 ntaxinte
1042 5931 1181 6002 signa
1204 5932 1355 5984 multa
1376 5938 1420 5984 et
1446 5931 1702 5983 mirabilia.

1173 453 1228 507 S.
1269 452 1546 507 JOANNIS
1583 450 2062 508 CllllYSOSTOMI
2100 451 2419 513 ARCHIEP.
2460 460 2994 523 CONSTANTINOP.

3609 478 3716 533 ὅθι

2121 577 2178 623 et
2205 572 2426 627 avaritia
2457 586 2606 642 parta
2632 588 2817 635 essent
2850 599 2862 634 :
2899 599 3006 638 non
3036 588 3299 643 recusavit
3322 599 3499 647 tamen
3557 594 3717 648 Chri-

2112 672 2230 721 stus
2251 664 2335 721 his
2361 664 2630 721 convivari
2658 670 2810 738 :quia
2838 688 3087 742 maguum
3118 676 3238 732 inde
3265 681 3469 736 lucrum
3492 698 3718 741 eventu-

2119 766 2238 808 rum
2276 763 2425 823 erat;
2467 760 2559 813 sed
2586 763 2984 822 contubernalis
3010 779 3065 823 et
3091 772 3364 828 convictor
3402 787 3488 831 est
3524 794 3714 835 eorum

2119 844 2208 913 qui
2252 845 2556 916 bujusmodi
2604 853 2865 922 iniquitati
2909 872 2970 913 se
3015 858 3348 919 dediderant.
3398 866 3713 935 littjttstnodi

2118 936 2317 1007 quippe
2338 939 2596 1007 medicus,
2629 945 2727 1000 nisi
2757 963 3022 1017 aegrorum
3052 955 3386 1021 putrediuem
3416 960 3570 1025 ferat,
3605 941 3735 1016 non-

2119 1040 2214 1081 eos
2238 1043 2269 1082 a
2302 1031 2489 1087 morbo
2514 1033 2649 1088 eruit
2684 1053 2698 1089 :
2733 1051 3052 1110 quamquam
3083 1043 3205 1099 inde
3244 1047 3438 1103 malum
3482 1052 3580 1105 sibi
3629 1054 3709 1108 fa-

2121 1134 2263 1216 mam
2285 1124 2597 1216 attraheret,
2631 1139 2683 1181 cl
2710 1135 2849 1199 quod
2879 1148 3000 1189 cum
3031 1136 3121 1192 illo
3144 1139 3352 1207 ederet,
3392 1153 3443 1198 et
3483 1148 3622 1216 quod
3657 1152 3710 1204 in

2116 1210 2279 1266 domo
2306 1214 2423 1281 ejus
2452 1231 2573 1270 cum
2624 1222 2917 1288 publicanis
2961 1226 3163 1285 multis.
3208 1230 3338 1287 Vide
3366 1210 3543 1290 autem
3573 1255 3708 1306 quo-
3750 1299 3757 1303 .

2120 1304 2280 1360 modo
2325 1307 2375 1362 id
2422 1308 2495 1364 illi
2536 1313 2731 1379 probro
2757 1327 2965 1373 vertant
2991 1338 3004 1374 :
3033 1319 3167 1377 Ecce
3193 1324 3343 1380 homo
3372 1328 3510 1383 edax
3531 1304 3711 1388 alpini

2119 1406 2339 1463 potator,
2361 1402 2745 1470 publicanorum
2759 1409 2950 1464 amicus
2974 1422 3020 1465 et
3038 1425 3356 1481 peccatorum
3382 1419 3593 1487 (Matth.
3615 1427 3636 1480 Ι
3657 1428 3701 1481 I.

2119 1487 2233 1559 l9).
2266 1492 2495 1547 Audiant
2528 1494 2600 1548 illi
2629 1498 2717 1567 qui
2747 1516 2991 1571 magnam
3034 1506 3134 1560 sibi
3164 1507 3355 1564 famam
3397 1529 3461 1567 ex
3501 1515 3708 1584 jejunio

2118 1595 2308 1650 parere
2328 1594 2575 1656 satagunt
2608 1605 2621 1641 :
2654 1592 2998 1665 cogitentque
3030 1598 3309 1656 Dominum
3342 1615 3583 1661 nostrum
3612 1625 3706 1660 vo-

2115 1690 2293 1771 racem
2333 1687 2389 1734 et
2418 1679 2522 1734 vini
2551 1691 2848 1751 putatorem
2887 1701 3129 1745 vocatum
3157 1694 3316 1751 fuisse
3340 1740 3356 1764 ,
3387 1715 3560 1771 neque
3583 1719 3704 1758 ern-

2114 1765 2325 1834 buisse;
2372 1770 2467 1826 sed
2501 1773 2614 1827 lucc
2648 1778 2827 1832 omnia
2859 1779 3193 1852 despexisse,
3227 1797 3282 1842 ut
3309 1805 3421 1844 rem
3444 1765 3543 1847 sibi
3576 1811 3704 1864 prn-

2116 1862 2342 1930 positam
2386 1866 2718 1935 perliceret;
2768 1872 2817 1926 id
2847 1875 2988 1943 quod
3036 1878 3197 1933 etiam
3244 1885 3443 1938 evenit.
3484 1862 3613 1942 Nam
3651 1900 3704 1944 et

2107 1949 2427 2019 publicanus
2450 1970 2740 2016 conversus
2765 1973 2847 2017 est
2873 1974 2925 2019 et
2954 1967 3145 2023 melior
3163 1970 3401 2029 emimus.
3436 1976 3503 2031 Ut
3524 1991 3702 2035 autem

2114 2042 2308 2106 discas.
2332 2058 2584 2116 quantum
2613 2050 2737 2106 boni
2767 2056 3047 2113 accederet
3086 2061 3152 2115 iis
3189 2064 3278 2133 qui
3319 2065 3559 2134 ejusdem
3581 2085 3703 2126 cum

2114 2151 2180 2189 co
2209 2151 2407 2193 mensae
2430 2142 2713 2214 participes
2729 2156 2930 2215 essent,
2954 2150 3074 2205 audi
3102 2154 3225 2223 quid
3252 2155 3391 2213 dicat
3416 2158 3707 2218 Zacclneus

2114 2226 2249 2281 alius
2280 2230 2609 2299 publicanus.
2659 2238 2790 2303 Quia
2820 2240 2961 2295 enim
2992 2243 3191 2300 audivit
3219 2247 3492 2307 Christum
3523 2252 3706 2308 dicen-

2118 2328 2225 2415 tem
2246 2362 2261 2385 ,
2294 2321 2462 2415 llodie
2490 2327 2544 2380 in
2573 2328 2722 2384 domo
2761 2340 2847 2385 tua
2876 2345 3070 2403 oportet
3098 2355 3175 2393 me
3200 2346 3443 2415 mancre(
3468 2345 3591 2400 Luc.
3617 2350 3700 2405 19.

2112 2411 2194 2479 5),
2226 2414 2420 2484 gaudio
2462 2419 2708 2487 perfusus
2727 2464 2741 2487 ,
2771 2423 2899 2479 dixit
2928 2443 2943 2480 :
2976 2425 3254 2485 Dimidium
3282 2411 3527 2490 bonorum
3570 2455 3703 2492 utco-

2112 2520 2226 2558 rum
2250 2506 2316 2560 do
2343 2510 2671 2579 pauperibus,
2699 2525 2746 2567 et
2767 2518 2813 2569 si
2827 2518 2948 2583 quid
2970 2518 3187 2592 aliquem
3205 2522 3523 2594 defraudavi,
3546 2529 3704 2584 reddo

2112 2600 2455 2669 quadruplum
2485 2603 2628 2672 (Ibid
2678 2620 2727 2659 υ.
2759 2606 2837 2679 8).
2860 2609 2956 2664 Cui
2988 2615 3259 2682 respondit
3297 2616 3494 2677 Jcsns:
3538 2619 3706 2677 Ποία

2113 2691 2253 2745 salus
2279 2692 2452 2746 domui
2478 2695 2595 2749 huic
2622 2700 2759 2768 facta
2784 2710 2856 2754 est
2881 2701 3042 2771 (Ibid.
3069 2719 3117 2758 tt.
3147 2706 3221 2778 9).
3251 2707 3338 2763 Sic
3359 2724 3423 2765 ex
3455 2714 3702 2766 omnibus

2114 2783 2250 2838 alios
2281 2784 2730 2847 instituerelicet.
2766 2793 2831 2848 Et
2873 2798 3180 2867 quomodo,
3216 2801 3426 2873 inquies
3449 2846 3463 2868 ,
3509 2806 3702 2863 Paulus

2117 2877 2355 2946 pra-cipit
2382 2895 2394 2931 :
2421 2878 2482 2933 Si
2507 2882 2637 2949 quis,
2660 2899 2775 2937 cum
2791 2885 2950 2954 frater
2969 2891 3272 2961 nominetur,
3292 2895 3356 2948 sit
3372 2896 3699 2965 fornicarins,

2114 2979 2202 3021 aut
2232 2983 2435 3060 auarus,
2462 2988 2576 3026 cum
2598 2991 2655 3028 eo
2676 2992 2740 3030 ne
2765 2980 3022 3034 comedere
3043 2983 3245 3052 quidem
3267 2998 3462 3056 oportet
3487 2989 3531 3060 (l
3546 3029 3561 3042 .
3579 2988 3699 3044 Cor.

2115 3060 2168 3116 5.
2201 3059 2330 3134 il)?
2356 3062 2428 3117 At
2450 3080 2555 3119 non
2586 3075 2750 3136 patet,
2782 3084 2848 3124 an
2879 3070 3006 3126 illud
3033 3075 3191 3128 etiam
3223 3059 3705 3150 inagistrispraaci-

2115 3156 2326 3225 piatur,
2368 3172 2541 3228 neque
2586 3159 2760 3215 solum
2802 3160 3072 3220 fratribus.
3108 3165 3309 3222 Deinde
3350 3171 3422 3225 illi
3467 3171 3702 3227 nondum

2116 3246 2339 3316 perfecti
2368 3250 2615 3320 anetique
2643 3262 2829 3318 erant,
2860 3270 3049 3324 (neque
3084 3255 3337 3313 fratribus
3377 3275 3703 3317 annumera-

2115 3338 2329 3395 bantnr.
2386 3340 2466 3395 Ad
2518 3341 2636 3399 ha'c
2678 3358 2805 3399 vero
2851 3345 3067 3412 Paulus,
3103 3347 3214 3417 jam
3242 3350 3362 3406 illos
3402 3351 3452 3405 in
3481 3351 3702 3408 fratrum

2114 3449 2396 3489 numerum
2438 3435 2673 3491 adscitos
2709 3441 2944 3494 aversari
2968 3441 3150 3510 jubet,
3182 3443 3225 3496 si
3263 3443 3315 3498 in
3344 3445 3498 3499 malis
3525 3462 3707 3513 perse-

2116 3537 2302 3582 verent
2336 3546 2349 3582 :
2382 3528 2434 3582 hi
2462 3538 2641 3584 autem
2673 3531 2813 3586 male
2853 3547 3014 3601 agere
3059 3546 3403 3591 cessaverant
3436 3538 3702 3596 conversi.

2118 3622 2313 3677 Verum
2345 3623 2475 3678 nihil
2505 3623 2697 3679 horum
2725 3625 3026 3681 Pharisaeos
3054 3633 3409 3697 compressit,
3459 3630 3553 3685 sed
3593 3633 3706 3686 cri—

2114 3715 2383 3770 minantes
2408 3717 2790 3785 aggrediuntur
2814 3717 3105 3788 discipulos
3136 3719 3220 3773 his
3246 3720 3460 3775 verbis:
3492 3722 3579 3778 ll.
3603 3721 3713 3777 Cur

2115 3825 2233 3862 cum
2296 3807 2580 3877 publicanis
2639 3817 2686 3862 et
2742 3811 3090 3880 peccatoribus
3144 3812 3417 3865 mandarat
3468 3814 3712 3882 magister

2113 3901 2310 3955 uester?
2334 3901 2392 3955 Et
2421 3917 2541 3956 cum
2577 3902 2818 3971 discipuli
2852 3918 3073 3974 peccare
3117 3904 3395 3971 videntur,
3434 3903 3709 3963 Christum

2115 3994 2196 4049 sic
2219 3993 2566 4063 alloquuntur
2594 4008 2609 4046 :
2650 3992 2781 4047 Ecce
2815 3994 3054 4064 discipuli
3089 3996 3164 4048 tui
3205 3997 3401 4067 faciunt
3437 3998 3572 4067 quod
3601 4015 3707 4053 non

2114 4086 2230 4139 licet
2267 4085 2318 4139 in
2361 4084 2568 4140 sabbato
2611 4084 2779 4155 facere
2806 4086 3019 4155 (Matth.
3053 4086 3259 4169 11‘2);
3289 4088 3375 4143 hic
3399 4104 3525 4144 vero
3561 4090 3707 4159 apud

2115 4177 2403 4248 discipulos
2447 4178 2718 4232 Christum
2764 4179 3132 4233 criminantur.
3178 4180 3310 4248 Qua:
3335 4182 3514 4235 omnia
3545 4181 3708 4236 mali-

2113 4271 2386 4341 gnantintn
2432 4278 2604 4335 erant,
2647 4279 2701 4324 et
2746 4270 3038 4324 videntium
3073 4271 3451 4339 discipulorum
3479 4271 3706 4327 chorum

2113 4377 2143 4415 a
2167 4361 2421 4430 magistro
2441 4361 2835 4428 avellere-.Quid
2854 4363 3012 4432 igitur
3028 4363 3287 4418 immensa
3312 4363 3400 4418 illa
3419 4364 3707 4432 sapientia?

2121 4453 2204 4508 12.
2240 4452 2361 4506 Non
2382 4453 2628 4524 indigent,
2660 4455 2859 4523 inquit,
2907 4455 3022 4507 sani
3048 4457 3264 4520 medico,
3312 4456 3400 4510 sed
3443 4458 3529 4525 qui
3572 4457 3709 4511 male

2116 4545 2318 4598 habent.
2349 4544 2482 4601 Vide
2513 4545 2782 4615 quomodo
2813 4561 3114 4601 sermonem
3157 4563 3345 4602 eorum
3392 4547 3443 4602 in
3482 4557 3706 4602 contra-

2116 4635 2256 4690 rium
2294 4635 2475 4691 vertit.
2509 4635 2585 4689 Illi
2618 4651 2849 4704 namque
2888 4636 3099 4690 crimini
3141 4636 3339 4691 dabant
3383 4636 3515 4706 ipsi,
3559 4636 3707 4706 quod

2115 4726 2352 4782 cnmillls
2375 4737 2709 4794 versaretur;
2730 4726 2819 4781 ille
2838 4728 3163 4782 contrarium
3188 4729 3407 4798 profert,
3433 4728 3706 4799 indignum

2118 4816 2446 4886 benignitate
2491 4833 2587 4871 sua
2638 4832 2759 4872 esse
2796 4819 2840 4873 si
2896 4834 2998 4873 non
3029 4835 3149 4873 cum
3180 4820 3285 4875 illis
3325 4831 3601 4886 versetur;
3642 4838 3707 4876 ac

2117 4927 2224 4966 non
2256 4911 2413 4966 modo
2454 4927 2513 4966 se
2553 4913 2778 4968 crimine
2809 4928 3028 4967 vacuum
3059 4927 3179 4969 esse
3216 4930 3337 4968 cum
3368 4915 3487 4969 illos
3515 4930 3705 4968 emcn-

2116 5004 2301 5070 daret,
2334 5003 2427 5058 sed
2457 5020 2567 5058 rem
2597 5019 2719 5059 esse
2750 5005 3067 5074 praecipuam
3089 5048 3103 5071 ,
3146 5014 3201 5061 et
3228 5006 3579 5060 necessariam
3605 5049 3620 5070 ,
3652 5014 3708 5060 ct

2116 5098 2264 5152 mille
2289 5097 2534 5152 laudibus
2574 5097 2810 5168 dignam.
2858 5098 3060 5153 Deinde
3088 5115 3154 5153 ne
3189 5098 3463 5152 videretur
3488 5108 3707 5152 vocatos

2114 5191 2319 5262 pudore
2347 5189 2561 5244 afficere
2581 5231 2596 5256 ,
2626 5205 2748 5243 cum
2777 5189 3014 5253 diceret,
3051 5189 3150 5256 Qui
3187 5192 3316 5243 atate
3341 5190 3550 5254 habent,
3584 5189 3709 5243 vide

2115 5282 2385 5352 quomodo
2430 5282 2592 5337 leniat
2637 5282 2804 5347 illud,
2852 5298 2972 5336 cum
3017 5282 3136 5336 illos
3177 5282 3415 5349 increpat
3455 5289 3509 5336 et
3539 5281 3704 5336 dicit:

2117 5375 2205 5429 15.
2239 5372 2452 5439 Euntcs,
2486 5374 2665 5427 discite
2682 5374 2805 5443 quid
2826 5382 2917 5437 cst,
2947 5372 3350 5427 Misericordiam
3372 5373 3504 5435 volo,
3537 5383 3707 5426 etnon

2114 5467 2421 5536 sacriﬁcium
2452 5464 2605 5536 (Osce
2632 5465 2687 5520 6.
2718 5467 2795 5535 6).
2829 5464 2939 5520 llnc
2977 5474 3151 5518 autem
3185 5464 3427 5529 dicebat,
3457 5464 3702 5533 Scriptu-

2112 5575 2292 5614 rarum
2344 5558 2696 5629 ignorantiam
2743 5557 2872 5627 ipsis
2915 5558 3043 5610 vitio
3073 5568 3304 5612 vertens.
3344 5557 3701 5624 Quamobrem

2114 5645 2574 5717 acriusloqnitur,
2598 5662 2705 5701 non
2739 5649 2941 5715 iratus;
2959 5648 3103 5703 absit
3122 5667 3137 5717 ;
3157 5651 3250 5704 sed
3272 5650 3432 5705 neilli
3450 5650 3692 5703 animum

2116 5741 2538 5810 desponderent.
2571 5740 2916 5810 Quamquam
2956 5742 3141 5796 dicere
3169 5753 3379 5811 poterat
3409 5759 3423 5796 :
3460 5740 3576 5797 Non
3603 5757 3695 5796 eo-

2117 5829 2341 5900 gitatis,
2393 5832 2670 5901 quomodo
2727 5832 3028 5903 paralytico
3078 5844 3298 5902 peccata
3349 5830 3698 5887 dimiserim?

2119 5938 2316 5991 corpus
2334 5922 2452 5993 ejus
2471 5924 2802 5979 ﬁrmaverim
2826 5923 2849 5977 ἲ
2869 5925 2937 5979 At
2953 5924 3091 5979 nihil
3107 5925 3301 5981 horum
3321 5923 3456 5980 dicit
3477 5937 3692 5981 :Verutn
