4036 6482
520 507 626 563 565

521 637 550 674 a
577 622 949 677 commuuilnts
975 619 1268 676 ratiociniis
1295 619 1413 673 illos
1439 616 1745 688 aggreditur
1773 615 2022 684 primum,
2055 620 2109 665 et

523 724 706 783 postea
731 728 761 766 a
790 713 1098 783 Scriptus-is.
1126 711 1259 767 Cum
1282 711 1501 765 dixisset
1530 709 1669 763 enim
1693 749 1708 771 ,
1745 706 1864 760 Non
1895 715 1964 760 est
1987 721 2115 774 opus

1504 501 1570 558 IN
1609 496 2020 556 ΜᾹΤΤΠᾹΞΠΜ
2061 494 2102 551 ιι

2210 495 2296 580 ιι..
2334 497 2501 555 xxx.
2545 502 2616 557 al.
2661 501 2853 559 χχχι.
3703 516 3809 573 ses

2229 613 2349 665 dem
2379 613 2454 669 ait
2480 617 2774 672 Pharis-.1105
2799 618 2903 672 hoc
2923 617 3143 682 dixisse,
3166 619 3443 678 Mattbmns
3475 640 3620 685 vero.
3650 627 3811 683 disci-

2226 703 2377 770 pulos
2399 704 2621 760 Joannis
2654 725 2666 762 :
2697 709 2986 763 verisimile
3038 721 3216 765 autem
3264 722 3347 768 est
3392 715 3506 771 lucc
3552 726 3809 790 utrosque

521 804 806 858 calentibus
845 806 1066 857 medicus
1091 843 1104 864 ,
1147 804 1235 855 scd
1266 803 1397 854 male
1422 799 1716 854 [tabentibus
1739 841 1754 863 ,
1795 808 1846 851 et
1874 798 2110 865 seipsmn

520 910 642 949 esse
682 896 948 948 tnedicum
985 894 1313 948 subobscure
1342 892 1667 946 declarasset
1705 908 1716 942 :
1762 902 1885 943 tunc
1930 889 2061 942 dixit
2093 930 2106 954 ,

523 985 716 1039 Euutcs
738 1027 751 1047 ,
780 986 958 1039 discite
994 985 1118 1051 quid
1155 993 1262 1045 est,
1302 983 1703 1037 Miscricordiam
1748 983 1889 1047 volo,
1922 994 1969 1035 et
2009 997 2111 1034 non

517 1078 847 1145 sacrificium.
873 1077 983 1131 Hoc
1005 1086 1059 1131 et
1088 1076 1280 1130 Paulus
1302 1075 1444 1128 facit.
1472 1074 1649 1128 Primo
1667 1074 1808 1127 enim
1831 1091 1857 1126 a
1878 1088 2111 1126 commu—

519 1170 678 1221 nibus
719 1169 977 1237 exetuplis
1009 1169 1087 1223 sic
1111 1184 1305 1221 orsus:
1339 1167 1465 1230 Quis
1507 1166 1664 1235 pascit
1698 1180 1926 1235 gregem,
1966 1174 2010 1217 et
2046 1181 2109 1217 ea:

518 1261 648 1315 lacte
672 1262 781 1331 ejus
808 1278 906 1314 non
934 1262 1147 1314 comedit
1178 1261 1253 1330 (l.
1281 1260 1399 1315 Cor.
1427 1259 1480 1314 9.
1513 1259 1605 1324 7)?
1636 1268 1758 1312 tunc
1801 1258 2106 1326 Scripturas

519 1353 720 1406 inducit
740 1394 755 1417 ,
787 1362 840 1406 et
864 1352 938 1406 ait
966 1371 980 1405 :
1012 1351 1075 1407 In
1106 1354 1214 1423 lege
1240 1368 1454 1422 uanique
1491 1349 1684 1420 dloysis
1724 1352 1968 1416 scriptum
1995 1359 2065 1401 cst
2086 1390 2101 1413 ,

521 1444 640 1499 Non
668 1447 900 1514 aliigubis
924 1462 979 1500 os
1004 1446 1114 1499 bovi
1136 1446 1388 1498 trilm'unti
1413 1442 1573 1515 (Ibid.
1594 1444 1700 1498 v.9.
1727 1440 1881 1495 Deut.
1906 1441 1994 1495 23.
2022 1441 2100 1509 4);

514 1551 578 1590 ac
600 1553 848 1601 rursum,
877 1536 968 1592 Sic
1004 1536 1251 1589 Dominus
1276 1537 1565 1601 constituit,
1594 1545 1648 1587 ut
1674 1535 1758 1604 qui
1791 1534 2103 1603 evangelium

513 1630 853 1694 annuntiant,
898 1645 963 1683 ea:
1007 1628 1266 1699 evangelio
1313 1630 1477 1681 vivant
1525 1628 1741 1697 (LCor.
1783 1627 1835 1682 9.
1880 1628 1989 1695 14).
2019 1627 2101 1679 Ad

513 1722 802 1790 discipulos
831 1732 1008 1777 autem
1035 1737 1138 1775 nou
1164 1722 1242 1776 sic
1267 1739 1280 1784 ;
1309 1722 1401 1776 sed
1424 1723 1573 1791 signa
1599 1737 1692 1775 sua
1715 1723 1764 1774 in
1791 1722 2103 1775 memoriam

513 1814 717 1869 reducit
751 1814 853 1869 ltoc
880 1826 1032 1883 pacto
1063 1833 1077 1869 :
1110 1814 1233 1867 Non
1262 1816 1557 1868 meministis
1587 1815 1803 1883 quinque
1821 1830 2032 1883 panum,
2058 1825 2104 1867 et

513 1907 771 1960 hominum
804 1909 1021 1977 quinque
1052 1908 1303 1973 millium,
1334 1919 1379 1961 et
1407 1919 1525 1978 quot
1568 1909 1810 1977 cap/tinos
1831 1908 2104 1978 collegistis

512 1997 719 2069 (Matth.
756 2000 842 2053 ts.
873 2000 972 2067 9)?

585 2090 641 2143 5.
682 2089 786 2144 Sed
838 2105 941 2143 non
995 2091 1062 2143 ita
1115 2106 1175 2144 se
1221 2091 1356 2161 gerit
1392 2104 1512 2145 cum
1553 2090 1702 2153 ist's;
1735 2107 1919 2146 verum
1949 2107 2100 2146 com-

511 2197 727 2237 munem
749 2183 1110 2237 iulirmitatem
1142 2192 1557 2248 commemorat,
1598 2184 1935 2253 ostenditque
1962 2186 2103 2254 ipsos

509 2275 669 2329 etiam
701 2291 763 2329 ex
797 2274 1124 2330 iulirmormn
1150 2291 1371 2329 numero
1394 2291 1511 2330 es.~e
1528 2318 1541 2342 ,
1568 2276 1652 2344 qui
1686 2291 1782 2329 nec
1803 2274 2104 2345 Scripturas

510 2365 748 2418 sciebant
785 2405 801 2431 ,
846 2377 900 2419 et
956 2380 1169 2419 omnem
1211 2367 1455 2419 virtutem
1512 2366 1877 2436 negligentes.
1924 2368 1976 2421 in
2016 2382 2101 2422 sa-

508 2458 723 2512 criﬁciis
786 2467 955 2512 totum
1023 2460 1418 2513 constituebant
1473 2476 1487 2513 :
1545 2459 1686 2527 quod
1755 2459 2103 2514 subindieaus

512 2549 666 2617 ipse,
701 2549 750 2602 id
796 2550 935 2618 quod
979 2564 1008 2602 a
1056 2551 1328 2619 prophetis
1367 2551 1616 2607 omnibus
1647 2552 1842 2605 dictum
1889 2550 2101 2619 fuerat,

513 2641 693 2709 paucis
724 2641 887 2695 refert
917 2641 1101 2695 dicens
1132 2659 1146 2695 :
1178 2641 1366 2694 Discite
1389 2643 1512 2712 quid
1549 2652 1621 2695 est
1643 2683 1658 2704 ,
1702 2642 2102 2698 Misericordia»:

514 2732 649 2798 volo,
677 2745 726 2786 et
751 2749 850 2786 non
872 2734 1179 2799 sacriﬁcium
1208 2733 1363 2801 (Osee
1385 2734 1437 2789 6.
1464 2735 1541 2802 6).
1564 2736 1657 2789 llis
1678 2738 1820 2790 enim
1847 2738 2097 2799 ostendit,

512 2839 618 2879 non
650 2840 708 2880 se
738 2825 916 2894 inique
944 2842 1125 2896 agere,
1152 2828 1243 2881 sed
1273 2829 1445 2896 ipsos;
1470 2846 1532 2881 ac
1560 2833 1603 2883 si
1634 2830 1857 2895 diceret,
1878 2832 1987 2883 (Zur
2015 2849 2104 2883 ac-

512 2917 710 2971 cusatis
738 2919 858 2972 me?
884 2934 948 2971 au
977 2935 1099 2989 quia
1129 2930 1436 2988 peceatores
1463 2924 1729 2978 emendo?
1758 2924 1898 2993 Ergo
1926 2935 1978 2979 et
2002 2924 2100 2977 l’a-

513 3020 649 3064 trem
697 3026 875 3064 meum
924 3010 1024 3065 hac
1067 3010 1134 3065 de
1178 3027 1236 3067 re
1280 3013 1617 3067 accusabitis.
1664 3014 1816 3080 Quod
1870 3026 1922 3068 et
1974 3017 2097 3070 alibi

513 3099 698 3156 eadem
727 3111 904 3157 mente
941 3102 1152 3158 dicebat
1176 3122 1188 3157 :
1220 3103 1373 3159 Pater
1400 3122 1537 3159 meus
1565 3124 1721 3178 usque
1748 3108 1896 3162 modo
1922 3125 2101 3179 aperu-

514 3201 618 3252 tur.
663 3202 713 3247 et
765 3211 856 3263 ego
907 3211 1089 3263 operor
1135 3195 1319 3266 (Joan.
1371 3196 1425 3250 5.
1481 3200 1606 3265 17);
1654 3211 1707 3253 et
1735 3199 1820 3253 hic
1849 3217 2100 3256 rursum:

514 3279 709 3336 Euntes
734 3283 910 3337 discite
932 3286 1053 3351 quid
1078 3295 1186 3351 est,
1218 3286 1619 3341 Misericordiam
1648 3288 1760 3342 volo
1779 3330 1793 3353 ,
1823 3300 1868 3344 ct
1895 3308 1996 3344 non
2021 3308 2104 3344 sa-

517 3373 786 3440 cri/icium.
821 3376 1281 3440 Qnematbnodum
1312 3379 1454 3432 cuitu
1488 3381 1586 3434 boc
1618 3381 1703 3433 ille
1736 3383 1881 3446 vult,
1929 3383 2007 3436 sic
2048 3394 2101 3436 et

515 3480 634 3532 ego.
672 3465 733 3520 Vi
756 3467 856 3519 Ien‘
885 3469 1154 3536 quomodo
1177 3470 1260 3521 illa
1291 3470 1503 3539 quidem
1532 3472 1797 3538 superﬂua
1835 3475 1962 3536 sint,
1990 3473 2103 3527 lucc.

514 3575 643 3613 vero
685 3562 1024 3615 necessaria?
1071 3562 1255 3631 Neque
1295 3564 1436 3616 enim
1482 3564 1648 3629 dixit,
1684 3565 2099 3621 Misericordiam

515 3653 637 3705 volo
659 3662 712 3706 et
733 3653 1050 3707 sacrificium
1077 3671 1090 3718 ;
1122 3655 1216 3709 sed
1238 3696 1252 3714 ,
1288 3654 1689 3709 Misericordia»:
1729 3659 1842 3712 colo
1866 3699 1882 3725 ,
1924 3670 1971 3713 et
2000 3677 2100 3713 non

513 3744 838 3811 sacriﬁcium.
885 3745 1125 3799 Alterum
1158 3747 1298 3801 enim
1334 3750 1694 3816 comprobavit
1721 3792 1733 3811 ,
1765 3750 1989 3805 alterum
2019 3767 2104 3805 re-

515 3836 798 3905 probavit;
849 3836 1341 3909 demonstravitque
1386 3839 1435 3893 id
1494 3841 1634 3908 quod
1684 3842 2105 3898 criminabantur

513 3941 620 3981 non
654 3927 811 3980 modo
843 3944 946 3980 non
988 3929 1208 3984 vetitum
1235 3971 1249 3993 ,
1302 3930 1394 3984 sed
1443 3932 1602 3985 etiam
1636 3933 1750 4002 lege
1781 3944 2103 4003 princepmm

512 4035 653 4083 esse,
705 4022 871 4087 magis
920 4038 1079 4089 quam
1119 4024 1379 4078 sacriticia
1415 4041 1427 4076 :
1459 4024 1734 4094 ipsamque
1790 4028 1958 4097 legem
2007 4045 2102 4082 ve-

515 4120 682 4166 terem
728 4111 928 4167 inducit
960 4114 1040 4167 bis
1075 4128 1310 4169 eonsona
1352 4117 1658 4185 loquentem
1692 4128 1746 4171 et
1790 4121 2104 4189 principien-

513 4212 643 4257 tem.
701 4203 823 4260 Illos
869 4205 1045 4273 itaque
1105 4208 1467 4277 perstringens
1511 4218 1565 4261 et
1613 4226 1677 4263 ex
1725 4214 2103 4267 connnunibus

516 4298 795 4366 exemplis.
828 4308 879 4352 et
913 4315 977 4354 cx
1002 4299 1311 4369 Scripturis,
1336 4302 1516 4367 adjicit
1550 4319 1562 4355 :
1612 4302 1734 4357 Non
1777 4307 1888 4359 veni
1929 4323 2105 4362 vocare

514 4390 692 4456 iustos,
725 4393 814 4445 sed
842 4402 1126 4461 peccatores
1150 4392 1218 4445 ad
1247 4394 1610 4463 paenitentiam.
1656 4397 1709 4450 ld
1749 4414 1877 4453 vero
1902 4400 2104 4455 ironice

515 4482 771 4550 loquitur,
816 4495 868 4537 ιιι
913 4499 1032 4538 cum
1078 4484 1251 4540 dicit:
1285 4484 1419 4539 Ecce
1461 4486 1624 4540 Adam
1657 4491 1821 4559 factas
1861 4501 1934 4545 est
1974 4492 2103 4546 sicut

515 4591 646 4629 Iunis
674 4591 738 4628 ea:
766 4576 905 4630 nobis
929 4575 1081 4646 (Gen.
1107 4578 1142 4633 5
1186 4577 1302 4645 2‘2);
1343 4593 1406 4632 ac
1443 4594 1690 4644 rursum,
1738 4580 1800 4635 Si
1846 4583 2062 4635 esurierc
2086 4630 2101 4648 ,

517 4682 616 4718 non
642 4666 808 4720 dicam
836 4668 924 4720 tibi
949 4667 1120 4739 (Psal.
1148 4668 1234 4725 49.
1266 4669 1379 4739 1‘2).
1405 4670 1555 4736 Quod
1587 4672 1728 4726 enim
1762 4675 1938 4727 nullus
1964 4688 2106 4730 esset

514 4757 691 4828 iustus
720 4761 770 4813 in
804 4769 941 4814 terra
961 4802 977 4823 ,
1016 4762 1210 4815 Paulus
1233 4763 1525 4819 declaravit
1558 4766 1638 4820 bis
1669 4769 1848 4823 verbis
1876 4788 1889 4822 :
1918 4768 2103 4824 Omnes

516 4854 649 4905 enim
670 4863 998 4922 peccaverunt
1016 4895 1031 4919 ,
1055 4865 1101 4908 et
1128 4866 1271 4925 egent
1299 4857 1462 4927 gloria
1490 4857 1583 4912 Dei
1611 4860 1785 4929 (Rom.
1817 4862 1869 4916 ὅ.
1901 4860 2014 4931 ‘25).
2052 4862 2102 4916 Id

513 4947 675 5001 etiam
716 4945 795 5001 eis
818 4946 924 5015 ,ιιιιὶ
958 4947 1130 5001 vocati
1160 4957 1286 5002 sunt
1328 4950 1680 5005 consolationi
1711 4962 1845 5006 erat.
1874 4954 2102 5008 Tantum

517 5039 709 5105 abest,
744 5040 949 5109 inquit,
982 5049 1038 5094 ut
1070 5050 1378 5110 peccatores
1422 5043 1802 5100 abominationi
1835 5046 2059 5101 habeam
2089 5074 2134 5109 ,ν

517 5141 574 5185 ιιι
598 5130 760 5186 etiam
788 5142 1008 5203 propter
1031 5132 1154 5186 illos
1185 5143 1386 5187 tantum
1417 5134 1725 5189 advenerim
1785 5138 2002 5200 Deinde,
2038 5155 2104 5195 ne

516 5223 636 5278 illos
683 5223 905 5293 supinos
945 5222 1219 5283 redderet.
1258 5238 1380 5278 cum
1414 5234 1722 5294 peceatores
1748 5231 2058 5283 memoravit
2088 5273 2104 5295 ,

518 5330 622 5369 non
638 5315 749 5386 jam
774 5315 955 5380 tacuit,
985 5314 1080 5370 sed
1103 5315 1317 5385 adjecit.
1338 5318 1417 5370 Ad
1438 5319 1798 5385 penitentiam.
1828 5321 1942 5375 Non
1959 5324 2101 5377 eiiim

519 5407 641 5465 ideo
673 5409 865 5465 adveni
904 5419 961 5465 ut
1006 5412 1078 5465 illi
1107 5420 1416 5481 peccatores
1442 5423 1741 5476 manerent,
1775 5414 1867 5470 sed
1897 5426 1953 5468 ut
1984 5433 2104 5469 ιιιιι-

519 5488 757 5561 tarentur
781 5511 836 5557 et
870 5502 1120 5559 meliores
1148 5503 1455 5559 evaderent.
1488 5504 1619 5560 Cum
1665 5518 1841 5560 autem
1890 5507 2101 5562 illorum

516 5605 609 5647 ora
642 5608 859 5663 prorsus
887 5596 1183 5661 clausisset,
1201 5606 1311 5651 tum
1339 5615 1405 5653 ex
1429 5600 1738 5668 Scripturis,
1757 5610 1865 5654 tum
1896 5617 1960 5655 ex
1991 5603 2104 5668 ipsa

519 5702 696 5743 rerum
718 5690 887 5756 serie,
920 5698 976 5745 et
1004 5691 1137 5746 nihil
1173 5691 1305 5745 ultra
1335 5691 1514 5748 dicere
1542 5702 1761 5762 possent
1780 5737 1795 5758 ,
1823 5695 1962 5763 quod
2004 5695 2109 5764 ipsi

518 5784 582 5839 iis
593 5783 904 5839 criminibus
918 5786 1131 5841 obnoxii
1145 5786 1513 5854 probarentur,
1530 5805 1645 5858 qnzr
1666 5788 1766 5858 ipsi
1782 5788 2103 5857 obtulerant,

522 5876 845 5946 iusnperque
873 5877 972 5946 legi
1005 5891 1170 5934 veteri
1194 5878 1558 5943 adversnutes,
1608 5881 1698 5933 illo
1728 5882 1912 5941 misso.
1945 5884 1995 5934 in
2025 5883 2107 5934 di-

527 5967 756 6037 scipulos
784 5968 983 6025 crimen
1008 5970 1349 6027 transferunt.
1376 5970 1542 6028 Lucas
1561 5971 1710 6043 ((Iup.
1735 5974 1783 6029 5.
1808 5988 1853 6026 ε.
1875 5973 1964 6043 55)
1985 5977 2097 6044 qui-

2221 796 2441 852 dixisse.
2472 798 2606 852 Cum
2647 800 2787 856 enim
2818 802 2890 856 illi
2934 803 2985 856 in
3012 804 3173 859 dubio
3201 820 3543 864 versarentur
3565 853 3580 875 ,
3615 815 3801 868 verisi-

2216 889 2413 942 militcr
2456 901 2509 943 et
2558 892 2678 946 illos
2725 907 2907 948 secum
2954 909 3379 965 :lSSlltllpSCl'llttl,
3420 902 3561 970 quod
3602 915 3802 960 etcum

2216 980 2526 1035 llerodianis
2558 993 2740 1050 postea
2770 983 3024 1040 fecerunt.
3076 988 3385 1044 luvidebaut
3413 992 3555 1047 enim
3583 1010 3802 1068 semper

2211 1072 2425 1125 Christo
2452 1072 2673 1127 Joannis
2692 1076 2956 1144 discipuli,
2981 1088 3033 1132 et
3057 1091 3239 1133 eontra
3266 1082 3410 1135 illu.u
3435 1083 3802 1155 (li-ptralntnt;

2213 1179 2337 1223 tunc
2367 1169 2584 1225 demum
2616 1172 2928 1227 humiliores
2954 1175 3153 1237 elTecti,
3186 1193 3308 1231 cum
3337 1178 3572 1235 Joannes
3601 1184 3650 1235 in
3680 1199 3801 1237 car-

2209 1277 2388 1317 cerem
2423 1275 2601 1319 trusus
2642 1277 2744 1320 est.
2788 1266 2921 1321 Nam
2968 1276 3094 1323 ttmc
3126 1270 3177 1324 id
3209 1284 3473 1327 venerunt
3503 1277 3800 1332 nuntiatum

2209 1352 2335 1408 Jesu
2369 1355 2585 1410 (lin-isto
2619 1373 2634 1410 :
2666 1367 2850 1425 postea
2880 1374 3007 1413 vero
3039 1360 3089 1412 in
3124 1361 3354 1429 priorem
3401 1379 3609 1418 rursum
3660 1368 3795 1422 iuvi-

2209 1445 2351 1500 diam
2368 1458 2490 1501 sunt
2512 1450 2734 1504 reversi.
2760 1451 2895 1517 Quid
2925 1452 3083 1521 igitur
3100 1452 3149 1506 bi
3171 1453 3485 1510 dicuul?l4.
3516 1456 3688 1522 Quare
3709 1477 3800 1515 nos

2208 1546 2256 1590 et
2282 1535 2531 1595 leriswi
2560 1542 2774 1594 multum
2792 1544 3090 1611 jejunamns
3125 1559 3143 1597 .'
3184 1545 3422 1614 discipuli
3452 1564 3566 1601 vero
3596 1550 3667 1601 tui
3700 1567 3802 1605 non

2200 1632 2478 1701 jcjunant?
2501 1631 2596 1686 llic
2622 1634 2840 1687 morbus
2870 1644 2972 1698 est,
2988 1651 3148 1703 quem
3169 1637 3294 1689 olim
3318 1638 3620 1694 absciderat
3640 1639 3798 1695 Clu-i-

2207 1730 2321 1774 stos
2337 1736 2456 1775 cum
2470 1723 2572 1776 ait:
2591 1722 2711 1775 Cum
2715 1724 3045 1793 jejunavcris,
3062 1742 3192 1795 ungo
3206 1737 3358 1796 caput
3372 1739 3532 1787 tuum.
3550 1741 3594 1784 et
3614 1732 3798 1799 facient

2209 1821 2346 1865 tuam
2374 1814 2485 1865 (uva
2517 1812 2729 1882 (Matt/1.
2762 1816 2814 1868 6.
2851 1815 2971 1885 i7);
3002 1832 3120 1868 cum
3150 1820 3421 1884 praescii-et
3445 1834 3506 1873 ea
3529 1835 3646 1889 quae
3674 1823 3798 1875 inde

2209 1920 2319 1959 nasi
2341 1904 2473 1959 itura
2499 1915 2653 1960 erant
2675 1906 2833 1959 mala.
2860 1906 2964 1959 Sed
2990 1906 3089 1958 bos
3108 1907 3191 1959 ille
3215 1924 3319 1961 non
3347 1910 3604 1977 inctepat,
3628 1929 3801 1981 neque

2205 1997 2338 2051 dixit
2360 1996 2436 2052 :0
2452 2013 2600 2052 vanae
2614 1999 2797 2067 glorizu
2814 1998 3012 2066 cupidi,
3034 2009 3085 2052 et
3103 1999 3276 2052 futiles
3291 1998 3552 2056 homines!
3569 2006 3659 2056 sed
3678 2020 3799 2058 cum

2208 2090 2351 2142 omni
2369 2089 2778 2144 mansuetudine
2793 2091 2938 2159 ipsos
2950 2090 3447 2159 alloquitnrdirens.
3468 2093 3550 2147 l5.
3563 2092 3679 2147 Non
3695 2113 3803 2162 pos-

2207 2192 2325 2236 sunt
2342 2183 2437 2249 ﬁlii
2454 2182 2629 2251 sponsi
2634 2183 2893 2253 jejunare,
2917 2182 3156 2251 quamdiu
3184 2199 3299 2235 cum
3321 2184 3422 2237 illis
3442 2195 3512 2237 cst
3538 2202 3774 2252 sponsus.

2208 2273 2432 2341 Quando
2451 2275 2592 2327 enim
2609 2289 2702 2343 pro
2719 2275 2837 2328 aliis
2855 2273 3193 2343 loquebatur,
3216 2291 3311 2342 pro
3337 2276 3631 2342 publicanis
3654 2294 3801 2330 nem-

2210 2381 2294 2433 pe,
2350 2374 2409 2419 ut
2441 2380 2626 2419 eorum
2663 2367 2870 2419 animos
2920 2366 3229 2421 vulneratos
3281 2368 3567 2431 solaretur,
3601 2386 3797 2438 ex'pro-

2208 2457 2424 2512 brautes
2473 2456 2845 2512 vehementius
2897 2456 3223 2527 increpavit:
3251 2473 3371 2512 cum
3415 2468 3592 2513 autem
3627 2461 3798 2530 ipsum

2206 2558 2261 2601 et
2284 2546 2573 2616 discipulos
2602 2546 2915 2614 carpebant,
2944 2562 3064 2601 cum
3093 2547 3236 2600 oumi
3267 2549 3673 2603 mansuetudine
3702 2565 3801 2604 oc-

2208 2637 2371 2693 currit
2403 2638 2550 2707 ipsis.
2584 2638 2734 2704 Quod
2764 2644 2937 2691 autem
2980 2636 3163 2691 dicunt
3193 2637 3304 2701 illi,
3339 2638 3641 2707 ltnjustnodi
3671 2653 3752 2693 est
3783 2657 3797 2693 :

2212 2734 2357 2795 Este.
2386 2745 2437 2787 tu
2468 2743 2647 2802 utpote
2674 2732 2909 2786 modicus
2942 2731 3042 2785 boe
3074 2730 3234 2785 facias
3266 2747 3278 2781 :
3312 2731 3402 2786 sed
3426 2747 3521 2785 cur
3558 2732 3800 2802 disripuli

2211 2825 2307 2889 tui,
2360 2824 2527 2877 misso
2581 2823 2808 2892 jejunio,
2859 2822 3159 2889 bujusmndi
3209 2824 3407 2876 mensis
3443 2824 3802 2878 accmnbnnt?

2211 2914 2413 2970 Deinde
2436 2924 2491 2967 ut
2514 2915 2769 2983 majorem
2794 2917 3188 2968 accusationem
3218 2914 3453 2969 facerent
3473 2957 3487 2979 ,
3521 2931 3579 2969 se
3602 2916 3802 2984 primos

2211 3018 2432 3077 ponunt,
2458 3016 2746 3077 posteaque
2777 3006 3098 3069 l’barisa-os,
3125 3009 3525 3074 comparatione
3556 3009 3798 3064 volentes

2208 3103 2413 3157 Crimen
2443 3116 2678 3169 augere;
2722 3114 2841 3152 nam
2892 3097 2957 3150 Et
3005 3115 3116 3159 nos,
3153 3098 3412 3168 inquiunt,
3457 3110 3503 3152 et
3550 3098 3801 3154 Plan-iuri

2210 3194 2421 3247 nmltum
2466 3193 2780 3262 jojunanms.
2823 3188 2956 3243 Nam
3008 3189 3344 3259 jejunabant,
3392 3190 3463 3242 illi
3521 3206 3549 3242 ιι
3597 3191 3802 3245 Joanne

2207 3284 2404 3348 edocti,
2429 3285 2478 3337 bi
2495 3299 2618 3337 vero
2645 3299 2673 3335 ει
2702 3284 2850 3351 lege;
2875 3281 3323 3350 quemadmodum
3357 3281 3479 3333 item
3504 3282 3802 3336 Pharismus

2208 3375 2419 3430 tlichat
2449 3392 2467 3429 :
2497 3376 2685 3445 Jejuno
2733 3375 2806 3428 bis
2855 3376 2905 3427 in
2952 3373 3281 3427 In-bdomado.
3320 3375 3456 3441 Quid
3489 3376 3646 3446 igitur
3673 3377 3802 3432 dicit

2206 3468 2403 3522 Jesus?
2434 3465 2578 3519 Nam
2636 3474 2844 3534 possunt
2893 3465 2990 3531 ﬁlii
3040 3465 3215 3533 sponsi
3252 3466 3513 3533 jrjunare,
3558 3469 3802 3536 quamdiu

2209 3578 2322 3615 cum
2349 3560 2451 3615 illis
2489 3569 2564 3613 est
2602 3575 2819 3629 sponsus
2845 3559 2862 3626 (
2893 3557 3022 3611 Luc.
3051 3558 3137 3613 l8.
3169 3559 3238 3612 12
3265 3557 3322 3627 )?
3366 3557 3544 3611 Primo
3587 3560 3800 3627 quidem

2209 3669 2329 3709 sese
2357 3654 2623 3708 medicum
2646 3652 2870 3716 vocavit,
2898 3651 2982 3705 hic
3005 3660 3131 3706 vero
3151 3666 3429 3721 sponsum,
3453 3661 3658 3706 secreta
3689 3669 3802 3725 my-

2208 3751 2370 3807 steria
2399 3765 2495 3819 per
2526 3747 2640 3803 lucc
2680 3748 2892 3802 nomina
2927 3746 3172 3800 revelans
3202 3760 3561 3816 :quamquam
3594 3755 3801 3814 poterat

2210 3845 2331 3899 illos
2355 3843 2534 3898 acrius
2561 3841 2805 3896 refellere
2837 3840 3023 3894 dicens
3053 3856 3068 3892 :
3104 3838 3210 3893 Vos
3241 3855 3345 3892 non
3390 3838 3597 3893 habetis
3621 3847 3801 3893 ant-to-

2208 3940 2418 3993 ritatem
2452 3934 2757 4005 iutjusmodi
2785 3933 2931 4002 leges
2961 3932 3190 4001 ponendi
3225 3950 3237 3985 :
3265 3946 3383 4001 qua:
3421 3932 3562 3984 enim
3602 3932 3801 3986 utilitas

2207 4044 2271 4083 ex
2297 4028 2521 4098 jejunio,
2550 4024 2763 4095 quando
2787 4025 2963 4077 anima
2990 4023 3263 4091 iniquitate
3289 4023 3440 4091 plena
3460 4034 3560 4088 ρει,
3585 4037 3705 4076 eum
3734 4023 3802 4078 dc

2208 4119 2327 4173 aliis
2357 4116 2706 4179 aceusamiui,
2735 4131 2854 4171 etnn
2902 4113 3226 4167 damnamini
3247 4154 3262 4171 .
3291 4127 3412 4166 cum
3446 4113 3622 4167 trabes
3652 4114 3801 4168 fertis

2210 4210 2476 4274 iuocubs,
2522 4218 2576 4263 et
2622 4208 2688 4263 ad
2738 4208 3155 4263 ostentationem
3202 4205 3380 4259 omnia
3429 4206 3802 4262 facitis?Ante

2212 4306 2327 4358 lure
2352 4304 2493 4357 enim
2524 4301 2704 4355 omnia
2734 4315 2923 4353 vanam
2951 4298 3175 4368 gloriam
3225 4296 3420 4366 ejicere
3458 4307 3796 4365 oportuerat,

2208 4406 2371 4469 atque
2400 4397 2502 4451 alia
2535 4395 2713 4449 omnia
2735 4404 2881 4449 recte
2902 4393 3135 4462 operari,
3162 4394 3462 4455 Caritalcm,
3492 4403 3798 4447 mansuetu-

2211 4487 2416 4551 dinem,
2444 4486 2663 4540 fratrmn
2695 4500 2955 4539 amorem.
2991 4483 3186 4538 Verum
3230 4485 3359 4537 nihil
3409 4486 3599 4539 borum
3649 4486 3798 4549 dicit,

2211 4580 2304 4636 sed
2327 4597 2446 4634 cum
2475 4581 2618 4633 omni
2650 4578 3059 4634 mansuetudine
3089 4595 3101 4630 :
3138 4576 3258 4631 Non
3285 4587 3492 4647 possunt
3506 4578 3602 4645 lilii
3628 4579 3801 4644 sponsi

2201 4677 2456 4745 jrjunare,
2482 4673 2725 4744 quamdiu
2750 4689 2867 4725 cum
2892 4672 2962 4725 eis
2987 4679 3057 4723 est
3083 4687 3301 4740 sponsus
3322 4669 3342 4741 (
3363 4670 3520 4723 Joan.
3554 4670 3606 4722 5.
3637 4670 3744 4739 29)
3782 4687 3798 4723 :

2211 4768 2371 4824 verba
2398 4766 2621 4822 Joannis
2653 4779 2958 4819 memorans
2987 4763 3210 4816 istltmc:
3249 4762 3346 4826 Qui
3385 4762 3530 4814 liabet
3561 4778 3800 4831 sponsam

2210 4877 2424 4928 sponsus
2446 4869 2518 4912 est
2551 4874 2568 4911 :
2596 4857 2789 4910 amicus
2814 4864 2979 4908 autem
3008 4853 3213 4919 sponsi,
3245 4861 3318 4904 est
3356 4852 3444 4920 qui
3469 4861 3569 4906 sta:
3588 4867 3608 4906 :
3636 4861 3683 4905 et
3703 4870 3797 4906 au—

2212 4955 2352 5007 (licus
2370 4968 2506 5015 cunt,
2534 4949 2722 5021 gaudio
2770 4947 2955 5018 gaudet
2984 4954 3186 5013 propter
3217 4960 3387 4997 vocem
3425 4945 3617 5014 sponsi.
3647 4946 3798 5011 Quod

2211 5058 2391 5100 autem
2421 5045 2570 5106 dicit,
2606 5041 2906 5110 bujusmodi
2938 5049 3019 5095 est
3052 5056 3066 5091 :
3101 5038 3345 5093 Prmscns
3379 5048 3592 5109 tempus
3620 5039 3797 5110 gaudii

2212 5152 2266 5194 et
2292 5139 2485 5193 lmtitia:
2515 5146 2616 5192 est.
2648 5135 2723 5190 Ne
2743 5135 2921 5203 itaque
2949 5132 3114 5185 tristia
3134 5131 3375 5186 inducas.
3397 5132 3589 5186 Tristis
3604 5132 3800 5201 quippe

2214 5247 2301 5286 res
2329 5239 2412 5283 est
2426 5228 2712 5299 jejunium,
2747 5240 2851 5278 non
2883 5235 3072 5278 natura
3098 5240 3215 5286 sua,
3238 5224 3330 5275 sed
3360 5225 3683 5278 illistantum
3706 5224 3794 5293 qui

2211 5322 2472 5379 infirmius
2493 5320 2665 5375 allecti
2701 5327 2857 5382 sunt;
2893 5326 2947 5371 at
2974 5318 3037 5371 iis
3065 5317 3154 5386 qui
3184 5316 3546 5385 philosophari
3575 5316 3755 5370 volunt
3776 5355 3794 5382 ,

2211 5434 2298 5473 res
2327 5414 2614 5471 admodum
2656 5411 2827 5466 dulcis
2865 5420 2949 5465 est
2987 5421 3041 5465 et
3083 5409 3472 5464 desiderabilis.
3518 5408 3795 5475 Quemad-
3848 5415 3852 5419 '

2212 5509 2427 5564 modum
2453 5507 2597 5561 enim
2622 5520 2847 5574 corpore
2871 5503 3006 5557 bene
3028 5503 3258 5568 valente,
3289 5501 3451 5555 nu.lta
3476 5502 3654 5555 laetitia
3682 5510 3792 5556 est:

2212 5602 2290 5656 sic
2314 5602 2489 5654 anima
2523 5598 2657 5653 bene
2680 5596 2865 5651 aﬂ‘octa
2887 5637 2902 5659 ,
2941 5594 3110 5664 major
3142 5603 3225 5649 est
3277 5593 3541 5662 voluptas.
3580 5593 3683 5651 Sed
3728 5592 3793 5648 ad

2212 5694 2423 5747 illorum
2452 5700 2685 5745 mentem
2718 5688 2833 5743 hanc
2865 5688 3160 5757 respondit.
3193 5686 3283 5742 Sic
3303 5696 3356 5741 et
3379 5686 3538 5741 Isaias
3559 5685 3624 5739 do
3648 5685 3791 5754 ξυμ...

2212 5787 2303 5839 nio
2329 5786 2573 5852 loquens,
2605 5781 2961 5835 humilitatem
2992 5779 3154 5832 animi
3185 5788 3336 5832 vocat
3367 5777 3493 5833 illttd
3526 5777 3676 5843 (litui.
3700 5779 3789 5834 55.

2208 5871 2264 5945 3)
2299 5888 2312 5925 :
2340 5881 2391 5927 et
2422 5870 2631 5944 Moyses
2657 5869 2903 5926 similiter
2930 5866 3115 5938 (Num.
3148 5867 3233 5923 30.
3268 5867 3372 5937 lvi).
