2018 3228
178 241 230 270 567

215 304 242 330 4.
263 302 353 337 Neque
364 301 427 328 hinc
442 304 543 327 tantum
560 300 618 326 illos
632 300 754 334 reprimit
775 299 914 330 Dominus,
926 297 973 324 sed

178 348 285 376 aliunde
298 348 378 374 etianl
393 347 433 373 his
447 346 535 373 verbis
552 354 558 372 :
578 345 682 372 Veniant
692 345 762 377 dies,
776 344 877 379 qluzudo
902 345 974 378 aufe-

177 400 246 421 retur
255 394 285 419 ub
298 393 333 419 eis
347 400 465 426 sponsus,
479 396 500 418 ct
509 391 735 426 ttmcjejnitabunt.
748 389 793 416 His
800 389 871 416 enim
883 394 973 415 osten-

177 441 216 467 dit
230 448 282 466 non
302 439 371 474 gula:
393 446 471 465 causa
489 446 541 464 non
558 437 704 472 jejnuassc,
730 436 778 463 sed
807 444 839 462 ex
857 435 971 470 quadam

176 486 377 520 dispensatione
397 484 510 512 mirabili
527 493 533 511 :
547 484 623 511 simul
640 491 702 509 vero
717 483 750 509 de
777 482 901 517 passione
924 489 971 508 sua

175 532 297 567 quaedam
314 532 469 566 pra-mittit,
497 535 524 558 et
544 530 597 557 illis
619 529 805 564 respondendo
826 528 971 563 discipulos

176 577 327 605 iustituitel
343 576 472 604 exercitat
488 577 513 603 ill
530 576 702 602 meditatione
716 583 804 602 rerum
826 582 886 609 qua:
903 581 970 600 one-

176 632 246 651 rosa:
259 629 285 650 et
300 623 389 650 tristes
401 631 460 650 esse
484 623 654 649 videbantur.
677 621 732 648 Illis
749 621 820 648 enim
845 621 895 648 hoc
914 620 970 655 jam

175 671 266 697 dicere
282 670 423 697 molestum
439 669 551 701 fuisset,
566 667 781 702 quandoquidem
797 675 857 694 eum
877 671 969 701 postea

175 716 275 743 dictum
289 716 339 742 illis
355 715 411 747 fuit,
430 715 501 749 ipsos
521 714 690 741 conturbavit
706 722 712 740 :
727 721 787 740 euln
802 717 892 740 auteln
910 712 970 739 aliis

175 762 317 794 diceretur,
331 762 419 788 minus
432 761 482 788 illis
493 769 638 788 onerosum
651 765 717 787 erat.
726 760 792 794 Quia
806 766 886 795 porro
899 760 970 787 veri-

175 808 264 835 simile
277 813 334 835 erat
348 808 408 834 illos
423 808 457 835 de
477 807 600 842 passione
622 807 735 834 Joannis
760 807 842 833 altum
861 814 968 841 sapere,

174 856 245 882 hunc
259 856 376 890 ipsorum
402 859 536 881 tumorem
560 853 622 881 inde
642 854 719 881 sedat
734 862 740 879 :
754 861 802 880 nec
821 858 909 880 tamen
934 852 969 880 de

175 902 372 928 resurrectione
387 908 539 927 sermonem
553 900 667 932 inducit;
684 899 802 926 nondum
814 900 885 926 ellim
902 903 968 926 tem-

174 956 223 981 plls
235 952 301 974 erat.
321 947 377 973 Iloe
392 947 489 981 quippe
501 946 646 973 secundmn
660 950 781 972 naturam
799 950 857 972 erat
867 966 873 976 ,
895 945 966 980 quod

174 993 253 1020 homo
274 1000 334 1019 eum
357 998 504 1027 putaretur,
531 991 676 1019 moriturus
699 997 788 1023 esset;
817 992 880 1018 illlld
903 999 967 1019 vero

171 1046 249 1072 supra
265 1043 397 1064 naturam.
415 1037 515 1064 Deinde
530 1037 556 1064 id
570 1037 639 1071 quod
653 1042 714 1064 ante
730 1037 838 1069 fecerat,
851 1037 893 1064 hic
901 1045 967 1072 quo-

170 1091 223 1117 que
236 1083 306 1110 facit.
324 1083 552 1117 Quemadmodum
562 1091 633 1110 enim
655 1091 715 1110 cum
730 1089 892 1110 conarentur
905 1091 965 1110 enm

170 1128 275 1154 crimini
291 1128 436 1154 obnoxium
451 1128 605 1160 Ostenderc,
622 1128 691 1162 quod
706 1136 766 1155 cunl
780 1129 965 1162 peccatoribus

170 1173 332 1205 conluderet,
347 1174 510 1200 eontarillm
537 1173 582 1200 ille
603 1174 735 1208 probavit,
756 1174 781 1201 id
795 1181 892 1208 nempe
911 1182 964 1201 non

168 1219 268 1245 crimen
284 1227 360 1251 esse,
376 1220 423 1246 sed
443 1218 602 1246 laudandum
616 1228 623 1245 ε
638 1219 678 1246 sic
698 1223 725 1246 et
751 1219 801 1246 hoc
823 1219 882 1247 loco
902 1226 963 1246 cum

168 1266 261 1292 volunt
276 1266 399 1299 probare.
417 1266 502 1299 ipsum
516 1273 567 1292 non
584 1265 620 1292 ιιιί
642 1273 689 1300 par
707 1271 747 1293 est
762 1265 907 1300 discipulos
922 1266 962 1293 ill-

166 1313 288 1345 slituere,
305 1312 422 1339 ostendit
434 1320 481 1339 eos
492 1313 536 1347 qui
553 1313 615 1339 illud
628 1313 757 1345 dicerent,
775 1314 897 1348 ignorare
910 1322 963 1349 quo

167 1362 245 1391 pacto
260 1357 436 1384 sectatoribus
452 1358 578 1385 utendum
594 1364 683 1392 esset,
707 1360 753 1387 sed
770 1365 870 1387 temere
882 1368 962 1387 accu-

167 1411 227 1430 sare
242 1412 248 1429 :
267 1404 309 1431 16.
326 1403 422 1430 Nullus
435 1405 512 1437 enim,
535 1405 629 1439 inquit,
647 1406 757 1432 immittit
772 1407 962 1433 commissuram

166 1450 246 1482 pallui
259 1450 315 1476 ιιουὶ
330 1449 355 1476 in
367 1450 536 1476 vestimentum
547 1457 624 1477 vetus.
634 1450 735 1477 Rursus
748 1459 762 1477 a
776 1452 962 1479 communibus

163 1495 294 1529 exemplis
306 1502 458 1522 sermonem
474 1496 627 1522 eoncinnat.
636 1497 712 1528 Quod
725 1502 813 1523 autem
824 1497 898 1528 dicit,
910 1498 962 1524 llu-

164 1540 280 1574 jnslnodi
294 1545 335 1567 est
349 1548 356 1567 :
373 1540 495 1567 Nondum
517 1541 599 1568 fortes
622 1546 684 1568 sunt
703 1541 836 1577 diseipuli,
853 1544 898 1569 sed
912 1543 961 1570 ad-

164 1586 217 1613 huc
243 1586 326 1612 multa
357 1592 436 1621 egent
471 1586 787 1621 indulgentia:nunduln
810 1589 880 1616 enim
912 1597 961 1623 per

163 1632 291 1666 Spiritum
307 1632 426 1659 renovati
437 1638 508 1659 sunt.
520 1634 563 1660 Sic
576 1638 665 1660 autem
677 1635 779 1661 allectis
790 1643 841 1661 non
854 1640 961 1669 oportet.

162 1677 253 1711 gravia
277 1682 471 1712 prmceptorum
499 1685 580 1705 ouera
607 1679 752 1714 imponere.
781 1680 845 1708 "LUC
869 1686 958 1708 autent

162 1723 278 1756 dicebat,
294 1723 367 1758 leges
382 1728 408 1751 et
423 1724 528 1759 regulas
543 1724 685 1759 imponens
698 1725 835 1760 discipulis
850 1727 916 1759 suis,
931 1732 960 1754 ut

162 1778 223 1795 eunl
238 1770 275 1796 illi
300 1770 327 1797 in
347 1770 493 1806 discipulos
510 1771 663 1799 adscribent
685 1780 780 1800 omnes
794 1774 837 1808 qui
853 1774 877 1800 ill
892 1775 959 1801 orbe

164 1820 295 1841 terrarum
315 1821 387 1846 sunt,
403 1823 463 1842 cum
479 1824 575 1852 magna
596 1817 656 1845 illos
673 1820 877 1846 mansuetudine
903 1824 957 1846 tra-

162 1866 247 1889 ctent.
264 1862 306 1888 l7.
325 1862 413 1896 Neque
433 1862 570 1890 immittunt
583 1864 669 1890 uinum
683 1873 775 1891 uultum
788 1866 813 1892 ill
829 1871 897 1893 utres
914 1874 956 1892 ve-

162 1914 236 1936 teres.
253 1908 345 1936 Viden‘
359 1910 483 1945 exempla
500 1911 526 1937 ill
546 1911 628 1938 veteri
644 1911 702 1946 lege
717 1913 863 1947 usurpata?
878 1913 958 1940 vesti—

163 1960 292 1988 mentum,
307 1956 400 1983 utres?
419 1956 551 1984 Jel'elnias
566 1957 691 1991 populum
709 1963 785 1984 vocat
811 1959 955 1992 perizoma,

163 2002 280 2037 itemque
295 2007 368 2030 utres
385 2008 516 2031 memorat
538 2009 618 2038 atque
643 2005 733 2032 vinum
746 2006 754 2039 (
768 2004 822 2031 Jer.
851 2005 893 2032 15.
911 2006 954 2033 10.

163 2049 217 2083 12).
232 2049 297 2083 Quia
309 2049 380 2077 enim
395 2050 429 2077 de
442 2057 532 2078 mensa
543 2055 570 2077 et
583 2051 616 2077 de
637 2051 697 2085 gula
722 2058 813 2078 sermo
836 2058 909 2085 erat,
923 2060 956 2078 ex

163 2095 227 2129 ipsis
238 2096 361 2130 exempla
375 2097 500 2124 desumit.
518 2096 602 2123 Lucas
618 2097 693 2133 (Cap.
703 2097 730 2125 5.
740 2105 762 2123 υ.
774 2097 819 2133 56)
834 2105 896 2124 vero
909 2098 957 2124 ali-

161 2141 224 2175 quid
238 2142 352 2176 amplius
367 2142 440 2173 dicitl
457 2150 555 2169 novuln
571 2150 667 2176 nempe
682 2142 778 2173 scindi,
790 2144 812 2170 si
835 2143 898 2170 illud
912 2151 957 2170 ve—

163 2189 211 2212 teri
221 2186 352 2221 junxeris.
372 2187 463 2214 Videlt'
473 2196 524 2214 non
541 2188 620 2215 lnodo
634 2188 732 2215 nullam
747 2189 898 2220 utilitatem,
909 2189 955 2216 sed

161 2232 247 2266 lnajlls
260 2233 449 2259 detrlnlentuln
462 2233 524 2260 hinc
535 2234 621 2261 oriri?
642 2234 673 2260 Et
690 2235 829 2268 praisentia
848 2236 955 2269 quidem

160 2283 262 2309 narrat,
273 2278 360 2305 fnlllra
375 2286 437 2306 vero
453 2279 589 2313 praedicit;
603 2287 700 2314 nempe
714 2280 771 2305 illos
787 2288 869 2307 novos
884 2286 956 2315 post-

162 2332 195 2351 ea
218 2325 321 2351 futuros
341 2332 420 2351 esse:
437 2330 464 2351 et
479 2331 621 2359 antequam
639 2325 663 2351 id
680 2326 802 2358 eveniat,
817 2325 881 2353 nillil
906 2334 955 2354 au-

159 2376 261 2398 sterum
276 2376 303 2399 et
313 2379 393 2407 grave
413 2372 477 2406 ipsis
500 2376 662 2406 pratceptum
690 2372 731 2398 iri.
748 2371 813 2399 Nam
830 2373 874 2407 qui
894 2378 956 2400 ante

160 2424 340 2452 opportunum
358 2423 474 2453 tempus,
490 2418 585 2452 inquit,
606 2418 732 2444 sublimia
745 2418 869 2452 dogmata
888 2426 956 2445 con-

161 2465 271 2491 stituere
284 2465 388 2499 qua-rit,
404 2473 452 2491 suo
465 2470 557 2499 postea
580 2469 699 2498 tempore
719 2473 770 2490 non
791 2465 900 2490 idoneos
914 2472 957 2490 re-

162 2510 256 2543 periet,
283 2510 353 2544 quod
379 2510 439 2537 illus
461 2510 544 2537 semel
574 2510 680 2537 inutiles
709 2510 861 2536 reddiderit.
890 2509 955 2536 Illud

160 2563 242 2589 porro
255 2562 308 2581 non
323 2562 354 2582 ex
371 2555 432 2582 vino
447 2555 577 2590 procedit,
594 2563 680 2590 neque
699 2564 729 2581 ex
746 2555 848 2581 utribus
865 2555 956 2582 vinum

159 2601 374 2636 cxcipientibus,
390 2602 436 2628 sed
450 2609 483 2628 ex
505 2609 598 2628 eorum
613 2603 657 2636 qni
673 2602 826 2628 infuderunt
844 2601 956 2629 festina-

162 2648 242 2675 tione.
258 2648 325 2675 llinc
341 2648 418 2675 nobis
432 2655 539 2674 causam
555 2649 674 2682 expellit,
684 2656 732 2674 cur
745 2648 804 2674 illos
815 2647 957 2681 alloquens

160 2695 305 2722 humilibus
319 2695 409 2722 verbis
432 2694 586 2728 frequenter
610 2699 740 2722 uteretur.
758 2696 823 2721 Nam
846 2699 957 2728 propter

159 2743 279 2776 ipsorum
296 2741 476 2769 infirmitatem
494 2741 574 2767 multa
590 2740 694 2768 dicebat
718 2741 807 2768 minus
832 2740 955 2767 sublimia

159 2797 239 2822 qualn
252 2794 301 2821 pro
316 2795 362 2814 sua
378 2787 506 2822 dignitate
523 2795 528 2812 :
542 2786 610 2820 quod
635 2787 720 2821 ipsum
735 2793 840 2820 quoque
854 2785 955 2812 dixisse

160 2836 198 2862 sic
212 2843 232 2860 r.
242 2834 290 2860 fert
304 2833 420 2860 Joannes
434 2843 440 2861 :
455 2833 536 2859 Multa
553 2833 630 2859 habeo
646 2832 714 2859 uobis
729 2833 810 2858 dicere
822 2853 829 2865 ,
850 2831 894 2858 sed
904 2839 954 2857 non

160 2880 263 2914 potestis
279 2886 380 2913 portare
393 2880 466 2905 modo
478 2879 567 2911 (Joun.
579 2880 620 2905 lli.
632 2878 687 2913 12).
700 2877 739 2905 Ne
751 2881 872 2912 putarent
882 2877 954 2904 enim

161 2926 206 2953 illa
220 2927 306 2952 solum
322 2933 381 2953 esse
404 2934 463 2960 qua:
482 2925 559 2958 dixit,
581 2929 662 2960 utun
677 2924 728 2951 alia
750 2924 828 2959 longe
850 2922 951 2958 majora

532 243 560 269 S.
581 241 720 269 JO.\NNIS
740 238 978 268 CllllYSOSTO)"
999 239 1155 268 ARCIIIEP.
1176 242 1446 272 CONSTANTINOI’.

1772 249 1823 275 .‘itiit

1029 302 1117 323 mente
1131 299 1314 332 conciperent,
1339 301 1523 328 infirmitatem
1545 309 1638 329 eorum
1655 303 1681 330 in
1704 304 1822 330 lnedluul

1026 342 1146 374 adduxit,
1165 344 1298 378 pollicitus
1312 354 1343 372 ea
1357 353 1387 374 se
1398 346 1540 379 dicturum,
1553 357 1613 375 cum
1626 349 1751 376 fortiores
1763 350 1823 377 flle-

1026 389 1078 416 rint
1091 398 1098 416 :
1115 390 1141 417 id
1154 391 1224 424 quod
1236 390 1279 418 hic
1299 392 1379 419 etiam
1393 393 1457 420 dicit
1474 402 1480 420 :
1500 393 1602 421 Veniant
1616 395 1670 422 dies
1681 416 1689 427 ,
1703 404 1760 422 culti
1774 404 1821 422 alt-

1024 437 1118 469 feretur
1131 435 1161 462 ab
1177 437 1212 463 eis
1225 445 1342 472 sponsus,
1368 443 1391 465 et
1412 444 1471 466 tum:
1489 440 1654 475 jejunabunt.
1676 441 1714 468 Ne
1731 442 1822 477 itaque

1024 488 1073 507 nos
1086 482 1174 508 omnia
1200 482 1234 509 ab
1248 483 1373 511 omnibus
1393 484 1417 511 in
1434 485 1566 519 principio
1590 487 1747 520 exigamus,
1771 488 1820 515 sed

1023 532 1120 560 quanta
1135 534 1246 563 possunt
1260 529 1327 563 ﬁeri,
1339 535 1366 557 et
1378 531 1432 558 cito
1445 532 1621 566 procedelnus
1634 533 1711 559 ultra.
1724 534 1751 560 Si
1771 542 1820 560 au-

1024 577 1077 599 tem
1093 575 1190 607 premis
1200 579 1227 601 et
1241 575 1367 606 festinas.
1387 575 1447 603 ideo
1465 584 1499 604 ne
1512 584 1618 611 premas
1629 598 1636 609 ,
1653 582 1681 604 ιιι
1694 578 1817 606 festines.

1021 618 1097 651 Quod
1112 619 1133 645 si
1149 619 1200 647 hoe
1216 620 1261 647 tibi
1273 621 1387 656 :eniglna
1401 621 1505 649 videtur
1516 630 1585 656 esse,
1601 624 1635 651 ab
1655 624 1709 658 ipsa
1726 633 1817 652 rerqu

1022 669 1115 691 natura
1126 665 1208 698 disce,
1223 671 1251 694 et
1263 671 1324 695 tunc
1334 667 1398 695 dicti
1413 668 1465 694 vim
1477 676 1585 696 omnem
1601 670 1750 705 percipies:
1766 680 1817 699 nec

1021 714 1047 737 te
1061 717 1185 739 moveant
1205 712 1223 740 ii
1247 713 1291 748 qui
1319 714 1470 749 importune
1488 719 1628 747 accusant;
1644 724 1705 743 nam
1726 716 1768 744 hic
1787 721 1816 745 et

1020 756 1147 784 l’llarisa'i
1158 759 1327 791 accusabant,
1339 764 1365 786 et
1374 759 1511 794 discipulis
1526 761 1736 795 exprobrabant.

1056 803 1083 830 5.
1100 803 1243 831 Moderatio
1264 805 1359 832 Christi
1373 806 1399 832 iu
1411 807 1469 833 aliis
1488 811 1511 833 et
1531 808 1657 842 pm'cipue
1678 808 1814 835 luna-iam

1019 850 1164 876 mulieribus
1174 851 1346 883 emendandis,
1358 851 1492 879 ilm'ttnlda.
1501 853 1668 881 —-Attamcn
1682 854 1744 881 nihil
1765 855 1813 882 ho—

1019 904 1077 922 rnln
1093 896 1228 923 Christum
1242 905 1256 924 a
1270 899 1401 925 sententia
1415 898 1546 930 dimovit,
1563 907 1651 934 neque
1665 900 1730 927 dixit
1746 902 1790 928 ille
1803 911 1810 929 :

1018 942 1107 970 Pudor
1120 948 1161 970 est
1183 943 1231 970 hos
1246 944 1368 978 jejunare
1382 949 1410 972 et
1428 944 1478 972 hos
1496 953 1549 972 non
1568 945 1701 980 jejunare.
1716 947 1766 974 Sed
1784 953 1812 975 ut

1017 990 1133 1023 optimus
1146 991 1308 1024 gubernator
1328 998 1380 1018 non
1401 992 1541 1020 commotis
1554 992 1689 1026 ﬂuctibus,
1699 994 1745 1020 Sed
1760 995 1811 1021 arti

1016 1043 1072 1062 sua:
1088 1036 1202 1063 intentus
1216 1040 1257 1063 est
1272 1045 1278 1063 :
1295 1037 1329 1063 ita
1345 1042 1371 1064 et
1390 1037 1513 1064 Christus
1534 1043 1596 1065 tunc
1617 1038 1689 1066 fecit.
1705 1039 1809 1066 Etenim

1017 1082 1102 1115 pudor
1112 1086 1181 1114 erat,
1195 1090 1247 1109 noll
1272 1083 1341 1118 quod
1364 1083 1401 1110 illi
1418 1092 1470 1110 non
1484 1084 1647 1119 jejunarent,
1668 1086 1715 1113 sed
1738 1087 1809 1121 quod

1016 1133 1125 1160 propter
1143 1127 1273 1162 jejunium
1289 1129 1378 1156 letalia
1399 1130 1508 1157 vulnera
1523 1131 1687 1165 acciperent,
1708 1132 1808 1159 discin-

1014 1173 1150 1205 derentur,
1166 1173 1391 1208 dirumperenlur.
1408 1175 1473 1208 Qua:
1488 1176 1568 1203 etiam
1591 1185 1640 1204 nos
1659 1178 1749 1205 animo
1767 1187 1808 1205 re-

1014 1223 1148 1253 putantes,
1164 1220 1203 1247 sic
1218 1228 1279 1255 erga
1301 1228 1408 1248 nostros
1429 1229 1478 1248 nos
1499 1230 1634 1257 geramus.
1649 1223 1676 1251 Si
1697 1232 1807 1252 uxorem

1015 1264 1122 1298 Iubeas,
1139 1266 1288 1297 ornatibus,
1310 1266 1370 1293 fuco
1384 1271 1411 1294 et
1434 1268 1573 1302 pigmentis
1588 1269 1705 1296 deditam
1724 1275 1751 1296 rt
1767 1271 1807 1297 bis

1013 1311 1170 1343 inhiantem,
1185 1312 1286 1339 deliciis
1303 1312 1474 1343 altluentenl,
1493 1313 1642 1348 loquacem,
1658 1319 1685 1342 et
1699 1315 1809 1349 prorsus

1012 1357 1132 1383 inutilem
1145 1364 1153 1389 ;
1168 1365 1326 1392 quamquam
1338 1358 1445 1386 difficile
1460 1359 1537 1386 estin
1552 1367 1603 1386 una
1620 1360 1732 1388 muliere
1749 1361 1805 1389 ba-c

1011 1403 1099 1429 omnia
1114 1410 1291 1435 concurrere;
1314 1404 1444 1439 tingamus
1466 1408 1554 1431 tamen
1569 1413 1629 1432 esse
1646 1405 1735 1432 talem.
1752 1407 1803 1434 Sed

1010 1457 1069 1481 cur,
1087 1449 1200 1482 inquies,
1224 1449 1374 1480 mulierem,
1399 1457 1450 1476 non
1474 1450 1558 1477 virum
1577 1450 1719 1486 drpingis?
1738 1453 1804 1479 Sunt

1010 1499 1082 1521 certe
1102 1495 1150 1521 viri
1176 1495 1328 1528 hnjusmodi
1350 1495 1465 1523 muliere
1489 1496 1646 1524 deteriores.
1670 1497 1722 1527 Sed
1743 1499 1803 1532 quia

1010 1541 1174 1575 gubernandi
1193 1541 1309 1568 officium
1332 1541 1394 1568 viris
1421 1542 1546 1569 traditum
1565 1548 1617 1576 est,
1640 1542 1682 1570 hie
1698 1545 1802 1571 interim

1010 1586 1150 1613 lnuliercm
1169 1586 1353 1614 describamus
1368 1596 1374 1612 :
1390 1595 1441 1614 non
1455 1588 1527 1622 quod
1544 1589 1569 1614 ill
1593 1588 1698 1620 feminis
1718 1591 1802 1623 major

1007 1632 1042 1659 sit
1057 1632 1188 1666 nequitia;
1205 1632 1286 1659 llllllta
1301 1633 1398 1666 quippe
1412 1638 1439 1659 et.
1453 1634 1521 1667 apud
1537 1634 1608 1661 viros
1621 1635 1737 1670 reperire
1749 1641 1800 1668 est,

1009 1682 1070 1710 qua:
1098 1676 1255 1704 mulieribus
1280 1684 1334 1704 non
1362 1685 1526 1713 competunt,
1555 1686 1584 1707 llt
1611 1683 1797 1715 homicidium,

1008 1720 1195 1754 Seplllel'oruln
1228 1722 1415 1756 elfossioneln,
1447 1733 1508 1752 cum
1527 1725 1623 1752 helluis
1639 1733 1754 1760 pugnam
1777 1729 1796 1761 1,

1008 1770 1034 1793 et
1063 1767 1146 1794 multa
1181 1767 1224 1794 his
1258 1768 1365 1795 similia.
1393 1769 1432 1797 Ne
1460 1771 1560 1805 putetis
1592 1780 1658 1806 ergo
1689 1781 1739 1799 nos
1763 1781 1795 1800 ex

1007 1820 1090 1840 sexus
1121 1814 1274 1847 hujusmodi
1297 1821 1452 1851 contemptu
1478 1818 1535 1844 haec
1558 1818 1635 1846 eli‘ari
1662 1829 1668 1846 :
1691 1821 1762 1847 absit
1782 1830 1796 1847 a

1002 1866 1061 1890 me:
1078 1859 1123 1886 sed
1138 1859 1170 1885 ad
1184 1867 1240 1886 rem
1261 1868 1331 1887 nunc
1350 1861 1426 1895 juvat
1443 1861 1529 1896 imago
1548 1862 1709 1896 hnjllsmodi.
1728 1863 1797 1897 Sup-

1002 1910 1116 1940 panatur
1130 1913 1194 1940 ergo
1216 1907 1293 1934 nobis
1315 1908 1410 1934 mulier
1433 1907 1508 1940 talis,
1532 1908 1625 1943 virque
1646 1909 1703 1943 ejus
1722 1910 1794 1937 omni

1001 1951 1080 1978 modo
1095 1951 1201 1978 studeat
1214 1952 1296 1985 ipsmli
1307 1952 1460 1980 emendare.
1470 1953 1610 1986 Quomodo
1623 1954 1795 1981 clnelldabit?

999 1997 1055 2023 Non
1071 1997 1161 2024 omnia
1176 1997 1254 2024 simul
1273 1998 1462 2032 praecipiendo,
1484 1999 1529 2025 sed
1552 1999 1651 2027 lcvi0ra
1668 2000 1790 2035 primum,

998 2044 1094 2078 quibus
1109 2044 1152 2071 illa
1165 2052 1216 2071 non
1228 2044 1340 2071 multum
1349 2049 1470 2079 angatur.
1482 2044 1547 2071 Nam
1563 2046 1584 2072 si
1600 2050 1634 2072 tot
1642 2054 1684 2072 um
1694 2054 1709 2072 a
1722 2047 1794 2081 prin-

997 2090 1068 2123 cipio
1079 2090 1224 2118 emendare
1243 2090 1363 2122 festines,
1380 2094 1462 2117 totum
1480 2090 1585 2124 perdes.
1606 2091 1645 2118 Ne
1659 2099 1723 2126 ergo
1736 2098 1791 2119 sta-

998 2137 1044 2163 tim
1060 2137 1083 2164 ei
1099 2144 1180 2163 aurea
1193 2140 1348 2163 ornamenta
1363 2136 1484 2168 auferas;
1496 2136 1542 2163 sed
1557 2137 1614 2164 ll.rc
1629 2139 1734 2165 interim
1746 2138 1794 2164 lla-

997 2183 1067 2214 beal,
1086 2182 1170 2217 iisque
1184 2187 1273 2209 utatur
1294 2191 1300 2208 :
1317 2190 1377 2209 nam
1394 2183 1481 2209 minus
1497 2183 1594 2210 malum
1609 2183 1713 2211 videtur
1727 2184 1791 2211 illud

996 2237 1065 2260 esse,
1082 2236 1161 2263 quam
1178 2228 1309 2262 pigmenta
1324 2232 1352 2254 et
1367 2227 1453 2254 fucus.
1474 2228 1519 2254 Illa
1539 2228 1652 2262 primum
1668 2229 1790 2256 auferan-

997 2280 1048 2306 tur,
1065 2281 1115 2300 uon
1129 2281 1162 2300 ex
1175 2273 1379 2300 connninatione
1391 2274 1430 2300 vel
1444 2273 1549 2306 timore,
1565 2274 1611 2301 sed
1622 2282 1654 2302 ex
1666 2275 1792 2302 suasione

996 2324 1022 2346 et
1038 2319 1157 2352 lenitate,
1172 2326 1204 2345 ex
1220 2318 1389 2345 accusatione
1411 2319 1436 2345 ill
1454 2314 1520 2345 alias
1535 2319 1660 2346 mulieres
1682 2319 1789 2354 injecta.

996 2375 1028 2393 rx
1045 2366 1150 2401 propria
1176 2370 1219 2392 tua
1243 2365 1375 2392 sententia
1400 2369 1479 2399 atque
1500 2371 1588 2399 gustu.
1607 2366 1652 2393 Dic
1676 2366 1713 2393 illi
1736 2366 1790 2393 fre-

995 2417 1107 2448 quenter
1124 2421 1131 2439 :
1152 2412 1245 2439 Facies
1257 2419 1317 2438 cum
1335 2411 1379 2438 tali
1400 2417 1495 2438 ornatu
1519 2420 1570 2438 non
1593 2412 1714 2439 amabilis
1737 2418 1788 2445 est,

997 2462 1049 2487 imo
1064 2459 1205 2493 injucunda
1223 2467 1229 2486 :
1251 2458 1343 2492 illique
1365 2458 1457 2490 suade,
1482 2458 1542 2484 ideo
1563 2457 1677 2485 mavime
1693 2458 1716 2484 id
1743 2459 1788 2485 tibi

995 2506 1146 2539 displicere.
1161 2505 1225 2531 Post
1240 2509 1311 2530 tuam
1325 2509 1413 2530 autem
1427 2504 1589 2538 opinionem,
1600 2504 1710 2531 aliorum
1725 2512 1791 2538 quo-

994 2560 1046 2587 que
1061 2551 1219 2579 sententiam
1240 2550 1325 2577 adduc
1340 2550 1366 2577 ill
1382 2549 1508 2581 medium,
1525 2549 1632 2584 dieque,
1649 2550 1674 2576 id
1691 2550 1790 2576 formo-

994 2607 1038 2626 sas
1050 2599 1202 2626 deformare
1223 2597 1319 2628 solere,
1341 2602 1371 2623 ut
1395 2596 1518 2622 morbum
1538 2596 1572 2623 de
1591 2595 1679 2623 medio
1702 2596 1788 2624 tollas.

996 2646 1065 2673 Nihil
1076 2645 1163 2672 adhuc
1177 2644 1210 2671 de
1225 2643 1344 2678 gehenna
1365 2642 1493 2677 loquaris,
1513 2642 1553 2669 vel
1568 2642 1601 2668 de
1615 2649 1715 2676 regno:
1729 2650 1788 2668 nam

996 2692 1092 2719 frustra
1109 2691 1166 2717 huic
1182 2689 1292 2716 dixeris.
1306 2688 1440 2715 Persuade
1467 2687 1527 2721 ipsi,
1557 2687 1651 2721 majori
1675 2687 1720 2714 tibi
1745 2695 1791 2713 vo-

997 2737 1087 2770 luptati
1102 2742 1173 2765 esse.
1186 2735 1208 2762 si
1225 2735 1280 2768 ipsa
1300 2734 1344 2759 Dei
1357 2740 1424 2768 opus
1437 2732 1536 2758 lllldlllll
1555 2732 1679 2759 ostendat
1693 2740 1700 2758 :
1715 2732 1788 2758 illam

994 2783 1066 2809 enim
1086 2789 1146 2815 qua!
1162 2781 1255 2807 faciem
1275 2779 1409 2813 perfricat,
1433 2778 1528 2810 tendit,
1550 2778 1677 2812 depingit,
1700 2778 1789 2804 multis

984 2838 1047 2860 JIOII
1070 2829 1212 2855 formosam
1237 2826 1330 2853 videri.
1356 2825 1473 2852 l‘rilnuln
1497 2824 1683 2852 clunlnnnihus
1709 2824 1787 2850 ratio-

994 2875 1072 2902 ciniis
1085 2879 1112 2901 et
1122 2873 1240 2900 omnium
1260 2871 1369 2898 calculis
1384 2870 1505 2897 morbum
1526 2869 1634 2903 abigere
1656 2873 1746 2900 tenta;
1762 2872 1788 2894 et

1040 2923 1048 2939 ι
1062 2924 1109 2947 illr.
1125 2921 1211 2946 Atlttot.
1224 2919 1346 2945 Frideriei
1361 2918 1432 2944 Field
1453 2920 1482 2944 ad
1493 2927 1548 2951 pag.
1561 2920 1615 2943 ὅδε.
