4036 6454
411 393 514 450 ὅω

413 520 694 578 postquam
712 506 856 561 illam
883 503 1184 575 lmjusmodi
1218 504 1397 559 verbis
1426 504 1769 567 etnolliveris,
1797 503 1882 556 illa
1901 503 2001 557 alia

409 600 603 668 adjice.
636 597 692 653 Si
724 597 890 653 semel
922 598 1146 659 dixeris,
1181 611 1277 650 nec
1304 596 1571 661 suaseris,
1607 595 1863 659 secundo,
1895 604 2004 648 ter-

410 694 507 753 tio.
554 702 610 746 et
643 692 839 759 smpius
865 691 1040 754 dicas;
1088 689 1200 742 lucc
1229 700 1472 758 repetere
1504 703 1570 742 ne
1600 687 1857 757 graveris,
1895 702 1999 739 non

407 785 593 839 odiosa
623 784 850 853 quadam
879 783 1102 847 ratione,
1133 781 1226 837 sed
1270 782 1497 850 placide,
1529 794 1672 834 nunc
1707 776 2001 832 avertendo

408 889 483 944 te,
510 893 652 932 nunc
680 876 948 931 adulando
977 883 1033 931 et
1071 874 1317 931 colendo.
1367 874 1557 928 Annon
1589 873 1737 927 vides
1770 873 2000 941 pictores

409 969 572 1024 modo
599 970 799 1024 delere.
837 968 996 1022 modo
1036 968 1256 1037 picturze
1284 966 1668 1036 superaddere,
1703 974 1759 1019 ιιι
1801 966 2001 1018 formo-

405 1077 522 1115 sam
553 1062 741 1116 faciem
763 1059 1053 1129 depingant
1072 1060 1094 1112 ?
1114 1059 1191 1114 Ne
1212 1059 1287 1114 sis
1313 1073 1442 1129 ergo
1467 1058 1644 1112 minus
1669 1072 1829 1127 sagax
1869 1057 1992 1111 illis.

404 1152 540 1207 Nam
564 1152 608 1205 si
637 1153 707 1205 illi
734 1152 977 1221 corporis
1007 1151 1289 1220 imaginem
1322 1151 1617 1220 pingentes,
1653 1156 1796 1202 tanta
1830 1159 1993 1202 utun-

410 1255 498 1299 tur
526 1244 796 1314 diligentia
824 1261 837 1296 :
865 1245 1032 1298 multo
1056 1245 1221 1313 magis
1246 1258 1345 1297 nos
1370 1243 1603 1297 animam
1629 1241 1990 1307 ell'ormantes,

401 1352 619 1390 omnem
648 1337 945 1390 machinam
978 1351 1192 1390 movere
1223 1351 1316 1404 par
1344 1345 1442 1388 est.
1474 1334 1604 1388 Nam
1626 1335 1669 1390 si
1700 1334 1855 1403 hujus
1880 1334 1997 1387 ani-

401 1445 506 1482 ma:
532 1428 721 1481 faciem
758 1427 980 1496 pulchre
1023 1426 1404 1493 eﬂ‘ormavcris,
1440 1442 1543 1479 non
1573 1424 1776 1479 videbis
1803 1439 1994 1493 corpo-

401 1522 480 1575 ris
519 1521 869 1574 delormatam
900 1519 1115 1583 faciem,
1157 1535 1265 1573 non
1305 1519 1569 1573 rubricata
1604 1518 1764 1583 labia,
1799 1532 1904 1572 non
1930 1532 1992 1572 os

401 1628 543 1668 ursze
572 1614 651 1667 ori
673 1621 952 1667 cruentato
985 1613 1179 1674 simile.
1214 1628 1318 1667 non
1352 1621 1467 1667 atra
1507 1612 1809 1681 supercilia,
1838 1613 1988 1682 quasi

399 1721 466 1760 ex
515 1705 635 1759 oll:e
679 1704 918 1774 fuligine,
968 1719 1074 1759 non
1113 1704 1270 1759 illitas
1304 1719 1488 1774 genas,
1534 1713 1591 1758 ut
1622 1704 1987 1774 sepulcrorum

396 1798 651 1867 parietes.
692 1798 816 1851 llzec
853 1798 1048 1867 quippe
1074 1799 1248 1851 omnia
1296 1798 1459 1868 fuligo
1482 1838 1496 1863 ,
1542 1796 1713 1866 pulvis
1750 1806 1806 1851 et
1830 1796 1986 1863 cinis,

396 1891 730 1958 extremique
761 1890 965 1944 imtoris
993 1890 1164 1960 signa.

469 1981 524 2036 6.
576 1980 769 2035 Verum
822 1980 1003 2035 nescio
1049 1995 1155 2049 qtto
1198 1988 1351 2049 pacto
1399 1979 1450 2033 in
1498 1978 1801 2047 hujusmodi
1827 1979 1986 2034 verba

394 2073 646 2142 delapsus
677 2072 797 2135 sim,
829 2080 884 2125 et
905 2071 1028 2124 dum
1058 2071 1190 2125 alios
1227 2070 1409 2125 hortor
1440 2080 1491 2124 ut
1524 2086 1642 2124 cum
1681 2080 1989 2125 mansuctu~

393 2167 522 2221 (line
562 2173 851 2229 moneant,
899 2165 953 2219 in
1000 2164 1325 2218 iracundiam
1375 2164 1488 2233 ipse
1531 2162 1812 2217 devolutus
1861 2162 1983 2216 sim.

397 2261 754 2314 Βυνιϊιιιιιιιιι·
809 2258 985 2328 itaque
1046 2257 1113 2311 ad
1184 2256 1449 2310 mitiorem
1512 2257 1931 2311 admonitionem
1966 2295 1983 2321 ,

391 2353 680 2422 ornniaque
718 2351 951 2406 feramus
998 2352 1276 2405 mulierum
1322 2351 1447 2405 vitia
1474 2391 1489 2416 ,
1536 2361 1596 2405 ut
1640 2366 1760 2420 quae
1800 2351 1855 2419 in,
1885 2365 1983 2419 0p-

391 2448 518 2498 tatis
563 2451 690 2497 sunt
733 2442 1090 2512 perﬁciamus.
1132 2444 1323 2497 Annon
1368 2442 1517 2498 vides
1551 2443 1817 2513 quomodo
1862 2442 1985 2496 feri-

390 2553 512 2591 mus
540 2537 768 2591 infantes
793 2537 1065 2607 vagientes
1090 2551 1210 2591 cum
1255 2551 1285 2590 a
1333 2551 1561 2590 mamma
1607 2547 1730 2589 sunt
1778 2535 1984 2589 abstra-

390 2628 553 2683 hendi
589 2647 602 2683 :
636 2629 918 2698 omniaque
959 2628 1278 2691 toleramus,
1325 2627 1392 2682 ad
1445 2627 1497 2682 id
1535 2628 1729 2694 solum,
1780 2635 1836 2681 ut
1878 2626 1981 2681 illis

387 2721 709 2776 suadeamus
733 2720 963 2791 priorem
984 2720 1261 2790 despicere
1276 2720 1553 2775 mensam?
1575 2718 1646 2773 ita
1670 2729 1721 2774 et
1749 2733 1887 2774 nunc
1904 2717 1981 2771 fa-

386 2814 594 2868 ciamus
621 2829 633 2865 :
667 2822 858 2866 caetera
885 2812 1063 2865 omnia
1094 2810 1344 2876 feramus,
1387 2820 1445 2865 ut
1478 2811 1580 2865 hoc
1607 2825 1975 2881 assequamur.

386 2904 523 2958 Cum
554 2905 695 2958 enim
722 2903 851 2958 illud
871 2903 1209 2958 emendatum
1241 2902 1417 2966 fuerit,
1451 2902 1591 2956 aliud
1622 2911 1767 2957 recte
1794 2916 1979 2970 proce-

386 2998 518 3051 dcre
545 2996 779 3060 videbis,
807 3003 965 3065 atque
994 2994 1060 3049 ad
1101 3010 1260 3050 aurea
1291 3005 1605 3050 ornamenta
1634 2995 1816 3049 venies
1840 3036 1855 3060 ,
1881 3008 1975 3049 co-

384 3088 618 3155 demqne
653 3086 811 3141 modo
835 3086 903 3141 de
931 3086 1013 3140 his
1048 3087 1208 3141 etiam
1236 3085 1501 3156 loqueris:
1527 3095 1580 3141 et
1605 3086 1681 3142 sic
1724 3086 1974 3155 paulatim

386 3194 608 3234 uxorem
642 3182 968 3233 concinnans
988 3220 1004 3244 ,
1034 3178 1141 3233 eris
1166 3178 1338 3247 pictor
1360 3177 1590 3247 optimus
1614 3219 1630 3244 ,
1653 3177 1825 3233 fidelis
1862 3194 1977 3234 serv

384 3285 517 3335 vus,
551 3270 779 3341 agrico'a
808 3280 1075 3325 strenuus.
1109 3270 1234 3323 Post
1267 3268 1379 3323 iizcc
1411 3280 1585 3323 autem
1611 3312 1627 3337 ,
1660 3270 1712 3323 in
1741 3281 1972 3325 mentem

385 3362 485 3432 ipsi
514 3376 700 3416 revoca
727 3362 972 3431 antiquas
995 3361 1113 3415 illas
1129 3360 1399 3425 mulieres,
1419 3360 1623 3424 Saram,
1652 3361 1970 3429 Rebcceam,

382 3454 648 3508 formosas
688 3463 741 3507 et
788 3452 1093 3515 deformes,
1142 3462 1196 3506 et
1237 3452 1459 3507 ostende
1504 3452 1576 3506 illi
1622 3469 1810 3508 omnes
1858 3455 1972 3509 illas

381 3545 546 3599 fuisse
573 3555 928 3614 temperantes
947 3555 1000 3600 et
1027 3544 1181 3615 frugi.
1198 3543 1327 3598 Nam
1353 3543 1442 3598 Lia
1475 3545 1787 3614 patriarchae
1817 3560 1968 3612 uxor,

380 3652 502 3690 cum
537 3634 767 3690 formosa
796 3651 901 3689 non
927 3644 1102 3703 esset,
1150 3652 1419 3707 nunquam
1450 3637 1554 3691 tale
1582 3637 1851 3705 quidpiam
1878 3655 1971 3693 ex-

378 3725 653 3798 cogitavit,
676 3727 769 3783 sed
795 3726 1051 3782 delorinis
1080 3744 1199 3782 cum
1228 3738 1406 3794 esset,
1440 3745 1538 3783 nec
1564 3730 1787 3784 multum
1820 3746 1968 3785 ama-

377 3831 527 3875 retur
552 3835 582 3874 a
614 3822 728 3875 viro
746 3862 761 3886 ,
785 3820 915 3874 nihil
949 3820 1250 3890 hujnsuiodi
1279 3820 1515 3876 adhibuit
1539 3865 1552 3887 ,
1580 3838 1753 3893 neque
1778 3822 1968 3879 faciem

377 3928 529 3968 suam
563 3913 807 3977 vitiavit,
839 3913 932 3968 sed
963 3914 1159 3968 mansit
1189 3915 1391 3983 integra
1436 3930 1758 3971 conservans
1803 3918 1968 3972 linea-

379 4014 555 4059 menta
582 4046 596 4068 ,
624 4004 831 4060 etiamsi
860 4003 1044 4060 fuissm
1072 4020 1101 4060 a
1133 4007 1418 4076 gentilibus
1444 4006 1686 4061 educata.
1721 4007 1797 4061 Tu
1839 4022 1968 4064 vero

376 4113 495 4167 qua:
526 4097 694 4152 ﬁdelis
724 4111 812 4159 cs,
838 4095 987 4164 cujus
1013 4107 1170 4166 caput
1198 4097 1462 4162 Christus,
1492 4099 1783 4155 satanicam
1812 4101 1966 4155 nobis

378 4189 678 4243 machinam
713 4188 963 4242 inducis?
995 4204 1090 4242 nec
1123 4191 1420 4245 recordaris
1453 4206 1605 4261 aqum
1638 4192 1776 4247 illius
1798 4233 1813 4260 ,
1847 4210 1964 4263 qure

1369 389 1432 445 ΙΝ
1474 388 1881 445 MATTHIEUM
1924 388 2153 444 HOMIL.
2198 390 2384 445 XXXI.
2430 393 2499 447 al.
2543 391 2759 447 ΧΧΧΞΙ.

3601 396 3706 453 570

2114 504 2262 559 faciei
2291 516 2393 560 tua:
2417 507 2734 562 circumfusa
2776 507 2869 561 fuit
2897 549 2912 574 ,
2940 508 3187 563 sacriﬁcii
3215 550 3229 573 ,
3260 509 3403 580 quod
3432 509 3568 566 labia
3614 524 3700 566 tua

2109 599 2347 662 ornavit,
2381 601 2684 669 sanguinis,
2715 602 2803 670 qui
2834 601 3067 670 linguam
3100 613 3242 656 tuam
3268 604 3612 658 cruentavit?
3641 603 3700 657 Si

2108 692 2251 745 enim
2284 691 2398 745 hare
2426 693 2604 746 omnia
2636 702 2808 747 tecum
2841 705 3141 763 reputares,
3169 697 3509 764 quantumvis
3534 711 3698 750 orna-

2108 783 2248 838 tibus
2276 782 2575 852 hujusmodi
2610 784 2787 837 dedita
2814 800 2961 840 esses
2985 826 3000 849 ,
3034 801 3139 839 non
3169 786 3396 842 auderes
3425 787 3695 855 pulverem

2107 874 2254 929 illum
2282 874 2624 944 cineremque
2652 875 2927 930 adhibere.
2958 875 3111 930 Disce
3150 886 3201 930 te
3226 875 3439 931 Christo
3466 877 3700 946 despon-

2104 977 2274 1023 satam
2303 981 2443 1033 esse,
2472 976 2522 1022 et
2552 966 2654 1021 hoc
2674 968 2906 1022 dedecus
2933 982 3202 1021 aversare.
3227 967 3411 1037 Neque
3433 968 3574 1022 enim
3605 969 3696 1024 ille

2106 1062 2296 1115 ta!ihns
2322 1060 2619 1115 delectatur
2642 1060 2900 1131 picturis;
2929 1061 3021 1115 sed
3050 1061 3207 1115 aliam
3247 1062 3437 1130 quaerit
3462 1060 3696 1129 pulchri-

2104 1153 2339 1206 tudinem
2366 1194 2380 1212 .
2411 1167 2571 1222 quam
2615 1154 2962 1208 vehementer
2999 1163 3176 1217 amat,
3205 1155 3399 1207 anima:
3442 1154 3691 1209 decorem

2100 1244 2240 1299 dico.
2272 1245 2424 1299 llunc
2452 1253 2503 1300 te
2531 1245 2790 1315 prepheta
2823 1260 3068 1314 qumrere
3096 1243 3249 1314 jubet
3277 1244 3361 1298 his
3389 1245 3601 1300 verbis:
3624 1242 3693 1298 Et

2099 1338 2415 1406 concupiscet
2439 1353 2527 1390 rea:
2553 1337 2779 1391 decorem
2800 1346 2940 1390 (nutu
2969 1335 3122 1409 (Psal
3164 1336 3251 1391 44.
3276 1336 3385 1402 12).
3412 1335 3489 1391 Ne
3515 1317 3707 1405 itaqm;

2097 1427 2363 1497 superﬂua
2404 1439 2458 1482 et
2496 1429 2744 1483 indecora
2784 1444 3126 1499 quaeramus:
3153 1443 3325 1497 neque
3368 1429 3511 1482 enim
3556 1442 3691 1496 opus

2099 1518 2192 1573 Dei
2222 1518 2508 1588 quodpiam
2546 1519 2915 1589 imperfectum
2961 1527 3045 1572 est
3069 1560 3084 1585 ,
3113 1526 3172 1572 ιιι
3202 1528 3286 1572 tua
3314 1527 3470 1588 egeat
3507 1532 3690 1572 corre-

2095 1611 2292 1666 ctione.
2309 1610 2440 1665 Nam
2462 1611 2506 1664 si
2529 1612 2649 1679 quis
2670 1610 3023 1678 ἰιιιι›ι>ι·;ιιιιι·ἱ;υ
3043 1609 3256 1679 imagini
3278 1619 3470 1663 erecta:
3486 1606 3685 1678 aliqttid

2092 1704 2163 1760 de
2187 1720 2286 1759 suo
2313 1704 2544 1775 adjicere
2571 1712 2816 1766 tentaret,
2842 1708 2950 1755 non
2984 1710 3127 1755 tutus
3154 1710 3297 1755 esset
3322 1709 3565 1764 conatus,
3591 1698 3687 1753 sed

2093 1806 2335 1852 extremo
2385 1797 2621 1867 periculo
2657 1796 2792 1850 foret
2831 1794 3110 1849 obnoxius.
3156 1793 3312 1863 Atqui
3355 1793 3515 1847 homo
3542 1792 3683 1847 illam

2093 1902 2343 1961 operatus
2368 1900 2469 1952 est,
2502 1900 2556 1944 et
2586 1890 2717 1944 nihil
2745 1889 2932 1959 adjicis
2965 1906 2977 1941 :
3012 1889 3100 1943 hic
3133 1904 3259 1942 vero
3290 1888 3426 1941 Deus
3454 1897 3640 1941 auctor
3663 1925 3682 1953 ,

2092 1993 2145 2036 et
2170 1982 2466 2037 emendas?
2492 1981 2608 2035 Non
2636 1982 2838 2051 cogitas
2862 1979 3120 2050 gehenna:
3164 1978 3379 2048 ignem?
3420 1991 3528 2032 non
3570 1977 3685 2030 ani-

2092 2090 2233 2128 mam
2262 2073 2559 2143 neglectam
2583 2072 2607 2126 ?
2639 2072 2761 2128 Ideo
2790 2087 3019 2141 namque
3050 2070 3138 2124 illa
3164 2071 3403 2140 neglecta
3434 2079 3536 2134 est,
3561 2069 3682 2138 quia

2094 2179 2201 2223 tota
2241 2184 2367 2223 cura
2420 2170 2468 2221 in
2513 2182 2730 2222 carnem
2770 2166 2959 2221 collata
3008 2164 3121 2218 fuit.
3155 2164 3353 2233 Ecquid
3397 2162 3465 2218 de
3505 2163 3683 2216 anima

2092 2260 2473 2332 loquor‘INatu
2504 2259 2601 2329 ipsi
2640 2274 2851 2329 quoque
2880 2256 3027 2312 carni
3063 2257 3326 2311 contraria
3370 2254 3683 2324 contingunt

2091 2357 2155 2411 iis
2178 2369 2294 2424 qum
2320 2367 2415 2407 vos
2445 2354 2658 2424 optatis.
2685 2350 2779 2405 llic
2805 2366 2933 2404 vero
2957 2349 3192 2403 attende.
3218 2348 3311 2402 Vis
3338 2346 3569 2401 formosa
3596 2362 3683 2413 ap-

2090 2448 2312 2518 parere?
2334 2448 2445 2502 lloc
2476 2457 2525 2500 te
2555 2445 2847 2501 deformem
2879 2443 3129 2498 ostendit.
3159 2442 3252 2496 Vis
3287 2442 3496 2511 placere
3522 2439 3680 2493 viro?

2089 2542 2140 2595 Id
2172 2540 2318 2594 ἰιιιιιιι
2349 2553 2582 2593 mterore
2610 2536 2768 2590 allicit
2796 2554 2810 2590 :
2834 2550 2897 2589 ac
2937 2549 3110 2603 neque
3149 2533 3298 2587 illum
3338 2531 3511 2587 Solum
3536 2570 3552 2597 ,
3582 2529 3676 2585 sed

2085 2644 2338 2688 externos
2385 2645 2575 2685 omnes
2616 2620 2707 2683 tibi
2758 2637 3100 2683 accusatores
3146 2625 3331 2680 ellicit.
3375 2624 3464 2678 Vis
3496 2623 3679 2693 jnnior

2083 2724 2366 2795 apparere?
2382 2724 2493 2779 Hoc
2510 2734 2561 2779 te
2575 2723 2730 2778 citius
2751 2723 2803 2777 in
2824 2729 3152 2777 senectutem
3170 2716 3447 2773 ducet.Vis
3469 2715 3678 2770 ornari?

2088 2820 2196 2874 Ποι-
2213 2819 2305 2873 tibi
2320 2818 2567 2873 dedecori
2585 2824 2689 2870 est.
2706 2815 2838 2871 Nam
2859 2812 3159 2886 hujusmodi
3179 2812 3370 2866 mulier
3383 2825 3487 2864 non
3499 2823 3676 2878 arqua-

2085 2914 2163 2969 les
2184 2912 2362 2978 modo,
2389 2911 2482 2966 sed
2512 2911 2735 2965 ancillas
2759 2910 3002 2964 conscias
3031 2917 3085 2962 ct
3102 2906 3426 2961 domesticos
3444 2904 3675 2959 scientes

2085 3005 2283 3075 pudore
2309 3004 2503 3071 allicit;
2539 3003 2813 3072 multoque
2841 3002 3008 3070 magis
3034 3002 3286 3068 seipsam.
3309 2995 3415 3052 Sed
3438 3010 3534 3049 cur
3559 2994 3674 3049 lu-c

2082 3097 2252 3151 dicam
2275 3097 2297 3150 ?
2322 3096 2454 3151 Nam
2481 3094 2622 3166 quod
2649 3095 2886 3148 nuniium
2917 3093 3284 3163 gravissimum
3327 3099 3404 3143 est
3446 3093 3671 3156 przrter-

2084 3188 2235 3242 misi:
2257 3198 2308 3243 te
2330 3203 2521 3256 nempe
2551 3187 2714 3241 Deum
2742 3184 3034 3246 olli-.ndere,
3057 3182 3355 3237 eaStitatcm
3382 3177 3669 3238 sniliulere,

2080 3280 2358 3350 zelotypiat
2394 3279 2635 3333 llainmas
2675 3275 2989 3337 accendere,
3018 3275 3298 3344 prostituta
3325 3273 3424 3326 sub
3470 3269 3672 3325 fornice

2080 3385 2252 3440 scorta
2276 3371 2491 3427 imitari.
2516 3370 2641 3425 [hoc
2661 3372 2834 3440 itaque
2855 3368 3031 3423 omnia
3048 3367 3361 3437 cogitantes,
3379 3367 3670 3419 satanicam

2079 3438 2324 3534 perimam
2346 3505 2360 3525 ,
2389 3438 2812 3532 diabolicamque
2832 3469 3000 3515 artem
3030 3458 3385 3518 contemnite,
3416 3457 3669 3511 dimisso-

2077 3573 2182 3626 que
2214 3556 2304 3609 illo
2334 3563 2522 3608 ornatu
2544 3594 2560 3618 ,
2590 3554 2697 3607 imo
2726 3552 3012 3615 dedecore,
3046 3548 3495 3620 pulchritmlinem
3526 3546 3668 3600 illam

2079 3648 2130 3701 in
2162 3647 2441 3700 animabus
2468 3646 2660 3700 vestris
2690 3653 2944 3714 apparate
2963 3684 2977 3708 ,
3003 3658 3122 3713 qua:
3152 3640 3356 3711 angelis
3383 3639 3627 3693 amabilis
3647 3678 3668 3706 ,

2080 3740 2189 3795 Deo
2215 3738 2465 3808 optabilis
2493 3745 2549 3791 et
2575 3735 2914 3791 consortibus
2943 3734 3120 3788 suavis
3142 3740 3244 3796 est,
3274 3741 3326 3785 ut
3354 3740 3409 3785 et
3436 3744 3672 3800 prteseu-

2079 3840 2185 3885 tem
2213 3839 2268 3885 et
2295 3829 2524 3884 futuram
2558 3828 2781 3899 gloriam
2807 3824 3209 3895 eonsequamini
3236 3842 3249 3877 :
3274 3838 3433 3893 quam
3466 3822 3667 3876 utinam

2078 3939 2176 3977 nos
2205 3936 2395 3977 oumes
2424 3922 2800 3991 adipiscamur,
2828 3919 2997 3988 gratia
3025 3929 3079 3972 et
3107 3917 3431 3987 benignitate
3457 3916 3666 3970 Dondai

2076 4016 2244 4071 nostri
2269 4015 2395 4070 .lesu
2422 4014 2640 4076 Christi,
2672 4012 2755 4067 cui
2785 4011 2952 4082 gloria
2980 4020 3033 4065 et
3061 4010 3364 4079 imperium,
3389 4008 3440 4062 in
3469 4007 3664 4063 Saecula

2076 4109 2413 4164 sa‘culorutu.
2446 4108 2639 4161 Amen.

1472 4401 1818 4464 HOMILIA
1861 4403 2109 4465 XXXI.
2155 4402 2241 4466 al.
2288 4402 2565 4464 XXXII.

375 4544 506 4601 Car.
527 4546 578 4602 9.
608 4546 753 4601 v.18.
788 4544 913 4599 IIazc
943 4545 1033 4599 illo
1063 4544 1311 4611 loquente,
1332 4560 1443 4598 ecce
1454 4546 1689 4615 princeps
1709 4547 1965 4617 ingressus

449 4638 693 4690 adorabat
714 4653 828 4690 eam
855 4637 1062 4690 dicens:
1089 4635 1230 4691 Filia
1275 4652 1384 4690 utea
1409 4637 1557 4691 modo
1576 4638 1816 4709 defuncta
1846 4649 1916 4693 est
1944 4654 1963 4701 ;

447 4730 536 4784 sed
554 4730 684 4796 veni,
714 4730 916 4797 impone
941 4746 1146 4783 manum
1166 4739 1305 4783 tuam
1326 4748 1479 4799 super
1493 4749 1623 4796 eam,
1643 4743 1690 4786 et
1710 4735 1855 4787 vivet.
1882 4733 1964 4788 l9.

453 4819 518 4874 Et
542 4838 753 4893 surgens
774 4819 929 4876 Iesus
958 4830 1197 4891 sequutus
1222 4832 1292 4876 est
1319 4838 1433 4876 eum
1458 4864 1473 4885 ,
1502 4833 1549 4876 et
1575 4823 1813 4893 discipuli
1833 4825 1961 4887 eius.

452 4918 504 4969 1.
534 4915 681 4986 Opus
707 4927 988 4970 sermones
1017 4924 1299 4983 sequutum
1330 4925 1433 4979 est,
1464 4916 1534 4969 ita
1559 4926 1616 4969 ut
1637 4916 1805 4986 magis
1824 4915 1966 4970 Pha-

375 5008 658 5063 risamrum
685 5021 780 5062 ora
823 5008 1313 5076 comprimerentur
1364 5024 1377 5061 :
1431 5021 1553 5060 nam
1604 5006 1692 5077 qui
1736 5005 1966 5061 accessit

378 5113 665 5170 synagogte
710 5097 959 5167 princeps
1000 5105 1159 5163 erat,
1212 5096 1492 5167 luctusque
1548 5097 1725 5166 gravis
1762 5114 1776 5152 ;
1812 5097 1969 5151 unica

379 5191 522 5245 enim
550 5191 720 5260 puella
740 5199 858 5245 erat
878 5231 892 5251 .
936 5204 1305 5261 annorumque
1331 5189 1614 5245 duodecim
1638 5231 1653 5255 ,
1698 5190 1840 5260 qttod
1870 5190 1970 5245 ﬂos

380 5293 500 5337 erat
523 5283 733 5337 anatis:
762 5289 819 5337 et
844 5283 1021 5336 statim
1051 5283 1193 5337 illam
1217 5283 1512 5337 suscitavit.
1537 5283 1689 5349 Quod
1725 5284 1769 5338 si
1799 5283 1971 5339 Lucas

382 5385 561 5430 narrat
592 5376 802 5431 venisse
830 5376 921 5446 qui
943 5376 1181 5430 dicerent
1212 5393 1226 5430 :
1261 5374 1388 5430 Noli
1417 5392 1603 5431 vexare
1640 5378 1970 5446 magistrum;

382 5476 582 5519 mortua
610 5466 743 5520 enim
768 5474 838 5520 est
865 5463 1014 5535 (Luc.
1038 5464 1093 5522 8.
1130 5464 1223 5537 49)
1254 5484 1269 5521 :
1310 5467 1553 5522 dicemus
1585 5468 1713 5522 illud
1745 5509 1762 5534 ,
1810 5467 1970 5523 Modo

380 5557 624 5625 defuncta
647 5567 740 5622 est,
760 5572 790 5611 a
820 5567 1061 5626 tempore
1090 5557 1143 5612 in
1171 5558 1363 5613 itinere
1387 5558 1658 5629 insumpto
1682 5559 1969 5627 conjicien-

385 5650 453 5703 tis
481 5647 647 5703 fuisse
670 5689 685 5711 .
719 5648 802 5702 vel
832 5648 1190 5703 calamitatem
1222 5648 1489 5719 augentis.
1522 5648 1638 5704 Mos
1665 5652 1807 5704 enim
1836 5664 1969 5717 sup-

381 5740 580 5810 plicum
610 5749 715 5805 est,
746 5740 882 5794 mala
911 5755 1005 5795 sua
1036 5742 1212 5797 verbis
1246 5741 1542 5805 extollere,
1574 5750 1626 5795 et
1665 5741 1783 5808 plus
1811 5755 1970 5811 quam

387 5847 514 5892 vere
538 5834 607 5890 sit
633 5834 812 5894 dicere
823 5874 842 5905 ,
870 5842 928 5893 ut
960 5834 1168 5892 [acilius
1197 5844 1409 5907 rogatus
1438 5842 1682 5891 exorent.
1714 5832 1843 5889 Vide
1871 5848 1963 5890 au-

2079 4556 2183 4602 tem
2210 4560 2368 4617 quam
2400 4547 2547 4601 rudis
2574 4546 2662 4600 sit.
2697 4545 2813 4601 Duo
2842 4549 2983 4600 enim
3017 4546 3250 4616 postulat
3275 4562 3304 4600 a
3331 4545 3544 4602 Christo
3565 4586 3582 4613 ,
3611 4555 3673 4601 ut

2075 4639 2275 4704 veniat,
2303 4648 2354 4693 et
2381 4653 2599 4692 manum
2629 4639 2869 4705 impoaat
2899 4637 3073 4708 :qnod
3102 4638 3313 4707 signum
3341 4647 3459 4692 erat
3490 4638 3662 4705 ipsum

2074 4745 2193 4785 eam
2222 4727 2398 4784 adhuc
2449 4730 2742 4799 spirantem
2778 4729 3079 4796 reliquisse.
3108 4728 3220 4783 lloc
3263 4738 3318 4783 et
3367 4729 3535 4798 Syrus
3576 4728 3666 4781 ille

2073 4818 2307 4875 Neetnan
2339 4834 2368 4874 a
2422 4821 2677 4889 propheta
2722 4822 2935 4889 petebat
2987 4818 3071 4872 his
3096 4818 3272 4871 verbis
3303 4835 3319 4872 :
3351 4816 3526 4872 Exibit
3557 4859 3572 4877 .
3622 4827 3669 4872 el

2073 4928 2281 4966 manum
2306 4929 2451 4966 suam
2472 4912 2692 4982 imponet
2721 4913 2797 4981 (4.
2827 4911 2950 4983 Reg.
2982 4912 3035 4967 5.
3068 4911 3177 4982 Η).
3206 4910 3337 4966 Nam
3366 4910 3483 4967 visu
3508 4921 3563 4967 ct
3581 4928 3670 4967 re-

2074 5004 2173 5060 bus
2203 5004 2304 5058 suh
2339 5019 2557 5058 sensum
2586 5003 2898 5059 cadentibus
2929 5018 3063 5072 opus
3094 5002 3289 5057 habent
3319 5003 3354 5057 ii
3376 5004 3463 5074 qui
3487 5004 3667 5059 rudiu-

2072 5097 2148 5152 ris
2174 5095 2336 5151 animi
2364 5105 2507 5150 sunt.
2536 5095 2745 5151 Marcus
2772 5095 2924 5166 (Cap.
2954 5096 3006 5151 5.
3027 5097 3117 5168 57)
3147 5112 3306 5165 porro
3333 5097 3463 5153 dicit
3491 5098 3666 5169 ipsum

2075 5195 2184 5242 tres
2246 5188 2599 5258 assumpsisse
2656 5187 2983 5256 discipulos,
3039 5186 3318 5259 anasque
3391 5187 3558 5261 (Cap.
3609 5190 3663 5244 8.

2074 5278 2165 5349 51)
2209 5279 2486 5346 similiter;
2541 5277 2628 5334 hic
2670 5293 2800 5333 vero
2843 5277 3133 5349 discipulos
3181 5281 3512 5350 simpliciter.
3560 5279 3669 5335 Cur

2075 5384 2203 5441 ergo
2231 5370 2537 5426 Matthaeum
2570 5384 2677 5426 non
2707 5370 2917 5439 accepit
2945 5410 2961 5435 ,
2994 5371 3083 5442 qui
3114 5388 3284 5441 nuper
3321 5373 3667 5428 accesserat?

2074 5464 2145 5519 Ut
2172 5464 2317 5518 illum
2353 5465 2404 5519 in
2427 5464 2684 5532 majorem
2716 5463 3060 5534 cupiditatem
3098 5465 3380 5533 injiceret,
3426 5475 3483 5520 et
3523 5465 3665 5534 «(and

2074 5555 2440 5624 impcrl‘ectior
2477 5554 2652 5610 adhuc
2679 5567 2842 5611 esset.
2895 5554 3022 5612 ldco
3049 5555 3192 5610 enim
3241 5556 3360 5611 illos
3400 5556 3664 5624 honorat,

2073 5658 2134 5701 nt
2162 5646 2215 5700 hi
2245 5646 2365 5702 illos
2395 5647 2687 5701 imitentur.
2719 5646 2968 5701 Matthteo
2998 5659 3178 5701 autem
3203 5648 3333 5702 satis
3353 5656 3489 5713 erat,
3519 5647 3664 5717 quod

2075 5740 2348 5809 sanguinis
2379 5739 2520 5792 lluxn
2552 5737 2883 5794 laborantem
2918 5738 3159 5802 vidisset,
3191 5747 3246 5792 et
3284 5738 3424 5806 quod
3475 5738 3663 5793 eadem

2078 5845 2263 5888 mensa
2292 5829 2538 5902 dignatus
2569 5831 2752 5887 luisset
2772 5871 2785 5897 ,
2816 5829 3053 5901 ejusdem
3077 5831 3205 5887 salis
3234 5829 3659 5902 participatione.
