  <div class='ocr_page' id='page_1' title='image "/cluster/home/n/w/nwhite01/storage/ocr_20150623/57:no.7:pt.1/coo.31924054869577/301.png"; bbox 0 0 4036 6446; ppageno 0'>
   <div class='ocr_carea' id='block_1_1' title="bbox 312 398 420 454">
    <p class='ocr_par' dir='ltr' id='par_1_1' title="bbox 312 398 420 454">
     <span class='ocr_line' id='line_1_1' title="bbox 312 398 420 454; baseline -0.019 -1"><span class='ocrx_word' id='word_1_1' title='bbox 312 398 420 454; x_wconf 65' lang='lat'>375</span> 
     </span>
    </p>
   </div>
   <div class='ocr_carea' id='block_1_2' title="bbox 313 509 1992 584">
    <p class='ocr_par' dir='ltr' id='par_1_2' title="bbox 313 509 1992 584">
     <span class='ocr_line' id='line_1_2' title="bbox 313 509 1992 584; baseline -0.003 -17"><span class='ocrx_word' id='word_1_2' title='bbox 313 514 610 584; x_wconf 74' lang='grc' dir='ltr'>εἰργάσατο</span> <span class='ocrx_word' id='word_1_3' title='bbox 655 512 748 566; x_wconf 72' lang='grc' dir='ltr'>καὶ</span> <span class='ocrx_word' id='word_1_4' title='bbox 796 513 1042 582; x_wconf 76' lang='grc' dir='ltr'>ποιήσειν</span> <span class='ocrx_word' id='word_1_5' title='bbox 1094 509 1384 582; x_wconf 59' lang='lat' dir='ltr'>59mm-</span> <span class='ocrx_word' id='word_1_6' title='bbox 1441 509 1561 580; x_wconf 85' lang='grc' dir='ltr'>ήδέ</span> <span class='ocrx_word' id='word_1_7' title='bbox 1615 509 1768 580; x_wconf 80' lang='grc' dir='ltr'>γυνὴ,</span> <span class='ocrx_word' id='word_1_8' title='bbox 1811 512 1858 562; x_wconf 85' lang='grc' dir='ltr'>εἰ</span> <span class='ocrx_word' id='word_1_9' title='bbox 1918 510 1992 580; x_wconf 81' lang='grc' dir='ltr'>μὴ</span> 
     </span>
    </p>
   </div>
   <div class='ocr_carea' id='block_1_3' title="bbox 312 593 1991 665">
    <p class='ocr_par' dir='ltr' id='par_1_3' title="bbox 312 593 1991 665">
     <span class='ocr_line' id='line_1_3' title="bbox 312 593 1991 665; baseline -0.002 -18"><span class='ocrx_word' id='word_1_10' title='bbox 312 597 471 648; x_wconf 80' lang='grc' dir='ltr'>τοῦτο</span> <span class='ocrx_word' id='word_1_11' title='bbox 506 596 716 665; x_wconf 86' lang='grc' dir='ltr'>γέγονε,</span> <span class='ocrx_word' id='word_1_12' title='bbox 750 595 988 648; x_wconf 86' lang='grc' dir='ltr'>λαθοῦσα</span> <span class='ocrx_word' id='word_1_13' title='bbox 1014 593 1080 646; x_wconf 86' lang='grc' dir='ltr'>ἂν</span> <span class='ocrx_word' id='word_1_14' title='bbox 1111 594 1342 662; x_wconf 84' lang='grc' dir='ltr'>ἀπῆλθε,</span> <span class='ocrx_word' id='word_1_15' title='bbox 1365 593 1474 648; x_wconf 84' lang='grc' dir='ltr'>τῶν</span> <span class='ocrx_word' id='word_1_16' title='bbox 1511 594 1762 664; x_wconf 79' lang='grc' dir='ltr'>μεγάλων</span> <span class='ocrx_word' id='word_1_17' title='bbox 1790 593 1991 646; x_wconf 89' lang='grc' dir='ltr'>τούτων</span> 
     </span>
    </p>
   </div>
   <div class='ocr_carea' id='block_1_4' title="bbox 314 676 1993 749">
    <p class='ocr_par' dir='ltr' id='par_1_4' title="bbox 314 676 1993 749">
     <span class='ocr_line' id='line_1_4' title="bbox 314 676 1993 749; baseline -0.002 -17"><span class='ocrx_word' id='word_1_18' title='bbox 314 680 732 749; x_wconf 80' lang='grc' dir='ltr'>ἀπεστερημένη</span> <span class='ocrx_word' id='word_1_19' title='bbox 763 678 1017 730; x_wconf 84' lang='grc' dir='ltr'>ἐπαίνων.</span> <span class='ocrx_word' id='word_1_20' title='bbox 1051 677 1149 730; x_wconf 89' lang='grc' dir='ltr'>Διά</span> <span class='ocrx_word' id='word_1_21' title='bbox 1171 677 1328 730; x_wconf 86' lang='grc' dir='ltr'>τοῦτο</span> <span class='ocrx_word' id='word_1_22' title='bbox 1361 677 1531 748; x_wconf 83' lang='grc' dir='ltr'>αὐτὴν</span> <span class='ocrx_word' id='word_1_23' title='bbox 1556 677 1634 738; x_wconf 83' lang='grc' dir='ltr'>εἰς</span> <span class='ocrx_word' id='word_1_24' title='bbox 1665 676 1828 745; x_wconf 81' lang='grc' dir='ltr'>μέσον</span> <span class='ocrx_word' id='word_1_25' title='bbox 1859 677 1993 745; x_wconf 82' lang='grc' dir='ltr'>ἀγα-</span> 
     </span>
    </p>
   </div>
   <div class='ocr_carea' id='block_1_5' title="bbox 313 759 1990 833">
    <p class='ocr_par' dir='ltr' id='par_1_5' title="bbox 313 759 1990 833">
     <span class='ocr_line' id='line_1_5' title="bbox 313 759 1990 833; baseline -0.001 -19"><span class='ocrx_word' id='word_1_26' title='bbox 313 763 426 831; x_wconf 86' lang='grc' dir='ltr'>γὼν</span> <span class='ocrx_word' id='word_1_27' title='bbox 457 761 779 833; x_wconf 72' lang='grc' dir='ltr'>ἀνεκήρυξε,</span> <span class='ocrx_word' id='word_1_28' title='bbox 802 761 896 814; x_wconf 73' lang='grc' dir='ltr'>καὶ</span> <span class='ocrx_word' id='word_1_29' title='bbox 917 761 979 814; x_wconf 85' lang='grc' dir='ltr'>τὸ</span> <span class='ocrx_word' id='word_1_30' title='bbox 1004 762 1122 825; x_wconf 89' lang='grc' dir='ltr'>δέος</span> <span class='ocrx_word' id='word_1_31' title='bbox 1152 760 1373 826; x_wconf 79' lang='grc' dir='ltr'>ἐξέϐαλε</span> <span class='ocrx_word' id='word_1_32' title='bbox 1411 761 1540 832; x_wconf 69' lang='grc' dir='ltr'>(καὶ</span> <span class='ocrx_word' id='word_1_33' title='bbox 1565 759 1672 829; x_wconf 86' lang='lat'>7&amp;9</span> <span class='ocrx_word' id='word_1_34' title='bbox 1692 759 1990 830; x_wconf 75' lang='grc' dir='ltr'>τρέμουσα,</span> 
     </span>
    </p>
   </div>
   <div class='ocr_carea' id='block_1_6' title="bbox 316 844 1994 918">
    <p class='ocr_par' dir='ltr' id='par_1_6' title="bbox 316 844 1994 918">
     <span class='ocr_line' id='line_1_6' title="bbox 316 844 1994 918; baseline 0 -21"><span class='ocrx_word' id='word_1_35' title='bbox 316 864 386 916; x_wconf 80' lang='grc' dir='ltr'>φη</span> <span class='ocrx_word' id='word_1_36' title='bbox 399 847 473 908; x_wconf 72' lang='lat' dir='ltr'>sl,</span> <span class='ocrx_word' id='word_1_37' title='bbox 503 845 838 916; x_wconf 81' lang='grc' dir='ltr'>προσῆλθε),</span> <span class='ocrx_word' id='word_1_38' title='bbox 875 845 968 899; x_wconf 68' lang='grc' dir='ltr'>καὶ</span> <span class='ocrx_word' id='word_1_39' title='bbox 999 845 1222 918; x_wconf 81' lang='grc' dir='ltr'>θαρρεῖν</span> <span class='ocrx_word' id='word_1_40' title='bbox 1254 845 1424 914; x_wconf 86' lang='grc' dir='ltr'>αὐτὴν</span> <span class='ocrx_word' id='word_1_41' title='bbox 1448 844 1831 915; x_wconf 80' lang='grc' dir='ltr'>παρεσκεύασε</span> <span class='ocrx_word' id='word_1_42' title='bbox 1853 884 1867 908; x_wconf 91' lang='grc'>,</span> <span class='ocrx_word' id='word_1_43' title='bbox 1898 845 1994 897; x_wconf 72' lang='grc' dir='ltr'>καὶ</span> 
     </span>
    </p>
   </div>
   <div class='ocr_carea' id='block_1_7' title="bbox 319 925 1992 998">
    <p class='ocr_par' dir='ltr' id='par_1_7' title="bbox 319 925 1992 998">
     <span class='ocr_line' id='line_1_7' title="bbox 319 925 1992 998; baseline 0.001 -19"><span class='ocrx_word' id='word_1_44' title='bbox 319 927 455 996; x_wconf 85' lang='grc' dir='ltr'>μετά</span> <span class='ocrx_word' id='word_1_45' title='bbox 483 927 584 997; x_wconf 86' lang='grc' dir='ltr'>τῆς</span> <span class='ocrx_word' id='word_1_46' title='bbox 618 927 830 996; x_wconf 83' lang='grc' dir='ltr'>ὑγιείας</span> <span class='ocrx_word' id='word_1_47' title='bbox 867 925 961 980; x_wconf 82' lang='grc' dir='ltr'>τοῦ</span> <span class='ocrx_word' id='word_1_48' title='bbox 994 927 1245 998; x_wconf 84' lang='grc' dir='ltr'>σώματος</span> <span class='ocrx_word' id='word_1_49' title='bbox 1287 929 1382 980; x_wconf 79' lang='grc' dir='ltr'>καὶ</span> <span class='ocrx_word' id='word_1_50' title='bbox 1407 926 1567 996; x_wconf 75' lang='grc' dir='ltr'>ἔτερα</span> <span class='ocrx_word' id='word_1_51' title='bbox 1597 927 1730 997; x_wconf 69' lang='grc' dir='ltr'>αὐτῇ</span> <span class='ocrx_word' id='word_1_52' title='bbox 1763 927 1992 980; x_wconf 88' lang='grc' dir='ltr'>δέδωκεν</span> 
     </span>
    </p>
   </div>
   <div class='ocr_carea' id='block_1_8' title="bbox 315 1008 1473 1078">
    <p class='ocr_par' dir='ltr' id='par_1_8' title="bbox 315 1008 1473 1078">
     <span class='ocr_line' id='line_1_8' title="bbox 315 1008 1473 1078; baseline 0.002 -16"><span class='ocrx_word' id='word_1_53' title='bbox 315 1011 523 1078; x_wconf 81' lang='grc' dir='ltr'>ἐφόδια,</span> <span class='ocrx_word' id='word_1_54' title='bbox 571 1008 759 1075; x_wconf 76' lang='grc' dir='ltr'>εἰπὼν,</span> <span class='ocrx_word' id='word_1_55' title='bbox 820 1010 1086 1078; x_wconf 83' lang='grc' dir='ltr'>Πορεύου</span> <span class='ocrx_word' id='word_1_56' title='bbox 1136 1011 1208 1063; x_wconf 82' lang='grc' dir='ltr'>ἐν</span> <span class='ocrx_word' id='word_1_57' title='bbox 1245 1010 1473 1078; x_wconf 72' lang='grc' dir='ltr'>εἰρήνῃ.</span> 
     </span>
    </p>
   </div>
   <div class='ocr_carea' id='block_1_9' title="bbox 390 1089 1994 1162">
    <p class='ocr_par' dir='ltr' id='par_1_9' title="bbox 390 1089 1994 1162">
     <span class='ocr_line' id='line_1_9' title="bbox 390 1089 1994 1162; baseline -0.002 -15"><span class='ocrx_word' id='word_1_58' title='bbox 390 1093 618 1148; x_wconf 79' lang='grc' dir='ltr'>Ἐλθὼν</span> <span class='ocrx_word' id='word_1_59' title='bbox 644 1093 712 1146; x_wconf 85' lang='grc' dir='ltr'>δὲ</span> <span class='ocrx_word' id='word_1_60' title='bbox 740 1095 826 1160; x_wconf 83' lang='grc' dir='ltr'>είς</span> <span class='ocrx_word' id='word_1_61' title='bbox 851 1093 964 1161; x_wconf 85' lang='grc' dir='ltr'>τὴν</span> <span class='ocrx_word' id='word_1_62' title='bbox 996 1094 1192 1146; x_wconf 72' lang='grc' dir='ltr'>οὶκίαν</span> <span class='ocrx_word' id='word_1_63' title='bbox 1230 1093 1336 1146; x_wconf 87' lang='grc' dir='ltr'>τοῦ</span> <span class='ocrx_word' id='word_1_64' title='bbox 1374 1092 1664 1162; x_wconf 74' lang='grc' dir='ltr'>ἄρχοντος</span> <span class='ocrx_word' id='word_1_65' title='bbox 1686 1131 1698 1154; x_wconf 94' lang='grc'>,</span> <span class='ocrx_word' id='word_1_66' title='bbox 1731 1091 1825 1144; x_wconf 78' lang='grc' dir='ltr'>καὶ</span> <span class='ocrx_word' id='word_1_67' title='bbox 1853 1089 1994 1143; x_wconf 76' lang='grc' dir='ltr'>ἰδὼν</span> 
     </span>
    </p>
   </div>
   <div class='ocr_carea' id='block_1_10' title="bbox 314 1176 1990 1245">
    <p class='ocr_par' dir='ltr' id='par_1_10' title="bbox 314 1176 1990 1245">
     <span class='ocr_line' id='line_1_10' title="bbox 314 1176 1990 1245; baseline -0.003 -15"><span class='ocrx_word' id='word_1_68' title='bbox 314 1179 456 1245; x_wconf 74' lang='grc' dir='ltr'>τοὺς</span> <span class='ocrx_word' id='word_1_69' title='bbox 486 1178 773 1245; x_wconf 68' lang='grc' dir='ltr'>αὐλητὰς,</span> <span class='ocrx_word' id='word_1_70' title='bbox 802 1178 899 1231; x_wconf 77' lang='grc' dir='ltr'>καὶ</span> <span class='ocrx_word' id='word_1_71' title='bbox 926 1178 1030 1231; x_wconf 81' lang='grc' dir='ltr'>τὸν</span> <span class='ocrx_word' id='word_1_72' title='bbox 1058 1178 1246 1244; x_wconf 78' lang='grc' dir='ltr'>ὄχλον</span> <span class='ocrx_word' id='word_1_73' title='bbox 1273 1177 1732 1243; x_wconf 81' lang='grc' dir='ltr'>θορυϐούμενον,</span> <span class='ocrx_word' id='word_1_74' title='bbox 1760 1176 1990 1243; x_wconf 73' lang='grc' dir='ltr'>ἔλεγεν·</span> 
     </span>
    </p>
   </div>
   <div class='ocr_carea' id='block_1_11' title="bbox 329 1258 1996 1332">
    <p class='ocr_par' dir='ltr' id='par_1_11' title="bbox 329 1258 1996 1332">
     <span class='ocr_line' id='line_1_11' title="bbox 329 1258 1996 1332; baseline -0.002 -19"><span class='ocrx_word' id='word_1_75' title='bbox 329 1260 727 1332; x_wconf 74' lang='grc' dir='ltr'>Ἀποχωρεῖτε·</span> <span class='ocrx_word' id='word_1_76' title='bbox 767 1265 839 1316; x_wconf 84' lang='grc' dir='ltr'>οὐ</span> <span class='ocrx_word' id='word_1_77' title='bbox 868 1265 976 1331; x_wconf 72' lang='grc' dir='ltr'>γὰρ</span> <span class='ocrx_word' id='word_1_78' title='bbox 1004 1260 1267 1316; x_wconf 80' lang='grc' dir='ltr'>ἀπέθανε</span> <span class='ocrx_word' id='word_1_79' title='bbox 1292 1258 1357 1312; x_wconf 85' lang='grc' dir='ltr'>τὸ</span> <span class='ocrx_word' id='word_1_80' title='bbox 1381 1258 1689 1325; x_wconf 78' lang='grc' dir='ltr'>κοράσιον,</span> <span class='ocrx_word' id='word_1_81' title='bbox 1720 1259 1879 1312; x_wconf 75' lang='grc' dir='ltr'>ἀλλὰ</span> <span class='ocrx_word' id='word_1_82' title='bbox 1898 1273 1996 1310; x_wconf 77' lang='grc' dir='ltr'>κα-</span> 
     </span>
    </p>
   </div>
   <div class='ocr_carea' id='block_1_12' title="bbox 318 1341 1997 1414">
    <p class='ocr_par' dir='ltr' id='par_1_12' title="bbox 318 1341 1997 1414">
     <span class='ocr_line' id='line_1_12' title="bbox 318 1341 1997 1414; baseline -0.005 -15"><span class='ocrx_word' id='word_1_83' title='bbox 318 1346 531 1399; x_wconf 75' lang='grc' dir='ltr'>θεύδει.</span> <span class='ocrx_word' id='word_1_84' title='bbox 565 1346 672 1399; x_wconf 79' lang='grc' dir='ltr'>Καὶ</span> <span class='ocrx_word' id='word_1_85' title='bbox 691 1347 1029 1414; x_wconf 74' lang='grc' dir='ltr'>κατεγέλων</span> <span class='ocrx_word' id='word_1_86' title='bbox 1056 1343 1243 1397; x_wconf 82' lang='grc' dir='ltr'>αὐτοῦ</span> <span class='ocrx_word' id='word_1_87' title='bbox 1263 1343 1327 1395; x_wconf 81' lang='grc'>’⁵.</span> <span class='ocrx_word' id='word_1_88' title='bbox 1351 1342 1506 1395; x_wconf 82' lang='grc' dir='ltr'>Καλά</span> <span class='ocrx_word' id='word_1_89' title='bbox 1527 1359 1588 1408; x_wconf 86' lang='grc' dir='ltr'>γε</span> <span class='ocrx_word' id='word_1_90' title='bbox 1608 1341 1716 1394; x_wconf 86' lang='grc' dir='ltr'>τῶν</span> <span class='ocrx_word' id='word_1_91' title='bbox 1745 1343 1997 1410; x_wconf 83' lang='grc' dir='ltr'>ἀρχισυν-</span> 
     </span>
    </p>
   </div>
   <div class='ocr_carea' id='block_1_13' title="bbox 318 1423 1997 1499">
    <p class='ocr_par' dir='ltr' id='par_1_13' title="bbox 318 1423 1997 1499">
     <span class='ocr_line' id='line_1_13' title="bbox 318 1423 1997 1499; baseline 0.001 -24"><span class='ocrx_word' id='word_1_92' title='bbox 318 1425 547 1493; x_wconf 73' lang='grc' dir='ltr'>αγώγων</span> <span class='ocrx_word' id='word_1_93' title='bbox 574 1428 638 1480; x_wconf 77' lang='grc' dir='ltr'>τά</span> <span class='ocrx_word' id='word_1_94' title='bbox 665 1430 958 1499; x_wconf 81' lang='grc' dir='ltr'>τεκμήρια,</span> <span class='ocrx_word' id='word_1_95' title='bbox 979 1429 1036 1478; x_wconf 81' lang='grc' dir='ltr'>ἐν</span> <span class='ocrx_word' id='word_1_96' title='bbox 1051 1423 1128 1495; x_wconf 83' lang='grc' dir='ltr'>τῷ</span> <span class='ocrx_word' id='word_1_97' title='bbox 1143 1426 1187 1456; x_wconf 76' lang='grc'>²¹³</span> <span class='ocrx_word' id='word_1_98' title='bbox 1200 1425 1491 1478; x_wconf 79' lang='grc' dir='ltr'>ἀποθανεῖν</span> <span class='ocrx_word' id='word_1_99' title='bbox 1510 1424 1660 1476; x_wconf 73' lang='grc' dir='ltr'>αὐλοὶ</span> <span class='ocrx_word' id='word_1_100' title='bbox 1677 1426 1772 1477; x_wconf 70' lang='grc' dir='ltr'>καὶ</span> <span class='ocrx_word' id='word_1_101' title='bbox 1789 1423 1997 1494; x_wconf 86' lang='grc' dir='ltr'>κύμϐα-</span> 
     </span>
    </p>
   </div>
   <div class='ocr_carea' id='block_1_14' title="bbox 317 1506 1995 1580">
    <p class='ocr_par' dir='ltr' id='par_1_14' title="bbox 317 1506 1995 1580">
     <span class='ocr_line' id='line_1_14' title="bbox 317 1506 1995 1580; baseline 0.001 -23"><span class='ocrx_word' id='word_1_102' title='bbox 317 1506 382 1558; x_wconf 83' lang='grc' dir='ltr'>λα</span> <span class='ocrx_word' id='word_1_103' title='bbox 408 1511 600 1579; x_wconf 83' lang='grc' dir='ltr'>θρῆνον</span> <span class='ocrx_word' id='word_1_104' title='bbox 629 1512 957 1580; x_wconf 79' lang='grc' dir='ltr'>ἐγείροντες.</span> <span class='ocrx_word' id='word_1_105' title='bbox 984 1509 1048 1560; x_wconf 81' lang='grc' dir='ltr'>Τί</span> <span class='ocrx_word' id='word_1_106' title='bbox 1071 1506 1480 1578; x_wconf 75' lang='grc' dir='ltr'>οὖνόΧριστόςς</span> <span class='ocrx_word' id='word_1_107' title='bbox 1512 1507 1650 1569; x_wconf 80' lang='grc' dir='ltr'>Τοὺς</span> <span class='ocrx_word' id='word_1_108' title='bbox 1678 1508 1774 1577; x_wconf 76' lang='grc' dir='ltr'>μὲν</span> <span class='ocrx_word' id='word_1_109' title='bbox 1801 1507 1995 1569; x_wconf 78' lang='grc' dir='ltr'>ἄλλους</span> 
     </span>
    </p>
   </div>
   <div class='ocr_carea' id='block_1_15' title="bbox 316 1589 1993 1670">
    <p class='ocr_par' dir='ltr' id='par_1_15' title="bbox 316 1589 1993 1670">
     <span class='ocr_line' id='line_1_15' title="bbox 316 1589 1993 1670; baseline 0 -28"><span class='ocrx_word' id='word_1_110' title='bbox 316 1591 560 1657; x_wconf 74' lang='grc' dir='ltr'>ἅπαντας</span> <span class='ocrx_word' id='word_1_111' title='bbox 580 1594 823 1658; x_wconf 84' lang='grc' dir='ltr'>ἐξέϐαλε,</span> <span class='ocrx_word' id='word_1_112' title='bbox 847 1594 968 1656; x_wconf 82' lang='grc' dir='ltr'>τοὺς</span> <span class='ocrx_word' id='word_1_113' title='bbox 994 1593 1051 1646; x_wconf 82' lang='grc' dir='ltr'>δὲ</span> <span class='ocrx_word' id='word_1_114' title='bbox 1079 1591 1475 1670; x_wconf 77' lang='grc' dir='ltr'>γεγεννηκότας</span> <span class='ocrx_word' id='word_1_115' title='bbox 1501 1591 1814 1661; x_wconf 77' lang='grc' dir='ltr'>εἰσήγαγεν,</span> <span class='ocrx_word' id='word_1_116' title='bbox 1853 1589 1993 1642; x_wconf 79' lang='grc' dir='ltr'>ὥστε</span> 
     </span>
    </p>
   </div>
   <div class='ocr_carea' id='block_1_16' title="bbox 319 1673 1996 1745">
    <p class='ocr_par' dir='ltr' id='par_1_16' title="bbox 319 1673 1996 1745">
     <span class='ocr_line' id='line_1_16' title="bbox 319 1673 1996 1745; baseline 0.001 -19"><span class='ocrx_word' id='word_1_117' title='bbox 319 1675 393 1745; x_wconf 84' lang='grc' dir='ltr'>μὴ</span> <span class='ocrx_word' id='word_1_118' title='bbox 416 1676 737 1743; x_wconf 80' lang='grc' dir='ltr'>ἐγγενέσθαι</span> <span class='ocrx_word' id='word_1_119' title='bbox 769 1680 964 1736; x_wconf 80' lang='grc' dir='ltr'>εἰπεῖν,</span> <span class='ocrx_word' id='word_1_120' title='bbox 995 1678 1079 1729; x_wconf 86' lang='grc' dir='ltr'>ὅτι</span> <span class='ocrx_word' id='word_1_121' title='bbox 1101 1676 1274 1737; x_wconf 83' lang='grc' dir='ltr'>άλλως</span> <span class='ocrx_word' id='word_1_122' title='bbox 1299 1675 1342 1705; x_wconf 70' lang='grc'>’⁷</span> <span class='ocrx_word' id='word_1_123' title='bbox 1373 1673 1707 1745; x_wconf 76' lang='grc' dir='ltr'>ἐθεράπευσε</span> <span class='ocrx_word' id='word_1_124' title='bbox 1727 1691 1740 1704; x_wconf 81' lang='lat'><strong>&#39;</strong></span> <span class='ocrx_word' id='word_1_125' title='bbox 1774 1675 1868 1727; x_wconf 81' lang='grc' dir='ltr'>καὶ</span> <span class='ocrx_word' id='word_1_126' title='bbox 1890 1679 1996 1745; x_wconf 84' lang='grc' dir='ltr'>πρὸ</span> 
     </span>
    </p>
   </div>
   <div class='ocr_carea' id='block_1_17' title="bbox 313 1759 1996 1831">
    <p class='ocr_par' dir='ltr' id='par_1_17' title="bbox 313 1759 1996 1831">
     <span class='ocr_line' id='line_1_17' title="bbox 313 1759 1996 1831; baseline 0.001 -23"><span class='ocrx_word' id='word_1_127' title='bbox 313 1760 413 1827; x_wconf 82' lang='grc' dir='ltr'>τῆς</span> <span class='ocrx_word' id='word_1_128' title='bbox 438 1761 788 1824; x_wconf 83' lang='grc' dir='ltr'>ἀναστάσεως</span> <span class='ocrx_word' id='word_1_129' title='bbox 812 1761 870 1814; x_wconf 80' lang='grc' dir='ltr'>δέ</span> <span class='ocrx_word' id='word_1_130' title='bbox 892 1760 1097 1831; x_wconf 83' lang='grc' dir='ltr'>ἐγείρει</span> <span class='ocrx_word' id='word_1_131' title='bbox 1116 1759 1194 1829; x_wconf 86' lang='grc' dir='ltr'>τῷ</span> <span class='ocrx_word' id='word_1_132' title='bbox 1223 1759 1388 1828; x_wconf 82' lang='grc' dir='ltr'>λόγῳ,</span> <span class='ocrx_word' id='word_1_133' title='bbox 1405 1759 1577 1825; x_wconf 88' lang='grc' dir='ltr'>λέγων</span> <span class='ocrx_word' id='word_1_134' title='bbox 1598 1774 1612 1787; x_wconf 88' lang='grc'><strong>·</strong></span> <span class='ocrx_word' id='word_1_135' title='bbox 1639 1760 1722 1809; x_wconf 82' lang='grc' dir='ltr'>Οὐ</span> <span class='ocrx_word' id='word_1_136' title='bbox 1745 1759 1996 1823; x_wconf 77' lang='grc' dir='ltr'>τέθνηκε</span> 
     </span>
    </p>
   </div>
   <div class='ocr_carea' id='block_1_18' title="bbox 312 1841 1996 1912">
    <p class='ocr_par' dir='ltr' id='par_1_18' title="bbox 312 1841 1996 1912">
     <span class='ocr_line' id='line_1_18' title="bbox 312 1841 1996 1912; baseline 0.001 -21"><span class='ocrx_word' id='word_1_137' title='bbox 312 1842 382 1892; x_wconf 87' lang='grc' dir='ltr'>τὸ</span> <span class='ocrx_word' id='word_1_138' title='bbox 413 1843 724 1910; x_wconf 81' lang='grc' dir='ltr'>κοράσιον,</span> <span class='ocrx_word' id='word_1_139' title='bbox 763 1843 926 1898; x_wconf 70' lang='grc' dir='ltr'><em>ἀλλὰ</em></span> <span class='ocrx_word' id='word_1_140' title='bbox 957 1841 1254 1897; x_wconf 81' lang='grc' dir='ltr'>καθεύδει.</span> <span class='ocrx_word' id='word_1_141' title='bbox 1296 1843 1406 1896; x_wconf 92' lang='lat' dir='ltr'>Kal</span> <span class='ocrx_word' id='word_1_142' title='bbox 1436 1841 1705 1912; x_wconf 86' lang='grc' dir='ltr'>πολλαχοῦ</span> <span class='ocrx_word' id='word_1_143' title='bbox 1739 1843 1795 1894; x_wconf 86' lang='grc' dir='ltr'>δέ</span> <span class='ocrx_word' id='word_1_144' title='bbox 1840 1842 1996 1894; x_wconf 85' lang='grc' dir='ltr'>τοῦτο</span> 
     </span>
    </p>
   </div>
   <div class='ocr_carea' id='block_1_19' title="bbox 315 1923 1994 1998">
    <p class='ocr_par' dir='ltr' id='par_1_19' title="bbox 315 1923 1994 1998">
     <span class='ocr_line' id='line_1_19' title="bbox 315 1923 1994 1998; baseline 0.001 -22"><span class='ocrx_word' id='word_1_145' title='bbox 315 1929 476 1978; x_wconf 86' lang='grc' dir='ltr'>ποιεῖ.</span> <span class='ocrx_word' id='word_1_146' title='bbox 507 1926 719 1998; x_wconf 81' lang='grc' dir='ltr'>’Ὠσπερ</span> <span class='ocrx_word' id='word_1_147' title='bbox 749 1923 842 1980; x_wconf 78' lang='grc' dir='ltr'>οὖν</span> <span class='ocrx_word' id='word_1_148' title='bbox 871 1928 915 1958; x_wconf 80' lang='grc'>³⁸</span> <span class='ocrx_word' id='word_1_149' title='bbox 944 1927 1037 1980; x_wconf 77' lang='grc' dir='ltr'>καὶ</span> <span class='ocrx_word' id='word_1_150' title='bbox 1064 1925 1158 1978; x_wconf 78' lang='grc' dir='ltr'>ἐπὶ</span> <span class='ocrx_word' id='word_1_151' title='bbox 1202 1927 1301 1995; x_wconf 86' lang='grc' dir='ltr'>τῆς</span> <span class='ocrx_word' id='word_1_152' title='bbox 1327 1925 1597 1995; x_wconf 82' lang='grc' dir='ltr'>θαλάττης</span> <span class='ocrx_word' id='word_1_153' title='bbox 1631 1927 1858 1995; x_wconf 83' lang='grc' dir='ltr'>ἐπιτιμᾷ</span> <span class='ocrx_word' id='word_1_154' title='bbox 1885 1928 1994 1988; x_wconf 87' lang='grc' dir='ltr'>τοῖς</span> 
     </span>
    </p>
   </div>
   <div class='ocr_carea' id='block_1_20' title="bbox 317 2007 1994 2080">
    <p class='ocr_par' dir='ltr' id='par_1_20' title="bbox 317 2007 1994 2080">
     <span class='ocr_line' id='line_1_20' title="bbox 317 2007 1994 2080; baseline 0.002 -22"><span class='ocrx_word' id='word_1_155' title='bbox 317 2008 584 2078; x_wconf 82' lang='grc' dir='ltr'>μαθηταῖς</span> <span class='ocrx_word' id='word_1_156' title='bbox 621 2010 830 2080; x_wconf 82' lang='grc' dir='ltr'>πρῶτον</span> <span class='ocrx_word' id='word_1_157' title='bbox 850 2026 862 2039; x_wconf 84' lang='grc'><em>’</em></span> <span class='ocrx_word' id='word_1_158' title='bbox 889 2008 1032 2063; x_wconf 76' lang='grc' dir='ltr'>οὕτω</span> <span class='ocrx_word' id='word_1_159' title='bbox 1057 2009 1120 2072; x_wconf 82' lang='grc' dir='ltr'>δὴ</span> <span class='ocrx_word' id='word_1_160' title='bbox 1149 2009 1243 2062; x_wconf 74' lang='grc' dir='ltr'>καὶ</span> <span class='ocrx_word' id='word_1_161' title='bbox 1274 2009 1506 2061; x_wconf 78' lang='grc' dir='ltr'>ἐνταῦθα</span> <span class='ocrx_word' id='word_1_162' title='bbox 1531 2009 1620 2060; x_wconf 81' lang='grc' dir='ltr'>τὸν</span> <span class='ocrx_word' id='word_1_163' title='bbox 1646 2007 1870 2075; x_wconf 81' lang='grc' dir='ltr'>θόρυϐον</span> <span class='ocrx_word' id='word_1_164' title='bbox 1901 2011 1994 2061; x_wconf 83' lang='grc' dir='ltr'>ἐκ·</span> 
     </span>
    </p>
   </div>
   <div class='ocr_carea' id='block_1_21' title="bbox 313 2088 1997 2162">
    <p class='ocr_par' dir='ltr' id='par_1_21' title="bbox 313 2088 1997 2162">
     <span class='ocr_line' id='line_1_21' title="bbox 313 2088 1997 2162; baseline 0.001 -22"><span class='ocrx_word' id='word_1_165' title='bbox 313 2089 500 2144; x_wconf 90' lang='grc' dir='ltr'>ϐάλλει</span> <span class='ocrx_word' id='word_1_166' title='bbox 525 2092 623 2161; x_wconf 86' lang='grc' dir='ltr'>τῆς</span> <span class='ocrx_word' id='word_1_167' title='bbox 651 2093 891 2156; x_wconf 80' lang='grc' dir='ltr'>διανοίας</span> <span class='ocrx_word' id='word_1_168' title='bbox 921 2091 1029 2145; x_wconf 84' lang='grc' dir='ltr'>τῶν</span> <span class='ocrx_word' id='word_1_169' title='bbox 1073 2091 1358 2162; x_wconf 81' lang='grc' dir='ltr'>παρόντων</span> <span class='ocrx_word' id='word_1_170' title='bbox 1386 2131 1399 2152; x_wconf 90' lang='grc'>,</span> <span class='ocrx_word' id='word_1_171' title='bbox 1434 2088 1570 2160; x_wconf 86' lang='grc' dir='ltr'>ὁμοῦ</span> <span class='ocrx_word' id='word_1_172' title='bbox 1597 2091 1691 2142; x_wconf 76' lang='grc' dir='ltr'>καὶ</span> <span class='ocrx_word' id='word_1_173' title='bbox 1713 2091 1757 2122; x_wconf 81' lang='lat'><strong>&quot;</strong></span> <span class='ocrx_word' id='word_1_174' title='bbox 1784 2090 1997 2152; x_wconf 80' lang='grc' dir='ltr'>δεικνὺς</span> 
     </span>
    </p>
   </div>
   <div class='ocr_carea' id='block_1_22' title="bbox 313 2173 1998 2244">
    <p class='ocr_par' dir='ltr' id='par_1_22' title="bbox 313 2173 1998 2244">
     <span class='ocr_line' id='line_1_22' title="bbox 313 2173 1998 2244; baseline 0.001 -20"><span class='ocrx_word' id='word_1_175' title='bbox 313 2173 394 2224; x_wconf 78' lang='grc' dir='ltr'>ὅτι</span> <span class='ocrx_word' id='word_1_176' title='bbox 431 2173 652 2228; x_wconf 74' lang='grc' dir='ltr'>εὔκολον</span> <span class='ocrx_word' id='word_1_177' title='bbox 694 2176 842 2244; x_wconf 83' lang='grc' dir='ltr'>αὐτῷ</span> <span class='ocrx_word' id='word_1_178' title='bbox 891 2175 1020 2238; x_wconf 82' lang='grc' dir='ltr'>τοὺς</span> <span class='ocrx_word' id='word_1_179' title='bbox 1060 2173 1391 2242; x_wconf 81' lang='grc' dir='ltr'>τεθνηκότας</span> <span class='ocrx_word' id='word_1_180' title='bbox 1441 2176 1652 2243; x_wconf 81' lang='grc' dir='ltr'>ἐγεῖραι</span> <span class='ocrx_word' id='word_1_181' title='bbox 1702 2173 1752 2242; x_wconf 83' lang='lat'>(6</span> <span class='ocrx_word' id='word_1_182' title='bbox 1797 2173 1858 2241; x_wconf 83' lang='grc' dir='ltr'>δὴ</span> <span class='ocrx_word' id='word_1_183' title='bbox 1904 2174 1998 2225; x_wconf 70' lang='grc' dir='ltr'>καὶ</span> 
     </span>
    </p>
   </div>
   <div class='ocr_carea' id='block_1_23' title="bbox 315 2255 1998 2329">
    <p class='ocr_par' dir='ltr' id='par_1_23' title="bbox 315 2255 1998 2329">
     <span class='ocr_line' id='line_1_23' title="bbox 315 2255 1998 2329; baseline 0.001 -24"><span class='ocrx_word' id='word_1_184' title='bbox 315 2255 408 2306; x_wconf 74' lang='grc' dir='ltr'>ἐπὶ</span> <span class='ocrx_word' id='word_1_185' title='bbox 439 2256 534 2308; x_wconf 77' lang='grc' dir='ltr'>τοῦ</span> <span class='ocrx_word' id='word_1_186' title='bbox 579 2259 833 2329; x_wconf 77' lang='grc' dir='ltr'>Λαζάρου</span> <span class='ocrx_word' id='word_1_187' title='bbox 869 2257 1158 2328; x_wconf 79' lang='grc' dir='ltr'>πεποίηκε,</span> <span class='ocrx_word' id='word_1_188' title='bbox 1208 2256 1382 2324; x_wconf 83' lang='grc' dir='ltr'>λέγων</span> <span class='ocrx_word' id='word_1_189' title='bbox 1410 2272 1422 2283; x_wconf 87' lang='grc'><strong>·</strong></span> <span class='ocrx_word' id='word_1_190' title='bbox 1468 2255 1730 2324; x_wconf 62' lang='grc' dir='ltr'>Λάζαρος</span> <span class='ocrx_word' id='word_1_191' title='bbox 1759 2260 1790 2308; x_wconf 82' lang='grc' dir='ltr'><strong><em>ό</em></strong></span> <span class='ocrx_word' id='word_1_192' title='bbox 1818 2257 1998 2324; x_wconf 72' lang='grc' dir='ltr'>φίλος</span> 
     </span>
    </p>
   </div>
   <div class='ocr_carea' id='block_1_24' title="bbox 311 2338 1996 2411">
    <p class='ocr_par' dir='ltr' id='par_1_24' title="bbox 311 2338 1996 2411">
     <span class='ocr_line' id='line_1_24' title="bbox 311 2338 1996 2411; baseline 0.002 -22"><span class='ocrx_word' id='word_1_193' title='bbox 311 2339 482 2405; x_wconf 72' lang='grc' dir='ltr'>’ἡμῶν</span> <span class='ocrx_word' id='word_1_194' title='bbox 511 2339 660 2411; x_wconf 75' lang='grc'>[560]</span> <span class='ocrx_word' id='word_1_195' title='bbox 687 2341 1075 2411; x_wconf 77' lang='grc' dir='ltr'>κεκοίμηται),</span> <span class='ocrx_word' id='word_1_196' title='bbox 1102 2341 1196 2393; x_wconf 74' lang='grc' dir='ltr'>καὶ</span> <span class='ocrx_word' id='word_1_197' title='bbox 1226 2339 1343 2409; x_wconf 74' lang='grc' dir='ltr'>ἅμα</span> <span class='ocrx_word' id='word_1_198' title='bbox 1376 2338 1645 2392; x_wconf 85' lang='grc' dir='ltr'>παιδεύων</span> <span class='ocrx_word' id='word_1_199' title='bbox 1672 2341 1744 2408; x_wconf 86' lang='grc' dir='ltr'>μὴ</span> <span class='ocrx_word' id='word_1_200' title='bbox 1768 2338 1996 2392; x_wconf 81' lang='grc' dir='ltr'>δεδιέναι</span> 
     </span>
    </p>
   </div>
   <div class='ocr_carea' id='block_1_25' title="bbox 310 2420 1998 2496">
    <p class='ocr_par' dir='ltr' id='par_1_25' title="bbox 310 2420 1998 2496">
     <span class='ocr_line' id='line_1_25' title="bbox 310 2420 1998 2496; baseline 0.002 -22"><span class='ocrx_word' id='word_1_201' title='bbox 310 2424 400 2474; x_wconf 75' lang='grc' dir='ltr'>τὸν</span> <span class='ocrx_word' id='word_1_202' title='bbox 429 2424 675 2476; x_wconf 86' lang='grc' dir='ltr'>θάνατον·</span> <span class='ocrx_word' id='word_1_203' title='bbox 708 2425 769 2478; x_wconf 85' lang='grc' dir='ltr'>οὐ</span> <span class='ocrx_word' id='word_1_204' title='bbox 801 2425 909 2496; x_wconf 85' lang='lat'>7&amp;9</span> <span class='ocrx_word' id='word_1_205' title='bbox 944 2421 1079 2478; x_wconf 77' lang='grc' dir='ltr'>εἶναι</span> <span class='ocrx_word' id='word_1_206' title='bbox 1125 2422 1353 2477; x_wconf 89' lang='grc' dir='ltr'>θάνατον</span> <span class='ocrx_word' id='word_1_207' title='bbox 1396 2423 1557 2474; x_wconf 84' lang='grc' dir='ltr'>αὐτὸν</span> <span class='ocrx_word' id='word_1_208' title='bbox 1581 2421 1646 2483; x_wconf 80' lang='grc' dir='ltr'>³ο,</span> <span class='ocrx_word' id='word_1_209' title='bbox 1677 2421 1790 2474; x_wconf 84' lang='grc' dir='ltr'>ἀλλ’</span> <span class='ocrx_word' id='word_1_210' title='bbox 1831 2420 1998 2477; x_wconf 79' lang='grc' dir='ltr'>ὕπνον</span> 
     </span>
    </p>
   </div>
   <div class='ocr_carea' id='block_1_26' title="bbox 311 2505 1995 2579">
    <p class='ocr_par' dir='ltr' id='par_1_26' title="bbox 311 2505 1995 2579">
     <span class='ocr_line' id='line_1_26' title="bbox 311 2505 1995 2579; baseline 0.002 -22"><span class='ocrx_word' id='word_1_211' title='bbox 311 2506 496 2560; x_wconf 78' lang='grc' dir='ltr'>λοιπὸν</span> <span class='ocrx_word' id='word_1_212' title='bbox 521 2509 869 2579; x_wconf 87' lang='grc' dir='ltr'>γεγενῆσθαι.</span> <span class='ocrx_word' id='word_1_213' title='bbox 903 2507 1122 2578; x_wconf 83' lang='grc' dir='ltr'>Ἐπειδὴ</span> <span class='ocrx_word' id='word_1_214' title='bbox 1161 2507 1270 2577; x_wconf 83' lang='grc' dir='ltr'>γὰρ</span> <span class='ocrx_word' id='word_1_215' title='bbox 1300 2507 1394 2559; x_wconf 70' lang='grc' dir='ltr'>καὶ</span> <span class='ocrx_word' id='word_1_216' title='bbox 1417 2505 1577 2568; x_wconf 87' lang='grc' dir='ltr'>αὐτὸς</span> <span class='ocrx_word' id='word_1_217' title='bbox 1605 2505 1828 2577; x_wconf 77' lang='grc' dir='ltr'>ἔμελλεν</span> <span class='ocrx_word' id='word_1_218' title='bbox 1857 2508 1995 2560; x_wconf 89' lang='grc' dir='ltr'>ἀπο-</span> 
     </span>
    </p>
   </div>
   <div class='ocr_carea' id='block_1_27' title="bbox 313 2589 1996 2663">
    <p class='ocr_par' dir='ltr' id='par_1_27' title="bbox 313 2589 1996 2663">
     <span class='ocr_line' id='line_1_27' title="bbox 313 2589 1996 2663; baseline 0.001 -21"><span class='ocrx_word' id='word_1_219' title='bbox 313 2591 587 2661; x_wconf 78' lang='grc' dir='ltr'>θνήσκειν,</span> <span class='ocrx_word' id='word_1_220' title='bbox 625 2593 681 2646; x_wconf 84' lang='grc' dir='ltr'>ἐν</span> <span class='ocrx_word' id='word_1_221' title='bbox 709 2595 821 2655; x_wconf 87' lang='grc' dir='ltr'>τοῖς</span> <span class='ocrx_word' id='word_1_222' title='bbox 849 2592 1051 2663; x_wconf 86' lang='grc' dir='ltr'>ἐτέρων</span> <span class='ocrx_word' id='word_1_223' title='bbox 1075 2589 1291 2662; x_wconf 88' lang='grc' dir='ltr'>σώμασι</span> <span class='ocrx_word' id='word_1_224' title='bbox 1322 2591 1839 2662; x_wconf 80' lang='grc' dir='ltr'>προπαρασκευάζει</span> <span class='ocrx_word' id='word_1_225' title='bbox 1871 2592 1996 2655; x_wconf 85' lang='grc' dir='ltr'>τοὺς</span> 
     </span>
    </p>
   </div>
   <div class='ocr_carea' id='block_1_28' title="bbox 316 2673 1998 2746">
    <p class='ocr_par' dir='ltr' id='par_1_28' title="bbox 316 2673 1998 2746">
     <span class='ocr_line' id='line_1_28' title="bbox 316 2673 1998 2746; baseline 0.002 -22"><span class='ocrx_word' id='word_1_226' title='bbox 316 2675 566 2744; x_wconf 76' lang='grc' dir='ltr'>μαθητάς</span> <span class='ocrx_word' id='word_1_227' title='bbox 601 2675 846 2746; x_wconf 77' lang='grc' dir='ltr'>θαρρεῖν,</span> <span class='ocrx_word' id='word_1_228' title='bbox 886 2675 980 2728; x_wconf 75' lang='grc' dir='ltr'>καὶ</span> <span class='ocrx_word' id='word_1_229' title='bbox 1016 2675 1208 2746; x_wconf 86' lang='grc' dir='ltr'>πράως</span> <span class='ocrx_word' id='word_1_230' title='bbox 1236 2674 1422 2744; x_wconf 88' lang='grc' dir='ltr'>φέρειν</span> <span class='ocrx_word' id='word_1_231' title='bbox 1449 2675 1546 2744; x_wconf 83' lang='grc' dir='ltr'>τὴν</span> <span class='ocrx_word' id='word_1_232' title='bbox 1576 2673 1855 2744; x_wconf 77' lang='grc' dir='ltr'>τελευτήν.</span> <span class='ocrx_word' id='word_1_233' title='bbox 1890 2673 1998 2728; x_wconf 82' lang='lat' dir='ltr'>Kal</span> 
     </span>
    </p>
   </div>
   <div class='ocr_carea' id='block_1_29' title="bbox 313 2753 1996 2829">
    <p class='ocr_par' dir='ltr' id='par_1_29' title="bbox 313 2753 1996 2829">
     <span class='ocr_line' id='line_1_29' title="bbox 313 2753 1996 2829; baseline 0.001 -19"><span class='ocrx_word' id='word_1_234' title='bbox 313 2758 422 2826; x_wconf 75' lang='grc' dir='ltr'>γὰρ</span> <span class='ocrx_word' id='word_1_235' title='bbox 448 2758 612 2811; x_wconf 83' lang='grc' dir='ltr'>αὐτοῦ</span> <span class='ocrx_word' id='word_1_236' title='bbox 644 2758 1095 2829; x_wconf 80' lang='grc' dir='ltr'>παραγενομένου</span> <span class='ocrx_word' id='word_1_237' title='bbox 1120 2757 1161 2788; x_wconf 81' lang='grc'>³⁸</span> <span class='ocrx_word' id='word_1_238' title='bbox 1196 2757 1379 2810; x_wconf 81' lang='grc' dir='ltr'>λοιπὸν</span> <span class='ocrx_word' id='word_1_239' title='bbox 1411 2754 1577 2818; x_wconf 79' lang='grc' dir='ltr'>ὐπνος</span> <span class='ocrx_word' id='word_1_240' title='bbox 1605 2758 1632 2807; x_wconf 89' lang='lat'>6</span> <span class='ocrx_word' id='word_1_241' title='bbox 1658 2756 1884 2820; x_wconf 89' lang='grc' dir='ltr'>θάνατος</span> <span class='ocrx_word' id='word_1_242' title='bbox 1905 2753 1996 2827; x_wconf 82' lang='grc' dir='ltr'>ἦν.</span> 
     </span>
    </p>
   </div>
   <div class='ocr_carea' id='block_1_30' title="bbox 325 2839 2000 2914">
    <p class='ocr_par' dir='ltr' id='par_1_30' title="bbox 325 2839 2000 2914">
     <span class='ocr_line' id='line_1_30' title="bbox 325 2839 2000 2914; baseline 0.001 -21"><span class='ocrx_word' id='word_1_243' title='bbox 325 2843 463 2895; x_wconf 79' lang='grc' dir='ltr'>Ἀλλ’</span> <span class='ocrx_word' id='word_1_244' title='bbox 496 2845 643 2914; x_wconf 81' lang='grc' dir='ltr'>ὅμως</span> <span class='ocrx_word' id='word_1_245' title='bbox 675 2842 982 2911; x_wconf 83' lang='grc' dir='ltr'>κατεγέλων</span> <span class='ocrx_word' id='word_1_246' title='bbox 1016 2839 1180 2895; x_wconf 84' lang='grc' dir='ltr'>αὐτοῦ</span> <span class='ocrx_word' id='word_1_247' title='bbox 1200 2857 1212 2870; x_wconf 87' lang='grc'><strong>·</strong></span> <span class='ocrx_word' id='word_1_248' title='bbox 1255 2841 1414 2904; x_wconf 75' lang='grc' dir='ltr'>αὐτὸς</span> <span class='ocrx_word' id='word_1_249' title='bbox 1445 2840 1500 2892; x_wconf 84' lang='grc' dir='ltr'>δὲ</span> <span class='ocrx_word' id='word_1_250' title='bbox 1538 2840 1638 2892; x_wconf 88' lang='grc' dir='ltr'>οὐκ</span> <span class='ocrx_word' id='word_1_251' title='bbox 1685 2842 2000 2912; x_wconf 66' lang='grc' dir='ltr'>ἡγανάκτηυ</span> 
     </span>
    </p>
   </div>
   <div class='ocr_carea' id='block_1_31' title="bbox 317 2921 1998 2996">
    <p class='ocr_par' dir='ltr' id='par_1_31' title="bbox 317 2921 1998 2996">
     <span class='ocr_line' id='line_1_31' title="bbox 317 2921 1998 2996; baseline 0.002 -20"><span class='ocrx_word' id='word_1_252' title='bbox 317 2942 406 2977; x_wconf 88' lang='grc' dir='ltr'>σεν</span> <span class='ocrx_word' id='word_1_253' title='bbox 437 2926 835 2996; x_wconf 73' lang='grc' dir='ltr'>ἀπιστούμενος</span> <span class='ocrx_word' id='word_1_254' title='bbox 873 2924 960 2995; x_wconf 83' lang='grc' dir='ltr'>ἐφ’</span> <span class='ocrx_word' id='word_1_255' title='bbox 1005 2921 1085 2987; x_wconf 78' lang='grc' dir='ltr'>οἷς</span> <span class='ocrx_word' id='word_1_256' title='bbox 1123 2923 1319 2995; x_wconf 60' lang='grc' dir='ltr'>μικρδν</span> <span class='ocrx_word' id='word_1_257' title='bbox 1369 2922 1593 2983; x_wconf 76' lang='grc' dir='ltr'>ὕστερον</span> <span class='ocrx_word' id='word_1_258' title='bbox 1635 2923 1826 2992; x_wconf 76' lang='grc' dir='ltr'>ἔμελλε</span> <span class='ocrx_word' id='word_1_259' title='bbox 1878 2925 1998 2981; x_wconf 91' lang='grc' dir='ltr'>θαυ-</span> 
     </span>
    </p>
   </div>
   <div class='ocr_carea' id='block_1_32' title="bbox 317 3005 1994 3082">
    <p class='ocr_par' dir='ltr' id='par_1_32' title="bbox 317 3005 1994 3082">
     <span class='ocr_line' id='line_1_32' title="bbox 317 3005 1994 3082; baseline -0.002 -19"><span class='ocrx_word' id='word_1_260' title='bbox 317 3013 666 3082; x_wconf 80' lang='grc' dir='ltr'>ματουργεῖν·</span> <span class='ocrx_word' id='word_1_261' title='bbox 691 3009 814 3063; x_wconf 82' lang='grc' dir='ltr'>οὐδέ</span> <span class='ocrx_word' id='word_1_262' title='bbox 855 3008 1159 3079; x_wconf 86' lang='grc' dir='ltr'>ἐπετίμησε</span> <span class='ocrx_word' id='word_1_263' title='bbox 1199 3007 1278 3077; x_wconf 81' lang='grc' dir='ltr'>τῷ</span> <span class='ocrx_word' id='word_1_264' title='bbox 1306 3005 1532 3074; x_wconf 87' lang='grc' dir='ltr'>γέλωτι,</span> <span class='ocrx_word' id='word_1_265' title='bbox 1569 3006 1655 3058; x_wconf 82' lang='grc' dir='ltr'>ἵνα</span> <span class='ocrx_word' id='word_1_266' title='bbox 1691 3007 1784 3058; x_wconf 77' lang='lat' dir='ltr'><strong><em>xal</em></strong></span> <span class='ocrx_word' id='word_1_267' title='bbox 1813 3008 1994 3072; x_wconf 85' lang='grc' dir='ltr'>αὐτὸς,</span> 
     </span>
    </p>
   </div>
   <div class='ocr_carea' id='block_1_33' title="bbox 316 3087 1998 3161">
    <p class='ocr_par' dir='ltr' id='par_1_33' title="bbox 316 3087 1998 3161">
     <span class='ocr_line' id='line_1_33' title="bbox 316 3087 1998 3161; baseline 0.001 -18"><span class='ocrx_word' id='word_1_268' title='bbox 316 3095 410 3144; x_wconf 76' lang='grc' dir='ltr'>καὶ</span> <span class='ocrx_word' id='word_1_269' title='bbox 439 3096 486 3144; x_wconf 80' lang='grc' dir='ltr'>οἱ</span> <span class='ocrx_word' id='word_1_270' title='bbox 517 3092 694 3154; x_wconf 66' lang='grc' dir='ltr'>αὐλοὶ,</span> <span class='ocrx_word' id='word_1_271' title='bbox 733 3093 828 3145; x_wconf 78' lang='grc' dir='ltr'>καὶ</span> <span class='ocrx_word' id='word_1_272' title='bbox 858 3093 926 3144; x_wconf 83' lang='grc' dir='ltr'>τά</span> <span class='ocrx_word' id='word_1_273' title='bbox 961 3090 1241 3161; x_wconf 90' lang='grc' dir='ltr'>κύμϐαλα,</span> <span class='ocrx_word' id='word_1_274' title='bbox 1271 3089 1365 3142; x_wconf 70' lang='grc' dir='ltr'>καὶ</span> <span class='ocrx_word' id='word_1_275' title='bbox 1393 3087 1463 3141; x_wconf 85' lang='grc' dir='ltr'>τὰ</span> <span class='ocrx_word' id='word_1_276' title='bbox 1488 3088 1622 3143; x_wconf 86' lang='grc' dir='ltr'>ἄλλα</span> <span class='ocrx_word' id='word_1_277' title='bbox 1656 3089 1832 3144; x_wconf 86' lang='grc' dir='ltr'>πάντα</span> <span class='ocrx_word' id='word_1_278' title='bbox 1865 3091 1998 3144; x_wconf 86' lang='grc' dir='ltr'>ἀπό-</span> 
     </span>
    </p>
   </div>
   <div class='ocr_carea' id='block_1_34' title="bbox 307 3173 1142 3245">
    <p class='ocr_par' dir='ltr' id='par_1_34' title="bbox 307 3173 1142 3245">
     <span class='ocr_line' id='line_1_34' title="bbox 307 3173 1142 3245; baseline -0.004 -19"><span class='ocrx_word' id='word_1_279' title='bbox 307 3175 476 3239; x_wconf 78' lang='grc' dir='ltr'>δειξις</span> <span class='ocrx_word' id='word_1_280' title='bbox 511 3176 736 3245; x_wconf 85' lang='grc' dir='ltr'>γένηται</span> <span class='ocrx_word' id='word_1_281' title='bbox 761 3173 854 3226; x_wconf 86' lang='grc' dir='ltr'>τοῦ</span> <span class='ocrx_word' id='word_1_282' title='bbox 887 3173 1142 3227; x_wconf 85' lang='grc' dir='ltr'>θανάτου.</span> 
     </span>
    </p>
   </div>
   <div class='ocr_carea' id='block_1_35' title="bbox 384 3251 2000 3328">
    <p class='ocr_par' dir='ltr' id='par_1_35' title="bbox 384 3251 2000 3328">
     <span class='ocr_line' id='line_1_35' title="bbox 384 3251 2000 3328; baseline 0 -20"><span class='ocrx_word' id='word_1_283' title='bbox 384 3264 453 3325; x_wconf 83' lang='grc' dir='ltr'>γ’.</span> <span class='ocrx_word' id='word_1_284' title='bbox 526 3256 741 3328; x_wconf 81' lang='grc' dir='ltr'>Ἐπειδὴ</span> <span class='ocrx_word' id='word_1_285' title='bbox 786 3255 895 3326; x_wconf 73' lang='grc' dir='ltr'>γὰρ</span> <span class='ocrx_word' id='word_1_286' title='bbox 947 3255 1021 3318; x_wconf 84' lang='grc' dir='ltr'>ὡς</span> <span class='ocrx_word' id='word_1_287' title='bbox 1064 3253 1132 3307; x_wconf 88' lang='grc' dir='ltr'>τά</span> <span class='ocrx_word' id='word_1_288' title='bbox 1166 3251 1338 3306; x_wconf 83' lang='grc' dir='ltr'>πολλὰ</span> <span class='ocrx_word' id='word_1_289' title='bbox 1368 3251 1508 3322; x_wconf 86' lang='grc' dir='ltr'>μετά</span> <span class='ocrx_word' id='word_1_290' title='bbox 1541 3253 1602 3306; x_wconf 83' lang='grc' dir='ltr'>τὸ</span> <span class='ocrx_word' id='word_1_291' title='bbox 1647 3253 1899 3322; x_wconf 86' lang='grc' dir='ltr'>γενέσθαι</span> <span class='ocrx_word' id='word_1_292' title='bbox 1931 3253 2000 3308; x_wconf 83' lang='grc' dir='ltr'>τὰ</span> 
     </span>
    </p>
   </div>
   <div class='ocr_carea' id='block_1_36' title="bbox 311 3335 2002 3408">
    <p class='ocr_par' dir='ltr' id='par_1_36' title="bbox 311 3335 2002 3408">
     <span class='ocr_line' id='line_1_36' title="bbox 311 3335 2002 3408; baseline 0.007 -18"><span class='ocrx_word' id='word_1_293' title='bbox 311 3338 565 3408; x_wconf 79' lang='grc' dir='ltr'>θαύματα</span> <span class='ocrx_word' id='word_1_294' title='bbox 613 3336 938 3391; x_wconf 77' lang='grc' dir='ltr'>ἀπιστοῦσιν</span> <span class='ocrx_word' id='word_1_295' title='bbox 983 3336 1281 3407; x_wconf 77' lang='grc' dir='ltr'>ἄνθρωποι,</span> <span class='ocrx_word' id='word_1_296' title='bbox 1318 3335 1831 3407; x_wconf 77' lang='grc' dir='ltr'>προκαταλαμϐάνει</span> <span class='ocrx_word' id='word_1_297' title='bbox 1881 3341 2002 3402; x_wconf 77' lang='grc' dir='ltr'>ταῖς</span> 
     </span>
    </p>
   </div>
   <div class='ocr_carea' id='block_1_37' title="bbox 311 3418 1998 3495">
    <p class='ocr_par' dir='ltr' id='par_1_37' title="bbox 311 3418 1998 3495">
     <span class='ocr_line' id='line_1_37' title="bbox 311 3418 1998 3495; baseline 0.002 -23"><span class='ocrx_word' id='word_1_298' title='bbox 311 3420 538 3483; x_wconf 79' lang='grc' dir='ltr'>οἰκείαις</span> <span class='ocrx_word' id='word_1_299' title='bbox 562 3421 920 3495; x_wconf 83' lang='grc' dir='ltr'>ἀποκρίσεσιν</span> <span class='ocrx_word' id='word_1_300' title='bbox 959 3419 1175 3483; x_wconf 89' lang='grc' dir='ltr'>αὐτούς·</span> <span class='ocrx_word' id='word_1_301' title='bbox 1203 3419 1232 3472; x_wconf 88' lang='lat'>6</span> <span class='ocrx_word' id='word_1_302' title='bbox 1263 3418 1328 3490; x_wconf 84' lang='grc' dir='ltr'>δὴ</span> <span class='ocrx_word' id='word_1_303' title='bbox 1362 3420 1457 3473; x_wconf 74' lang='grc' dir='ltr'>καὶ</span> <span class='ocrx_word' id='word_1_304' title='bbox 1495 3421 1587 3473; x_wconf 79' lang='grc' dir='ltr'>ἐπὶ</span> <span class='ocrx_word' id='word_1_305' title='bbox 1613 3420 1707 3473; x_wconf 88' lang='grc' dir='ltr'>τοῦ</span> <span class='ocrx_word' id='word_1_306' title='bbox 1748 3421 1998 3493; x_wconf 81' lang='grc' dir='ltr'>Λαζάρου</span> 
     </span>
    </p>
   </div>
   <div class='ocr_carea' id='block_1_38' title="bbox 311 3502 1996 3575">
    <p class='ocr_par' dir='ltr' id='par_1_38' title="bbox 311 3502 1996 3575">
     <span class='ocr_line' id='line_1_38' title="bbox 311 3502 1996 3575; baseline 0 -17"><span class='ocrx_word' id='word_1_307' title='bbox 311 3503 528 3572; x_wconf 85' lang='grc' dir='ltr'>γέγονε,</span> <span class='ocrx_word' id='word_1_308' title='bbox 561 3505 656 3557; x_wconf 78' lang='grc' dir='ltr'>καὶ</span> <span class='ocrx_word' id='word_1_309' title='bbox 696 3506 790 3558; x_wconf 72' lang='grc' dir='ltr'>ἐπὶ</span> <span class='ocrx_word' id='word_1_310' title='bbox 836 3503 932 3556; x_wconf 86' lang='grc' dir='ltr'>τοῦ</span> <span class='ocrx_word' id='word_1_311' title='bbox 966 3503 1267 3566; x_wconf 83' lang='grc' dir='ltr'>Μωῦσέως.</span> <span class='ocrx_word' id='word_1_312' title='bbox 1304 3502 1413 3556; x_wconf 82' lang='lat' dir='ltr'>Kal</span> <span class='ocrx_word' id='word_1_313' title='bbox 1459 3502 1568 3574; x_wconf 98' lang='lat'>7&amp;9</span> <span class='ocrx_word' id='word_1_314' title='bbox 1602 3505 1808 3575; x_wconf 82' lang='grc' dir='ltr'>Μωῡσῇ</span> <span class='ocrx_word' id='word_1_315' title='bbox 1843 3521 1996 3575; x_wconf 76' lang='grc' dir='ltr'>φησι⁹</span> 
     </span>
    </p>
   </div>
   <div class='ocr_carea' id='block_1_39' title="bbox 316 3585 2001 3661">
    <p class='ocr_par' dir='ltr' id='par_1_39' title="bbox 316 3585 2001 3661">
     <span class='ocr_line' id='line_1_39' title="bbox 316 3585 2001 3661; baseline 0.001 -20"><span class='ocrx_word' id='word_1_316' title='bbox 316 3589 379 3641; x_wconf 82' lang='grc' dir='ltr'>Τί</span> <span class='ocrx_word' id='word_1_317' title='bbox 399 3587 575 3642; x_wconf 87' lang='grc' dir='ltr'>τοῦτο</span> <span class='ocrx_word' id='word_1_318' title='bbox 603 3587 669 3640; x_wconf 85' lang='grc' dir='ltr'>τὸ</span> <span class='ocrx_word' id='word_1_319' title='bbox 699 3587 769 3639; x_wconf 79' lang='grc' dir='ltr'>ἐν</span> <span class='ocrx_word' id='word_1_320' title='bbox 800 3585 875 3655; x_wconf 75' lang='grc' dir='ltr'>τῇ</span> <span class='ocrx_word' id='word_1_321' title='bbox 910 3587 1062 3655; x_wconf 77' lang='grc' dir='ltr'>χειρί</span> <span class='ocrx_word' id='word_1_322' title='bbox 1091 3603 1248 3650; x_wconf 88' lang='grc' dir='ltr'>σου;</span> <span class='ocrx_word' id='word_1_323' title='bbox 1284 3587 1349 3640; x_wconf 85' lang='grc' dir='ltr'>ἵν’</span> <span class='ocrx_word' id='word_1_324' title='bbox 1389 3588 1520 3643; x_wconf 82' lang='grc' dir='ltr'>ὅταν</span> <span class='ocrx_word' id='word_1_325' title='bbox 1547 3588 1631 3661; x_wconf 85' lang='grc' dir='ltr'>ίδῃ</span> <span class='ocrx_word' id='word_1_326' title='bbox 1664 3589 1787 3658; x_wconf 79' lang='grc' dir='ltr'>ὅφιν</span> <span class='ocrx_word' id='word_1_327' title='bbox 1839 3606 2001 3658; x_wconf 87' lang='grc' dir='ltr'>γεγε-</span> 
     </span>
    </p>
   </div>
   <div class='ocr_carea' id='block_1_40' title="bbox 307 3665 1999 3740">
    <p class='ocr_par' dir='ltr' id='par_1_40' title="bbox 307 3665 1999 3740">
     <span class='ocr_line' id='line_1_40' title="bbox 307 3665 1999 3740; baseline 0.003 -18"><span class='ocrx_word' id='word_1_328' title='bbox 307 3671 567 3738; x_wconf 87' lang='grc' dir='ltr'>νημένον,</span> <span class='ocrx_word' id='word_1_329' title='bbox 606 3669 680 3740; x_wconf 83' lang='grc' dir='ltr'>μὴ</span> <span class='ocrx_word' id='word_1_330' title='bbox 710 3668 1033 3738; x_wconf 86' lang='grc' dir='ltr'>ἐπιλάθηται</span> <span class='ocrx_word' id='word_1_331' title='bbox 1063 3670 1144 3722; x_wconf 87' lang='grc' dir='ltr'>ὂτι</span> <span class='ocrx_word' id='word_1_332' title='bbox 1174 3669 1368 3740; x_wconf 81' lang='grc' dir='ltr'>ῥάϐδος</span> <span class='ocrx_word' id='word_1_333' title='bbox 1392 3665 1461 3740; x_wconf 81' lang='grc' dir='ltr'>ἦν</span> <span class='ocrx_word' id='word_1_334' title='bbox 1484 3671 1590 3740; x_wconf 83' lang='grc' dir='ltr'>πρὸ</span> <span class='ocrx_word' id='word_1_335' title='bbox 1618 3672 1830 3738; x_wconf 88' lang='grc' dir='ltr'>τούτου,</span> <span class='ocrx_word' id='word_1_336' title='bbox 1863 3673 1999 3727; x_wconf 88' lang='grc' dir='ltr'>ἀλλά</span> 
     </span>
    </p>
   </div>
   <div class='ocr_carea' id='block_1_41' title="bbox 311 3752 1994 3826">
    <p class='ocr_par' dir='ltr' id='par_1_41' title="bbox 311 3752 1994 3826">
     <span class='ocr_line' id='line_1_41' title="bbox 311 3752 1994 3826; baseline 0.004 -23"><span class='ocrx_word' id='word_1_337' title='bbox 311 3752 410 3821; x_wconf 81' lang='grc' dir='ltr'>τῆς</span> <span class='ocrx_word' id='word_1_338' title='bbox 439 3752 645 3815; x_wconf 77' lang='grc' dir='ltr'>οἰκείας</span> <span class='ocrx_word' id='word_1_339' title='bbox 673 3752 1042 3822; x_wconf 77' lang='grc' dir='ltr'>ἀναμνησθεὶς</span> <span class='ocrx_word' id='word_1_340' title='bbox 1063 3753 1245 3822; x_wconf 83' lang='grc' dir='ltr'>φωνῆς</span> <span class='ocrx_word' id='word_1_341' title='bbox 1274 3753 1522 3824; x_wconf 75' lang='grc' dir='ltr'>ἐκπλαγῇ</span> <span class='ocrx_word' id='word_1_342' title='bbox 1539 3753 1584 3785; x_wconf 85' lang='grc'>³²</span> <span class='ocrx_word' id='word_1_343' title='bbox 1604 3755 1665 3807; x_wconf 83' lang='grc' dir='ltr'>τὸ</span> <span class='ocrx_word' id='word_1_344' title='bbox 1691 3757 1994 3826; x_wconf 89' lang='grc' dir='ltr'>γινόμενον.</span> 
     </span>
    </p>
   </div>
   <div class='ocr_carea' id='block_1_42' title="bbox 312 3835 1999 3906">
    <p class='ocr_par' dir='ltr' id='par_1_42' title="bbox 312 3835 1999 3906">
     <span class='ocr_line' id='line_1_42' title="bbox 312 3835 1999 3906; baseline 0.004 -19"><span class='ocrx_word' id='word_1_345' title='bbox 312 3835 423 3887; x_wconf 84' lang='lat' dir='ltr'>Kal</span> <span class='ocrx_word' id='word_1_346' title='bbox 461 3836 551 3888; x_wconf 80' lang='grc' dir='ltr'>ἐπὶ</span> <span class='ocrx_word' id='word_1_347' title='bbox 582 3835 676 3888; x_wconf 87' lang='grc' dir='ltr'>τοῦ</span> <span class='ocrx_word' id='word_1_348' title='bbox 708 3837 960 3906; x_wconf 79' lang='grc' dir='ltr'>Λαζάρου</span> <span class='ocrx_word' id='word_1_349' title='bbox 992 3835 1124 3906; x_wconf 87' lang='grc' dir='ltr'>φησί</span> <span class='ocrx_word' id='word_1_350' title='bbox 1149 3852 1163 3866; x_wconf 78' lang='grc'><em>’</em></span> <span class='ocrx_word' id='word_1_351' title='bbox 1195 3837 1321 3891; x_wconf 86' lang='grc' dir='ltr'>Ποῦ</span> <span class='ocrx_word' id='word_1_352' title='bbox 1348 3841 1644 3894; x_wconf 82' lang='grc' dir='ltr'>τεθείκατε</span> <span class='ocrx_word' id='word_1_353' title='bbox 1671 3842 1881 3906; x_wconf 86' lang='grc' dir='ltr'>αὑτόν;</span> <span class='ocrx_word' id='word_1_354' title='bbox 1914 3841 1999 3894; x_wconf 79' lang='grc' dir='ltr'>ἵνα</span> 
     </span>
    </p>
   </div>
   <div class='ocr_carea' id='block_1_43' title="bbox 311 3919 1999 3992">
    <p class='ocr_par' dir='ltr' id='par_1_43' title="bbox 311 3919 1999 3992">
     <span class='ocr_line' id='line_1_43' title="bbox 311 3919 1999 3992; baseline 0.005 -22"><span class='ocrx_word' id='word_1_355' title='bbox 311 3920 358 3970; x_wconf 78' lang='grc' dir='ltr'>οἱ</span> <span class='ocrx_word' id='word_1_356' title='bbox 391 3919 657 3982; x_wconf 80' lang='grc' dir='ltr'>είπόντες,</span> <span class='ocrx_word' id='word_1_357' title='bbox 695 3919 913 3987; x_wconf 79' lang='grc' dir='ltr'>Ἔρχου</span> <span class='ocrx_word' id='word_1_358' title='bbox 947 3920 1047 3973; x_wconf 80' lang='grc' dir='ltr'>καὶ</span> <span class='ocrx_word' id='word_1_359' title='bbox 1078 3920 1190 3984; x_wconf 73' lang='grc' dir='ltr'>ἴδε,</span> <span class='ocrx_word' id='word_1_360' title='bbox 1217 3923 1311 3976; x_wconf 77' lang='grc' dir='ltr'>καὶ</span> <span class='ocrx_word' id='word_1_361' title='bbox 1341 3922 1422 3976; x_wconf 87' lang='grc' dir='ltr'>δτι</span> <span class='ocrx_word' id='word_1_362' title='bbox 1455 3922 1629 3987; x_wconf 81' lang='grc' dir='ltr'>Ὄζει,</span> <span class='ocrx_word' id='word_1_363' title='bbox 1661 3924 1999 3992; x_wconf 81' lang='grc' dir='ltr'>τεταρταῖος</span> 
     </span>
    </p>
   </div>
   <div class='ocr_carea' id='block_1_44' title="bbox 313 4001 1998 4079">
    <p class='ocr_par' dir='ltr' id='par_1_44' title="bbox 313 4001 1998 4079">
     <span class='ocr_line' id='line_1_44' title="bbox 313 4001 1998 4079; baseline 0.005 -25"><span class='ocrx_word' id='word_1_364' title='bbox 313 4001 422 4070; x_wconf 67' lang='grc' dir='ltr'>γάρ</span> <span class='ocrx_word' id='word_1_365' title='bbox 453 4001 616 4067; x_wconf 82' lang='grc' dir='ltr'>ἐστι,</span> <span class='ocrx_word' id='word_1_366' title='bbox 657 4004 855 4074; x_wconf 84' lang='grc' dir='ltr'>μηκέτι</span> <span class='ocrx_word' id='word_1_367' title='bbox 892 4004 1142 4058; x_wconf 86' lang='grc' dir='ltr'>ἀπιστεῖν</span> <span class='ocrx_word' id='word_1_368' title='bbox 1180 4005 1397 4075; x_wconf 79' lang='grc' dir='ltr'>ἔχωσιν,</span> <span class='ocrx_word' id='word_1_369' title='bbox 1426 4008 1509 4059; x_wconf 85' lang='grc' dir='ltr'>ὅτι</span> <span class='ocrx_word' id='word_1_370' title='bbox 1545 4007 1736 4078; x_wconf 79' lang='grc' dir='ltr'>νεκρὸν</span> <span class='ocrx_word' id='word_1_371' title='bbox 1768 4009 1998 4079; x_wconf 87' lang='grc' dir='ltr'>ἀνέστη-</span> 
     </span>
    </p>
   </div>
   <div class='ocr_carea' id='block_1_45' title="bbox 315 4085 2000 4162">
    <p class='ocr_par' dir='ltr' id='par_1_45' title="bbox 315 4085 2000 4162">
     <span class='ocr_line' id='line_1_45' title="bbox 315 4085 2000 4162; baseline 0.005 -27"><span class='ocrx_word' id='word_1_372' title='bbox 315 4101 427 4140; x_wconf 86' lang='grc' dir='ltr'>σεν.</span> <span class='ocrx_word' id='word_1_373' title='bbox 467 4085 616 4139; x_wconf 85' lang='grc' dir='ltr'>Ἰδὼν</span> <span class='ocrx_word' id='word_1_374' title='bbox 644 4086 824 4140; x_wconf 87' lang='grc' dir='ltr'>τοίνυν</span> <span class='ocrx_word' id='word_1_375' title='bbox 847 4087 916 4140; x_wconf 84' lang='grc' dir='ltr'>τά</span> <span class='ocrx_word' id='word_1_376' title='bbox 943 4086 1198 4159; x_wconf 88' lang='grc' dir='ltr'>κύμϐαλα</span> <span class='ocrx_word' id='word_1_377' title='bbox 1225 4089 1318 4141; x_wconf 77' lang='grc' dir='ltr'>καὶ</span> <span class='ocrx_word' id='word_1_378' title='bbox 1339 4089 1466 4152; x_wconf 83' lang='grc' dir='ltr'>τοὺς</span> <span class='ocrx_word' id='word_1_379' title='bbox 1487 4090 1698 4161; x_wconf 72' lang='grc' dir='ltr'>ὄχλους,</span> <span class='ocrx_word' id='word_1_380' title='bbox 1732 4091 2000 4162; x_wconf 80' lang='grc' dir='ltr'>ἐξήγαγεν</span> 
     </span>
    </p>
   </div>
   <div class='ocr_carea' id='block_1_46' title="bbox 314 4168 2001 4246">
    <p class='ocr_par' dir='ltr' id='par_1_46' title="bbox 314 4168 2001 4246">
     <span class='ocr_line' id='line_1_46' title="bbox 314 4168 2001 4246; baseline 0.004 -26"><span class='ocrx_word' id='word_1_381' title='bbox 314 4168 561 4231; x_wconf 67' lang='grc' dir='ltr'>ἅπαντας</span> <span class='ocrx_word' id='word_1_382' title='bbox 581 4209 595 4232; x_wconf 97' lang='grc'>,</span> <span class='ocrx_word' id='word_1_383' title='bbox 630 4172 722 4224; x_wconf 82' lang='grc' dir='ltr'>καὶ</span> <span class='ocrx_word' id='word_1_384' title='bbox 752 4171 1038 4242; x_wconf 87' lang='grc' dir='ltr'>παρόντων</span> <span class='ocrx_word' id='word_1_385' title='bbox 1070 4171 1179 4225; x_wconf 84' lang='grc' dir='ltr'>τῶν</span> <span class='ocrx_word' id='word_1_386' title='bbox 1207 4173 1410 4240; x_wconf 82' lang='grc' dir='ltr'>γονέων</span> <span class='ocrx_word' id='word_1_387' title='bbox 1442 4173 1867 4246; x_wconf 89' lang='grc' dir='ltr'>θαυματουργεῖ,</span> <span class='ocrx_word' id='word_1_388' title='bbox 1901 4177 2001 4244; x_wconf 83' lang='grc' dir='ltr'>οὐχ</span> 
     </span>
    </p>
   </div>
   <div class='ocr_carea' id='block_1_47' title="bbox 314 4253 1996 4326">
    <p class='ocr_par' dir='ltr' id='par_1_47' title="bbox 314 4253 1996 4326">
     <span class='ocr_line' id='line_1_47' title="bbox 314 4253 1996 4326; baseline 0.004 -24"><span class='ocrx_word' id='word_1_389' title='bbox 314 4253 509 4322; x_wconf 79' lang='grc' dir='ltr'>ἑτέραν</span> <span class='ocrx_word' id='word_1_390' title='bbox 551 4255 861 4322; x_wconf 77' lang='grc' dir='ltr'>ἐπεισάγων</span> <span class='ocrx_word' id='word_1_391' title='bbox 907 4254 1106 4326; x_wconf 81' lang='grc' dir='ltr'>ψυχὴν,</span> <span class='ocrx_word' id='word_1_392' title='bbox 1157 4255 1271 4308; x_wconf 89' lang='grc' dir='ltr'>ἀλλ’</span> <span class='ocrx_word' id='word_1_393' title='bbox 1321 4255 1491 4325; x_wconf 80' lang='grc' dir='ltr'>αὐτὴν</span> <span class='ocrx_word' id='word_1_394' title='bbox 1532 4258 1631 4326; x_wconf 82' lang='grc' dir='ltr'>τὴν</span> <span class='ocrx_word' id='word_1_395' title='bbox 1677 4257 1996 4321; x_wconf 68' lang='grc' dir='ltr'>ἐξελθοῦσαν</span> 
     </span>
    </p>
   </div>
   <div class='ocr_carea' id='block_1_48' title="bbox 315 4335 1996 4409">
    <p class='ocr_par' dir='ltr' id='par_1_48' title="bbox 315 4335 1996 4409">
     <span class='ocr_line' id='line_1_48' title="bbox 315 4335 1996 4409; baseline 0.004 -24"><span class='ocrx_word' id='word_1_396' title='bbox 315 4335 627 4401; x_wconf 76' lang='grc' dir='ltr'>ἐπανάγων,</span> <span class='ocrx_word' id='word_1_397' title='bbox 663 4336 761 4387; x_wconf 75' lang='grc' dir='ltr'>καὶ</span> <span class='ocrx_word' id='word_1_398' title='bbox 798 4335 986 4406; x_wconf 85' lang='grc' dir='ltr'>ὥσπερ</span> <span class='ocrx_word' id='word_1_399' title='bbox 1019 4336 1078 4400; x_wconf 84' lang='grc' dir='ltr'>ἐξ</span> <span class='ocrx_word' id='word_1_400' title='bbox 1123 4337 1292 4390; x_wconf 79' lang='grc' dir='ltr'>ὕπνου</span> <span class='ocrx_word' id='word_1_401' title='bbox 1323 4337 1626 4409; x_wconf 87' lang='grc' dir='ltr'>διεγείρων.</span> <span class='ocrx_word' id='word_1_402' title='bbox 1666 4339 1900 4409; x_wconf 84' lang='grc' dir='ltr'>Κατέχει</span> <span class='ocrx_word' id='word_1_403' title='bbox 1938 4338 1996 4391; x_wconf 79' lang='grc' dir='ltr'>δὲ</span> 
     </span>
    </p>
   </div>
   <div class='ocr_carea' id='block_1_49' title="bbox 315 4417 1998 4492">
    <p class='ocr_par' dir='ltr' id='par_1_49' title="bbox 315 4417 1998 4492">
     <span class='ocr_line' id='line_1_49' title="bbox 315 4417 1998 4492; baseline -0.004 -11"><span class='ocrx_word' id='word_1_404' title='bbox 315 4420 414 4486; x_wconf 76' lang='grc' dir='ltr'>τῆς</span> <span class='ocrx_word' id='word_1_405' title='bbox 443 4417 640 4488; x_wconf 66' lang='grc' dir='ltr'>χειρὸς,</span> <span class='ocrx_word' id='word_1_406' title='bbox 665 4418 1024 4490; x_wconf 84' lang='grc' dir='ltr'>πληροφορῶν</span> <span class='ocrx_word' id='word_1_407' title='bbox 1050 4421 1174 4483; x_wconf 78' lang='grc' dir='ltr'>τοὺς</span> <span class='ocrx_word' id='word_1_408' title='bbox 1195 4421 1458 4490; x_wconf 80' lang='grc' dir='ltr'>ὁρῶντας,</span> <span class='ocrx_word' id='word_1_409' title='bbox 1486 4420 1626 4473; x_wconf 82' lang='grc' dir='ltr'>ὥστε</span> <span class='ocrx_word' id='word_1_410' title='bbox 1656 4421 1998 4492; x_wconf 80' lang='grc' dir='ltr'>προοδοποιῆο</span> 
     </span>
    </p>
   </div>
   <div class='ocr_carea' id='block_1_50' title="bbox 319 4501 2033 4577">
    <p class='ocr_par' dir='ltr' id='par_1_50' title="bbox 319 4501 2033 4577">
     <span class='ocr_line' id='line_1_50' title="bbox 319 4501 2033 4577; baseline 0.004 -26"><span class='ocrx_word' id='word_1_411' title='bbox 319 4517 407 4552; x_wconf 61' lang='lat' dir='ltr'>cca:</span> <span class='ocrx_word' id='word_1_412' title='bbox 437 4503 523 4554; x_wconf 74' lang='grc' dir='ltr'>διὰ</span> <span class='ocrx_word' id='word_1_413' title='bbox 556 4501 652 4572; x_wconf 91' lang='grc' dir='ltr'>τῆς</span> <span class='ocrx_word' id='word_1_414' title='bbox 693 4501 866 4570; x_wconf 71' lang='grc' dir='ltr'>ὅψεως</span> <span class='ocrx_word' id='word_1_415' title='bbox 913 4504 982 4573; x_wconf 78' lang='grc' dir='ltr'>τῇ</span> <span class='ocrx_word' id='word_1_416' title='bbox 1024 4503 1204 4556; x_wconf 85' lang='grc' dir='ltr'>πίστει</span> <span class='ocrx_word' id='word_1_417' title='bbox 1241 4507 1339 4574; x_wconf 83' lang='grc' dir='ltr'>τῆς</span> <span class='ocrx_word' id='word_1_418' title='bbox 1383 4505 1750 4569; x_wconf 83' lang='grc' dir='ltr'>ἀναστάσεως.</span> <span class='ocrx_word' id='word_1_419' title='bbox 1794 4505 1852 4559; x_wconf 79' lang='grc' dir='ltr'><strong>Ὀ</strong></span> <span class='ocrx_word' id='word_1_420' title='bbox 1897 4506 1997 4577; x_wconf 87' lang='grc' dir='ltr'>μὲν</span> <span class='ocrx_word' id='word_1_421' title='bbox 2022 4543 2033 4550; x_wconf 89' lang='grc'><strong><em>-</em></strong></span> 
     </span>
    </p>
   </div>
   <div class='ocr_carea' id='block_1_51' title="bbox 316 4585 1996 4657">
    <p class='ocr_par' dir='ltr' id='par_1_51' title="bbox 316 4585 1996 4657">
     <span class='ocr_line' id='line_1_51' title="bbox 316 4585 1996 4657; baseline 0.002 -19"><span class='ocrx_word' id='word_1_422' title='bbox 316 4587 424 4657; x_wconf 76' lang='grc' dir='ltr'>γάρ</span> <span class='ocrx_word' id='word_1_423' title='bbox 458 4586 642 4656; x_wconf 81' lang='grc' dir='ltr'>πατὴρ</span> <span class='ocrx_word' id='word_1_424' title='bbox 687 4585 906 4653; x_wconf 74' lang='grc' dir='ltr'>ἔλεγεν,</span> <span class='ocrx_word' id='word_1_425' title='bbox 955 4587 1193 4651; x_wconf 84' lang='grc' dir='ltr'>Ἑπίθες</span> <span class='ocrx_word' id='word_1_426' title='bbox 1234 4586 1350 4656; x_wconf 83' lang='grc' dir='ltr'>τὴν</span> <span class='ocrx_word' id='word_1_427' title='bbox 1391 4587 1559 4657; x_wconf 68' lang='grc' dir='ltr'>χεῆοα</span> <span class='ocrx_word' id='word_1_428' title='bbox 1593 4605 1606 4618; x_wconf 89' lang='grc'><strong>·</strong></span> <span class='ocrx_word' id='word_1_429' title='bbox 1652 4589 1812 4653; x_wconf 71' lang='grc' dir='ltr'>αὐτὸς</span> <span class='ocrx_word' id='word_1_430' title='bbox 1845 4588 1902 4642; x_wconf 88' lang='grc' dir='ltr'>δέ</span> <span class='ocrx_word' id='word_1_431' title='bbox 1942 4605 1996 4642; x_wconf 86' lang='grc' dir='ltr'>τι</span> 
     </span>
    </p>
   </div>
   <div class='ocr_carea' id='block_1_52' title="bbox 317 4669 1999 4742">
    <p class='ocr_par' dir='ltr' id='par_1_52' title="bbox 317 4669 1999 4742">
     <span class='ocr_line' id='line_1_52' title="bbox 317 4669 1999 4742; baseline 0.001 -20"><span class='ocrx_word' id='word_1_432' title='bbox 317 4672 476 4724; x_wconf 81' lang='grc' dir='ltr'>πλέον</span> <span class='ocrx_word' id='word_1_433' title='bbox 498 4671 541 4699; x_wconf 84' lang='grc'>³³</span> <span class='ocrx_word' id='word_1_434' title='bbox 570 4672 738 4722; x_wconf 87' lang='grc' dir='ltr'>ποιεῖ·</span> <span class='ocrx_word' id='word_1_435' title='bbox 758 4670 819 4722; x_wconf 92' lang='grc' dir='ltr'>οὐ</span> <span class='ocrx_word' id='word_1_436' title='bbox 851 4669 958 4742; x_wconf 86' lang='grc' dir='ltr'>γὰρ</span> <span class='ocrx_word' id='word_1_437' title='bbox 975 4670 1302 4740; x_wconf 81' lang='grc' dir='ltr'>ἐπιτίθησιν,</span> <span class='ocrx_word' id='word_1_438' title='bbox 1322 4671 1457 4724; x_wconf 86' lang='grc' dir='ltr'>ἀλλά</span> <span class='ocrx_word' id='word_1_439' title='bbox 1474 4672 1566 4725; x_wconf 72' lang='grc' dir='ltr'>καὶ</span> <span class='ocrx_word' id='word_1_440' title='bbox 1593 4672 1882 4742; x_wconf 83' lang='grc' dir='ltr'>κατασχὼν</span> <span class='ocrx_word' id='word_1_441' title='bbox 1907 4672 1999 4724; x_wconf 83' lang='grc' dir='ltr'>ἀν-</span> 
     </span>
    </p>
   </div>
   <div class='ocr_carea' id='block_1_53' title="bbox 320 4752 1995 4825">
    <p class='ocr_par' dir='ltr' id='par_1_53' title="bbox 320 4752 1995 4825">
     <span class='ocr_line' id='line_1_53' title="bbox 320 4752 1995 4825; baseline 0.001 -20"><span class='ocrx_word' id='word_1_442' title='bbox 320 4755 516 4823; x_wconf 71' lang='grc' dir='ltr'>ίστησι,</span> <span class='ocrx_word' id='word_1_443' title='bbox 533 4753 750 4817; x_wconf 81' lang='grc' dir='ltr'>δεικνὺς</span> <span class='ocrx_word' id='word_1_444' title='bbox 775 4753 857 4805; x_wconf 84' lang='grc' dir='ltr'>ὅτι</span> <span class='ocrx_word' id='word_1_445' title='bbox 883 4754 1059 4807; x_wconf 90' lang='grc' dir='ltr'>πάντα</span> <span class='ocrx_word' id='word_1_446' title='bbox 1077 4752 1227 4825; x_wconf 81' lang='grc' dir='ltr'>αὐτῷ</span> <span class='ocrx_word' id='word_1_447' title='bbox 1248 4755 1462 4824; x_wconf 75' lang='grc' dir='ltr'>ἕτοιμα.</span> <span class='ocrx_word' id='word_1_448' title='bbox 1491 4755 1600 4808; x_wconf 86' lang='lat' dir='ltr'>Kal</span> <span class='ocrx_word' id='word_1_449' title='bbox 1618 4757 1718 4808; x_wconf 88' lang='grc' dir='ltr'>οὐκ</span> <span class='ocrx_word' id='word_1_450' title='bbox 1743 4757 1995 4824; x_wconf 84' lang='grc' dir='ltr'>ἀνίστησι</span> 
     </span>
    </p>
   </div>
   <div class='ocr_carea' id='block_1_54' title="bbox 320 4837 1997 4910">
    <p class='ocr_par' dir='ltr' id='par_1_54' title="bbox 320 4837 1997 4910">
     <span class='ocr_line' id='line_1_54' title="bbox 320 4837 1997 4910; baseline 0.001 -21"><span class='ocrx_word' id='word_1_451' title='bbox 320 4839 501 4907; x_wconf 79' lang='grc' dir='ltr'>μόνον,</span> <span class='ocrx_word' id='word_1_452' title='bbox 549 4837 683 4890; x_wconf 83' lang='grc' dir='ltr'>ἀλλά</span> <span class='ocrx_word' id='word_1_453' title='bbox 725 4837 819 4889; x_wconf 71' lang='grc' dir='ltr'>καὶ</span> <span class='ocrx_word' id='word_1_454' title='bbox 863 4837 1070 4908; x_wconf 81' lang='grc' dir='ltr'>τροφὴν</span> <span class='ocrx_word' id='word_1_455' title='bbox 1108 4837 1320 4890; x_wconf 77' lang='grc' dir='ltr'>κελεύει</span> <span class='ocrx_word' id='word_1_456' title='bbox 1358 4837 1576 4904; x_wconf 82' lang='grc' dir='ltr'>δοῦναι,</span> <span class='ocrx_word' id='word_1_457' title='bbox 1634 4839 1722 4892; x_wconf 81' lang='grc' dir='ltr'>ἵνα</span> <span class='ocrx_word' id='word_1_458' title='bbox 1759 4838 1832 4910; x_wconf 83' lang='grc' dir='ltr'>μὴ</span> <span class='ocrx_word' id='word_1_459' title='bbox 1872 4838 1997 4909; x_wconf 81' lang='grc' dir='ltr'>δόξῃ</span> 
     </span>
    </p>
   </div>
   <div class='ocr_carea' id='block_1_55' title="bbox 319 4914 1996 4990">
    <p class='ocr_par' dir='ltr' id='par_1_55' title="bbox 319 4914 1996 4990">
     <span class='ocr_line' id='line_1_55' title="bbox 319 4914 1996 4990; baseline 0.004 -21"><span class='ocrx_word' id='word_1_460' title='bbox 319 4918 611 4987; x_wconf 78' lang='grc' dir='ltr'>φάντασμα</span> <span class='ocrx_word' id='word_1_461' title='bbox 638 4914 773 4971; x_wconf 79' lang='grc' dir='ltr'>εἶναι</span> <span class='ocrx_word' id='word_1_462' title='bbox 804 4918 863 4971; x_wconf 72' lang='grc' dir='ltr'>τὸ</span> <span class='ocrx_word' id='word_1_463' title='bbox 892 4919 1278 4990; x_wconf 79' lang='grc' dir='ltr'>γεγενημένον.</span> <span class='ocrx_word' id='word_1_464' title='bbox 1315 4921 1425 4973; x_wconf 87' lang='lat' dir='ltr'>Kal</span> <span class='ocrx_word' id='word_1_465' title='bbox 1448 4923 1548 4974; x_wconf 88' lang='grc' dir='ltr'>οὐκ</span> <span class='ocrx_word' id='word_1_466' title='bbox 1575 4921 1736 4985; x_wconf 86' lang='grc' dir='ltr'>αὐτὸς</span> <span class='ocrx_word' id='word_1_467' title='bbox 1761 4922 1996 4984; x_wconf 86' lang='grc' dir='ltr'>δίδωσιν,</span> 
     </span>
    </p>
   </div>
   <div class='ocr_carea' id='block_1_56' title="bbox 317 5001 1995 5075">
    <p class='ocr_par' dir='ltr' id='par_1_56' title="bbox 317 5001 1995 5075">
     <span class='ocr_line' id='line_1_56' title="bbox 317 5001 1995 5075; baseline 0.003 -23"><span class='ocrx_word' id='word_1_468' title='bbox 317 5001 430 5053; x_wconf 88' lang='grc' dir='ltr'>ἀλλ’</span> <span class='ocrx_word' id='word_1_469' title='bbox 481 5001 708 5063; x_wconf 82' lang='grc' dir='ltr'>ἐκείνοις</span> <span class='ocrx_word' id='word_1_470' title='bbox 754 5002 964 5055; x_wconf 88' lang='grc' dir='ltr'>κελεύει</span> <span class='ocrx_word' id='word_1_471' title='bbox 999 5019 1012 5032; x_wconf 81' lang='lat'>&#39;</span> <span class='ocrx_word' id='word_1_472' title='bbox 1077 5002 1268 5074; x_wconf 87' lang='grc' dir='ltr'>ὥσπερ</span> <span class='ocrx_word' id='word_1_473' title='bbox 1316 5006 1410 5058; x_wconf 74' lang='grc' dir='ltr'>καὶ</span> <span class='ocrx_word' id='word_1_474' title='bbox 1459 5004 1550 5055; x_wconf 82' lang='grc' dir='ltr'>ἐπὶ</span> <span class='ocrx_word' id='word_1_475' title='bbox 1595 5003 1689 5056; x_wconf 85' lang='grc' dir='ltr'>τοῦ</span> <span class='ocrx_word' id='word_1_476' title='bbox 1743 5004 1995 5075; x_wconf 81' lang='grc' dir='ltr'>Λαζάρου</span> 
     </span>
    </p>
   </div>
   <div class='ocr_carea' id='block_1_57' title="bbox 318 5079 1998 5157">
    <p class='ocr_par' dir='ltr' id='par_1_57' title="bbox 318 5079 1998 5157">
     <span class='ocr_line' id='line_1_57' title="bbox 318 5079 1998 5157; baseline 0.003 -22"><span class='ocrx_word' id='word_1_477' title='bbox 318 5079 440 5137; x_wconf 84' lang='grc' dir='ltr'>εἷπε</span> <span class='ocrx_word' id='word_1_478' title='bbox 457 5084 502 5116; x_wconf 60' lang='grc'>³³</span> <span class='ocrx_word' id='word_1_479' title='bbox 525 5102 538 5115; x_wconf 87' lang='grc'><strong>·</strong></span> <span class='ocrx_word' id='word_1_480' title='bbox 576 5086 813 5140; x_wconf 81' lang='grc' dir='ltr'>Λύσατε</span> <span class='ocrx_word' id='word_1_481' title='bbox 854 5086 1058 5152; x_wconf 81' lang='grc' dir='ltr'>αὐτὸν,</span> <span class='ocrx_word' id='word_1_482' title='bbox 1088 5086 1186 5140; x_wconf 78' lang='grc' dir='ltr'>καὶ</span> <span class='ocrx_word' id='word_1_483' title='bbox 1220 5087 1402 5156; x_wconf 72' lang='grc' dir='ltr'>ἄφετε</span> <span class='ocrx_word' id='word_1_484' title='bbox 1427 5087 1704 5156; x_wconf 67' lang='grc' dir='ltr'>ὑπάγειν,</span> <span class='ocrx_word' id='word_1_485' title='bbox 1727 5088 1823 5140; x_wconf 73' lang='grc' dir='ltr'>καὶ</span> <span class='ocrx_word' id='word_1_486' title='bbox 1859 5087 1998 5157; x_wconf 88' lang='grc' dir='ltr'>μετά</span> 
     </span>
    </p>
   </div>
   <div class='ocr_carea' id='block_1_58' title="bbox 317 5168 2000 5242">
    <p class='ocr_par' dir='ltr' id='par_1_58' title="bbox 317 5168 2000 5242">
     <span class='ocr_line' id='line_1_58' title="bbox 317 5168 2000 5242; baseline 0.002 -23"><span class='ocrx_word' id='word_1_487' title='bbox 317 5169 492 5221; x_wconf 86' lang='grc' dir='ltr'>ταῦτα</span> <span class='ocrx_word' id='word_1_488' title='bbox 527 5168 779 5222; x_wconf 83' lang='grc' dir='ltr'>κοινωνὸν</span> <span class='ocrx_word' id='word_1_489' title='bbox 810 5173 953 5224; x_wconf 88' lang='grc' dir='ltr'>ποιεῖ</span> <span class='ocrx_word' id='word_1_490' title='bbox 985 5170 1084 5239; x_wconf 87' lang='grc' dir='ltr'>τῆς</span> <span class='ocrx_word' id='word_1_491' title='bbox 1110 5170 1407 5241; x_wconf 75' lang='grc' dir='ltr'>τραπέζης.</span> <span class='ocrx_word' id='word_1_492' title='bbox 1433 5173 1545 5223; x_wconf 84' lang='lat' dir='ltr'>Kal</span> <span class='ocrx_word' id='word_1_493' title='bbox 1572 5172 1680 5241; x_wconf 87' lang='lat'>7&amp;9</span> <span class='ocrx_word' id='word_1_494' title='bbox 1713 5171 2000 5242; x_wconf 85' lang='grc' dir='ltr'>ἀμφότερα</span> 
     </span>
    </p>
   </div>
   <div class='ocr_carea' id='block_1_59' title="bbox 317 5250 1998 5322">
    <p class='ocr_par' dir='ltr' id='par_1_59' title="bbox 317 5250 1998 5322">
     <span class='ocr_line' id='line_1_59' title="bbox 317 5250 1998 5322; baseline 0.002 -20"><span class='ocrx_word' id='word_1_495' title='bbox 317 5251 404 5302; x_wconf 76' lang='grc' dir='ltr'>ἀεὶ</span> <span class='ocrx_word' id='word_1_496' title='bbox 435 5250 866 5314; x_wconf 75' lang='grc' dir='ltr'>κατασκευάζειν</span> <span class='ocrx_word' id='word_1_497' title='bbox 889 5252 1076 5319; x_wconf 77' lang='grc' dir='ltr'>εἴωθε,</span> <span class='ocrx_word' id='word_1_498' title='bbox 1110 5256 1204 5306; x_wconf 84' lang='grc' dir='ltr'>καὶ</span> <span class='ocrx_word' id='word_1_499' title='bbox 1231 5254 1324 5307; x_wconf 83' lang='grc' dir='ltr'>τοῦ</span> <span class='ocrx_word' id='word_1_500' title='bbox 1354 5254 1583 5306; x_wconf 81' lang='grc' dir='ltr'>θανάτου</span> <span class='ocrx_word' id='word_1_501' title='bbox 1611 5254 1704 5305; x_wconf 75' lang='grc' dir='ltr'>καὶ</span> <span class='ocrx_word' id='word_1_502' title='bbox 1738 5253 1837 5322; x_wconf 87' lang='grc' dir='ltr'>τῆς</span> <span class='ocrx_word' id='word_1_503' title='bbox 1861 5255 1998 5306; x_wconf 87' lang='grc' dir='ltr'>ἁνα-</span> 
     </span>
    </p>
   </div>
   <div class='ocr_carea' id='block_1_60' title="bbox 322 5332 1999 5404">
    <p class='ocr_par' dir='ltr' id='par_1_60' title="bbox 322 5332 1999 5404">
     <span class='ocr_line' id='line_1_60' title="bbox 322 5332 1999 5404; baseline 0.004 -24"><span class='ocrx_word' id='word_1_504' title='bbox 322 5332 563 5395; x_wconf 76' lang='grc' dir='ltr'>στάσεως</span> <span class='ocrx_word' id='word_1_505' title='bbox 606 5332 744 5402; x_wconf 71' lang='grc' dir='ltr'>μετὰ</span> <span class='ocrx_word' id='word_1_506' title='bbox 777 5333 1058 5404; x_wconf 83' lang='grc' dir='ltr'>ἀκριϐείας</span> <span class='ocrx_word' id='word_1_507' title='bbox 1105 5335 1322 5404; x_wconf 82' lang='grc' dir='ltr'>ἀπάσης</span> <span class='ocrx_word' id='word_1_508' title='bbox 1358 5335 1454 5404; x_wconf 75' lang='grc' dir='ltr'>τὴν</span> <span class='ocrx_word' id='word_1_509' title='bbox 1499 5332 1773 5398; x_wconf 85' lang='grc' dir='ltr'>ἀπόδειξιν</span> <span class='ocrx_word' id='word_1_510' title='bbox 1813 5335 1999 5387; x_wconf 87' lang='grc' dir='ltr'>ποιού-</span> 
     </span>
    </p>
   </div>
   <div class='ocr_carea' id='block_1_61' title="bbox 325 5413 1999 5485">
    <p class='ocr_par' dir='ltr' id='par_1_61' title="bbox 325 5413 1999 5485">
     <span class='ocr_line' id='line_1_61' title="bbox 325 5413 1999 5485; baseline 0.002 -21"><span class='ocrx_word' id='word_1_511' title='bbox 325 5430 503 5482; x_wconf 88' lang='grc' dir='ltr'>μενος.</span> <span class='ocrx_word' id='word_1_512' title='bbox 539 5415 609 5466; x_wconf 85' lang='grc' dir='ltr'>Σὺ</span> <span class='ocrx_word' id='word_1_513' title='bbox 641 5413 696 5466; x_wconf 85' lang='grc' dir='ltr'>δέ</span> <span class='ocrx_word' id='word_1_514' title='bbox 735 5432 822 5484; x_wconf 89' lang='grc' dir='ltr'>μοι</span> <span class='ocrx_word' id='word_1_515' title='bbox 868 5414 943 5484; x_wconf 79' lang='grc' dir='ltr'>μὴ</span> <span class='ocrx_word' id='word_1_516' title='bbox 975 5414 1070 5485; x_wconf 81' lang='grc' dir='ltr'>τὴν</span> <span class='ocrx_word' id='word_1_517' title='bbox 1099 5414 1396 5468; x_wconf 85' lang='grc' dir='ltr'>ἀνάστασιν</span> <span class='ocrx_word' id='word_1_518' title='bbox 1444 5414 1636 5467; x_wconf 83' lang='grc' dir='ltr'>σκόπει</span> <span class='ocrx_word' id='word_1_519' title='bbox 1672 5414 1852 5485; x_wconf 89' lang='grc' dir='ltr'>μόνον,</span> <span class='ocrx_word' id='word_1_520' title='bbox 1885 5414 1999 5468; x_wconf 87' lang='grc' dir='ltr'>ἀλλ’</span> 
     </span>
    </p>
   </div>
   <div class='ocr_carea' id='block_1_62' title="bbox 321 5502 2001 5574">
    <p class='ocr_par' dir='ltr' id='par_1_62' title="bbox 321 5502 2001 5574">
     <span class='ocr_line' id='line_1_62' title="bbox 321 5502 2001 5574; baseline 0.002 -20"><span class='ocrx_word' id='word_1_521' title='bbox 321 5503 401 5555; x_wconf 80' lang='grc' dir='ltr'>ὅτι</span> <span class='ocrx_word' id='word_1_522' title='bbox 429 5503 523 5554; x_wconf 79' lang='grc' dir='ltr'>καὶ</span> <span class='ocrx_word' id='word_1_523' title='bbox 546 5503 885 5572; x_wconf 81' lang='grc' dir='ltr'>παρήγγειλε</span> <span class='ocrx_word' id='word_1_524' title='bbox 912 5504 1101 5574; x_wconf 66' lang='grc' dir='ltr'>μηδενὶ.</span> <span class='ocrx_word' id='word_1_525' title='bbox 1123 5504 1297 5555; x_wconf 82' lang='grc' dir='ltr'>εἰπεῖν</span> <span class='ocrx_word' id='word_1_526' title='bbox 1316 5520 1330 5534; x_wconf 77' lang='grc' dir='ltr'>ο</span> <span class='ocrx_word' id='word_1_527' title='bbox 1355 5503 1448 5556; x_wconf 76' lang='grc' dir='ltr'>καὶ</span> <span class='ocrx_word' id='word_1_528' title='bbox 1468 5502 1634 5556; x_wconf 87' lang='grc' dir='ltr'>τοῦτο</span> <span class='ocrx_word' id='word_1_529' title='bbox 1659 5503 1894 5572; x_wconf 86' lang='grc' dir='ltr'>μάλιστα</span> <span class='ocrx_word' id='word_1_530' title='bbox 1913 5503 2001 5557; x_wconf 84' lang='grc' dir='ltr'>διὰ</span> 
     </span>
    </p>
   </div>
   <div class='ocr_carea' id='block_1_63' title="bbox 397 5626 1944 5695">
    <p class='ocr_par' dir='ltr' id='par_1_63' title="bbox 397 5626 1944 5695">
     <span class='ocr_line' id='line_1_63' title="bbox 397 5626 1944 5695; baseline 0.001 -15"><span class='ocrx_word' id='word_1_531' title='bbox 397 5632 443 5661; x_wconf 80' lang='grc'>⁸³³</span> <span class='ocrx_word' id='word_1_532' title='bbox 481 5628 658 5683; x_wconf 78' lang='lat' dir='ltr'>Verba</span> <span class='ocrx_word' id='word_1_533' title='bbox 689 5630 781 5683; x_wconf 79' lang='grc' dir='ltr'>καὶ</span> <span class='ocrx_word' id='word_1_534' title='bbox 828 5646 1018 5695; x_wconf 86' lang='grc' dir='ltr'>κατεγ.</span> <span class='ocrx_word' id='word_1_535' title='bbox 1059 5627 1224 5681; x_wconf 87' lang='grc' dir='ltr'>αὐτοῦ</span> <span class='ocrx_word' id='word_1_536' title='bbox 1262 5628 1457 5682; x_wconf 74' lang='lat' dir='ltr'>desunt</span> <span class='ocrx_word' id='word_1_537' title='bbox 1506 5628 1559 5682; x_wconf 86' lang='lat' dir='ltr'><strong>in</strong></span> <span class='ocrx_word' id='word_1_538' title='bbox 1601 5627 1664 5683; x_wconf 83' lang='grc' dir='ltr'>Β.</span> <span class='ocrx_word' id='word_1_539' title='bbox 1701 5626 1761 5683; x_wconf 85' lang='lat' dir='ltr'><strong>F.</strong></span> <span class='ocrx_word' id='word_1_540' title='bbox 1791 5628 1944 5682; x_wconf 84' lang='lat' dir='ltr'>Arm.</span> 
     </span>
    </p>
   </div>
   <div class='ocr_carea' id='block_1_64' title="bbox 327 5697 1325 5768">
    <p class='ocr_par' dir='ltr' id='par_1_64' title="bbox 327 5697 1325 5768">
     <span class='ocr_line' id='line_1_64' title="bbox 327 5697 1325 5768; baseline -0.002 -17"><span class='ocrx_word' id='word_1_541' title='bbox 327 5716 429 5752; x_wconf 81' lang='lat' dir='ltr'>non</span> <span class='ocrx_word' id='word_1_542' title='bbox 471 5698 723 5768; x_wconf 69' lang='lat' dir='ltr'><strong><em>mannto</em></strong></span> <span class='ocrx_word' id='word_1_543' title='bbox 751 5700 904 5754; x_wconf 78' lang='lat' dir='ltr'>Arm.</span> <span class='ocrx_word' id='word_1_544' title='bbox 939 5699 1115 5768; x_wconf 76' lang='lat' dir='ltr'>Vulgo</span> <span class='ocrx_word' id='word_1_545' title='bbox 1148 5697 1325 5768; x_wconf 80' lang='grc' dir='ltr'>ἄλλος.</span> 
     </span>
    </p>
   </div>
   <div class='ocr_carea' id='block_1_65' title="bbox 1130 391 2993 455">
    <p class='ocr_par' dir='ltr' id='par_1_65' title="bbox 1130 391 2993 455">
     <span class='ocr_line' id='line_1_65' title="bbox 1130 391 2993 455; baseline -0.001 -3"><span class='ocrx_word' id='word_1_546' title='bbox 1130 397 1187 452; x_wconf 89' lang='lat' dir='ltr'>S.</span> <span class='ocrx_word' id='word_1_547' title='bbox 1227 395 1511 452; x_wconf 74' lang='lat' dir='ltr'>JOANNIS</span> <span class='ocrx_word' id='word_1_548' title='bbox 1549 393 2041 451; x_wconf 71' lang='lat' dir='ltr'>CIIRYSOSTOMI</span> <span class='ocrx_word' id='word_1_549' title='bbox 2083 397 2405 455; x_wconf 80' lang='lat' dir='ltr'>ARCIIIEP.</span> <span class='ocrx_word' id='word_1_550' title='bbox 2444 391 2993 455; x_wconf 66' lang='lat' dir='ltr'>CONSTANTINOP.</span> 
     </span>
    </p>
   </div>
   <div class='ocr_carea' id='block_1_66' title="bbox 2044 5629 2740 5700">
    <p class='ocr_par' dir='ltr' id='par_1_66' title="bbox 2044 5629 2740 5700">
     <span class='ocr_line' id='line_1_66' title="bbox 2044 5629 2740 5700; baseline 0.003 -18"><span class='ocrx_word' id='word_1_551' title='bbox 2044 5629 2174 5700; x_wconf 56' lang='grc' dir='ltr'>’ξίν</span> <span class='ocrx_word' id='word_1_552' title='bbox 2341 5629 2479 5696; x_wconf 88' lang='grc' dir='ltr'>μετά</span> <span class='ocrx_word' id='word_1_553' title='bbox 2507 5630 2567 5683; x_wconf 84' lang='grc' dir='ltr'>τὸ</span> <span class='ocrx_word' id='word_1_554' title='bbox 2604 5630 2740 5686; x_wconf 81' lang='lat' dir='ltr'>Edd.</span> 
     </span>
    </p>
   </div>
   <div class='ocr_carea' id='block_1_67' title="bbox 1416 5695 2489 5770">
    <p class='ocr_par' dir='ltr' id='par_1_67' title="bbox 1416 5695 2489 5770">
     <span class='ocr_line' id='line_1_67' title="bbox 1416 5695 2489 5770; baseline 0.021 -41"><span class='ocrx_word' id='word_1_555' title='bbox 1416 5695 1592 5770; x_wconf 46' lang='lat'>000,50</span> <span class='ocrx_word' id='word_1_556' title='bbox 1625 5715 1744 5770; x_wconf 55' lang='grc' dir='ltr'>ομ]1</span> <span class='ocrx_word' id='word_1_557' title='bbox 1773 5697 1833 5770; x_wconf 75' lang='grc' dir='ltr'>Β.</span> <span class='ocrx_word' id='word_1_558' title='bbox 2160 5695 2271 5752; x_wconf 76' lang='lat' dir='ltr'>Kal</span> <span class='ocrx_word' id='word_1_559' title='bbox 2294 5695 2489 5770; x_wconf 52' lang='grc' dir='ltr'>’ὥσπερ</span> 
     </span>
    </p>
   </div>
   <div class='ocr_carea' id='block_1_68' title="bbox 3661 387 3776 448">
    <p class='ocr_par' dir='ltr' id='par_1_68' title="bbox 3661 387 3776 448">
     <span class='ocr_line' id='line_1_68' title="bbox 3661 387 3776 448; baseline 0.017 -2"><span class='ocrx_word' id='word_1_560' title='bbox 3661 387 3776 448; x_wconf 67' lang='lat'>375</span> 
     </span>
    </p>
   </div>
   <div class='ocr_carea' id='block_1_69' title="bbox 2094 504 3778 580">
    <p class='ocr_par' dir='ltr' id='par_1_69' title="bbox 2094 504 3778 580">
     <span class='ocr_line' id='line_1_69' title="bbox 2094 504 3778 580; baseline -0.002 -16"><span class='ocrx_word' id='word_1_561' title='bbox 2094 515 2312 569; x_wconf 88' lang='grc' dir='ltr'>πάντων</span> <span class='ocrx_word' id='word_1_562' title='bbox 2354 515 2608 568; x_wconf 88' lang='grc' dir='ltr'>παιδεύου</span> <span class='ocrx_word' id='word_1_563' title='bbox 2649 515 2694 546; x_wconf 84' lang='grc'>³⁸</span> <span class='ocrx_word' id='word_1_564' title='bbox 2715 554 2730 579; x_wconf 94' lang='grc'>,</span> <span class='ocrx_word' id='word_1_565' title='bbox 2770 513 2831 566; x_wconf 78' lang='grc' dir='ltr'>τὸ</span> <span class='ocrx_word' id='word_1_566' title='bbox 2882 511 3084 580; x_wconf 72' lang='grc' dir='ltr'>ἄτυφον</span> <span class='ocrx_word' id='word_1_567' title='bbox 3137 507 3229 562; x_wconf 75' lang='grc' dir='ltr'>καὶ</span> <span class='ocrx_word' id='word_1_568' title='bbox 3277 504 3622 571; x_wconf 72' lang='grc' dir='ltr'>ἀκενόδοξονο</span> <span class='ocrx_word' id='word_1_569' title='bbox 3678 510 3778 563; x_wconf 72' lang='grc' dir='ltr'>καὶ</span> 
     </span>
    </p>
   </div>
   <div class='ocr_carea' id='block_1_70' title="bbox 2097 591 3779 667">
    <p class='ocr_par' dir='ltr' id='par_1_70' title="bbox 2097 591 3779 667">
     <span class='ocr_line' id='line_1_70' title="bbox 2097 591 3779 667; baseline -0.002 -19"><span class='ocrx_word' id='word_1_570' title='bbox 2097 597 2233 665; x_wconf 84' lang='grc' dir='ltr'>μετά</span> <span class='ocrx_word' id='word_1_571' title='bbox 2278 597 2466 651; x_wconf 88' lang='grc' dir='ltr'>τούτου</span> <span class='ocrx_word' id='word_1_572' title='bbox 2515 599 2738 649; x_wconf 87' lang='grc' dir='ltr'>κάκεῖνο</span> <span class='ocrx_word' id='word_1_573' title='bbox 2787 594 3060 667; x_wconf 84' lang='grc' dir='ltr'>μάνθανε,</span> <span class='ocrx_word' id='word_1_574' title='bbox 3099 592 3180 644; x_wconf 78' lang='grc' dir='ltr'>ὅτι</span> <span class='ocrx_word' id='word_1_575' title='bbox 3230 591 3353 653; x_wconf 81' lang='grc' dir='ltr'>τοὺς</span> <span class='ocrx_word' id='word_1_576' title='bbox 3399 591 3779 661; x_wconf 84' lang='grc' dir='ltr'>κοπτομένους</span> 
     </span>
    </p>
   </div>
   <div class='ocr_carea' id='block_1_71' title="bbox 2093 673 3781 750">
    <p class='ocr_par' dir='ltr' id='par_1_71' title="bbox 2093 673 3781 750">
     <span class='ocr_line' id='line_1_71' title="bbox 2093 673 3781 750; baseline -0.003 -19"><span class='ocrx_word' id='word_1_577' title='bbox 2093 679 2197 744; x_wconf 81' lang='grc' dir='ltr'>ἐξω</span> <span class='ocrx_word' id='word_1_578' title='bbox 2224 681 2323 750; x_wconf 89' lang='grc' dir='ltr'>τῆς</span> <span class='ocrx_word' id='word_1_579' title='bbox 2347 680 2522 743; x_wconf 79' lang='grc' dir='ltr'>οἰκίας</span> <span class='ocrx_word' id='word_1_580' title='bbox 2548 679 2768 744; x_wconf 87' lang='grc' dir='ltr'>ἐξέϐαλε</span> <span class='ocrx_word' id='word_1_581' title='bbox 2790 719 2804 742; x_wconf 97' lang='grc'>,</span> <span class='ocrx_word' id='word_1_582' title='bbox 2834 678 2928 730; x_wconf 71' lang='grc' dir='ltr'>καὶ</span> <span class='ocrx_word' id='word_1_583' title='bbox 2956 674 3207 742; x_wconf 77' lang='grc' dir='ltr'>ἀναξίους</span> <span class='ocrx_word' id='word_1_584' title='bbox 3227 674 3324 743; x_wconf 85' lang='grc' dir='ltr'>τῆς</span> <span class='ocrx_word' id='word_1_585' title='bbox 3349 675 3602 744; x_wconf 85' lang='grc' dir='ltr'>τοιαύτης</span> <span class='ocrx_word' id='word_1_586' title='bbox 3637 673 3781 726; x_wconf 73' lang='grc' dir='ltr'>θεωρ</span> 
     </span>
    </p>
   </div>
   <div class='ocr_carea' id='block_1_72' title="bbox 2097 754 3779 833">
    <p class='ocr_par' dir='ltr' id='par_1_72' title="bbox 2097 754 3779 833">
     <span class='ocr_line' id='line_1_72' title="bbox 2097 754 3779 833; baseline -0.003 -19"><span class='ocrx_word' id='word_1_587' title='bbox 2097 763 2218 833; x_wconf 88' lang='grc' dir='ltr'>ρίας</span> <span class='ocrx_word' id='word_1_588' title='bbox 2246 762 2514 833; x_wconf 76' lang='grc' dir='ltr'>ἀπέφηνεο</span> <span class='ocrx_word' id='word_1_589' title='bbox 2542 761 2636 814; x_wconf 76' lang='grc' dir='ltr'>καὶ</span> <span class='ocrx_word' id='word_1_590' title='bbox 2659 761 2734 831; x_wconf 84' lang='grc' dir='ltr'>μὴ</span> <span class='ocrx_word' id='word_1_591' title='bbox 2758 759 2980 832; x_wconf 79' lang='grc' dir='ltr'>ἐξέλθῃς</span> <span class='ocrx_word' id='word_1_592' title='bbox 2999 758 3133 827; x_wconf 75' lang='grc' dir='ltr'>μετὰ</span> <span class='ocrx_word' id='word_1_593' title='bbox 3149 757 3258 808; x_wconf 83' lang='grc' dir='ltr'>τῶν</span> <span class='ocrx_word' id='word_1_594' title='bbox 3280 754 3606 820; x_wconf 82' lang='grc' dir='ltr'>αὐλούντων,</span> <span class='ocrx_word' id='word_1_595' title='bbox 3635 756 3779 810; x_wconf 82' lang='grc' dir='ltr'>ἀλλά</span> 
     </span>
    </p>
   </div>
   <div class='ocr_carea' id='block_1_73' title="bbox 2098 838 3780 916">
    <p class='ocr_par' dir='ltr' id='par_1_73' title="bbox 2098 838 3780 916">
     <span class='ocr_line' id='line_1_73' title="bbox 2098 838 3780 916; baseline -0.004 -18"><span class='ocrx_word' id='word_1_596' title='bbox 2098 845 2225 915; x_wconf 83' lang='grc' dir='ltr'>μένε</span> <span class='ocrx_word' id='word_1_597' title='bbox 2260 846 2397 916; x_wconf 83' lang='grc' dir='ltr'>μετὰ</span> <span class='ocrx_word' id='word_1_598' title='bbox 2433 845 2637 916; x_wconf 85' lang='grc' dir='ltr'>Πέτρου</span> <span class='ocrx_word' id='word_1_599' title='bbox 2672 845 2766 896; x_wconf 70' lang='grc' dir='ltr'>καὶ</span> <span class='ocrx_word' id='word_1_600' title='bbox 2804 844 3050 895; x_wconf 87' lang='grc' dir='ltr'>Ἰωάννου</span> <span class='ocrx_word' id='word_1_601' title='bbox 3089 839 3184 893; x_wconf 67' lang='lat' dir='ltr'><strong><em>zeal</em></strong></span> <span class='ocrx_word' id='word_1_602' title='bbox 3230 838 3507 892; x_wconf 82' lang='grc' dir='ltr'>Ἰακώϐου.</span> <span class='ocrx_word' id='word_1_603' title='bbox 3558 840 3623 892; x_wconf 79' lang='lat' dir='ltr'><strong><em>El</em></strong></span> <span class='ocrx_word' id='word_1_604' title='bbox 3665 841 3780 910; x_wconf 82' lang='grc' dir='ltr'>γὰρ</span> 
     </span>
    </p>
   </div>
   <div class='ocr_carea' id='block_1_74' title="bbox 2093 923 3778 994">
    <p class='ocr_par' dir='ltr' id='par_1_74' title="bbox 2093 923 3778 994">
     <span class='ocr_line' id='line_1_74' title="bbox 2093 923 3778 994; baseline -0.002 -14"><span class='ocrx_word' id='word_1_605' title='bbox 2093 927 2214 981; x_wconf 88' lang='grc' dir='ltr'>τότε</span> <span class='ocrx_word' id='word_1_606' title='bbox 2244 928 2495 992; x_wconf 85' lang='grc' dir='ltr'>ἐξέϐαλεν</span> <span class='ocrx_word' id='word_1_607' title='bbox 2535 927 2776 990; x_wconf 84' lang='grc' dir='ltr'>ἐκείνους</span> <span class='ocrx_word' id='word_1_608' title='bbox 2805 927 2930 992; x_wconf 72' lang='grc' dir='ltr'>ἔξω,</span> <span class='ocrx_word' id='word_1_609' title='bbox 2974 924 3154 994; x_wconf 82' lang='grc' dir='ltr'>πολλῷ</span> <span class='ocrx_word' id='word_1_610' title='bbox 3187 923 3388 994; x_wconf 80' lang='grc' dir='ltr'>μᾶλλον</span> <span class='ocrx_word' id='word_1_611' title='bbox 3418 923 3511 977; x_wconf 84' lang='grc' dir='ltr'>νῦν</span> <span class='ocrx_word' id='word_1_612' title='bbox 3539 925 3605 978; x_wconf 84' lang='grc'>³⁸.</span> <span class='ocrx_word' id='word_1_613' title='bbox 3635 924 3778 976; x_wconf 82' lang='grc' dir='ltr'>Τότε</span> 
     </span>
    </p>
   </div>
   <div class='ocr_carea' id='block_1_75' title="bbox 2097 1005 3776 1084">
    <p class='ocr_par' dir='ltr' id='par_1_75' title="bbox 2097 1005 3776 1084">
     <span class='ocr_line' id='line_1_75' title="bbox 2097 1005 3776 1084; baseline -0.005 -18"><span class='ocrx_word' id='word_1_614' title='bbox 2097 1012 2197 1082; x_wconf 86' lang='grc' dir='ltr'>μὲν</span> <span class='ocrx_word' id='word_1_615' title='bbox 2227 1012 2336 1084; x_wconf 88' lang='lat'>7&amp;9</span> <span class='ocrx_word' id='word_1_616' title='bbox 2365 1011 2520 1066; x_wconf 81' lang='grc' dir='ltr'>οὐπω</span> <span class='ocrx_word' id='word_1_617' title='bbox 2543 1012 2700 1081; x_wconf 86' lang='grc' dir='ltr'>δῆλος</span> <span class='ocrx_word' id='word_1_618' title='bbox 2741 1013 2770 1063; x_wconf 86' lang='grc' dir='ltr'>ὁ</span> <span class='ocrx_word' id='word_1_619' title='bbox 2801 1010 3028 1071; x_wconf 84' lang='grc' dir='ltr'>θάνατος</span> <span class='ocrx_word' id='word_1_620' title='bbox 3066 1005 3136 1079; x_wconf 82' lang='grc' dir='ltr'>ἦν</span> <span class='ocrx_word' id='word_1_621' title='bbox 3173 1007 3336 1070; x_wconf 76' lang='grc' dir='ltr'>ὕπνος</span> <span class='ocrx_word' id='word_1_622' title='bbox 3368 1007 3739 1076; x_wconf 72' lang='grc' dir='ltr'>γεγενημένος</span> <span class='ocrx_word' id='word_1_623' title='bbox 3761 1025 3776 1038; x_wconf 72' lang='grc' dir='ltr'><strong><em>ο</em></strong></span> 
     </span>
    </p>
   </div>
   <div class='ocr_carea' id='block_1_76' title="bbox 2095 1088 3779 1163">
    <p class='ocr_par' dir='ltr' id='par_1_76' title="bbox 2095 1088 3779 1163">
     <span class='ocr_line' id='line_1_76' title="bbox 2095 1088 3779 1163; baseline -0.004 -16"><span class='ocrx_word' id='word_1_624' title='bbox 2095 1094 2188 1148; x_wconf 89' lang='grc' dir='ltr'>νῦν</span> <span class='ocrx_word' id='word_1_625' title='bbox 2228 1095 2286 1148; x_wconf 82' lang='grc' dir='ltr'>δὲ</span> <span class='ocrx_word' id='word_1_626' title='bbox 2319 1095 2413 1150; x_wconf 71' lang='grc' dir='ltr'>καὶ</span> <span class='ocrx_word' id='word_1_627' title='bbox 2447 1093 2610 1147; x_wconf 86' lang='grc' dir='ltr'>αὐτοῦ</span> <span class='ocrx_word' id='word_1_628' title='bbox 2653 1095 2746 1147; x_wconf 85' lang='grc' dir='ltr'>τοῦ</span> <span class='ocrx_word' id='word_1_629' title='bbox 2791 1093 2940 1163; x_wconf 76' lang='grc' dir='ltr'>ἡλίου</span> <span class='ocrx_word' id='word_1_630' title='bbox 2981 1090 3140 1144; x_wconf 86' lang='grc' dir='ltr'>τοῦτο</span> <span class='ocrx_word' id='word_1_631' title='bbox 3185 1088 3582 1161; x_wconf 85' lang='grc' dir='ltr'>φανερώτερον.</span> <span class='ocrx_word' id='word_1_632' title='bbox 3633 1090 3779 1142; x_wconf 86' lang='grc' dir='ltr'>Ἀλλ’</span> 
     </span>
    </p>
   </div>
   <div class='ocr_carea' id='block_1_77' title="bbox 2094 1174 3776 1250">
    <p class='ocr_par' dir='ltr' id='par_1_77' title="bbox 2094 1174 3776 1250">
     <span class='ocr_line' id='line_1_77' title="bbox 2094 1174 3776 1250; baseline -0.002 -20"><span class='ocrx_word' id='word_1_633' title='bbox 2094 1179 2194 1233; x_wconf 86' lang='grc' dir='ltr'>οὐκ</span> <span class='ocrx_word' id='word_1_634' title='bbox 2219 1178 2407 1250; x_wconf 79' lang='grc' dir='ltr'>ῆγειρέ</span> <span class='ocrx_word' id='word_1_635' title='bbox 2429 1196 2521 1232; x_wconf 86' lang='grc' dir='ltr'>σου</span> <span class='ocrx_word' id='word_1_636' title='bbox 2554 1178 2615 1231; x_wconf 80' lang='grc' dir='ltr'>τὸ</span> <span class='ocrx_word' id='word_1_637' title='bbox 2636 1177 2927 1248; x_wconf 88' lang='grc' dir='ltr'>θυγάτριον</span> <span class='ocrx_word' id='word_1_638' title='bbox 2953 1176 3047 1229; x_wconf 88' lang='grc' dir='ltr'>νῦν</span> <span class='ocrx_word' id='word_1_639' title='bbox 3069 1193 3083 1240; x_wconf 88' lang='grc'>;</span> <span class='ocrx_word' id='word_1_640' title='bbox 3129 1174 3289 1226; x_wconf 83' lang='grc' dir='ltr'>Ἀλλά</span> <span class='ocrx_word' id='word_1_641' title='bbox 3320 1174 3536 1236; x_wconf 79' lang='grc' dir='ltr'>πάντως</span> <span class='ocrx_word' id='word_1_642' title='bbox 3566 1174 3776 1244; x_wconf 83' lang='grc' dir='ltr'>ἐγερεῖ,</span> 
     </span>
    </p>
   </div>
   <div class='ocr_carea' id='block_1_78' title="bbox 2095 1257 3780 1332">
    <p class='ocr_par' dir='ltr' id='par_1_78' title="bbox 2095 1257 3780 1332">
     <span class='ocr_line' id='line_1_78' title="bbox 2095 1257 3780 1332; baseline -0.005 -16"><span class='ocrx_word' id='word_1_643' title='bbox 2095 1263 2188 1316; x_wconf 76' lang='grc' dir='ltr'>καὶ</span> <span class='ocrx_word' id='word_1_644' title='bbox 2215 1262 2353 1332; x_wconf 83' lang='grc' dir='ltr'>μετά</span> <span class='ocrx_word' id='word_1_645' title='bbox 2383 1262 2629 1324; x_wconf 87' lang='grc' dir='ltr'>πλείονος</span> <span class='ocrx_word' id='word_1_646' title='bbox 2657 1263 2754 1332; x_wconf 87' lang='grc' dir='ltr'>τῆς</span> <span class='ocrx_word' id='word_1_647' title='bbox 2787 1261 2963 1331; x_wconf 86' lang='grc' dir='ltr'>δόξης.</span> <span class='ocrx_word' id='word_1_648' title='bbox 3015 1261 3222 1313; x_wconf 84' lang='grc' dir='ltr'>Ἐκεῖνο</span> <span class='ocrx_word' id='word_1_649' title='bbox 3258 1260 3356 1330; x_wconf 84' lang='grc' dir='ltr'>μὲν</span> <span class='ocrx_word' id='word_1_650' title='bbox 3395 1259 3503 1329; x_wconf 83' lang='grc' dir='ltr'>γὰρ</span> <span class='ocrx_word' id='word_1_651' title='bbox 3534 1257 3780 1311; x_wconf 74' lang='grc' dir='ltr'>ἀναστὰν</span> 
     </span>
    </p>
   </div>
   <div class='ocr_carea' id='block_1_79' title="bbox 2097 1339 3780 1413">
    <p class='ocr_par' dir='ltr' id='par_1_79' title="bbox 2097 1339 3780 1413">
     <span class='ocr_line' id='line_1_79' title="bbox 2097 1339 3780 1413; baseline -0.002 -18"><span class='ocrx_word' id='word_1_652' title='bbox 2097 1343 2256 1397; x_wconf 88' lang='grc' dir='ltr'>πάλιν</span> <span class='ocrx_word' id='word_1_653' title='bbox 2300 1344 2536 1397; x_wconf 86' lang='grc' dir='ltr'>ἀπέθανε</span> <span class='ocrx_word' id='word_1_654' title='bbox 2561 1359 2576 1374; x_wconf 87' lang='grc'><strong>·</strong></span> <span class='ocrx_word' id='word_1_655' title='bbox 2613 1343 2675 1396; x_wconf 82' lang='grc' dir='ltr'>τὸ</span> <span class='ocrx_word' id='word_1_656' title='bbox 2721 1343 2775 1395; x_wconf 83' lang='grc' dir='ltr'>δὲ</span> <span class='ocrx_word' id='word_1_657' title='bbox 2816 1344 2904 1396; x_wconf 73' lang='grc' dir='ltr'>σὸν</span> <span class='ocrx_word' id='word_1_658' title='bbox 2953 1343 3046 1395; x_wconf 80' lang='grc' dir='ltr'>ἐὰν</span> <span class='ocrx_word' id='word_1_659' title='bbox 3099 1344 3308 1413; x_wconf 79' lang='grc' dir='ltr'>ἀναστῇ</span> <span class='ocrx_word' id='word_1_660' title='bbox 3333 1382 3346 1404; x_wconf 87' lang='grc'>,</span> <span class='ocrx_word' id='word_1_661' title='bbox 3396 1341 3546 1411; x_wconf 87' lang='grc' dir='ltr'>μένει</span> <span class='ocrx_word' id='word_1_662' title='bbox 3587 1339 3780 1392; x_wconf 71' lang='grc' dir='ltr'>λοιπὸν</span> 
     </span>
    </p>
   </div>
   <div class='ocr_carea' id='block_1_80' title="bbox 2097 1421 3780 1496">
    <p class='ocr_par' dir='ltr' id='par_1_80' title="bbox 2097 1421 3780 1496">
     <span class='ocr_line' id='line_1_80' title="bbox 2097 1421 3780 1496; baseline -0.001 -18"><span class='ocrx_word' id='word_1_663' title='bbox 2097 1425 2365 1479; x_wconf 89' lang='grc' dir='ltr'>ἀθάνατον</span> <span class='ocrx_word' id='word_1_664' title='bbox 2393 1427 2434 1457; x_wconf 88' lang='grc'>³⁷</span> <span class='ocrx_word' id='word_1_665' title='bbox 2469 1427 2548 1480; x_wconf 76' lang='grc' dir='ltr'>δν.</span> <span class='ocrx_word' id='word_1_666' title='bbox 2578 1426 2624 1458; x_wconf 81' lang='grc'>³⁸</span> <span class='ocrx_word' id='word_1_667' title='bbox 2649 1427 2855 1496; x_wconf 72' lang='grc' dir='ltr'>Μηδεὶς</span> <span class='ocrx_word' id='word_1_668' title='bbox 2886 1425 3064 1478; x_wconf 84' lang='grc' dir='ltr'>τοίνυν</span> <span class='ocrx_word' id='word_1_669' title='bbox 3093 1425 3376 1478; x_wconf 89' lang='grc' dir='ltr'>κοπτέσθω</span> <span class='ocrx_word' id='word_1_670' title='bbox 3393 1421 3605 1485; x_wconf 71' lang='grc' dir='ltr'>λοιπὸν,</span> <span class='ocrx_word' id='word_1_671' title='bbox 3638 1423 3780 1492; x_wconf 65' lang='grc' dir='ltr'>μηδὲ</span> 
     </span>
    </p>
   </div>
   <div class='ocr_carea' id='block_1_81' title="bbox 2097 1507 3778 1581">
    <p class='ocr_par' dir='ltr' id='par_1_81' title="bbox 2097 1507 3778 1581">
     <span class='ocr_line' id='line_1_81' title="bbox 2097 1507 3778 1581; baseline -0.001 -21"><span class='ocrx_word' id='word_1_672' title='bbox 2097 1508 2382 1580; x_wconf 86' lang='grc' dir='ltr'>θρηνείτω,</span> <span class='ocrx_word' id='word_1_673' title='bbox 2427 1510 2560 1579; x_wconf 85' lang='grc' dir='ltr'>μηδέ</span> <span class='ocrx_word' id='word_1_674' title='bbox 2591 1508 2745 1581; x_wconf 81' lang='grc'>[561]</span> <span class='ocrx_word' id='word_1_675' title='bbox 2779 1509 2840 1562; x_wconf 82' lang='grc' dir='ltr'>τὸ</span> <span class='ocrx_word' id='word_1_676' title='bbox 2871 1509 3202 1580; x_wconf 87' lang='grc' dir='ltr'>κατόρθωμα</span> <span class='ocrx_word' id='word_1_677' title='bbox 3249 1508 3344 1562; x_wconf 86' lang='grc' dir='ltr'>τοῦ</span> <span class='ocrx_word' id='word_1_678' title='bbox 3378 1507 3613 1576; x_wconf 84' lang='grc' dir='ltr'>Χριστοῦ</span> <span class='ocrx_word' id='word_1_679' title='bbox 3653 1508 3778 1560; x_wconf 78' lang='grc' dir='ltr'>δια-</span> 
     </span>
    </p>
   </div>
   <div class='ocr_carea' id='block_1_82' title="bbox 2098 1590 3777 1662">
    <p class='ocr_par' dir='ltr' id='par_1_82' title="bbox 2098 1590 3777 1662">
     <span class='ocr_line' id='line_1_82' title="bbox 2098 1590 3777 1662; baseline -0.002 -18"><span class='ocrx_word' id='word_1_680' title='bbox 2098 1592 2357 1646; x_wconf 83' lang='grc' dir='ltr'>ϐαλλέτω.</span> <span class='ocrx_word' id='word_1_681' title='bbox 2392 1593 2498 1645; x_wconf 87' lang='lat' dir='ltr'>Kal</span> <span class='ocrx_word' id='word_1_682' title='bbox 2537 1592 2646 1662; x_wconf 73' lang='lat'>7&amp;9</span> <span class='ocrx_word' id='word_1_683' title='bbox 2679 1592 2897 1662; x_wconf 85' lang='grc' dir='ltr'>ἐνίκησε</span> <span class='ocrx_word' id='word_1_684' title='bbox 2942 1592 3034 1644; x_wconf 69' lang='grc' dir='ltr'>τὸν</span> <span class='ocrx_word' id='word_1_685' title='bbox 3066 1592 3313 1646; x_wconf 89' lang='grc' dir='ltr'>θάνατον.</span> <span class='ocrx_word' id='word_1_686' title='bbox 3365 1590 3428 1644; x_wconf 88' lang='grc' dir='ltr'>Τί</span> <span class='ocrx_word' id='word_1_687' title='bbox 3459 1590 3633 1642; x_wconf 88' lang='grc' dir='ltr'>τοίνυν</span> <span class='ocrx_word' id='word_1_688' title='bbox 3674 1605 3777 1640; x_wconf 88' lang='grc' dir='ltr'>πε-</span> 
     </span>
    </p>
   </div>
   <div class='ocr_carea' id='block_1_83' title="bbox 2100 1672 3780 1746">
    <p class='ocr_par' dir='ltr' id='par_1_83' title="bbox 2100 1672 3780 1746">
     <span class='ocr_line' id='line_1_83' title="bbox 2100 1672 3780 1746; baseline -0.003 -18"><span class='ocrx_word' id='word_1_689' title='bbox 2100 1677 2254 1746; x_wconf 80' lang='grc' dir='ltr'>ριττά</span> <span class='ocrx_word' id='word_1_690' title='bbox 2282 1676 2532 1746; x_wconf 81' lang='grc' dir='ltr'>θρηνεῖς;</span> <span class='ocrx_word' id='word_1_691' title='bbox 2557 1675 2766 1737; x_wconf 83' lang='grc' dir='ltr'>’Ύπνος</span> <span class='ocrx_word' id='word_1_692' title='bbox 2789 1675 2848 1727; x_wconf 87' lang='grc' dir='ltr'>τὸ</span> <span class='ocrx_word' id='word_1_693' title='bbox 2878 1676 3110 1746; x_wconf 77' lang='grc' dir='ltr'>πρᾶγμα</span> <span class='ocrx_word' id='word_1_694' title='bbox 3135 1675 3346 1744; x_wconf 85' lang='grc' dir='ltr'>γέγονε.</span> <span class='ocrx_word' id='word_1_695' title='bbox 3382 1674 3447 1726; x_wconf 91' lang='grc' dir='ltr'>Τί</span> <span class='ocrx_word' id='word_1_696' title='bbox 3483 1673 3647 1743; x_wconf 81' lang='grc' dir='ltr'>ὀδύρῃ</span> <span class='ocrx_word' id='word_1_697' title='bbox 3679 1672 3780 1724; x_wconf 77' lang='grc' dir='ltr'>καὶ</span> 
     </span>
    </p>
   </div>
   <div class='ocr_carea' id='block_1_84' title="bbox 2098 1756 3778 1829">
    <p class='ocr_par' dir='ltr' id='par_1_84' title="bbox 2098 1756 3778 1829">
     <span class='ocr_line' id='line_1_84' title="bbox 2098 1756 3778 1829; baseline -0.002 -20"><span class='ocrx_word' id='word_1_698' title='bbox 2098 1759 2336 1823; x_wconf 86' lang='grc' dir='ltr'>κλαίεις;</span> <span class='ocrx_word' id='word_1_699' title='bbox 2368 1759 2537 1810; x_wconf 89' lang='grc' dir='ltr'>Τοῦτο</span> <span class='ocrx_word' id='word_1_700' title='bbox 2569 1758 2676 1829; x_wconf 84' lang='grc' dir='ltr'>γὰρ</span> <span class='ocrx_word' id='word_1_701' title='bbox 2707 1759 2756 1810; x_wconf 80' lang='grc' dir='ltr'>εἰ</span> <span class='ocrx_word' id='word_1_702' title='bbox 2787 1759 2882 1812; x_wconf 79' lang='grc' dir='ltr'>καὶ</span> <span class='ocrx_word' id='word_1_703' title='bbox 2914 1758 3174 1828; x_wconf 84' lang='grc' dir='ltr'>’Έλληνες</span> <span class='ocrx_word' id='word_1_704' title='bbox 3199 1758 3434 1822; x_wconf 86' lang='grc' dir='ltr'>ἐποίουν,</span> <span class='ocrx_word' id='word_1_705' title='bbox 3467 1756 3778 1825; x_wconf 83' lang='grc' dir='ltr'>καταγελᾷν</span> 
     </span>
    </p>
   </div>
   <div class='ocr_carea' id='block_1_85' title="bbox 2097 1841 3777 1913">
    <p class='ocr_par' dir='ltr' id='par_1_85' title="bbox 2097 1841 3777 1913">
     <span class='ocr_line' id='line_1_85' title="bbox 2097 1841 3777 1913; baseline -0.001 -20"><span class='ocrx_word' id='word_1_706' title='bbox 2097 1842 2201 1894; x_wconf 79' lang='grc' dir='ltr'>ἔδει</span> <span class='ocrx_word' id='word_1_707' title='bbox 2224 1859 2236 1872; x_wconf 90' lang='grc'><strong>·</strong></span> <span class='ocrx_word' id='word_1_708' title='bbox 2271 1844 2399 1895; x_wconf 83' lang='grc' dir='ltr'>ὅταν</span> <span class='ocrx_word' id='word_1_709' title='bbox 2431 1842 2487 1895; x_wconf 90' lang='grc' dir='ltr'>δέ</span> <span class='ocrx_word' id='word_1_710' title='bbox 2523 1843 2550 1894; x_wconf 97' lang='lat'>6</span> <span class='ocrx_word' id='word_1_711' title='bbox 2585 1841 2772 1905; x_wconf 83' lang='grc' dir='ltr'>πιστὸς</span> <span class='ocrx_word' id='word_1_712' title='bbox 2799 1844 2857 1894; x_wconf 89' lang='grc' dir='ltr'>ἐν</span> <span class='ocrx_word' id='word_1_713' title='bbox 2887 1841 3097 1906; x_wconf 87' lang='grc' dir='ltr'>τούτοις</span> <span class='ocrx_word' id='word_1_714' title='bbox 3127 1843 3431 1913; x_wconf 80' lang='grc' dir='ltr'>ἀσχημονῇ,</span> <span class='ocrx_word' id='word_1_715' title='bbox 3469 1841 3597 1894; x_wconf 90' lang='grc' dir='ltr'>ποία</span> <span class='ocrx_word' id='word_1_716' title='bbox 3630 1842 3777 1893; x_wconf 86' lang='grc' dir='ltr'>ἀπο-</span> 
     </span>
    </p>
   </div>
   <div class='ocr_carea' id='block_1_86' title="bbox 2095 1922 3778 1995">
    <p class='ocr_par' dir='ltr' id='par_1_86' title="bbox 2095 1922 3778 1995">
     <span class='ocr_line' id='line_1_86' title="bbox 2095 1922 3778 1995; baseline -0.002 -19"><span class='ocrx_word' id='word_1_717' title='bbox 2095 1925 2283 1992; x_wconf 85' lang='grc' dir='ltr'>λογία;</span> <span class='ocrx_word' id='word_1_718' title='bbox 2315 1925 2399 1988; x_wconf 82' lang='grc' dir='ltr'>τίς</span> <span class='ocrx_word' id='word_1_719' title='bbox 2441 1924 2594 1978; x_wconf 74' lang='grc' dir='ltr'>ἔσται</span> <span class='ocrx_word' id='word_1_720' title='bbox 2627 1925 2924 1995; x_wconf 84' lang='grc' dir='ltr'>συγγνώμη</span> <span class='ocrx_word' id='word_1_721' title='bbox 2971 1923 3198 1978; x_wconf 88' lang='grc' dir='ltr'>τοιαῦτα</span> <span class='ocrx_word' id='word_1_722' title='bbox 3231 1923 3645 1994; x_wconf 85' lang='grc' dir='ltr'>ἀνοηταίνουσι,</span> <span class='ocrx_word' id='word_1_723' title='bbox 3680 1922 3778 1974; x_wconf 77' lang='grc' dir='ltr'>καὶ</span> 
     </span>
    </p>
   </div>
   <div class='ocr_carea' id='block_1_87' title="bbox 2096 2005 3777 2078">
    <p class='ocr_par' dir='ltr' id='par_1_87' title="bbox 2096 2005 3777 2078">
     <span class='ocr_line' id='line_1_87' title="bbox 2096 2005 3777 2078; baseline -0.003 -18"><span class='ocrx_word' id='word_1_724' title='bbox 2096 2007 2267 2061; x_wconf 86' lang='grc' dir='ltr'>ταῦτα</span> <span class='ocrx_word' id='word_1_725' title='bbox 2303 2008 2442 2078; x_wconf 84' lang='grc' dir='ltr'>μετὰ</span> <span class='ocrx_word' id='word_1_726' title='bbox 2470 2008 2658 2078; x_wconf 88' lang='grc' dir='ltr'>χρόνον</span> <span class='ocrx_word' id='word_1_727' title='bbox 2686 2008 2940 2061; x_wconf 89' lang='grc' dir='ltr'>τοσοῦτον</span> <span class='ocrx_word' id='word_1_728' title='bbox 2969 2008 3062 2060; x_wconf 79' lang='grc' dir='ltr'>καὶ</span> <span class='ocrx_word' id='word_1_729' title='bbox 3108 2007 3256 2075; x_wconf 83' lang='grc' dir='ltr'>σαφῆ</span> <span class='ocrx_word' id='word_1_730' title='bbox 3286 2006 3383 2075; x_wconf 88' lang='grc' dir='ltr'>τῆς</span> <span class='ocrx_word' id='word_1_731' title='bbox 3425 2005 3777 2067; x_wconf 88' lang='grc' dir='ltr'>ἀναστάσεως</span> 
     </span>
    </p>
   </div>
   <div class='ocr_carea' id='block_1_88' title="bbox 2096 2087 3771 2162">
    <p class='ocr_par' dir='ltr' id='par_1_88' title="bbox 2096 2087 3771 2162">
     <span class='ocr_line' id='line_1_88' title="bbox 2096 2087 3771 2162; baseline -0.004 -17"><span class='ocrx_word' id='word_1_732' title='bbox 2096 2091 2398 2158; x_wconf 84' lang='grc' dir='ltr'>ἀπόδειξιν;</span> <span class='ocrx_word' id='word_1_733' title='bbox 2435 2092 2507 2144; x_wconf 79' lang='grc' dir='ltr'>Σὺ</span> <span class='ocrx_word' id='word_1_734' title='bbox 2541 2091 2598 2142; x_wconf 83' lang='grc' dir='ltr'>δὲ</span> <span class='ocrx_word' id='word_1_735' title='bbox 2640 2091 2829 2162; x_wconf 84' lang='grc' dir='ltr'>ὥσπερ</span> <span class='ocrx_word' id='word_1_736' title='bbox 2873 2091 3104 2161; x_wconf 83' lang='grc' dir='ltr'>αὐξῆσαι</span> <span class='ocrx_word' id='word_1_737' title='bbox 3130 2090 3191 2142; x_wconf 88' lang='grc' dir='ltr'>τὸ</span> <span class='ocrx_word' id='word_1_738' title='bbox 3226 2089 3478 2160; x_wconf 77' lang='grc' dir='ltr'>ἔγκλημα</span> <span class='ocrx_word' id='word_1_739' title='bbox 3509 2087 3771 2151; x_wconf 80' lang='grc' dir='ltr'>σπεύδων,</span> 
     </span>
    </p>
   </div>
   <div class='ocr_carea' id='block_1_89' title="bbox 2098 2170 3774 2245">
    <p class='ocr_par' dir='ltr' id='par_1_89' title="bbox 2098 2170 3774 2245">
     <span class='ocr_line' id='line_1_89' title="bbox 2098 2170 3774 2245; baseline -0.003 -19"><span class='ocrx_word' id='word_1_740' title='bbox 2098 2175 2191 2226; x_wconf 77' lang='grc' dir='ltr'>καὶ</span> <span class='ocrx_word' id='word_1_741' title='bbox 2216 2173 2521 2244; x_wconf 76' lang='grc' dir='ltr'>θρηνιρδούς</span> <span class='ocrx_word' id='word_1_742' title='bbox 2546 2176 2676 2243; x_wconf 81' lang='grc' dir='ltr'>ἡμῖν</span> <span class='ocrx_word' id='word_1_743' title='bbox 2696 2173 2850 2242; x_wconf 82' lang='grc' dir='ltr'>ἄγεις</span> <span class='ocrx_word' id='word_1_744' title='bbox 2879 2173 3187 2245; x_wconf 83' lang='grc' dir='ltr'>Ἑλληνίδας</span> <span class='ocrx_word' id='word_1_745' title='bbox 3213 2173 3497 2241; x_wconf 84' lang='grc' dir='ltr'>γυναῖκας.</span> <span class='ocrx_word' id='word_1_746' title='bbox 3527 2170 3774 2236; x_wconf 79' lang='grc' dir='ltr'>ἐξάπτων</span> 
     </span>
    </p>
   </div>
   <div class='ocr_carea' id='block_1_90' title="bbox 2096 2252 3774 2330">
    <p class='ocr_par' dir='ltr' id='par_1_90' title="bbox 2096 2252 3774 2330">
     <span class='ocr_line' id='line_1_90' title="bbox 2096 2252 3774 2330; baseline -0.004 -20"><span class='ocrx_word' id='word_1_747' title='bbox 2096 2259 2157 2310; x_wconf 81' lang='grc' dir='ltr'>τὸ</span> <span class='ocrx_word' id='word_1_748' title='bbox 2187 2258 2356 2321; x_wconf 83' lang='grc' dir='ltr'>πάθος</span> <span class='ocrx_word' id='word_1_749' title='bbox 2378 2259 2444 2323; x_wconf 74' lang='grc'>⁸⁸,</span> <span class='ocrx_word' id='word_1_750' title='bbox 2468 2260 2564 2311; x_wconf 69' lang='grc' dir='ltr'>καὶ</span> <span class='ocrx_word' id='word_1_751' title='bbox 2593 2262 2692 2330; x_wconf 80' lang='grc' dir='ltr'>τὴν</span> <span class='ocrx_word' id='word_1_752' title='bbox 2714 2259 2942 2328; x_wconf 86' lang='grc' dir='ltr'>κάμινον</span> <span class='ocrx_word' id='word_1_753' title='bbox 2970 2257 3272 2329; x_wconf 88' lang='grc' dir='ltr'>διεγείρων,</span> <span class='ocrx_word' id='word_1_754' title='bbox 3305 2256 3400 2309; x_wconf 74' lang='grc' dir='ltr'>καὶ</span> <span class='ocrx_word' id='word_1_755' title='bbox 3431 2255 3530 2307; x_wconf 88' lang='grc' dir='ltr'>οὐκ</span> <span class='ocrx_word' id='word_1_756' title='bbox 3554 2252 3774 2312; x_wconf 84' lang='grc' dir='ltr'>ἀκούεις</span> 
     </span>
    </p>
   </div>
   <div class='ocr_carea' id='block_1_91' title="bbox 2097 2337 3770 2412">
    <p class='ocr_par' dir='ltr' id='par_1_91' title="bbox 2097 2337 3770 2412">
     <span class='ocr_line' id='line_1_91' title="bbox 2097 2337 3770 2412; baseline 0.005 -17"><span class='ocrx_word' id='word_1_757' title='bbox 2097 2343 2190 2395; x_wconf 86' lang='grc' dir='ltr'>τοῦ</span> <span class='ocrx_word' id='word_1_758' title='bbox 2233 2343 2444 2396; x_wconf 84' lang='grc' dir='ltr'>Παύλου</span> <span class='ocrx_word' id='word_1_759' title='bbox 2490 2343 2770 2412; x_wconf 82' lang='grc' dir='ltr'>λέγοντος’</span> <span class='ocrx_word' id='word_1_760' title='bbox 2811 2343 2905 2408; x_wconf 87' lang='grc' dir='ltr'>Τίς</span> <span class='ocrx_word' id='word_1_761' title='bbox 2937 2339 3334 2410; x_wconf 62' lang='grc' dir='ltr'>συμφώνησις</span> <span class='ocrx_word' id='word_1_762' title='bbox 3363 2337 3594 2408; x_wconf 78' lang='grc' dir='ltr'>Χριστῷ</span> <span class='ocrx_word' id='word_1_763' title='bbox 3626 2337 3770 2405; x_wconf 44' lang='grc' dir='ltr'>πρδς</span> 
     </span>
    </p>
   </div>
   <div class='ocr_carea' id='block_1_92' title="bbox 2099 2420 3770 2495">
    <p class='ocr_par' dir='ltr' id='par_1_92' title="bbox 2099 2420 3770 2495">
     <span class='ocr_line' id='line_1_92' title="bbox 2099 2420 3770 2495; baseline -0.006 -15"><span class='ocrx_word' id='word_1_764' title='bbox 2099 2427 2350 2494; x_wconf 77' lang='grc' dir='ltr'>Βε.ίίαρ;</span> <span class='ocrx_word' id='word_1_765' title='bbox 2379 2425 2416 2494; x_wconf 78' lang='grc' dir='ltr'>ἢ</span> <span class='ocrx_word' id='word_1_766' title='bbox 2449 2427 2540 2493; x_wconf 79' lang='grc' dir='ltr'>τίς</span> <span class='ocrx_word' id='word_1_767' title='bbox 2555 2427 2725 2495; x_wconf 75' lang='grc' dir='ltr'>μερὶς</span> <span class='ocrx_word' id='word_1_768' title='bbox 2750 2424 2942 2490; x_wconf 83' lang='grc' dir='ltr'>πιστῷ</span> <span class='ocrx_word' id='word_1_769' title='bbox 2966 2423 3114 2493; x_wconf 83' lang='grc' dir='ltr'>μετὰ</span> <span class='ocrx_word' id='word_1_770' title='bbox 3136 2423 3428 2488; x_wconf 83' lang='grc' dir='ltr'>ἀπίστου;</span> <span class='ocrx_word' id='word_1_771' title='bbox 3457 2421 3562 2476; x_wconf 87' lang='lat' dir='ltr'>Kal</span> <span class='ocrx_word' id='word_1_772' title='bbox 3590 2420 3770 2480; x_wconf 85' lang='grc' dir='ltr'>παῖδες</span> 
     </span>
    </p>
   </div>
   <div class='ocr_carea' id='block_1_93' title="bbox 2102 2504 3769 2582">
    <p class='ocr_par' dir='ltr' id='par_1_93' title="bbox 2102 2504 3769 2582">
     <span class='ocr_line' id='line_1_93' title="bbox 2102 2504 3769 2582; baseline -0.006 -19"><span class='ocrx_word' id='word_1_773' title='bbox 2102 2512 2197 2582; x_wconf 81' lang='grc' dir='ltr'>μὲν</span> <span class='ocrx_word' id='word_1_774' title='bbox 2242 2511 2507 2581; x_wconf 77' lang='grc' dir='ltr'>Ἑλλήνων</span> <span class='ocrx_word' id='word_1_775' title='bbox 2536 2513 2583 2562; x_wconf 93' lang='grc' dir='ltr'>οἱ</span> <span class='ocrx_word' id='word_1_776' title='bbox 2621 2510 2790 2580; x_wconf 83' lang='grc' dir='ltr'>μηδὲν</span> <span class='ocrx_word' id='word_1_777' title='bbox 2822 2509 2950 2579; x_wconf 74' lang='grc' dir='ltr'>περὶ</span> <span class='ocrx_word' id='word_1_778' title='bbox 2979 2508 3328 2568; x_wconf 86' lang='grc' dir='ltr'>ἀναστάσεως</span> <span class='ocrx_word' id='word_1_779' title='bbox 3354 2505 3553 2567; x_wconf 70' lang='grc' dir='ltr'>εἰδότες</span> <span class='ocrx_word' id='word_1_780' title='bbox 3573 2545 3589 2568; x_wconf 92' lang='grc'>,</span> <span class='ocrx_word' id='word_1_781' title='bbox 3623 2504 3769 2572; x_wconf 82' lang='grc' dir='ltr'>ὅμως</span> 
     </span>
    </p>
   </div>
   <div class='ocr_carea' id='block_1_94' title="bbox 2098 2586 3772 2666">
    <p class='ocr_par' dir='ltr' id='par_1_94' title="bbox 2098 2586 3772 2666">
     <span class='ocr_line' id='line_1_94' title="bbox 2098 2586 3772 2666; baseline -0.007 -18"><span class='ocrx_word' id='word_1_782' title='bbox 2098 2595 2410 2666; x_wconf 76' lang='grc' dir='ltr'>εὑρίσκουσι</span> <span class='ocrx_word' id='word_1_783' title='bbox 2433 2595 2623 2664; x_wconf 85' lang='grc' dir='ltr'>λόγους</span> <span class='ocrx_word' id='word_1_784' title='bbox 2645 2593 3018 2665; x_wconf 80' lang='grc' dir='ltr'>παραμυθίας,</span> <span class='ocrx_word' id='word_1_785' title='bbox 3039 2591 3308 2659; x_wconf 90' lang='grc' dir='ltr'>λέγοντες·</span> <span class='ocrx_word' id='word_1_786' title='bbox 3331 2587 3467 2658; x_wconf 80' lang='grc' dir='ltr'>Φέρε</span> <span class='ocrx_word' id='word_1_787' title='bbox 3490 2586 3772 2655; x_wconf 84' lang='grc' dir='ltr'>γενναίως·</span> 
     </span>
    </p>
   </div>
   <div class='ocr_carea' id='block_1_95' title="bbox 2098 2669 3771 2750">
    <p class='ocr_par' dir='ltr' id='par_1_95' title="bbox 2098 2669 3771 2750">
     <span class='ocr_line' id='line_1_95' title="bbox 2098 2669 3771 2750; baseline -0.008 -16"><span class='ocrx_word' id='word_1_788' title='bbox 2098 2682 2192 2734; x_wconf 69' lang='grc' dir='ltr'>καὶ</span> <span class='ocrx_word' id='word_1_789' title='bbox 2217 2681 2324 2750; x_wconf 82' lang='grc' dir='ltr'>γὰρ</span> <span class='ocrx_word' id='word_1_790' title='bbox 2358 2679 2624 2732; x_wconf 87' lang='grc' dir='ltr'>ἀναλῦσαι</span> <span class='ocrx_word' id='word_1_791' title='bbox 2656 2679 2715 2732; x_wconf 79' lang='grc' dir='ltr'>τὸ</span> <span class='ocrx_word' id='word_1_792' title='bbox 2759 2676 3125 2748; x_wconf 86' lang='grc' dir='ltr'>γεγενημένον</span> <span class='ocrx_word' id='word_1_793' title='bbox 3165 2675 3267 2727; x_wconf 89' lang='grc' dir='ltr'>οὐκ</span> <span class='ocrx_word' id='word_1_794' title='bbox 3315 2671 3424 2738; x_wconf 80' lang='grc' dir='ltr'>ἔνι,</span> <span class='ocrx_word' id='word_1_795' title='bbox 3459 2670 3578 2723; x_wconf 88' lang='grc' dir='ltr'>οὐδέ</span> <span class='ocrx_word' id='word_1_796' title='bbox 3629 2669 3771 2739; x_wconf 85' lang='grc' dir='ltr'>διορ-</span> 
     </span>
    </p>
   </div>
   <div class='ocr_carea' id='block_1_96' title="bbox 2100 2753 3772 2834">
    <p class='ocr_par' dir='ltr' id='par_1_96' title="bbox 2100 2753 3772 2834">
     <span class='ocr_line' id='line_1_96' title="bbox 2100 2753 3772 2834; baseline -0.01 -16"><span class='ocrx_word' id='word_1_797' title='bbox 2100 2764 2272 2818; x_wconf 83' lang='grc' dir='ltr'>θῶσαι</span> <span class='ocrx_word' id='word_1_798' title='bbox 2295 2763 2335 2794; x_wconf 80' lang='lat'>&quot;°</span> <span class='ocrx_word' id='word_1_799' title='bbox 2351 2767 2464 2826; x_wconf 88' lang='grc' dir='ltr'>τοῖς</span> <span class='ocrx_word' id='word_1_800' title='bbox 2485 2762 2704 2834; x_wconf 86' lang='grc' dir='ltr'>θρήνοις</span> <span class='ocrx_word' id='word_1_801' title='bbox 2724 2779 2736 2790; x_wconf 81' lang='grc'><em>’</em></span> <span class='ocrx_word' id='word_1_802' title='bbox 2773 2763 2837 2813; x_wconf 78' lang='grc' dir='ltr'>σὺ</span> <span class='ocrx_word' id='word_1_803' title='bbox 2860 2761 2915 2814; x_wconf 82' lang='grc' dir='ltr'>δὲ</span> <span class='ocrx_word' id='word_1_804' title='bbox 2944 2761 2971 2812; x_wconf 88' lang='grc' dir='ltr'>ὁ</span> <span class='ocrx_word' id='word_1_805' title='bbox 2990 2754 3397 2828; x_wconf 79' lang='grc' dir='ltr'>φιλοσοφώτερα</span> <span class='ocrx_word' id='word_1_806' title='bbox 3423 2753 3516 2806; x_wconf 70' lang='grc' dir='ltr'>καὶ</span> <span class='ocrx_word' id='word_1_807' title='bbox 3543 2753 3772 2822; x_wconf 85' lang='grc' dir='ltr'>χρηστό-</span> 
     </span>
    </p>
   </div>
   <div class='ocr_carea' id='block_1_97' title="bbox 2098 2835 3773 2918">
    <p class='ocr_par' dir='ltr' id='par_1_97' title="bbox 2098 2835 3773 2918">
     <span class='ocr_line' id='line_1_97' title="bbox 2098 2835 3773 2918; baseline -0.008 -19"><span class='ocrx_word' id='word_1_808' title='bbox 2098 2864 2231 2918; x_wconf 84' lang='grc' dir='ltr'>τερα</span> <span class='ocrx_word' id='word_1_809' title='bbox 2287 2846 2494 2900; x_wconf 87' lang='grc' dir='ltr'>τούτων</span> <span class='ocrx_word' id='word_1_810' title='bbox 2554 2843 2789 2909; x_wconf 87' lang='grc' dir='ltr'>ἀκούων,</span> <span class='ocrx_word' id='word_1_811' title='bbox 2838 2843 2938 2895; x_wconf 82' lang='grc' dir='ltr'>οὐκ</span> <span class='ocrx_word' id='word_1_812' title='bbox 2997 2839 3227 2910; x_wconf 78' lang='grc' dir='ltr'>αἰσχύνῃ</span> <span class='ocrx_word' id='word_1_813' title='bbox 3280 2836 3500 2909; x_wconf 75' lang='grc' dir='ltr'>μείζονα</span> <span class='ocrx_word' id='word_1_814' title='bbox 3551 2835 3773 2888; x_wconf 82' lang='grc' dir='ltr'>ἐκείνων</span> 
     </span>
    </p>
   </div>
   <div class='ocr_carea' id='block_1_98' title="bbox 2099 2917 3770 3001">
    <p class='ocr_par' dir='ltr' id='par_1_98' title="bbox 2099 2917 3770 3001">
     <span class='ocr_line' id='line_1_98' title="bbox 2099 2917 3770 3001; baseline -0.009 -19"><span class='ocrx_word' id='word_1_815' title='bbox 2099 2917 2422 3001; x_wconf 67' lang='grc' dir='ltr'>ἀσχημονῶν</span> <span class='ocrx_word' id='word_1_816' title='bbox 2447 2945 2461 2993; x_wconf 91' lang='grc'><strong>;</strong></span> <span class='ocrx_word' id='word_1_817' title='bbox 2494 2927 2629 2980; x_wconf 82' lang='grc' dir='ltr'>Οὐδὲ</span> <span class='ocrx_word' id='word_1_818' title='bbox 2663 2926 2770 2997; x_wconf 81' lang='grc' dir='ltr'>γάρ</span> <span class='ocrx_word' id='word_1_819' title='bbox 2799 2925 3048 2995; x_wconf 60' lang='grc' dir='ltr'>λέγομεν</span> <span class='ocrx_word' id='word_1_820' title='bbox 3099 2922 3236 2992; x_wconf 82' lang='grc' dir='ltr'>Φέρε</span> <span class='ocrx_word' id='word_1_821' title='bbox 3263 2918 3522 2990; x_wconf 88' lang='grc' dir='ltr'>γενναίως</span> <span class='ocrx_word' id='word_1_822' title='bbox 3545 2959 3558 2982; x_wconf 94' lang='grc'>,</span> <span class='ocrx_word' id='word_1_823' title='bbox 3586 2917 3770 2986; x_wconf 69' lang='grc' dir='ltr'>ἐπεῶὴ</span> 
     </span>
    </p>
   </div>
   <div class='ocr_carea' id='block_1_99' title="bbox 2099 3001 3768 3083">
    <p class='ocr_par' dir='ltr' id='par_1_99' title="bbox 2099 3001 3768 3083">
     <span class='ocr_line' id='line_1_99' title="bbox 2099 3001 3768 3083; baseline -0.008 -17"><span class='ocrx_word' id='word_1_824' title='bbox 2099 3014 2160 3066; x_wconf 86' lang='grc' dir='ltr'>τὸ</span> <span class='ocrx_word' id='word_1_825' title='bbox 2187 3011 2551 3083; x_wconf 85' lang='grc' dir='ltr'>γεγενημένον</span> <span class='ocrx_word' id='word_1_826' title='bbox 2586 3009 2849 3063; x_wconf 83' lang='grc' dir='ltr'>ἀναλῦσαι</span> <span class='ocrx_word' id='word_1_827' title='bbox 2868 3009 2967 3061; x_wconf 88' lang='grc' dir='ltr'>οὐκ</span> <span class='ocrx_word' id='word_1_828' title='bbox 2997 3007 3075 3062; x_wconf 79' lang='grc' dir='ltr'>ἔνι</span> <span class='ocrx_word' id='word_1_829' title='bbox 3098 3024 3112 3038; x_wconf 73' lang='grc' dir='ltr'>ο</span> <span class='ocrx_word' id='word_1_830' title='bbox 3136 3005 3292 3068; x_wconf 82' lang='grc' dir='ltr'>ἀλλὰ,</span> <span class='ocrx_word' id='word_1_831' title='bbox 3321 3004 3458 3076; x_wconf 85' lang='grc' dir='ltr'>Φέρε</span> <span class='ocrx_word' id='word_1_832' title='bbox 3487 3001 3768 3071; x_wconf 83' lang='grc' dir='ltr'>γενναίως·</span> 
     </span>
    </p>
   </div>
   <div class='ocr_carea' id='block_1_100' title="bbox 2101 3083 3775 3170">
    <p class='ocr_par' dir='ltr' id='par_1_100' title="bbox 2101 3083 3775 3170">
     <span class='ocr_line' id='line_1_100' title="bbox 2101 3083 3775 3170; baseline -0.008 -20"><span class='ocrx_word' id='word_1_833' title='bbox 2101 3097 2195 3150; x_wconf 71' lang='grc' dir='ltr'>καὶ</span> <span class='ocrx_word' id='word_1_834' title='bbox 2221 3097 2328 3170; x_wconf 86' lang='lat'>7&amp;9</span> <span class='ocrx_word' id='word_1_835' title='bbox 2362 3095 2730 3166; x_wconf 84' lang='grc' dir='ltr'>ἀναστήσεται</span> <span class='ocrx_word' id='word_1_836' title='bbox 2765 3094 3004 3156; x_wconf 86' lang='grc' dir='ltr'>πάντως·</span> <span class='ocrx_word' id='word_1_837' title='bbox 3039 3089 3290 3144; x_wconf 88' lang='grc' dir='ltr'>καθεύδει</span> <span class='ocrx_word' id='word_1_838' title='bbox 3321 3087 3380 3142; x_wconf 81' lang='grc' dir='ltr'>τὸ</span> <span class='ocrx_word' id='word_1_839' title='bbox 3412 3086 3640 3170; x_wconf 78' lang='grc' dir='ltr'>παιδίον,</span> <span class='ocrx_word' id='word_1_840' title='bbox 3679 3083 3775 3137; x_wconf 85' lang='grc' dir='ltr'>καὶ</span> 
     </span>
    </p>
   </div>
   <div class='ocr_carea' id='block_1_101' title="bbox 2099 3167 3774 3250">
    <p class='ocr_par' dir='ltr' id='par_1_101' title="bbox 2099 3167 3774 3250">
     <span class='ocr_line' id='line_1_101' title="bbox 2099 3167 3774 3250; baseline -0.007 -18"><span class='ocrx_word' id='word_1_841' title='bbox 2099 3181 2160 3232; x_wconf 85' lang='grc' dir='ltr'>οὐ</span> <span class='ocrx_word' id='word_1_842' title='bbox 2200 3167 2499 3250; x_wconf 85' lang='grc' dir='ltr'>τέθνηκεν·</span> <span class='ocrx_word' id='word_1_843' title='bbox 2539 3175 2822 3248; x_wconf 81' lang='grc' dir='ltr'>ἡσυχάζει,</span> <span class='ocrx_word' id='word_1_844' title='bbox 2864 3176 2958 3228; x_wconf 77' lang='grc' dir='ltr'>καὶ</span> <span class='ocrx_word' id='word_1_845' title='bbox 3005 3175 3104 3227; x_wconf 87' lang='grc' dir='ltr'>οὐκ</span> <span class='ocrx_word' id='word_1_846' title='bbox 3153 3170 3450 3225; x_wconf 86' lang='grc' dir='ltr'>ἀπόλωλεν.</span> <span class='ocrx_word' id='word_1_847' title='bbox 3515 3167 3774 3222; x_wconf 83' lang='grc' dir='ltr'>Ἀνάστα-</span> 
     </span>
    </p>
   </div>
   <div class='ocr_carea' id='block_1_102' title="bbox 2103 3251 3772 3333">
    <p class='ocr_par' dir='ltr' id='par_1_102' title="bbox 2103 3251 3772 3333">
     <span class='ocr_line' id='line_1_102' title="bbox 2103 3251 3772 3333; baseline -0.007 -17"><span class='ocrx_word' id='word_1_848' title='bbox 2103 3281 2182 3327; x_wconf 89' lang='grc' dir='ltr'>σις</span> <span class='ocrx_word' id='word_1_849' title='bbox 2227 3261 2337 3333; x_wconf 86' lang='grc' dir='ltr'>γὰρ</span> <span class='ocrx_word' id='word_1_850' title='bbox 2383 3261 2514 3315; x_wconf 80' lang='grc' dir='ltr'>αὐτὸ</span> <span class='ocrx_word' id='word_1_851' title='bbox 2562 3259 2884 3324; x_wconf 77' lang='grc' dir='ltr'>διαδέξεται,</span> <span class='ocrx_word' id='word_1_852' title='bbox 2917 3258 3010 3310; x_wconf 79' lang='grc' dir='ltr'>καὶ</span> <span class='ocrx_word' id='word_1_853' title='bbox 3044 3255 3157 3326; x_wconf 78' lang='grc' dir='ltr'>ζωὴ</span> <span class='ocrx_word' id='word_1_854' title='bbox 3186 3253 3422 3320; x_wconf 78' lang='grc' dir='ltr'>αἰώνιος,</span> <span class='ocrx_word' id='word_1_855' title='bbox 3457 3253 3551 3306; x_wconf 76' lang='grc' dir='ltr'>καὶ</span> <span class='ocrx_word' id='word_1_856' title='bbox 3575 3251 3772 3305; x_wconf 88' lang='grc' dir='ltr'>ἀθανα-</span> 
     </span>
    </p>
   </div>
   <div class='ocr_carea' id='block_1_103' title="bbox 2103 3333 3772 3415">
    <p class='ocr_par' dir='ltr' id='par_1_103' title="bbox 2103 3333 3772 3415">
     <span class='ocr_line' id='line_1_103' title="bbox 2103 3333 3772 3415; baseline -0.007 -16"><span class='ocrx_word' id='word_1_857' title='bbox 2103 3347 2214 3408; x_wconf 90' lang='grc' dir='ltr'>σία,</span> <span class='ocrx_word' id='word_1_858' title='bbox 2256 3347 2349 3398; x_wconf 76' lang='lat' dir='ltr'><strong><em>xal</em></strong></span> <span class='ocrx_word' id='word_1_859' title='bbox 2391 3343 2543 3414; x_wconf 80' lang='grc' dir='ltr'>λῆξις</span> <span class='ocrx_word' id='word_1_860' title='bbox 2582 3343 2874 3415; x_wconf 82' lang='grc' dir='ltr'>ἀγγελική.</span> <span class='ocrx_word' id='word_1_861' title='bbox 2907 3341 3022 3394; x_wconf 86' lang='grc' dir='ltr'>υύκ</span> <span class='ocrx_word' id='word_1_862' title='bbox 3053 3339 3272 3403; x_wconf 88' lang='grc' dir='ltr'>ἀκούεις</span> <span class='ocrx_word' id='word_1_863' title='bbox 3313 3337 3406 3391; x_wconf 87' lang='grc' dir='ltr'>τοῦ</span> <span class='ocrx_word' id='word_1_864' title='bbox 3439 3334 3656 3406; x_wconf 82' lang='grc' dir='ltr'>ψαλμοῦ</span> <span class='ocrx_word' id='word_1_865' title='bbox 3684 3333 3772 3387; x_wconf 84' lang='grc' dir='ltr'>λέ-</span> 
     </span>
    </p>
   </div>
   <div class='ocr_carea' id='block_1_104' title="bbox 2101 3418 3773 3498">
    <p class='ocr_par' dir='ltr' id='par_1_104' title="bbox 2101 3418 3773 3498">
     <span class='ocr_line' id='line_1_104' title="bbox 2101 3418 3773 3498; baseline -0.007 -15"><span class='ocrx_word' id='word_1_866' title='bbox 2101 3447 2310 3498; x_wconf 87' lang='grc' dir='ltr'>γοντος,</span> <span class='ocrx_word' id='word_1_867' title='bbox 2347 3428 2770 3494; x_wconf 77' lang='grc' dir='ltr'>Ἐπίστρεψον,</span> <span class='ocrx_word' id='word_1_868' title='bbox 2794 3424 2964 3495; x_wconf 70' lang='grc' dir='ltr'>ψυχή</span> <span class='ocrx_word' id='word_1_869' title='bbox 2993 3441 3132 3494; x_wconf 84' lang='grc' dir='ltr'>μου,</span> <span class='ocrx_word' id='word_1_870' title='bbox 3162 3425 3250 3490; x_wconf 85' lang='grc' dir='ltr'>είς</span> <span class='ocrx_word' id='word_1_871' title='bbox 3289 3421 3405 3490; x_wconf 80' lang='grc' dir='ltr'>τὴν</span> <span class='ocrx_word' id='word_1_872' title='bbox 3425 3418 3773 3476; x_wconf 75' lang='grc' dir='ltr'>ἀνάπαυσίν</span> 
     </span>
    </p>
   </div>
   <div class='ocr_carea' id='block_1_105' title="bbox 2100 3504 3774 3579">
    <p class='ocr_par' dir='ltr' id='par_1_105' title="bbox 2100 3504 3774 3579">
     <span class='ocr_line' id='line_1_105' title="bbox 2100 3504 3774 3579; baseline -0.006 -13"><span class='ocrx_word' id='word_1_873' title='bbox 2100 3530 2239 3578; x_wconf 78' lang='grc' dir='ltr'>σου,</span> <span class='ocrx_word' id='word_1_874' title='bbox 2262 3512 2352 3566; x_wconf 84' lang='grc' dir='ltr'>ὅτι</span> <span class='ocrx_word' id='word_1_875' title='bbox 2389 3512 2603 3579; x_wconf 85' lang='grc' dir='ltr'>Κύριος</span> <span class='ocrx_word' id='word_1_876' title='bbox 2630 3508 2990 3578; x_wconf 73' lang='grc' dir='ltr'>εὐεργέτησε</span> <span class='ocrx_word' id='word_1_877' title='bbox 3015 3523 3120 3572; x_wconf 86' lang='grc' dir='ltr'>σε;</span> <span class='ocrx_word' id='word_1_878' title='bbox 3148 3505 3481 3577; x_wconf 82' lang='grc' dir='ltr'>Εὐεργεσίαν</span> <span class='ocrx_word' id='word_1_879' title='bbox 3508 3506 3537 3558; x_wconf 88' lang='lat'>6</span> <span class='ocrx_word' id='word_1_880' title='bbox 3557 3504 3686 3568; x_wconf 82' lang='grc' dir='ltr'>Θεὸς</span> <span class='ocrx_word' id='word_1_881' title='bbox 3713 3504 3774 3557; x_wconf 79' lang='grc' dir='ltr'>τὸ</span> 
     </span>
    </p>
   </div>
   <div class='ocr_carea' id='block_1_106' title="bbox 2102 3588 3777 3670">
    <p class='ocr_par' dir='ltr' id='par_1_106' title="bbox 2102 3588 3777 3670">
     <span class='ocr_line' id='line_1_106' title="bbox 2102 3588 3777 3670; baseline -0.008 -17"><span class='ocrx_word' id='word_1_882' title='bbox 2102 3600 2336 3670; x_wconf 77' lang='grc' dir='ltr'>πρᾶγμα</span> <span class='ocrx_word' id='word_1_883' title='bbox 2365 3594 2554 3659; x_wconf 89' lang='grc' dir='ltr'>καλεῖ,</span> <span class='ocrx_word' id='word_1_884' title='bbox 2587 3595 2679 3646; x_wconf 71' lang='grc' dir='ltr'>καὶ</span> <span class='ocrx_word' id='word_1_885' title='bbox 2713 3594 2776 3647; x_wconf 82' lang='grc' dir='ltr'>σύ</span> <span class='ocrx_word' id='word_1_886' title='bbox 2809 3591 3061 3665; x_wconf 74' lang='grc' dir='ltr'>θρηνεῖςς</span> <span class='ocrx_word' id='word_1_887' title='bbox 3089 3593 3199 3645; x_wconf 84' lang='lat' dir='ltr'>Kal</span> <span class='ocrx_word' id='word_1_888' title='bbox 3227 3590 3280 3642; x_wconf 86' lang='grc' dir='ltr'>τί</span> <span class='ocrx_word' id='word_1_889' title='bbox 3315 3588 3474 3642; x_wconf 83' lang='grc' dir='ltr'>πλέον</span> <span class='ocrx_word' id='word_1_890' title='bbox 3501 3588 3777 3670; x_wconf 28' lang='grc' dir='ltr'>ἂνλὲποίη-</span> 
     </span>
    </p>
   </div>
   <div class='ocr_carea' id='block_1_107' title="bbox 2103 3667 3774 3746">
    <p class='ocr_par' dir='ltr' id='par_1_107' title="bbox 2103 3667 3774 3746">
     <span class='ocr_line' id='line_1_107' title="bbox 2103 3667 3774 3746; baseline -0.005 -12"><span class='ocrx_word' id='word_1_891' title='bbox 2103 3667 2200 3743; x_wconf 80' lang='grc' dir='ltr'>σας</span> <span class='ocrx_word' id='word_1_892' title='bbox 2220 3720 2235 3742; x_wconf 90' lang='grc'>,</span> <span class='ocrx_word' id='word_1_893' title='bbox 2272 3679 2322 3731; x_wconf 83' lang='grc' dir='ltr'>εί</span> <span class='ocrx_word' id='word_1_894' title='bbox 2357 3677 2612 3746; x_wconf 83' lang='grc' dir='ltr'>πολέμιος</span> <span class='ocrx_word' id='word_1_895' title='bbox 2642 3676 2736 3728; x_wconf 74' lang='grc' dir='ltr'>καὶ</span> <span class='ocrx_word' id='word_1_896' title='bbox 2760 3675 2954 3746; x_wconf 81' lang='grc' dir='ltr'>ἐχθρὸς</span> <span class='ocrx_word' id='word_1_897' title='bbox 2983 3673 3074 3727; x_wconf 86' lang='grc' dir='ltr'>τοῦ</span> <span class='ocrx_word' id='word_1_898' title='bbox 3103 3672 3551 3744; x_wconf 82' lang='grc' dir='ltr'>τετελευτηκότος</span> <span class='ocrx_word' id='word_1_899' title='bbox 3575 3667 3642 3742; x_wconf 81' lang='grc' dir='ltr'>ῆς</span> <span class='ocrx_word' id='word_1_900' title='bbox 3667 3690 3681 3738; x_wconf 89' lang='grc'><strong>;</strong></span> <span class='ocrx_word' id='word_1_901' title='bbox 3712 3673 3774 3727; x_wconf 72' lang='grc' dir='ltr'>ΕΙ</span> 
     </span>
    </p>
   </div>
   <div class='ocr_carea' id='block_1_108' title="bbox 2101 3755 3775 3832">
    <p class='ocr_par' dir='ltr' id='par_1_108' title="bbox 2101 3755 3775 3832">
     <span class='ocr_line' id='line_1_108' title="bbox 2101 3755 3775 3832; baseline -0.001 -20"><span class='ocrx_word' id='word_1_902' title='bbox 2101 3760 2210 3832; x_wconf 89' lang='lat'>7&amp;9</span> <span class='ocrx_word' id='word_1_903' title='bbox 2235 3760 2316 3812; x_wconf 88' lang='grc' dir='ltr'>δεῖ</span> <span class='ocrx_word' id='word_1_904' title='bbox 2354 3758 2593 3830; x_wconf 90' lang='grc' dir='ltr'>θρηνεῖν,</span> <span class='ocrx_word' id='word_1_905' title='bbox 2631 3758 2720 3810; x_wconf 86' lang='grc' dir='ltr'>τὸν</span> <span class='ocrx_word' id='word_1_906' title='bbox 2750 3756 2994 3810; x_wconf 87' lang='grc' dir='ltr'>διάϐολον</span> <span class='ocrx_word' id='word_1_907' title='bbox 3025 3757 3107 3810; x_wconf 84' lang='grc' dir='ltr'>δεῖ</span> <span class='ocrx_word' id='word_1_908' title='bbox 3135 3757 3374 3828; x_wconf 87' lang='grc' dir='ltr'>θρηνεῖν.</span> <span class='ocrx_word' id='word_1_909' title='bbox 3414 3755 3650 3818; x_wconf 87' lang='grc' dir='ltr'>Ἐκεῖνος</span> <span class='ocrx_word' id='word_1_910' title='bbox 3683 3774 3775 3810; x_wconf 87' lang='grc' dir='ltr'>κο-</span> 
     </span>
    </p>
   </div>
   <div class='ocr_carea' id='block_1_109' title="bbox 2102 3838 3775 3912">
    <p class='ocr_par' dir='ltr' id='par_1_109' title="bbox 2102 3838 3775 3912">
     <span class='ocr_line' id='line_1_109' title="bbox 2102 3838 3775 3912; baseline -0.002 -16"><span class='ocrx_word' id='word_1_911' title='bbox 2102 3842 2340 3907; x_wconf 89' lang='grc' dir='ltr'>πτέσθω,</span> <span class='ocrx_word' id='word_1_912' title='bbox 2372 3843 2578 3904; x_wconf 81' lang='grc' dir='ltr'>ἐκεῖνος</span> <span class='ocrx_word' id='word_1_913' title='bbox 2604 3841 2908 3912; x_wconf 85' lang='grc' dir='ltr'>όδυρέσθω,</span> <span class='ocrx_word' id='word_1_914' title='bbox 2945 3841 3028 3893; x_wconf 86' lang='grc' dir='ltr'>ὅτι</span> <span class='ocrx_word' id='word_1_915' title='bbox 3071 3840 3208 3911; x_wconf 83' lang='grc' dir='ltr'>πρὸς</span> <span class='ocrx_word' id='word_1_916' title='bbox 3233 3839 3302 3892; x_wconf 77' lang='grc' dir='ltr'>τὰ</span> <span class='ocrx_word' id='word_1_917' title='bbox 3342 3838 3561 3910; x_wconf 83' lang='grc' dir='ltr'>μείζονα</span> <span class='ocrx_word' id='word_1_918' title='bbox 3596 3838 3775 3892; x_wconf 84' lang='grc' dir='ltr'>ὁδεύο-</span> 
     </span>
    </p>
   </div>
   <div class='ocr_carea' id='block_1_110' title="bbox 2105 3919 3770 3997">
    <p class='ocr_par' dir='ltr' id='par_1_110' title="bbox 2105 3919 3770 3997">
     <span class='ocr_line' id='line_1_110' title="bbox 2105 3919 3770 3997; baseline -0.005 -17"><span class='ocrx_word' id='word_1_919' title='bbox 2105 3943 2204 3997; x_wconf 91' lang='grc' dir='ltr'>μεν</span> <span class='ocrx_word' id='word_1_920' title='bbox 2235 3925 2436 3994; x_wconf 88' lang='grc' dir='ltr'>ἀγαθά.</span> <span class='ocrx_word' id='word_1_921' title='bbox 2469 3925 2583 3995; x_wconf 87' lang='grc' dir='ltr'>Τῆς</span> <span class='ocrx_word' id='word_1_922' title='bbox 2610 3924 2819 3976; x_wconf 84' lang='grc' dir='ltr'>ἐκείνου</span> <span class='ocrx_word' id='word_1_923' title='bbox 2853 3922 3122 3992; x_wconf 83' lang='grc' dir='ltr'>πονηρίας</span> <span class='ocrx_word' id='word_1_924' title='bbox 3153 3921 3278 3986; x_wconf 87' lang='grc' dir='ltr'>ἀξία</span> <span class='ocrx_word' id='word_1_925' title='bbox 3309 3920 3446 3990; x_wconf 85' lang='grc' dir='ltr'>αῦτη</span> <span class='ocrx_word' id='word_1_926' title='bbox 3474 3923 3507 3991; x_wconf 76' lang='grc' dir='ltr'><strong>ἡ</strong></span> <span class='ocrx_word' id='word_1_927' title='bbox 3537 3919 3770 3990; x_wconf 72' lang='grc' dir='ltr'>οἰμωγὴ,</span> 
     </span>
    </p>
   </div>
   <div class='ocr_carea' id='block_1_111' title="bbox 2100 4004 3769 4080">
    <p class='ocr_par' dir='ltr' id='par_1_111' title="bbox 2100 4004 3769 4080">
     <span class='ocr_line' id='line_1_111' title="bbox 2100 4004 3769 4080; baseline -0.004 -18"><span class='ocrx_word' id='word_1_928' title='bbox 2100 4009 2221 4080; x_wconf 73' lang='grc' dir='ltr'>οὐχὶ</span> <span class='ocrx_word' id='word_1_929' title='bbox 2248 4009 2340 4062; x_wconf 87' lang='grc' dir='ltr'>σοῦ</span> <span class='ocrx_word' id='word_1_930' title='bbox 2371 4007 2464 4061; x_wconf 86' lang='grc' dir='ltr'>τοῦ</span> <span class='ocrx_word' id='word_1_931' title='bbox 2503 4005 2896 4076; x_wconf 85' lang='grc' dir='ltr'>στεφανοῦσθαι</span> <span class='ocrx_word' id='word_1_932' title='bbox 2930 4005 3213 4075; x_wconf 90' lang='grc' dir='ltr'>μέλλοντος</span> <span class='ocrx_word' id='word_1_933' title='bbox 3251 4006 3346 4059; x_wconf 74' lang='grc' dir='ltr'>καὶ</span> <span class='ocrx_word' id='word_1_934' title='bbox 3376 4004 3769 4059; x_wconf 85' lang='grc' dir='ltr'>ἀναπαύεσθαι.</span> 
     </span>
    </p>
   </div>
   <div class='ocr_carea' id='block_1_112' title="bbox 2100 4085 3774 4164">
    <p class='ocr_par' dir='ltr' id='par_1_112' title="bbox 2100 4085 3774 4164">
     <span class='ocr_line' id='line_1_112' title="bbox 2100 4085 3774 4164; baseline -0.006 -18"><span class='ocrx_word' id='word_1_935' title='bbox 2100 4093 2212 4146; x_wconf 81' lang='lat' dir='ltr'>Kal</span> <span class='ocrx_word' id='word_1_936' title='bbox 2240 4091 2350 4164; x_wconf 82' lang='lat'>7&amp;9</span> <span class='ocrx_word' id='word_1_937' title='bbox 2394 4091 2558 4162; x_wconf 76' lang='grc' dir='ltr'>λιμὴν</span> <span class='ocrx_word' id='word_1_938' title='bbox 2597 4090 2771 4152; x_wconf 81' lang='grc' dir='ltr'>εὐδιος</span> <span class='ocrx_word' id='word_1_939' title='bbox 2817 4092 2846 4143; x_wconf 89' lang='lat'>6</span> <span class='ocrx_word' id='word_1_940' title='bbox 2891 4089 3144 4152; x_wconf 86' lang='grc' dir='ltr'>θάνατος.</span> <span class='ocrx_word' id='word_1_941' title='bbox 3194 4088 3392 4142; x_wconf 88' lang='grc' dir='ltr'>Σκόπει</span> <span class='ocrx_word' id='word_1_942' title='bbox 3432 4085 3562 4156; x_wconf 87' lang='grc' dir='ltr'>γοῦν</span> <span class='ocrx_word' id='word_1_943' title='bbox 3595 4087 3774 4139; x_wconf 84' lang='grc' dir='ltr'>πόσων</span> 
     </span>
    </p>
   </div>
   <div class='ocr_carea' id='block_1_113' title="bbox 2099 4169 3774 4245">
    <p class='ocr_par' dir='ltr' id='par_1_113' title="bbox 2099 4169 3774 4245">
     <span class='ocr_line' id='line_1_113' title="bbox 2099 4169 3774 4245; baseline -0.005 -17"><span class='ocrx_word' id='word_1_944' title='bbox 2099 4175 2261 4245; x_wconf 90' lang='grc' dir='ltr'>γέμει</span> <span class='ocrx_word' id='word_1_945' title='bbox 2307 4172 2494 4229; x_wconf 83' lang='grc' dir='ltr'>κακῶν</span> <span class='ocrx_word' id='word_1_946' title='bbox 2543 4173 2573 4225; x_wconf 91' lang='lat'>6</span> <span class='ocrx_word' id='word_1_947' title='bbox 2632 4172 2820 4242; x_wconf 88' lang='grc' dir='ltr'>παρὼν</span> <span class='ocrx_word' id='word_1_948' title='bbox 2873 4171 3005 4242; x_wconf 76' lang='grc' dir='ltr'>βίοςο</span> <span class='ocrx_word' id='word_1_949' title='bbox 3041 4173 3295 4241; x_wconf 85' lang='grc' dir='ltr'>ἐννόησον</span> <span class='ocrx_word' id='word_1_950' title='bbox 3337 4171 3569 4233; x_wconf 87' lang='grc' dir='ltr'>ποσάκις</span> <span class='ocrx_word' id='word_1_951' title='bbox 3616 4169 3774 4231; x_wconf 79' lang='grc' dir='ltr'>αὐτὸς</span> 
     </span>
    </p>
   </div>
   <div class='ocr_carea' id='block_1_114' title="bbox 2101 4253 3774 4329">
    <p class='ocr_par' dir='ltr' id='par_1_114' title="bbox 2101 4253 3774 4329">
     <span class='ocr_line' id='line_1_114' title="bbox 2101 4253 3774 4329; baseline -0.002 -19"><span class='ocrx_word' id='word_1_952' title='bbox 2101 4259 2398 4329; x_wconf 86' lang='grc' dir='ltr'>κατηράσω</span> <span class='ocrx_word' id='word_1_953' title='bbox 2425 4257 2523 4327; x_wconf 84' lang='grc' dir='ltr'>τὴν</span> <span class='ocrx_word' id='word_1_954' title='bbox 2557 4257 2838 4328; x_wconf 83' lang='grc' dir='ltr'>παροῦσαν</span> <span class='ocrx_word' id='word_1_955' title='bbox 2874 4256 3041 4326; x_wconf 76' lang='grc' dir='ltr'>ζωήν.</span> <span class='ocrx_word' id='word_1_956' title='bbox 3088 4256 3195 4308; x_wconf 84' lang='lat' dir='ltr'>Kal</span> <span class='ocrx_word' id='word_1_957' title='bbox 3226 4254 3334 4325; x_wconf 91' lang='lat'>7&amp;9</span> <span class='ocrx_word' id='word_1_958' title='bbox 3367 4255 3460 4308; x_wconf 72' lang='grc' dir='ltr'>ἐπὶ</span> <span class='ocrx_word' id='word_1_959' title='bbox 3493 4253 3556 4306; x_wconf 80' lang='grc' dir='ltr'>τὺ</span> <span class='ocrx_word' id='word_1_960' title='bbox 3595 4256 3774 4324; x_wconf 83' lang='grc' dir='ltr'>χεῖρον</span> 
     </span>
    </p>
   </div>
   <div class='ocr_carea' id='block_1_115' title="bbox 2102 4336 3773 4412">
    <p class='ocr_par' dir='ltr' id='par_1_115' title="bbox 2102 4336 3773 4412">
     <span class='ocr_line' id='line_1_115' title="bbox 2102 4336 3773 4412; baseline -0.004 -19"><span class='ocrx_word' id='word_1_961' title='bbox 2102 4339 2174 4394; x_wconf 88' lang='grc' dir='ltr'>τά</span> <span class='ocrx_word' id='word_1_962' title='bbox 2215 4342 2516 4412; x_wconf 88' lang='grc' dir='ltr'>πράγματα</span> <span class='ocrx_word' id='word_1_963' title='bbox 2544 4340 2788 4410; x_wconf 88' lang='grc' dir='ltr'>πρόεισι,</span> <span class='ocrx_word' id='word_1_964' title='bbox 2832 4340 2926 4392; x_wconf 71' lang='grc' dir='ltr'>καὶ</span> <span class='ocrx_word' id='word_1_965' title='bbox 2960 4337 3020 4402; x_wconf 81' lang='grc' dir='ltr'>ἐξ</span> <span class='ocrx_word' id='word_1_966' title='bbox 3048 4338 3222 4408; x_wconf 83' lang='grc' dir='ltr'>ἀρχῆς</span> <span class='ocrx_word' id='word_1_967' title='bbox 3246 4336 3301 4389; x_wconf 88' lang='grc' dir='ltr'>δέ</span> <span class='ocrx_word' id='word_1_968' title='bbox 3339 4337 3400 4388; x_wconf 89' lang='grc' dir='ltr'>οὐ</span> <span class='ocrx_word' id='word_1_969' title='bbox 3438 4337 3610 4407; x_wconf 82' lang='grc' dir='ltr'>μικρᾷ</span> <span class='ocrx_word' id='word_1_970' title='bbox 3658 4352 3773 4388; x_wconf 86' lang='grc' dir='ltr'>συν-</span> 
     </span>
    </p>
   </div>
   <div class='ocr_carea' id='block_1_116' title="bbox 2103 4419 3770 4494">
    <p class='ocr_par' dir='ltr' id='par_1_116' title="bbox 2103 4419 3770 4494">
     <span class='ocr_line' id='line_1_116' title="bbox 2103 4419 3770 4494; baseline -0.004 -18"><span class='ocrx_word' id='word_1_971' title='bbox 2103 4420 2420 4494; x_wconf 82' lang='grc' dir='ltr'>εκληρώθης</span> <span class='ocrx_word' id='word_1_972' title='bbox 2435 4421 2720 4492; x_wconf 81' lang='grc' dir='ltr'>καταδίκῃ.</span> <span class='ocrx_word' id='word_1_973' title='bbox 2739 4422 2841 4476; x_wconf 84' lang='grc' dir='ltr'>Ἑν</span> <span class='ocrx_word' id='word_1_974' title='bbox 2859 4420 2967 4492; x_wconf 85' lang='grc' dir='ltr'>γὰρ</span> <span class='ocrx_word' id='word_1_975' title='bbox 2986 4421 3208 4485; x_wconf 74' lang='grc' dir='ltr'>,λύπαις</span> <span class='ocrx_word' id='word_1_976' title='bbox 3232 4419 3370 4487; x_wconf 82' lang='grc' dir='ltr'>τέξῃ</span> <span class='ocrx_word' id='word_1_977' title='bbox 3396 4419 3590 4484; x_wconf 80' lang='grc' dir='ltr'>τέκνα,</span> <span class='ocrx_word' id='word_1_978' title='bbox 3621 4419 3770 4488; x_wconf 75' lang='grc' dir='ltr'>φησί’</span> 
     </span>
    </p>
   </div>
   <div class='ocr_carea' id='block_1_117' title="bbox 2103 4501 3774 4572">
    <p class='ocr_par' dir='ltr' id='par_1_117' title="bbox 2103 4501 3774 4572">
     <span class='ocr_line' id='line_1_117' title="bbox 2103 4501 3774 4572; baseline -0.004 -14"><span class='ocrx_word' id='word_1_979' title='bbox 2103 4506 2218 4570; x_wconf 73' lang='grc' dir='ltr'>καὶ,</span> <span class='ocrx_word' id='word_1_980' title='bbox 2285 4505 2388 4558; x_wconf 86' lang='grc' dir='ltr'>Ἐν</span> <span class='ocrx_word' id='word_1_981' title='bbox 2426 4501 2620 4571; x_wconf 70' lang='grc' dir='ltr'>ἱδρῶτι</span> <span class='ocrx_word' id='word_1_982' title='bbox 2652 4503 2755 4557; x_wconf 88' lang='grc' dir='ltr'>τοῦ</span> <span class='ocrx_word' id='word_1_983' title='bbox 2784 4503 3106 4571; x_wconf 79' lang='grc' dir='ltr'>προσώπου</span> <span class='ocrx_word' id='word_1_984' title='bbox 3135 4517 3252 4556; x_wconf 82' lang='grc' dir='ltr'>σου</span> <span class='ocrx_word' id='word_1_985' title='bbox 3273 4501 3432 4572; x_wconf 70' lang='grc' dir='ltr'>φάγῃ</span> <span class='ocrx_word' id='word_1_986' title='bbox 3467 4501 3574 4556; x_wconf 85' lang='grc' dir='ltr'>τὸν</span> <span class='ocrx_word' id='word_1_987' title='bbox 3595 4501 3774 4568; x_wconf 76' lang='grc' dir='ltr'>ἄρτον</span> 
     </span>
    </p>
   </div>
   <div class='ocr_carea' id='block_1_118' title="bbox 2104 4582 3775 4655">
    <p class='ocr_par' dir='ltr' id='par_1_118' title="bbox 2104 4582 3775 4655">
     <span class='ocr_line' id='line_1_118' title="bbox 2104 4582 3775 4655; baseline -0.005 -12"><span class='ocrx_word' id='word_1_988' title='bbox 2104 4601 2241 4643; x_wconf 74' lang='grc' dir='ltr'>σουο</span> <span class='ocrx_word' id='word_1_989' title='bbox 2275 4586 2391 4651; x_wconf 70' lang='grc' dir='ltr'>καὶ,</span> <span class='ocrx_word' id='word_1_990' title='bbox 2434 4586 2531 4638; x_wconf 85' lang='grc' dir='ltr'>Ἐν</span> <span class='ocrx_word' id='word_1_991' title='bbox 2552 4585 2632 4652; x_wconf 85' lang='grc' dir='ltr'>τῷ</span> <span class='ocrx_word' id='word_1_992' title='bbox 2673 4587 2879 4655; x_wconf 77' lang='grc' dir='ltr'>κόσμῳ</span> <span class='ocrx_word' id='word_1_993' title='bbox 2910 4586 3121 4654; x_wconf 74' lang='grc' dir='ltr'>θλῖψιν</span> <span class='ocrx_word' id='word_1_994' title='bbox 3143 4585 3330 4650; x_wconf 76' lang='grc' dir='ltr'>ἕξετε.</span> <span class='ocrx_word' id='word_1_995' title='bbox 3383 4583 3524 4638; x_wconf 82' lang='grc' dir='ltr'>Ἀλλ’</span> <span class='ocrx_word' id='word_1_996' title='bbox 3557 4584 3617 4637; x_wconf 89' lang='grc' dir='ltr'>οὐ</span> <span class='ocrx_word' id='word_1_997' title='bbox 3650 4582 3775 4652; x_wconf 75' lang='grc' dir='ltr'>περὶ</span> 
     </span>
    </p>
   </div>
   <div class='ocr_carea' id='block_1_119' title="bbox 2103 4666 3773 4740">
    <p class='ocr_par' dir='ltr' id='par_1_119' title="bbox 2103 4666 3773 4740">
     <span class='ocr_line' id='line_1_119' title="bbox 2103 4666 3773 4740; baseline -0.001 -17"><span class='ocrx_word' id='word_1_998' title='bbox 2103 4670 2212 4723; x_wconf 84' lang='grc' dir='ltr'>τῶν</span> <span class='ocrx_word' id='word_1_999' title='bbox 2242 4671 2359 4722; x_wconf 85' lang='grc' dir='ltr'>ἐκεῖ</span> <span class='ocrx_word' id='word_1_1000' title='bbox 2382 4667 2621 4722; x_wconf 85' lang='grc' dir='ltr'>τοιοῦτον</span> <span class='ocrx_word' id='word_1_1001' title='bbox 2653 4669 2802 4722; x_wconf 76' lang='grc' dir='ltr'>οὐδὲν</span> <span class='ocrx_word' id='word_1_1002' title='bbox 2829 4669 3066 4740; x_wconf 75' lang='grc' dir='ltr'>εἴρηται,</span> <span class='ocrx_word' id='word_1_1003' title='bbox 3103 4668 3239 4722; x_wconf 80' lang='grc' dir='ltr'>ἀλλά</span> <span class='ocrx_word' id='word_1_1004' title='bbox 3264 4666 3570 4721; x_wconf 87' lang='grc' dir='ltr'>τούναντίον</span> <span class='ocrx_word' id='word_1_1005' title='bbox 3607 4667 3773 4733; x_wconf 72' lang='grc' dir='ltr'>ἅπαν,</span> 
     </span>
    </p>
   </div>
   <div class='ocr_carea' id='block_1_120' title="bbox 2103 4750 3774 4822">
    <p class='ocr_par' dir='ltr' id='par_1_120' title="bbox 2103 4750 3774 4822">
     <span class='ocr_line' id='line_1_120' title="bbox 2103 4750 3774 4822; baseline -0.003 -14"><span class='ocrx_word' id='word_1_1006' title='bbox 2103 4755 2186 4808; x_wconf 76' lang='grc' dir='ltr'>ὅτι</span> <span class='ocrx_word' id='word_1_1007' title='bbox 2238 4754 2482 4822; x_wconf 80' lang='grc' dir='ltr'>Ἀπέδρα</span> <span class='ocrx_word' id='word_1_1008' title='bbox 2521 4754 2740 4820; x_wconf 81' lang='grc' dir='ltr'>ὀδύνη,</span> <span class='ocrx_word' id='word_1_1009' title='bbox 2787 4755 2984 4820; x_wconf 72' lang='grc' dir='ltr'>λύπη,</span> <span class='ocrx_word' id='word_1_1010' title='bbox 3029 4753 3128 4806; x_wconf 75' lang='grc' dir='ltr'>καί</span> <span class='ocrx_word' id='word_1_1011' title='bbox 3176 4752 3531 4820; x_wconf 72' lang='grc' dir='ltr'>στεναγμός·</span> <span class='ocrx_word' id='word_1_1012' title='bbox 3577 4751 3670 4804; x_wconf 77' lang='grc' dir='ltr'>καὶ</span> <span class='ocrx_word' id='word_1_1013' title='bbox 3695 4750 3774 4803; x_wconf 80' lang='grc' dir='ltr'>ὅτι</span> 
     </span>
    </p>
   </div>
   <div class='ocr_carea' id='block_1_121' title="bbox 2118 4833 3776 4904">
    <p class='ocr_par' dir='ltr' id='par_1_121' title="bbox 2118 4833 3776 4904">
     <span class='ocr_line' id='line_1_121' title="bbox 2118 4833 3776 4904; baseline -0.003 -13"><span class='ocrx_word' id='word_1_1014' title='bbox 2118 4837 2262 4891; x_wconf 78' lang='grc' dir='ltr'>Ἀπὸ</span> <span class='ocrx_word' id='word_1_1015' title='bbox 2295 4835 2608 4891; x_wconf 76' lang='grc' dir='ltr'>ἀνατολῶν</span> <span class='ocrx_word' id='word_1_1016' title='bbox 2647 4835 2744 4890; x_wconf 76' lang='grc' dir='ltr'>καὶ</span> <span class='ocrx_word' id='word_1_1017' title='bbox 2774 4835 3023 4904; x_wconf 81' lang='grc' dir='ltr'>δυσμῶν</span> <span class='ocrx_word' id='word_1_1018' title='bbox 3053 4834 3294 4902; x_wconf 79' lang='grc' dir='ltr'>ἥξουσι,</span> <span class='ocrx_word' id='word_1_1019' title='bbox 3329 4833 3427 4887; x_wconf 72' lang='grc' dir='ltr'>καὶ</span> <span class='ocrx_word' id='word_1_1020' title='bbox 3456 4833 3776 4902; x_wconf 69' lang='grc' dir='ltr'>ἀνακλιθή-</span> 
     </span>
    </p>
   </div>
   <div class='ocr_carea' id='block_1_122' title="bbox 2105 4917 3776 4988">
    <p class='ocr_par' dir='ltr' id='par_1_122' title="bbox 2105 4917 3776 4988">
     <span class='ocr_line' id='line_1_122' title="bbox 2105 4917 3776 4988; baseline -0.002 -15"><span class='ocrx_word' id='word_1_1021' title='bbox 2105 4935 2320 4974; x_wconf 81' lang='grc' dir='ltr'>σονται</span> <span class='ocrx_word' id='word_1_1022' title='bbox 2362 4921 2448 4984; x_wconf 79' lang='grc' dir='ltr'>εις</span> <span class='ocrx_word' id='word_1_1023' title='bbox 2491 4918 2633 4984; x_wconf 87' lang='grc' dir='ltr'>τοὺς</span> <span class='ocrx_word' id='word_1_1024' title='bbox 2661 4920 2932 4984; x_wconf 76' lang='grc' dir='ltr'>κόλπους</span> <span class='ocrx_word' id='word_1_1025' title='bbox 2973 4919 3249 4988; x_wconf 79' lang='grc' dir='ltr'>Ἀϐραὰμ,</span> <span class='ocrx_word' id='word_1_1026' title='bbox 3279 4918 3378 4973; x_wconf 65' lang='grc' dir='ltr'>καὶ</span> <span class='ocrx_word' id='word_1_1027' title='bbox 3420 4917 3650 4984; x_wconf 83' lang='grc' dir='ltr'>Ἰσαὰκ,</span> <span class='ocrx_word' id='word_1_1028' title='bbox 3679 4917 3776 4970; x_wconf 71' lang='grc' dir='ltr'>καὶ</span> 
     </span>
    </p>
   </div>
   <div class='ocr_carea' id='block_1_123' title="bbox 2119 4999 3777 5072">
    <p class='ocr_par' dir='ltr' id='par_1_123' title="bbox 2119 4999 3777 5072">
     <span class='ocr_line' id='line_1_123' title="bbox 2119 4999 3777 5072; baseline -0.004 -13"><span class='ocrx_word' id='word_1_1029' title='bbox 2119 5001 2331 5058; x_wconf 78' lang='grc' dir='ltr'>Ἰακὼϐ·</span> <span class='ocrx_word' id='word_1_1030' title='bbox 2385 5005 2480 5055; x_wconf 71' lang='grc' dir='ltr'>καὶ</span> <span class='ocrx_word' id='word_1_1031' title='bbox 2523 5003 2602 5055; x_wconf 83' lang='grc' dir='ltr'>ὅτι</span> <span class='ocrx_word' id='word_1_1032' title='bbox 2653 5002 2880 5071; x_wconf 87' lang='grc' dir='ltr'>νυμφὼν</span> <span class='ocrx_word' id='word_1_1033' title='bbox 2931 5002 2998 5055; x_wconf 88' lang='grc' dir='ltr'>τά</span> <span class='ocrx_word' id='word_1_1034' title='bbox 3056 5005 3173 5054; x_wconf 87' lang='grc' dir='ltr'>ἐκεῖ</span> <span class='ocrx_word' id='word_1_1035' title='bbox 3229 4999 3637 5072; x_wconf 73' lang='grc' dir='ltr'>πνευματικὸς,</span> <span class='ocrx_word' id='word_1_1036' title='bbox 3683 4999 3777 5052; x_wconf 84' lang='grc' dir='ltr'>καὶ</span> 
     </span>
    </p>
   </div>
   <div class='ocr_carea' id='block_1_124' title="bbox 2107 5081 3706 5156">
    <p class='ocr_par' dir='ltr' id='par_1_124' title="bbox 2107 5081 3706 5156">
     <span class='ocr_line' id='line_1_124' title="bbox 2107 5081 3706 5156; baseline -0.001 -18"><span class='ocrx_word' id='word_1_1037' title='bbox 2107 5084 2333 5156; x_wconf 73' lang='grc' dir='ltr'>φαιδραὶ</span> <span class='ocrx_word' id='word_1_1038' title='bbox 2359 5084 2663 5155; x_wconf 86' lang='grc' dir='ltr'>λαμπάδες,</span> <span class='ocrx_word' id='word_1_1039' title='bbox 2693 5085 2787 5137; x_wconf 71' lang='grc' dir='ltr'>καὶ</span> <span class='ocrx_word' id='word_1_1040' title='bbox 2820 5086 3146 5155; x_wconf 86' lang='grc' dir='ltr'>μετάστασις</span> <span class='ocrx_word' id='word_1_1041' title='bbox 3175 5085 3310 5156; x_wconf 84' lang='grc' dir='ltr'>πρὸς</span> <span class='ocrx_word' id='word_1_1042' title='bbox 3334 5083 3424 5138; x_wconf 79' lang='grc' dir='ltr'>τὸν</span> <span class='ocrx_word' id='word_1_1043' title='bbox 3457 5081 3706 5156; x_wconf 86' lang='grc' dir='ltr'>οὐρανόν.</span> 
     </span>
    </p>
   </div>
   <div class='ocr_carea' id='block_1_125' title="bbox 2173 5164 3777 5238">
    <p class='ocr_par' dir='ltr' id='par_1_125' title="bbox 2173 5164 3777 5238">
     <span class='ocr_line' id='line_1_125' title="bbox 2173 5164 3777 5238; baseline 0.002 -20"><span class='ocrx_word' id='word_1_1044' title='bbox 2173 5164 2218 5218; x_wconf 87' lang='grc' dir='ltr'>δ’</span> <span class='ocrx_word' id='word_1_1045' title='bbox 2224 5167 2287 5219; x_wconf 86' lang='grc' dir='ltr'>,Τ</span> <span class='ocrx_word' id='word_1_1046' title='bbox 2294 5167 2308 5220; x_wconf 94' lang='grc' dir='ltr'>ί</span> <span class='ocrx_word' id='word_1_1047' title='bbox 2324 5167 2504 5219; x_wconf 91' lang='grc' dir='ltr'>τοίνυν</span> <span class='ocrx_word' id='word_1_1048' title='bbox 2517 5168 2897 5236; x_wconf 83' lang='grc' dir='ltr'>καταισχύνεις</span> <span class='ocrx_word' id='word_1_1049' title='bbox 2915 5168 3004 5220; x_wconf 71' lang='grc' dir='ltr'>τὸν</span> <span class='ocrx_word' id='word_1_1050' title='bbox 3023 5166 3344 5233; x_wconf 83' lang='grc' dir='ltr'>άπελθόντα;</span> <span class='ocrx_word' id='word_1_1051' title='bbox 3360 5167 3413 5219; x_wconf 86' lang='grc' dir='ltr'>τί</span> <span class='ocrx_word' id='word_1_1052' title='bbox 3435 5165 3777 5238; x_wconf 58' lang='grc' dir='ltr'>παρασκευῶ</span> 
     </span>
    </p>
   </div>
   <div class='ocr_carea' id='block_1_126' title="bbox 2108 5247 3776 5322">
    <p class='ocr_par' dir='ltr' id='par_1_126' title="bbox 2108 5247 3776 5322">
     <span class='ocr_line' id='line_1_126' title="bbox 2108 5247 3776 5322; baseline 0.002 -22"><span class='ocrx_word' id='word_1_1053' title='bbox 2108 5247 2220 5312; x_wconf 64' lang='lat' dir='ltr'>zu;</span> <span class='ocrx_word' id='word_1_1054' title='bbox 2257 5250 2382 5312; x_wconf 83' lang='grc' dir='ltr'>τοὺς</span> <span class='ocrx_word' id='word_1_1055' title='bbox 2409 5249 2602 5313; x_wconf 80' lang='grc' dir='ltr'>ἄλλους</span> <span class='ocrx_word' id='word_1_1056' title='bbox 2641 5251 2931 5304; x_wconf 82' lang='grc' dir='ltr'>δεδοικέναι</span> <span class='ocrx_word' id='word_1_1057' title='bbox 2980 5253 3071 5304; x_wconf 74' lang='grc' dir='ltr'>καὶ</span> <span class='ocrx_word' id='word_1_1058' title='bbox 3111 5252 3333 5322; x_wconf 87' lang='grc' dir='ltr'>τρέμειν</span> <span class='ocrx_word' id='word_1_1059' title='bbox 3377 5249 3466 5305; x_wconf 81' lang='grc' dir='ltr'>τὸν</span> <span class='ocrx_word' id='word_1_1060' title='bbox 3516 5249 3776 5316; x_wconf 85' lang='grc' dir='ltr'>θάνατον;</span> 
     </span>
    </p>
   </div>
   <div class='ocr_carea' id='block_1_127' title="bbox 2107 5331 3776 5405">
    <p class='ocr_par' dir='ltr' id='par_1_127' title="bbox 2107 5331 3776 5405">
     <span class='ocr_line' id='line_1_127' title="bbox 2107 5331 3776 5405; baseline 0.001 -21"><span class='ocrx_word' id='word_1_1061' title='bbox 2107 5331 2160 5386; x_wconf 82' lang='grc' dir='ltr'>τί</span> <span class='ocrx_word' id='word_1_1062' title='bbox 2200 5335 2376 5395; x_wconf 87' lang='grc' dir='ltr'>ποιεῖς</span> <span class='ocrx_word' id='word_1_1063' title='bbox 2403 5332 2629 5396; x_wconf 79' lang='grc' dir='ltr'>πολλοὺς</span> <span class='ocrx_word' id='word_1_1064' title='bbox 2659 5338 2990 5405; x_wconf 85' lang='grc' dir='ltr'>κατηγορεῖν</span> <span class='ocrx_word' id='word_1_1065' title='bbox 3025 5335 3117 5387; x_wconf 86' lang='grc' dir='ltr'>τοῦ</span> <span class='ocrx_word' id='word_1_1066' title='bbox 3145 5335 3302 5400; x_wconf 82' lang='grc' dir='ltr'>Θεοῦ,</span> <span class='ocrx_word' id='word_1_1067' title='bbox 3329 5336 3405 5398; x_wconf 85' lang='grc' dir='ltr'>ὡς</span> <span class='ocrx_word' id='word_1_1068' title='bbox 3447 5334 3660 5404; x_wconf 85' lang='grc' dir='ltr'>μεγάλα</span> <span class='ocrx_word' id='word_1_1069' title='bbox 3685 5335 3776 5404; x_wconf 64' lang='grc' dir='ltr'>ἐρα</span> 
     </span>
    </p>
   </div>
   <div class='ocr_carea' id='block_1_128' title="bbox 2108 5415 3777 5490">
    <p class='ocr_par' dir='ltr' id='par_1_128' title="bbox 2108 5415 3777 5490">
     <span class='ocr_line' id='line_1_128' title="bbox 2108 5415 3777 5490; baseline 0.001 -22"><span class='ocrx_word' id='word_1_1070' title='bbox 2108 5415 2423 5486; x_wconf 85' lang='grc' dir='ltr'>γασαμένου</span> <span class='ocrx_word' id='word_1_1071' title='bbox 2467 5418 2645 5483; x_wconf 86' lang='grc' dir='ltr'>δεινά;</span> <span class='ocrx_word' id='word_1_1072' title='bbox 2691 5419 2891 5489; x_wconf 86' lang='grc' dir='ltr'>μᾶλλον</span> <span class='ocrx_word' id='word_1_1073' title='bbox 2945 5419 3001 5472; x_wconf 84' lang='grc' dir='ltr'>δὲ</span> <span class='ocrx_word' id='word_1_1074' title='bbox 3047 5419 3101 5471; x_wconf 90' lang='grc' dir='ltr'>τί</span> <span class='ocrx_word' id='word_1_1075' title='bbox 3148 5419 3286 5489; x_wconf 81' lang='grc' dir='ltr'>μετὰ</span> <span class='ocrx_word' id='word_1_1076' title='bbox 3323 5419 3498 5474; x_wconf 86' lang='grc' dir='ltr'>ταῦτα</span> <span class='ocrx_word' id='word_1_1077' title='bbox 3539 5418 3777 5490; x_wconf 82' lang='grc' dir='ltr'>πένητας</span> 
     </span>
    </p>
   </div>
   <div class='ocr_carea' id='block_1_129' title="bbox 2109 5499 3777 5572">
    <p class='ocr_par' dir='ltr' id='par_1_129' title="bbox 2109 5499 3777 5572">
     <span class='ocr_line' id='line_1_129' title="bbox 2109 5499 3777 5572; baseline 0.001 -19"><span class='ocrx_word' id='word_1_1078' title='bbox 2109 5499 2315 5564; x_wconf 87' lang='grc' dir='ltr'>καλεῖς,</span> <span class='ocrx_word' id='word_1_1079' title='bbox 2350 5501 2446 5554; x_wconf 76' lang='grc' dir='ltr'>καὶ</span> <span class='ocrx_word' id='word_1_1080' title='bbox 2477 5503 2816 5572; x_wconf 86' lang='grc' dir='ltr'>παρακαλεῖς</span> <span class='ocrx_word' id='word_1_1081' title='bbox 2847 5502 3027 5571; x_wconf 76' lang='grc' dir='ltr'>ἱερέας</span> <span class='ocrx_word' id='word_1_1082' title='bbox 3057 5501 3350 5570; x_wconf 78' lang='grc' dir='ltr'>εὐξασθαι;</span> <span class='ocrx_word' id='word_1_1083' title='bbox 3382 5503 3502 5559; x_wconf 80' lang='grc' dir='ltr'>Ἵνα</span> <span class='ocrx_word' id='word_1_1084' title='bbox 3545 5503 3626 5565; x_wconf 79' lang='grc' dir='ltr'>είς</span> <span class='ocrx_word' id='word_1_1085' title='bbox 3649 5501 3777 5555; x_wconf 83' lang='grc' dir='ltr'>ἀνά-</span> 
     </span>
    </p>
   </div>
   <div class='ocr_carea' id='block_1_130' title="bbox 2835 5631 3776 5704">
    <p class='ocr_par' dir='ltr' id='par_1_130' title="bbox 2835 5631 3776 5704">
     <span class='ocr_line' id='line_1_130' title="bbox 2835 5631 3776 5704; baseline 0.002 -18"><span class='ocrx_word' id='word_1_1086' title='bbox 2835 5633 2879 5664; x_wconf 78' lang='grc' dir='ltr'>’τ</span> <span class='ocrx_word' id='word_1_1087' title='bbox 2912 5631 3110 5704; x_wconf 76' lang='grc' dir='ltr'>ἄλλως]</span> <span class='ocrx_word' id='word_1_1088' title='bbox 3135 5633 3229 5704; x_wconf 69' lang='lat' dir='ltr'>Sic;</span> <span class='ocrx_word' id='word_1_1089' title='bbox 3255 5631 3318 5687; x_wconf 83' lang='grc' dir='ltr'>Β.</span> <span class='ocrx_word' id='word_1_1090' title='bbox 3350 5632 3416 5688; x_wconf 90' lang='lat' dir='ltr'>C.</span> <span class='ocrx_word' id='word_1_1091' title='bbox 3439 5631 3504 5704; x_wconf 17' lang='lat' dir='ltr'>AF.</span> <span class='ocrx_word' id='word_1_1092' title='bbox 3526 5632 3703 5704; x_wconf 66' lang='lat' dir='ltr'><strong><em>alilgr,</em></strong></span> <span class='ocrx_word' id='word_1_1093' title='bbox 3729 5643 3776 5704; x_wconf 70' lang='grc' dir='ltr'>τί</span> 
     </span>
    </p>
   </div>
   <div class='ocr_carea' id='block_1_131' title="bbox 2532 5701 3774 5773">
    <p class='ocr_par' dir='ltr' id='par_1_131' title="bbox 2532 5701 3774 5773">
     <span class='ocr_line' id='line_1_131' title="bbox 2532 5701 3774 5773; baseline 0.002 -21"><span class='ocrx_word' id='word_1_1094' title='bbox 2532 5703 2624 5754; x_wconf 72' lang='grc' dir='ltr'>ἐπὶ</span> <span class='ocrx_word' id='word_1_1095' title='bbox 2668 5702 2804 5756; x_wconf 85' lang='lat' dir='ltr'>Edd.</span> <span class='ocrx_word' id='word_1_1096' title='bbox 2878 5705 2926 5773; x_wconf 65' lang='grc' dir='ltr'>ξ’</span> <span class='ocrx_word' id='word_1_1097' title='bbox 2964 5701 3110 5773; x_wconf 74' lang='grc' dir='ltr'>ὁμοῦ</span> <span class='ocrx_word' id='word_1_1098' title='bbox 3141 5702 3235 5756; x_wconf 63' lang='grc' dir='ltr'>καὶ⁵</span> <span class='ocrx_word' id='word_1_1099' title='bbox 3267 5718 3377 5773; x_wconf 75' lang='lat' dir='ltr'>qm.</span> <span class='ocrx_word' id='word_1_1100' title='bbox 3401 5701 3774 5773; x_wconf 16' lang='lat' dir='ltr'>_7A.76y.067xal</span> 
     </span>
    </p>
   </div>
   <div class='ocr_carea' id='block_1_132' title="bbox 325 5766 1987 5842">
    <p class='ocr_par' dir='ltr' id='par_1_132' title="bbox 325 5766 1987 5842">
     <span class='ocr_line' id='line_1_132' title="bbox 325 5766 1987 5842; baseline 0 -22"><span class='ocrx_word' id='word_1_1101' title='bbox 325 5767 559 5842; x_wconf 73' lang='grc' dir='ltr'>δεικνὺς]</span> <span class='ocrx_word' id='word_1_1102' title='bbox 586 5766 705 5842; x_wconf 80' lang='grc' dir='ltr'>εἶτα</span> <span class='ocrx_word' id='word_1_1103' title='bbox 726 5766 1074 5842; x_wconf 33' lang='grc' dir='ltr'>δείκνυσι-Εί</span> <span class='ocrx_word' id='word_1_1104' title='bbox 1208 5767 1339 5842; x_wconf 51' lang='lat'>0.656</span> <span class='ocrx_word' id='word_1_1105' title='bbox 1373 5766 1746 5842; x_wconf 41' lang='grc' dir='ltr'>ΕᾶιΙηλοιπζιν]</span> <span class='ocrx_word' id='word_1_1106' title='bbox 1776 5767 1987 5842; x_wconf 40' lang='grc' dir='ltr'>αὐτὸν-Ι</span> 
     </span>
    </p>
   </div>
   <div class='ocr_carea' id='block_1_133' title="bbox 2105 5766 3774 5842">
    <p class='ocr_par' dir='ltr' id='par_1_133' title="bbox 2105 5766 3774 5842">
     <span class='ocr_line' id='line_1_133' title="bbox 2105 5766 3774 5842; baseline 0.002 -19"><span class='ocrx_word' id='word_1_1107' title='bbox 2105 5769 2153 5842; x_wconf 93' lang='lat'>&#39;._</span> <span class='ocrx_word' id='word_1_1108' title='bbox 2190 5770 2254 5842; x_wconf 16' lang='lat' dir='ltr'><strong>A’A‘</strong></span> <span class='ocrx_word' id='word_1_1109' title='bbox 2301 5766 2738 5842; x_wconf 74' lang='grc' dir='ltr'>παραγινομένου</span> <span class='ocrx_word' id='word_1_1110' title='bbox 2769 5773 2833 5826; x_wconf 84' lang='lat' dir='ltr'>A.</span> <span class='ocrx_word' id='word_1_1111' title='bbox 2959 5766 3018 5826; x_wconf 72' lang='grc' dir='ltr'>Π.</span> <span class='ocrx_word' id='word_1_1112' title='bbox 3055 5773 3117 5829; x_wconf 87' lang='lat' dir='ltr'>E.</span> <span class='ocrx_word' id='word_1_1113' title='bbox 3193 5774 3236 5804; x_wconf 81' lang='grc'><strong><em>³⁸</em></strong></span> <span class='ocrx_word' id='word_1_1114' title='bbox 3273 5771 3365 5827; x_wconf 89' lang='lat' dir='ltr'>Sic</span> <span class='ocrx_word' id='word_1_1115' title='bbox 3395 5771 3530 5827; x_wconf 78' lang='lat' dir='ltr'><strong>Edd.</strong></span> <span class='ocrx_word' id='word_1_1116' title='bbox 3551 5766 3774 5842; x_wconf 49' lang='lat' dir='ltr'>&#39;codiges</span> 
     </span>
    </p>
   </div>
   <div class='ocr_carea' id='block_1_134' title="bbox 330 5835 2500 5917">
    <p class='ocr_par' dir='ltr' id='par_1_134' title="bbox 330 5835 2500 5917">
     <span class='ocr_line' id='line_1_134' title="bbox 330 5835 2500 5917; baseline 0.001 -30"><span class='ocrx_word' id='word_1_1117' title='bbox 330 5835 652 5917; x_wconf 51' lang='grc' dir='ltr'>ἐκπλαγείη.</span> <span class='ocrx_word' id='word_1_1118' title='bbox 681 5907 705 5916; x_wconf 84' lang='lat'><strong>_</strong></span> <span class='ocrx_word' id='word_1_1119' title='bbox 733 5838 777 5917; x_wconf 36' lang='lat'>3‘3</span> <span class='ocrx_word' id='word_1_1120' title='bbox 807 5855 858 5890; x_wconf 92' lang='grc' dir='ltr'>τι</span> <span class='ocrx_word' id='word_1_1121' title='bbox 877 5837 1075 5917; x_wconf 60' lang='grc' dir='ltr'>πλέον]</span> <span class='ocrx_word' id='word_1_1122' title='bbox 1089 5837 1216 5917; x_wconf 63' lang='lat' dir='ltr'>_S_ip</span> <span class='ocrx_word' id='word_1_1123' title='bbox 1255 5835 1549 5917; x_wconf 58' lang='lat' dir='ltr'>E.__c:fl§ri_</span> <span class='ocrx_word' id='word_1_1124' title='bbox 1567 5835 1853 5917; x_wconf 47' lang='grc' dir='ltr'>μειζόνως.</span> <span class='ocrx_word' id='word_1_1125' title='bbox 1931 5839 1976 5875; x_wconf 73' lang='grc'>³⁸</span> <span class='ocrx_word' id='word_1_1126' title='bbox 1991 5837 2336 5917; x_wconf 41' lang='grc' dir='ltr'>,εἷπεὶλέγει</span> <span class='ocrx_word' id='word_1_1127' title='bbox 2368 5835 2500 5917; x_wconf 42' lang='lat' dir='ltr'>fidi.</span> 
     </span>
    </p>
   </div>
   <div class='ocr_carea' id='block_1_135' title="bbox 1313 5906 2800 6010">
    <p class='ocr_par' dir='ltr' id='par_1_135' title="bbox 1313 5906 2800 6010">
     <span class='ocr_line' id='line_1_135' title="bbox 1313 5906 2800 6010; baseline 0.004 -51"><span class='ocrx_word' id='word_1_1128' title='bbox 1313 5907 1354 5939; x_wconf 80' lang='grc'>³⁷</span> <span class='ocrx_word' id='word_1_1129' title='bbox 1397 5906 1480 6010; x_wconf 51' lang='lat' dir='ltr'>6v)</span> <span class='ocrx_word' id='word_1_1130' title='bbox 1521 5906 1596 5960; x_wconf 73' lang='grc' dir='ltr'>ὢν</span> <span class='ocrx_word' id='word_1_1131' title='bbox 1635 5907 1695 5960; x_wconf 85' lang='grc' dir='ltr'>Β.</span> <span class='ocrx_word' id='word_1_1132' title='bbox 1739 5906 1797 5960; x_wconf 83' lang='lat' dir='ltr'>6v</span> <span class='ocrx_word' id='word_1_1133' title='bbox 1838 5922 1949 5961; x_wconf 90' lang='lat' dir='ltr'>om.</span> <span class='ocrx_word' id='word_1_1134' title='bbox 1989 5909 2115 5964; x_wconf 76' lang='lat' dir='ltr'>Sav.</span> <span class='ocrx_word' id='word_1_1135' title='bbox 2147 5906 2283 5963; x_wconf 52' lang='lat' dir='ltr'>Ben;</span> <span class='ocrx_word' id='word_1_1136' title='bbox 2375 5911 2419 5941; x_wconf 78' lang='grc'>³⁸</span> <span class='ocrx_word' id='word_1_1137' title='bbox 2455 5910 2738 5964; x_wconf 80' lang='grc' dir='ltr'>ΗΘῘΚΟΝ.</span> <span class='ocrx_word' id='word_1_1138' title='bbox 2785 5914 2800 5928; x_wconf 74' lang='grc'><strong>“</strong></span> 
     </span>
     <span class='ocr_line' id='line_1_136' title="bbox 1313 5976 2800 6010; baseline 0 0"><span class='ocrx_word' id='word_1_1139' title='bbox 1313 5976 1340 6010; x_wconf 74' lang='grc' dir='ltr'>Γὶ</span> <span class='ocrx_word' id='word_1_1140' title='bbox 1484 5976 1922 6010; x_wconf 59' lang='grc' dir='ltr'>θλιλληιίυοιιηαηη</span> <span class='ocrx_word' id='word_1_1141' title='bbox 1973 5979 2086 6010; x_wconf 68' lang='lat' dir='ltr'>PAA</span> <span class='ocrx_word' id='word_1_1142' title='bbox 2147 5995 2181 6010; x_wconf 74' lang='grc' dir='ltr'>,ι</span> <span class='ocrx_word' id='word_1_1143' title='bbox 2249 5994 2281 6010; x_wconf 69' lang='grc' dir='ltr'><strong>η</strong></span> <span class='ocrx_word' id='word_1_1144' title='bbox 2341 5981 2403 6010; x_wconf 56' lang='grc'>..³.</span> <span class='ocrx_word' id='word_1_1145' title='bbox 2427 5980 2480 6010; x_wconf 64' lang='lat'>:1.</span> <span class='ocrx_word' id='word_1_1146' title='bbox 2518 5980 2800 6010; x_wconf 46' lang='grc' dir='ltr'>...τληηλρ</span> 
     </span>
    </p>
   </div>
   <div class='ocr_carea' id='block_1_136' title="bbox 1532 5977 3766 6054">
    <p class='ocr_par' dir='ltr' id='par_1_136' title="bbox 1532 5977 3766 6054">
     <span class='ocr_line' id='line_1_137' title="bbox 1532 5977 3766 6054; baseline 0.002 -23"><span class='ocrx_word' id='word_1_1147' title='bbox 1532 5977 1928 6049; x_wconf 80' lang='grc' dir='ltr'>διορθώσασθαι</span> <span class='ocrx_word' id='word_1_1148' title='bbox 1973 5979 2109 6038; x_wconf 81' lang='lat' dir='ltr'>Edd.</span> <span class='ocrx_word' id='word_1_1149' title='bbox 2147 5995 2199 6051; x_wconf 77' lang='grc' dir='ltr'>ρ.</span> <span class='ocrx_word' id='word_1_1150' title='bbox 2249 5994 2302 6050; x_wconf 86' lang='lat' dir='ltr'>p.</span> <span class='ocrx_word' id='word_1_1151' title='bbox 2341 5981 2403 6034; x_wconf 78' lang='grc' dir='ltr'>σύ</span> <span class='ocrx_word' id='word_1_1152' title='bbox 2427 5980 2480 6033; x_wconf 87' lang='grc' dir='ltr'>δὲ</span> <span class='ocrx_word' id='word_1_1153' title='bbox 2518 5980 2952 6050; x_wconf 79' lang='grc' dir='ltr'>φιλοσοφώτερος</span> <span class='ocrx_word' id='word_1_1154' title='bbox 2990 5984 3084 6039; x_wconf 79' lang='grc' dir='ltr'>καὶ</span> <span class='ocrx_word' id='word_1_1155' title='bbox 3135 5977 3491 6054; x_wconf 68' lang='grc' dir='ltr'>χρηστότερος</span> <span class='ocrx_word' id='word_1_1156' title='bbox 3535 5996 3587 6038; x_wconf 81' lang='grc' dir='ltr'>τ.</span> <span class='ocrx_word' id='word_1_1157' title='bbox 3620 5982 3672 6036; x_wconf 77' lang='grc' dir='ltr'>ἁ.</span> <span class='ocrx_word' id='word_1_1158' title='bbox 3707 5977 3766 6036; x_wconf 75' lang='lat' dir='ltr'>F.</span> 
     </span>
    </p>
   </div>
   <div class='ocr_carea' id='block_1_137' title="bbox 332 5907 464 5960">
    <p class='ocr_par' dir='ltr' id='par_1_137' title="bbox 332 5907 464 5960">
     <span class='ocr_line' id='line_1_138' title="bbox 332 5907 464 5960; baseline 0.015 -2"><span class='ocrx_word' id='word_1_1159' title='bbox 332 5907 464 5960; x_wconf 70' lang='lat' dir='ltr'>Ethl.</span> 
     </span>
    </p>
   </div>
   <div class='ocr_carea' id='block_1_138' title="bbox 571 5906 1220 5976">
    <p class='ocr_par' dir='ltr' id='par_1_138' title="bbox 571 5906 1220 5976">
     <span class='ocr_line' id='line_1_139' title="bbox 571 5906 1220 5976; baseline -0.002 -16"><span class='ocrx_word' id='word_1_1160' title='bbox 571 5909 617 5938; x_wconf 84' lang='grc'>⁸⁸</span> <span class='ocrx_word' id='word_1_1161' title='bbox 646 5906 766 5976; x_wconf 67' lang='grc' dir='ltr'>νῦν]</span> <span class='ocrx_word' id='word_1_1162' title='bbox 807 5908 900 5960; x_wconf 71' lang='grc' dir='ltr'>καὶ</span> <span class='ocrx_word' id='word_1_1163' title='bbox 949 5906 1220 5960; x_wconf 47' lang='grc' dir='ltr'>νῦν-ΕΜ.</span> 
     </span>
    </p>
   </div>
   <div class='ocr_carea' id='block_1_139' title="bbox 329 5975 798 6044">
    <p class='ocr_par' dir='ltr' id='par_1_139' title="bbox 329 5975 798 6044">
     <span class='ocr_line' id='line_1_140' title="bbox 329 5975 798 6044; baseline 0.002 -15"><span class='ocrx_word' id='word_1_1164' title='bbox 329 5975 681 6044; x_wconf 84' lang='grc' dir='ltr'>λευτηκότας.</span> <span class='ocrx_word' id='word_1_1165' title='bbox 733 5975 773 6029; x_wconf 80' lang='grc' dir='ltr'>Λ</span> <span class='ocrx_word' id='word_1_1166' title='bbox 785 6016 798 6030; x_wconf 94' lang='grc'>.</span> 
     </span>
    </p>
   </div>
   <div class='ocr_carea' id='block_1_140' title="bbox 902 5975 1361 6060">
    <p class='ocr_par' dir='ltr' id='par_1_140' title="bbox 902 5975 1361 6060">
     <span class='ocr_line' id='line_1_141' title="bbox 902 5975 1361 6060; baseline 0.009 -32"><span class='ocrx_word' id='word_1_1167' title='bbox 902 5976 945 6060; x_wconf 50' lang='grc' dir='ltr'>ξ’</span> <span class='ocrx_word' id='word_1_1168' title='bbox 981 5976 1173 6040; x_wconf 89' lang='grc' dir='ltr'>πένθος</span> <span class='ocrx_word' id='word_1_1169' title='bbox 1199 5975 1260 6032; x_wconf 88' lang='lat' dir='ltr'>C.</span> <span class='ocrx_word' id='word_1_1170' title='bbox 1298 5976 1361 6032; x_wconf 93' lang='lat' dir='ltr'>D.</span> 
     </span>
    </p>
   </div>
   <div class='ocr_carea' id='block_1_141' title="bbox 2601 5840 3774 5928">
    <p class='ocr_par' dir='ltr' id='par_1_141' title="bbox 2601 5840 3774 5928">
     <span class='ocr_line' id='line_1_142' title="bbox 2601 5840 3774 5928; baseline 0.001 -34"><span class='ocrx_word' id='word_1_1171' title='bbox 2601 5840 2952 5928; x_wconf 41' lang='grc' dir='ltr'>’παιδεύων</span> <span class='ocrx_word' id='word_1_1172' title='bbox 2992 5842 3216 5928; x_wconf 45' lang='lat' dir='ltr'>.Sav‘1</span> <span class='ocrx_word' id='word_1_1173' title='bbox 3249 5858 3302 5912; x_wconf 78' lang='grc' dir='ltr'>ι).</span> <span class='ocrx_word' id='word_1_1174' title='bbox 3355 5857 3409 5928; x_wconf 72' lang='grc' dir='ltr'>ρ.</span> <span class='ocrx_word' id='word_1_1175' title='bbox 3455 5841 3594 5925; x_wconf 40' lang='grc' dir='ltr'>με.τά</span> <span class='ocrx_word' id='word_1_1176' title='bbox 3625 5840 3774 5896; x_wconf 87' lang='grc' dir='ltr'>τοῦτο</span> 
     </span>
    </p>
   </div>
   <div class='ocr_carea' id='block_1_142' title="bbox 2375 5910 3772 5984">
    <p class='ocr_par' dir='ltr' id='par_1_142' title="bbox 2375 5910 3772 5984">
     <span class='ocr_line' id='line_1_143' title="bbox 2375 5910 3772 5984; baseline -0.001 -21"><span class='ocrx_word' id='word_1_1177' title='bbox 2375 5910 2738 5984; x_wconf 24' lang='grc' dir='ltr'>ξεμξΙΘῘΚΟΝ.</span> <span class='ocrx_word' id='word_1_1178' title='bbox 2769 5914 2905 5984; x_wconf 39' lang='grc' dir='ltr'>-Ὅτι</span> <span class='ocrx_word' id='word_1_1179' title='bbox 2957 5915 3020 5966; x_wconf 89' lang='grc' dir='ltr'>οὐ</span> <span class='ocrx_word' id='word_1_1180' title='bbox 3066 5914 3148 5967; x_wconf 89' lang='grc' dir='ltr'>δεῖ</span> <span class='ocrx_word' id='word_1_1181' title='bbox 3189 5910 3405 5984; x_wconf 80' lang='grc' dir='ltr'>θρηνεῖν</span> <span class='ocrx_word' id='word_1_1182' title='bbox 3455 5910 3580 5974; x_wconf 78' lang='grc' dir='ltr'>τούς</span> <span class='ocrx_word' id='word_1_1183' title='bbox 3628 5927 3772 5984; x_wconf 62' lang='grc' dir='ltr'>τετε-</span> 
     </span>
    </p>
   </div>
  </div>
