  <div class='ocr_page' id='page_1' title='image "/cluster/home/n/w/nwhite01/storage/ocr_20150623/57:no.7:pt.1/coo.31924054869577/302.png"; bbox 0 0 2018 3239; ppageno 0'>
   <div class='ocr_carea' id='block_1_1' title="bbox 220 203 271 229">
    <p class='ocr_par' dir='ltr' id='par_1_1' title="bbox 220 203 271 229">
     <span class='ocr_line' id='line_1_1' title="bbox 220 203 271 229; baseline 0.039 -2"><span class='ocrx_word' id='word_1_1' title='bbox 220 203 271 229; x_wconf 58' lang='grc' dir='ltr'><strong>τις</strong></span> 
     </span>
    </p>
   </div>
   <div class='ocr_carea' id='block_1_2' title="bbox 221 255 1017 292">
    <p class='ocr_par' dir='ltr' id='par_1_2' title="bbox 221 255 1017 292">
     <span class='ocr_line' id='line_1_2' title="bbox 221 255 1017 292; baseline 0 -7"><span class='ocrx_word' id='word_1_2' title='bbox 221 267 290 285; x_wconf 80' lang='lat' dir='ltr'><strong>eum.</strong></span> <span class='ocrx_word' id='word_1_3' title='bbox 306 257 419 286; x_wconf 86' lang='lat' dir='ltr'><strong>Pulchra</strong></span> <span class='ocrx_word' id='word_1_4' title='bbox 434 261 508 284; x_wconf 82' lang='lat' dir='ltr'><strong>certe</strong></span> <span class='ocrx_word' id='word_1_5' title='bbox 531 255 803 292; x_wconf 76' lang='lat' dir='ltr'><strong>arcliisynagogorum</strong></span> <span class='ocrx_word' id='word_1_6' title='bbox 827 256 923 284; x_wconf 88' lang='lat' dir='ltr'><strong>indicia</strong></span> <span class='ocrx_word' id='word_1_7' title='bbox 934 278 942 289; x_wconf 89' lang='lat'><strong>,</strong></span> <span class='ocrx_word' id='word_1_8' title='bbox 957 264 1017 285; x_wconf 93' lang='lat' dir='ltr'><strong>cum</strong></span> 
     </span>
    </p>
   </div>
   <div class='ocr_carea' id='block_1_3' title="bbox 222 301 1016 338">
    <p class='ocr_par' dir='ltr' id='par_1_3' title="bbox 222 301 1016 338">
     <span class='ocr_line' id='line_1_3' title="bbox 222 301 1016 338; baseline -0.001 -7"><span class='ocrx_word' id='word_1_9' title='bbox 222 310 284 338; x_wconf 73' lang='lat' dir='ltr'><strong>post</strong></span> <span class='ocrx_word' id='word_1_10' title='bbox 296 309 411 330; x_wconf 84' lang='lat' dir='ltr'><strong>mortem</strong></span> <span class='ocrx_word' id='word_1_11' title='bbox 427 302 497 330; x_wconf 69' lang='lat' dir='ltr'><strong>tibia:</strong></span> <span class='ocrx_word' id='word_1_12' title='bbox 512 306 538 329; x_wconf 89' lang='lat' dir='ltr'><strong>et</strong></span> <span class='ocrx_word' id='word_1_13' title='bbox 563 301 683 338; x_wconf 86' lang='lat' dir='ltr'><strong>cymbala</strong></span> <span class='ocrx_word' id='word_1_14' title='bbox 699 302 731 329; x_wconf 86' lang='lat' dir='ltr'><strong>ad</strong></span> <span class='ocrx_word' id='word_1_15' title='bbox 748 302 838 329; x_wconf 71' lang='lat' dir='ltr'><strong>“enim</strong></span> <span class='ocrx_word' id='word_1_16' title='bbox 866 307 1016 331; x_wconf 74' lang='lat' dir='ltr'><strong>moverent.</strong></span> 
     </span>
    </p>
   </div>
   <div class='ocr_carea' id='block_1_4' title="bbox 221 347 1018 384">
    <p class='ocr_par' dir='ltr' id='par_1_4' title="bbox 221 347 1018 384">
     <span class='ocr_line' id='line_1_4' title="bbox 221 347 1018 384; baseline -0.001 -8"><span class='ocrx_word' id='word_1_17' title='bbox 221 350 290 383; x_wconf 85' lang='lat' dir='ltr'><strong>Quid</strong></span> <span class='ocrx_word' id='word_1_18' title='bbox 307 349 387 384; x_wconf 86' lang='lat' dir='ltr'><strong>igitur</strong></span> <span class='ocrx_word' id='word_1_19' title='bbox 399 348 543 375; x_wconf 73' lang='lat' dir='ltr'><strong>Christus?</strong></span> <span class='ocrx_word' id='word_1_20' title='bbox 560 348 633 375; x_wconf 78' lang='lat' dir='ltr'><strong>Alios</strong></span> <span class='ocrx_word' id='word_1_21' title='bbox 648 355 743 375; x_wconf 89' lang='lat' dir='ltr'><strong>omnes</strong></span> <span class='ocrx_word' id='word_1_22' title='bbox 756 347 874 381; x_wconf 84' lang='lat' dir='ltr'><strong>expulit,</strong></span> <span class='ocrx_word' id='word_1_23' title='bbox 893 353 1018 382; x_wconf 87' lang='lat' dir='ltr'><strong>parentes</strong></span> 
     </span>
    </p>
   </div>
   <div class='ocr_carea' id='block_1_5' title="bbox 222 393 1019 427">
    <p class='ocr_par' dir='ltr' id='par_1_5' title="bbox 222 393 1019 427">
     <span class='ocr_line' id='line_1_5' title="bbox 222 393 1019 427; baseline -0.003 -5"><span class='ocrx_word' id='word_1_24' title='bbox 222 399 313 422; x_wconf 84' lang='lat' dir='ltr'><strong>autem</strong></span> <span class='ocrx_word' id='word_1_25' title='bbox 325 394 480 423; x_wconf 86' lang='lat' dir='ltr'><strong>introduxit.</strong></span> <span class='ocrx_word' id='word_1_26' title='bbox 496 401 528 420; x_wconf 91' lang='lat' dir='ltr'><strong>ne</strong></span> <span class='ocrx_word' id='word_1_27' title='bbox 543 393 596 420; x_wconf 84' lang='lat' dir='ltr'><strong>dici</strong></span> <span class='ocrx_word' id='word_1_28' title='bbox 614 398 705 427; x_wconf 82' lang='lat' dir='ltr'><strong>posset</strong></span> <span class='ocrx_word' id='word_1_29' title='bbox 718 393 799 420; x_wconf 89' lang='lat' dir='ltr'><strong>alium</strong></span> <span class='ocrx_word' id='word_1_30' title='bbox 816 393 953 420; x_wconf 77' lang='lat' dir='ltr'><strong>curavisse</strong></span> <span class='ocrx_word' id='word_1_31' title='bbox 970 402 976 420; x_wconf 88' lang='lat'>:</span> <span class='ocrx_word' id='word_1_32' title='bbox 992 397 1019 420; x_wconf 86' lang='lat' dir='ltr'><strong>et</strong></span> 
     </span>
    </p>
   </div>
   <div class='ocr_carea' id='block_1_6' title="bbox 222 440 1016 476">
    <p class='ocr_par' dir='ltr' id='par_1_6' title="bbox 222 440 1016 476">
     <span class='ocr_line' id='line_1_6' title="bbox 222 440 1016 476; baseline -0.004 -7"><span class='ocrx_word' id='word_1_33' title='bbox 222 447 363 476; x_wconf 87' lang='lat' dir='ltr'><strong>antequam</strong></span> <span class='ocrx_word' id='word_1_34' title='bbox 380 441 502 472; x_wconf 72' lang='lat' dir='ltr'><strong>suscitet,</strong></span> <span class='ocrx_word' id='word_1_35' title='bbox 519 448 583 467; x_wconf 86' lang='lat' dir='ltr'><strong>voce</strong></span> <span class='ocrx_word' id='word_1_36' title='bbox 596 440 659 466; x_wconf 90' lang='lat' dir='ltr'><strong>illud</strong></span> <span class='ocrx_word' id='word_1_37' title='bbox 672 440 764 470; x_wconf 77' lang='lat' dir='ltr'><strong>efficit.</strong></span> <span class='ocrx_word' id='word_1_38' title='bbox 781 448 840 466; x_wconf 91' lang='lat' dir='ltr'><strong>cum</strong></span> <span class='ocrx_word' id='word_1_39' title='bbox 854 440 899 472; x_wconf 81' lang='lat' dir='ltr'><strong>ait,</strong></span> <span class='ocrx_word' id='word_1_40' title='bbox 913 440 971 466; x_wconf 74' lang='lat' dir='ltr'><strong>Non</strong></span> <span class='ocrx_word' id='word_1_41' title='bbox 982 445 1016 466; x_wconf 73' lang='lat' dir='ltr'><strong>cst</strong></span> 
     </span>
    </p>
   </div>
   <div class='ocr_carea' id='block_1_7' title="bbox 221 486 1016 521">
    <p class='ocr_par' dir='ltr' id='par_1_7' title="bbox 221 486 1016 521">
     <span class='ocr_line' id='line_1_7' title="bbox 221 486 1016 521; baseline -0.004 -7"><span class='ocrx_word' id='word_1_42' title='bbox 221 493 321 514; x_wconf 86' lang='lat' dir='ltr'><strong>mortua</strong></span> <span class='ocrx_word' id='word_1_43' title='bbox 332 488 428 521; x_wconf 70' lang='lat' dir='ltr'><strong>pur/lu,</strong></span> <span class='ocrx_word' id='word_1_44' title='bbox 447 486 490 512; x_wconf 83' lang='lat' dir='ltr'><strong>sed</strong></span> <span class='ocrx_word' id='word_1_45' title='bbox 507 486 610 512; x_wconf 79' lang='lat' dir='ltr'><strong>dormit.</strong></span> <span class='ocrx_word' id='word_1_46' title='bbox 625 486 712 512; x_wconf 82' lang='lat' dir='ltr'><strong>Multis</strong></span> <span class='ocrx_word' id='word_1_47' title='bbox 723 493 828 520; x_wconf 90' lang='lat' dir='ltr'><strong>quoque</strong></span> <span class='ocrx_word' id='word_1_48' title='bbox 842 486 936 511; x_wconf 78' lang='lat' dir='ltr'><strong>aliisin</strong></span> <span class='ocrx_word' id='word_1_49' title='bbox 952 486 1016 512; x_wconf 87' lang='lat' dir='ltr'><strong>locis</strong></span> 
     </span>
    </p>
   </div>
   <div class='ocr_carea' id='block_1_8' title="bbox 221 532 1017 566">
    <p class='ocr_par' dir='ltr' id='par_1_8' title="bbox 221 532 1017 566">
     <span class='ocr_line' id='line_1_8' title="bbox 221 532 1017 566; baseline -0.004 -6"><span class='ocrx_word' id='word_1_50' title='bbox 221 535 273 560; x_wconf 86' lang='lat' dir='ltr'><strong>hoc</strong></span> <span class='ocrx_word' id='word_1_51' title='bbox 289 533 350 560; x_wconf 82' lang='lat' dir='ltr'><strong>facit</strong></span> <span class='ocrx_word' id='word_1_52' title='bbox 364 541 411 559; x_wconf 92' lang='lat' dir='ltr'><strong>:ac</strong></span> <span class='ocrx_word' id='word_1_53' title='bbox 426 534 495 559; x_wconf 79' lang='lat' dir='ltr'><strong>sicut</strong></span> <span class='ocrx_word' id='word_1_54' title='bbox 518 533 543 558; x_wconf 85' lang='lat' dir='ltr'><strong>in</strong></span> <span class='ocrx_word' id='word_1_55' title='bbox 558 533 624 558; x_wconf 87' lang='lat' dir='ltr'><strong>mari</strong></span> <span class='ocrx_word' id='word_1_56' title='bbox 641 532 754 566; x_wconf 90' lang='lat' dir='ltr'><strong>primum</strong></span> <span class='ocrx_word' id='word_1_57' title='bbox 768 532 912 566; x_wconf 74' lang='lat' dir='ltr'><strong>discipulos</strong></span> <span class='ocrx_word' id='word_1_58' title='bbox 930 532 1017 557; x_wconf 84' lang='lat' dir='ltr'><strong>incre-</strong></span> 
     </span>
    </p>
   </div>
   <div class='ocr_carea' id='block_1_9' title="bbox 222 578 1018 615">
    <p class='ocr_par' dir='ltr' id='par_1_9' title="bbox 222 578 1018 615">
     <span class='ocr_line' id='line_1_9' title="bbox 222 578 1018 615; baseline -0.004 -9"><span class='ocrx_word' id='word_1_59' title='bbox 222 581 294 615; x_wconf 68' lang='lat' dir='ltr'><strong>pavit</strong></span> <span class='ocrx_word' id='word_1_60' title='bbox 308 591 314 607; x_wconf 84' lang='lat'><strong>:</strong></span> <span class='ocrx_word' id='word_1_61' title='bbox 329 580 367 606; x_wconf 88' lang='lat' dir='ltr'><strong>sic</strong></span> <span class='ocrx_word' id='word_1_62' title='bbox 383 584 409 605; x_wconf 80' lang='lat' dir='ltr'><strong>et</strong></span> <span class='ocrx_word' id='word_1_63' title='bbox 431 579 482 605; x_wconf 90' lang='lat' dir='ltr'><strong>hoc</strong></span> <span class='ocrx_word' id='word_1_64' title='bbox 497 578 555 604; x_wconf 88' lang='lat' dir='ltr'><strong>loco</strong></span> <span class='ocrx_word' id='word_1_65' title='bbox 573 586 605 605; x_wconf 88' lang='lat' dir='ltr'><strong>ex</strong></span> <span class='ocrx_word' id='word_1_66' title='bbox 624 578 794 612; x_wconf 62' lang='lat' dir='ltr'><strong>praiseutium</strong></span> <span class='ocrx_word' id='word_1_67' title='bbox 807 578 940 603; x_wconf 81' lang='lat' dir='ltr'><strong>mentibus</strong></span> <span class='ocrx_word' id='word_1_68' title='bbox 958 585 1018 610; x_wconf 87' lang='lat' dir='ltr'><strong>pcr-</strong></span> 
     </span>
    </p>
   </div>
   <div class='ocr_carea' id='block_1_10' title="bbox 222 623 1016 659">
    <p class='ocr_par' dir='ltr' id='par_1_10' title="bbox 222 623 1016 659">
     <span class='ocr_line' id='line_1_10' title="bbox 222 623 1016 659; baseline -0.003 -7"><span class='ocrx_word' id='word_1_69' title='bbox 222 626 404 653; x_wconf 84' lang='lat' dir='ltr'><strong>turbatioaem</strong></span> <span class='ocrx_word' id='word_1_70' title='bbox 420 625 509 659; x_wconf 86' lang='lat' dir='ltr'><strong>ejicit,</strong></span> <span class='ocrx_word' id='word_1_71' title='bbox 534 624 612 650; x_wconf 84' lang='lat' dir='ltr'><strong>simul</strong></span> <span class='ocrx_word' id='word_1_72' title='bbox 629 624 784 655; x_wconf 82' lang='lat' dir='ltr'><strong>ostendens,</strong></span> <span class='ocrx_word' id='word_1_73' title='bbox 801 623 877 649; x_wconf 78' lang='lat' dir='ltr'><strong>facile</strong></span> <span class='ocrx_word' id='word_1_74' title='bbox 893 624 942 650; x_wconf 85' lang='lat' dir='ltr'><strong>sibi</strong></span> <span class='ocrx_word' id='word_1_75' title='bbox 957 631 1016 650; x_wconf 67' lang='lat' dir='ltr'><strong>esse</strong></span> 
     </span>
    </p>
   </div>
   <div class='ocr_carea' id='block_1_11' title="bbox 220 669 1014 706">
    <p class='ocr_par' dir='ltr' id='par_1_11' title="bbox 220 669 1014 706">
     <span class='ocr_line' id='line_1_11' title="bbox 220 669 1014 706; baseline -0.005 -7"><span class='ocrx_word' id='word_1_76' title='bbox 220 678 342 699; x_wconf 86' lang='lat' dir='ltr'><strong>mortuos</strong></span> <span class='ocrx_word' id='word_1_77' title='bbox 358 672 488 698; x_wconf 80' lang='lat' dir='ltr'><strong>suscitare</strong></span> <span class='ocrx_word' id='word_1_78' title='bbox 503 671 674 706; x_wconf 80' lang='lat' dir='ltr'><strong>(quodetiam</strong></span> <span class='ocrx_word' id='word_1_79' title='bbox 690 671 713 696; x_wconf 91' lang='lat' dir='ltr'><strong>in</strong></span> <span class='ocrx_word' id='word_1_80' title='bbox 727 670 825 696; x_wconf 72' lang='lat' dir='ltr'><strong>Lazaro</strong></span> <span class='ocrx_word' id='word_1_81' title='bbox 838 670 898 696; x_wconf 85' lang='lat' dir='ltr'><strong>fecit</strong></span> <span class='ocrx_word' id='word_1_82' title='bbox 912 669 1014 696; x_wconf 61' lang='lat' dir='ltr'><strong>dicens:</strong></span> 
     </span>
    </p>
   </div>
   <div class='ocr_carea' id='block_1_12' title="bbox 222 715 1017 751">
    <p class='ocr_par' dir='ltr' id='par_1_12' title="bbox 222 715 1017 751">
     <span class='ocr_line' id='line_1_12' title="bbox 222 715 1017 751; baseline -0.005 -6"><span class='ocrx_word' id='word_1_83' title='bbox 222 719 335 745; x_wconf 72' lang='lat' dir='ltr'><strong>Lazarus</strong></span> <span class='ocrx_word' id='word_1_84' title='bbox 350 719 445 744; x_wconf 79' lang='lat' dir='ltr'><strong>amicus</strong></span> <span class='ocrx_word' id='word_1_85' title='bbox 459 722 542 743; x_wconf 78' lang='lat' dir='ltr'><strong>noster</strong></span> <span class='ocrx_word' id='word_1_86' title='bbox 555 716 646 742; x_wconf 82' lang='lat' dir='ltr'><strong>dormit</strong></span> <span class='ocrx_word' id='word_1_87' title='bbox 656 716 745 751; x_wconf 78' lang='lat' dir='ltr'><strong>[.Ioan.</strong></span> <span class='ocrx_word' id='word_1_88' title='bbox 761 717 803 743; x_wconf 82' lang='grc'><strong>11.</strong></span> <span class='ocrx_word' id='word_1_89' title='bbox 821 715 886 750; x_wconf 68' lang='grc'><strong>11]),</strong></span> <span class='ocrx_word' id='word_1_90' title='bbox 903 723 952 741; x_wconf 85' lang='lat' dir='ltr'><strong>una</strong></span> <span class='ocrx_word' id='word_1_91' title='bbox 969 716 1017 741; x_wconf 83' lang='lat' dir='ltr'><strong>do-</strong></span> 
     </span>
    </p>
   </div>
   <div class='ocr_carea' id='block_1_13' title="bbox 219 762 1014 795">
    <p class='ocr_par' dir='ltr' id='par_1_13' title="bbox 219 762 1014 795">
     <span class='ocr_line' id='line_1_13' title="bbox 219 762 1014 795; baseline -0.006 -3"><span class='ocrx_word' id='word_1_92' title='bbox 219 773 284 792; x_wconf 88' lang='lat' dir='ltr'><strong>cens</strong></span> <span class='ocrx_word' id='word_1_93' title='bbox 300 773 352 791; x_wconf 87' lang='lat' dir='ltr'><strong>non</strong></span> <span class='ocrx_word' id='word_1_94' title='bbox 374 763 517 790; x_wconf 87' lang='lat' dir='ltr'><strong>timendam</strong></span> <span class='ocrx_word' id='word_1_95' title='bbox 540 770 600 788; x_wconf 79' lang='lat' dir='ltr'><strong>esse</strong></span> <span class='ocrx_word' id='word_1_96' title='bbox 624 768 736 788; x_wconf 92' lang='lat' dir='ltr'><strong>mortem</strong></span> <span class='ocrx_word' id='word_1_97' title='bbox 754 771 759 787; x_wconf 86' lang='lat'><strong>:</strong></span> <span class='ocrx_word' id='word_1_98' title='bbox 776 769 861 795; x_wconf 89' lang='lat' dir='ltr'><strong>neque</strong></span> <span class='ocrx_word' id='word_1_99' title='bbox 875 762 945 788; x_wconf 85' lang='lat' dir='ltr'><strong>enim</strong></span> <span class='ocrx_word' id='word_1_100' title='bbox 961 762 1014 795; x_wconf 90' lang='lat' dir='ltr'><strong>jam</strong></span> 
     </span>
    </p>
   </div>
   <div class='ocr_carea' id='block_1_14' title="bbox 219 808 1015 842">
    <p class='ocr_par' dir='ltr' id='par_1_14' title="bbox 219 808 1015 842">
     <span class='ocr_line' id='line_1_14' title="bbox 219 808 1015 842; baseline -0.006 -4"><span class='ocrx_word' id='word_1_101' title='bbox 219 819 281 838; x_wconf 88' lang='lat' dir='ltr'><strong>esse</strong></span> <span class='ocrx_word' id='word_1_102' title='bbox 297 815 420 840; x_wconf 84' lang='lat' dir='ltr'><strong>mortem,</strong></span> <span class='ocrx_word' id='word_1_103' title='bbox 437 809 482 835; x_wconf 86' lang='lat' dir='ltr'><strong>sed</strong></span> <span class='ocrx_word' id='word_1_104' title='bbox 499 816 633 835; x_wconf 84' lang='lat' dir='ltr'><strong>somnum.</strong></span> <span class='ocrx_word' id='word_1_105' title='bbox 648 809 711 834; x_wconf 82' lang='lat' dir='ltr'><strong>Nam</strong></span> <span class='ocrx_word' id='word_1_106' title='bbox 727 808 785 842; x_wconf 87' lang='lat' dir='ltr'><strong>quia</strong></span> <span class='ocrx_word' id='word_1_107' title='bbox 802 808 1015 841; x_wconf 80' lang='lat' dir='ltr'><strong>ipsemoriturus</strong></span> 
     </span>
    </p>
   </div>
   <div class='ocr_carea' id='block_1_15' title="bbox 219 854 1014 889">
    <p class='ocr_par' dir='ltr' id='par_1_15' title="bbox 219 854 1014 889">
     <span class='ocr_line' id='line_1_15' title="bbox 219 854 1014 889; baseline -0.005 -5"><span class='ocrx_word' id='word_1_108' title='bbox 219 862 288 888; x_wconf 88' lang='lat' dir='ltr'><strong>erat,</strong></span> <span class='ocrx_word' id='word_1_109' title='bbox 304 857 417 883; x_wconf 89' lang='lat' dir='ltr'><strong>aliorum</strong></span> <span class='ocrx_word' id='word_1_110' title='bbox 432 863 543 889; x_wconf 87' lang='lat' dir='ltr'><strong>corpora</strong></span> <span class='ocrx_word' id='word_1_111' title='bbox 569 854 723 881; x_wconf 88' lang='lat' dir='ltr'><strong>suscitando</strong></span> <span class='ocrx_word' id='word_1_112' title='bbox 749 854 894 888; x_wconf 81' lang='lat' dir='ltr'><strong>discipulos</strong></span> <span class='ocrx_word' id='word_1_113' title='bbox 910 862 1014 888; x_wconf 67' lang='lat' dir='ltr'><strong>prtepa-</strong></span> 
     </span>
    </p>
   </div>
   <div class='ocr_carea' id='block_1_16' title="bbox 219 900 1017 934">
    <p class='ocr_par' dir='ltr' id='par_1_16' title="bbox 219 900 1017 934">
     <span class='ocr_line' id='line_1_16' title="bbox 219 900 1017 934; baseline -0.006 -4"><span class='ocrx_word' id='word_1_114' title='bbox 219 904 296 930; x_wconf 87' lang='lat' dir='ltr'><strong>rabat</strong></span> <span class='ocrx_word' id='word_1_115' title='bbox 309 902 341 928; x_wconf 88' lang='lat' dir='ltr'><strong>ad</strong></span> <span class='ocrx_word' id='word_1_116' title='bbox 354 902 476 928; x_wconf 82' lang='lat' dir='ltr'><strong>ﬁduciam</strong></span> <span class='ocrx_word' id='word_1_117' title='bbox 493 900 666 932; x_wconf 80' lang='lat' dir='ltr'><strong>sumendam,</strong></span> <span class='ocrx_word' id='word_1_118' title='bbox 683 905 852 934; x_wconf 89' lang='lat' dir='ltr'><strong>mortemque</strong></span> <span class='ocrx_word' id='word_1_119' title='bbox 862 907 936 927; x_wconf 86' lang='lat' dir='ltr'><strong>suam</strong></span> <span class='ocrx_word' id='word_1_120' title='bbox 955 900 1017 926; x_wconf 88' lang='lat' dir='ltr'><strong>leui-</strong></span> 
     </span>
    </p>
   </div>
   <div class='ocr_carea' id='block_1_17' title="bbox 219 947 1016 981">
    <p class='ocr_par' dir='ltr' id='par_1_17' title="bbox 219 947 1016 981">
     <span class='ocr_line' id='line_1_17' title="bbox 219 947 1016 981; baseline -0.004 -4"><span class='ocrx_word' id='word_1_121' title='bbox 219 955 261 977; x_wconf 82' lang='lat' dir='ltr'><strong>ter</strong></span> <span class='ocrx_word' id='word_1_122' title='bbox 276 949 422 976; x_wconf 87' lang='lat' dir='ltr'><strong>ferendam.</strong></span> <span class='ocrx_word' id='word_1_123' title='bbox 437 948 580 981; x_wconf 66' lang='lat' dir='ltr'><strong>Postquam</strong></span> <span class='ocrx_word' id='word_1_124' title='bbox 595 948 665 973; x_wconf 84' lang='lat' dir='ltr'><strong>enim</strong></span> <span class='ocrx_word' id='word_1_125' title='bbox 679 947 735 981; x_wconf 69' lang='lat' dir='ltr'><strong>ipse</strong></span> <span class='ocrx_word' id='word_1_126' title='bbox 751 947 897 973; x_wconf 73' lang='lat' dir='ltr'><strong>advenerat</strong></span> <span class='ocrx_word' id='word_1_127' title='bbox 912 968 918 978; x_wconf 88' lang='lat'><strong>,</strong></span> <span class='ocrx_word' id='word_1_128' title='bbox 943 954 1016 974; x_wconf 88' lang='lat' dir='ltr'><strong>mors</strong></span> 
     </span>
    </p>
   </div>
   <div class='ocr_carea' id='block_1_18' title="bbox 216 993 1013 1031">
    <p class='ocr_par' dir='ltr' id='par_1_18' title="bbox 216 993 1013 1031">
     <span class='ocr_line' id='line_1_18' title="bbox 216 993 1013 1031; baseline -0.006 -7"><span class='ocrx_word' id='word_1_129' title='bbox 216 998 272 1031; x_wconf 83' lang='lat' dir='ltr'><strong>jam</strong></span> <span class='ocrx_word' id='word_1_130' title='bbox 288 997 393 1023; x_wconf 79' lang='lat' dir='ltr'><strong>nonnisi</strong></span> <span class='ocrx_word' id='word_1_131' title='bbox 408 1003 516 1022; x_wconf 77' lang='lat' dir='ltr'><strong>somnus</strong></span> <span class='ocrx_word' id='word_1_132' title='bbox 533 999 599 1021; x_wconf 84' lang='lat' dir='ltr'><strong>erat.</strong></span> <span class='ocrx_word' id='word_1_133' title='bbox 623 995 746 1020; x_wconf 80' lang='lat' dir='ltr'><strong>Altamen</strong></span> <span class='ocrx_word' id='word_1_134' title='bbox 760 993 918 1020; x_wconf 83' lang='lat' dir='ltr'><strong>deritlebant</strong></span> <span class='ocrx_word' id='word_1_135' title='bbox 933 1001 993 1019; x_wconf 81' lang='lat' dir='ltr'><strong>cuin</strong></span> <span class='ocrx_word' id='word_1_136' title='bbox 1009 1003 1013 1019; x_wconf 94' lang='lat'>:</span> 
     </span>
    </p>
   </div>
   <div class='ocr_carea' id='block_1_19' title="bbox 219 1040 1015 1079">
    <p class='ocr_par' dir='ltr' id='par_1_19' title="bbox 219 1040 1015 1079">
     <span class='ocr_line' id='line_1_19' title="bbox 219 1040 1015 1079; baseline -0.006 -8"><span class='ocrx_word' id='word_1_137' title='bbox 219 1046 277 1079; x_wconf 85' lang='lat' dir='ltr'><strong>ipse</strong></span> <span class='ocrx_word' id='word_1_138' title='bbox 291 1051 354 1069; x_wconf 71' lang='lat' dir='ltr'><strong>vero</strong></span> <span class='ocrx_word' id='word_1_139' title='bbox 368 1050 420 1069; x_wconf 91' lang='lat' dir='ltr'><strong>non</strong></span> <span class='ocrx_word' id='word_1_140' title='bbox 446 1042 552 1073; x_wconf 65' lang='lat' dir='ltr'><strong>indigne</strong></span> <span class='ocrx_word' id='word_1_141' title='bbox 569 1042 628 1068; x_wconf 92' lang='lat' dir='ltr'><strong>tulit</strong></span> <span class='ocrx_word' id='word_1_142' title='bbox 643 1061 649 1073; x_wconf 93' lang='lat'><strong>,</strong></span> <span class='ocrx_word' id='word_1_143' title='bbox 672 1049 731 1067; x_wconf 84' lang='grc' dir='ltr'>‹·ιιιιι</span> <span class='ocrx_word' id='word_1_144' title='bbox 758 1049 808 1066; x_wconf 89' lang='lat' dir='ltr'><strong>non</strong></span> <span class='ocrx_word' id='word_1_145' title='bbox 827 1040 967 1067; x_wconf 85' lang='lat' dir='ltr'><strong>crederent</strong></span> <span class='ocrx_word' id='word_1_146' title='bbox 985 1041 1015 1066; x_wconf 89' lang='lat' dir='ltr'><strong>iis</strong></span> 
     </span>
    </p>
   </div>
   <div class='ocr_carea' id='block_1_20' title="bbox 216 1087 1015 1124">
    <p class='ocr_par' dir='ltr' id='par_1_20' title="bbox 216 1087 1015 1124">
     <span class='ocr_line' id='line_1_20' title="bbox 216 1087 1015 1124; baseline -0.006 -8"><span class='ocrx_word' id='word_1_147' title='bbox 216 1097 278 1124; x_wconf 68' lang='lat' dir='ltr'><strong>quae</strong></span> <span class='ocrx_word' id='word_1_148' title='bbox 291 1096 352 1115; x_wconf 91' lang='lat' dir='ltr'><strong>mox</strong></span> <span class='ocrx_word' id='word_1_149' title='bbox 370 1089 426 1121; x_wconf 87' lang='lat' dir='ltr'><strong>ipse</strong></span> <span class='ocrx_word' id='word_1_150' title='bbox 452 1087 608 1113; x_wconf 84' lang='lat' dir='ltr'><strong>mirabiliter</strong></span> <span class='ocrx_word' id='word_1_151' title='bbox 634 1091 793 1120; x_wconf 76' lang='lat' dir='ltr'><strong>operaturns</strong></span> <span class='ocrx_word' id='word_1_152' title='bbox 815 1090 874 1112; x_wconf 88' lang='lat' dir='ltr'><strong>erat</strong></span> <span class='ocrx_word' id='word_1_153' title='bbox 895 1095 900 1111; x_wconf 92' lang='lat'>:</span> <span class='ocrx_word' id='word_1_154' title='bbox 927 1094 1015 1118; x_wconf 84' lang='lat' dir='ltr'><strong>neque</strong></span> 
     </span>
    </p>
   </div>
   <div class='ocr_carea' id='block_1_21' title="bbox 218 1132 1013 1170">
    <p class='ocr_par' dir='ltr' id='par_1_21' title="bbox 218 1132 1013 1170">
     <span class='ocr_line' id='line_1_21' title="bbox 218 1132 1013 1170; baseline -0.006 -7"><span class='ocrx_word' id='word_1_155' title='bbox 218 1136 368 1170; x_wconf 76' lang='lat' dir='ltr'><strong>increpavit</strong></span> <span class='ocrx_word' id='word_1_156' title='bbox 384 1134 520 1165; x_wconf 79' lang='lat' dir='ltr'><strong>ridentes,</strong></span> <span class='ocrx_word' id='word_1_157' title='bbox 538 1138 565 1160; x_wconf 89' lang='lat' dir='ltr'><strong>ut</strong></span> <span class='ocrx_word' id='word_1_158' title='bbox 580 1138 605 1160; x_wconf 79' lang='lat' dir='ltr'><strong>et</strong></span> <span class='ocrx_word' id='word_1_159' title='bbox 630 1134 700 1159; x_wconf 82' lang='lat' dir='ltr'><strong>risus</strong></span> <span class='ocrx_word' id='word_1_160' title='bbox 716 1138 742 1159; x_wconf 91' lang='lat' dir='ltr'><strong>et</strong></span> <span class='ocrx_word' id='word_1_161' title='bbox 755 1133 826 1159; x_wconf 67' lang='lat' dir='ltr'><strong>[ibim</strong></span> <span class='ocrx_word' id='word_1_162' title='bbox 843 1138 868 1158; x_wconf 90' lang='lat' dir='ltr'><strong>et</strong></span> <span class='ocrx_word' id='word_1_163' title='bbox 894 1132 1013 1167; x_wconf 75' lang='lat' dir='ltr'><strong>cymbala</strong></span> 
     </span>
    </p>
   </div>
   <div class='ocr_carea' id='block_1_22' title="bbox 217 1179 835 1216">
    <p class='ocr_par' dir='ltr' id='par_1_22' title="bbox 217 1179 835 1216">
     <span class='ocr_line' id='line_1_22' title="bbox 217 1179 835 1216; baseline -0.006 -8"><span class='ocrx_word' id='word_1_164' title='bbox 217 1183 324 1216; x_wconf 82' lang='lat' dir='ltr'><strong>aliaque</strong></span> <span class='ocrx_word' id='word_1_165' title='bbox 334 1182 434 1213; x_wconf 86' lang='lat' dir='ltr'><strong>omnia,</strong></span> <span class='ocrx_word' id='word_1_166' title='bbox 450 1181 545 1207; x_wconf 78' lang='lat' dir='ltr'><strong>mortis</strong></span> <span class='ocrx_word' id='word_1_167' title='bbox 561 1184 651 1206; x_wconf 78' lang='lat' dir='ltr'><strong>essent</strong></span> <span class='ocrx_word' id='word_1_168' title='bbox 671 1179 835 1206; x_wconf 72' lang='lat' dir='ltr'><strong>testimonia.</strong></span> 
     </span>
    </p>
   </div>
   <div class='ocr_carea' id='block_1_23' title="bbox 254 1225 1016 1262">
    <p class='ocr_par' dir='ltr' id='par_1_23' title="bbox 254 1225 1016 1262">
     <span class='ocr_line' id='line_1_23' title="bbox 254 1225 1016 1262; baseline -0.008 -7"><span class='ocrx_word' id='word_1_169' title='bbox 254 1230 280 1255; x_wconf 81' lang='lat'><strong>5.</strong></span> <span class='ocrx_word' id='word_1_170' title='bbox 297 1228 410 1255; x_wconf 78' lang='lat' dir='ltr'><strong>Christus</strong></span> <span class='ocrx_word' id='word_1_171' title='bbox 426 1227 549 1262; x_wconf 69' lang='lat' dir='ltr'><strong>qttontotl.)</strong></span> <span class='ocrx_word' id='word_1_172' title='bbox 567 1226 775 1252; x_wconf 67' lang='lat' dir='ltr'><strong>rcsttrrarliottnm</strong></span> <span class='ocrx_word' id='word_1_173' title='bbox 788 1233 850 1259; x_wconf 77' lang='lat' dir='ltr'><strong>quas</strong></span> <span class='ocrx_word' id='word_1_174' title='bbox 865 1225 1016 1258; x_wconf 76' lang='lat' dir='ltr'><strong>operabatur</strong></span> 
     </span>
    </p>
   </div>
   <div class='ocr_carea' id='block_1_24' title="bbox 216 1272 1014 1305">
    <p class='ocr_par' dir='ltr' id='par_1_24' title="bbox 216 1272 1014 1305">
     <span class='ocr_line' id='line_1_24' title="bbox 216 1272 1014 1305; baseline -0.006 -4"><span class='ocrx_word' id='word_1_175' title='bbox 216 1275 345 1302; x_wconf 73' lang='lat' dir='ltr'><strong>veritatem</strong></span> <span class='ocrx_word' id='word_1_176' title='bbox 361 1274 491 1300; x_wconf 72' lang='lat' dir='ltr'><strong>adstruere</strong></span> <span class='ocrx_word' id='word_1_177' title='bbox 504 1274 603 1299; x_wconf 59' lang='lat' dir='ltr'><strong>soleret.</strong></span> <span class='ocrx_word' id='word_1_178' title='bbox 622 1272 728 1298; x_wconf 71' lang='lat' dir='ltr'><strong>Ftta‘lltnt</strong></span> <span class='ocrx_word' id='word_1_179' title='bbox 753 1277 774 1298; x_wconf 82' lang='lat' dir='ltr'><strong>ct</strong></span> <span class='ocrx_word' id='word_1_180' title='bbox 799 1280 887 1297; x_wconf 77' lang='lat' dir='ltr'><strong>mnam</strong></span> <span class='ocrx_word' id='word_1_181' title='bbox 908 1272 1014 1305; x_wconf 71' lang='lat' dir='ltr'><strong>gloriam</strong></span> 
     </span>
    </p>
   </div>
   <div class='ocr_carea' id='block_1_25' title="bbox 216 1318 1015 1353">
    <p class='ocr_par' dir='ltr' id='par_1_25' title="bbox 216 1318 1015 1353">
     <span class='ocr_line' id='line_1_25' title="bbox 216 1318 1015 1353; baseline -0.005 -5"><span class='ocrx_word' id='word_1_182' title='bbox 216 1322 321 1348; x_wconf 86' lang='lat' dir='ltr'><strong>onmino</strong></span> <span class='ocrx_word' id='word_1_183' title='bbox 333 1321 459 1347; x_wconf 79' lang='lat' dir='ltr'><strong>vitandum</strong></span> <span class='ocrx_word' id='word_1_184' title='bbox 469 1325 513 1346; x_wconf 71' lang='lat' dir='ltr'><strong>cst.</strong></span> <span class='ocrx_word' id='word_1_185' title='bbox 526 1319 595 1345; x_wconf 73' lang='lat' dir='ltr'><strong>Mors</strong></span> <span class='ocrx_word' id='word_1_186' title='bbox 605 1328 652 1345; x_wconf 83' lang='lat' dir='ltr'><strong>non</strong></span> <span class='ocrx_word' id='word_1_187' title='bbox 663 1318 804 1344; x_wconf 68' lang='lat' dir='ltr'><strong>nurtucmln.</strong></span> <span class='ocrx_word' id='word_1_188' title='bbox 815 1318 877 1344; x_wconf 68' lang='lat' dir='ltr'><strong>Viue</strong></span> <span class='ocrx_word' id='word_1_189' title='bbox 887 1320 1015 1353; x_wconf 61' lang='lat' dir='ltr'><strong>pratscntis</strong></span> 
     </span>
    </p>
   </div>
   <div class='ocr_carea' id='block_1_26' title="bbox 216 1366 1016 1401">
    <p class='ocr_par' dir='ltr' id='par_1_26' title="bbox 216 1366 1016 1401">
     <span class='ocr_line' id='line_1_26' title="bbox 216 1366 1016 1401; baseline -0.003 -7"><span class='ocrx_word' id='word_1_190' title='bbox 216 1367 414 1401; x_wconf 60' lang='lat' dir='ltr'><strong>malm—Quia</strong></span> <span class='ocrx_word' id='word_1_191' title='bbox 429 1368 498 1394; x_wconf 90' lang='lat' dir='ltr'><strong>enim</strong></span> <span class='ocrx_word' id='word_1_192' title='bbox 523 1374 593 1401; x_wconf 68' lang='lat' dir='ltr'><strong>srpe</strong></span> <span class='ocrx_word' id='word_1_193' title='bbox 617 1366 741 1392; x_wconf 83' lang='lat' dir='ltr'><strong>miracula</strong></span> <span class='ocrx_word' id='word_1_194' title='bbox 767 1370 867 1399; x_wconf 56' lang='lat' dir='ltr'><strong>putata</strong></span> <span class='ocrx_word' id='word_1_195' title='bbox 891 1373 942 1391; x_wconf 90' lang='lat' dir='ltr'><strong>non</strong></span> <span class='ocrx_word' id='word_1_196' title='bbox 958 1374 1016 1392; x_wconf 82' lang='lat' dir='ltr'><strong>cre-</strong></span> 
     </span>
    </p>
   </div>
   <div class='ocr_carea' id='block_1_27' title="bbox 215 1412 1014 1447">
    <p class='ocr_par' dir='ltr' id='par_1_27' title="bbox 215 1412 1014 1447">
     <span class='ocr_line' id='line_1_27' title="bbox 215 1412 1014 1447; baseline -0.003 -6"><span class='ocrx_word' id='word_1_197' title='bbox 215 1415 283 1441; x_wconf 88' lang='lat' dir='ltr'><strong>dllnt</strong></span> <span class='ocrx_word' id='word_1_198' title='bbox 298 1414 430 1446; x_wconf 78' lang='lat' dir='ltr'><strong>homines,</strong></span> <span class='ocrx_word' id='word_1_199' title='bbox 447 1422 492 1439; x_wconf 81' lang='lat' dir='ltr'><strong>sua</strong></span> <span class='ocrx_word' id='word_1_200' title='bbox 510 1414 625 1447; x_wconf 71' lang='lat' dir='ltr'><strong>ipSorum</strong></span> <span class='ocrx_word' id='word_1_201' title='bbox 643 1413 818 1446; x_wconf 52' lang='lat' dir='ltr'><strong>responsione</strong></span> <span class='ocrx_word' id='word_1_202' title='bbox 839 1412 897 1439; x_wconf 80' lang='lat' dir='ltr'><strong>illos</strong></span> <span class='ocrx_word' id='word_1_203' title='bbox 913 1420 1014 1445; x_wconf 69' lang='lat' dir='ltr'><strong>prret&#39;e-</strong></span> 
     </span>
    </p>
   </div>
   <div class='ocr_carea' id='block_1_28' title="bbox 217 1458 1014 1493">
    <p class='ocr_par' dir='ltr' id='par_1_28' title="bbox 217 1458 1014 1493">
     <span class='ocr_line' id='line_1_28' title="bbox 217 1458 1014 1493; baseline -0.005 -6"><span class='ocrx_word' id='word_1_204' title='bbox 217 1460 267 1492; x_wconf 87' lang='lat' dir='ltr'><strong>nil,</strong></span> <span class='ocrx_word' id='word_1_205' title='bbox 284 1464 311 1486; x_wconf 90' lang='lat' dir='ltr'><strong>ut</strong></span> <span class='ocrx_word' id='word_1_206' title='bbox 333 1464 359 1486; x_wconf 90' lang='lat' dir='ltr'><strong>et</strong></span> <span class='ocrx_word' id='word_1_207' title='bbox 384 1460 409 1485; x_wconf 93' lang='lat' dir='ltr'><strong>in</strong></span> <span class='ocrx_word' id='word_1_208' title='bbox 433 1459 533 1485; x_wconf 84' lang='lat' dir='ltr'><strong>Lazaro</strong></span> <span class='ocrx_word' id='word_1_209' title='bbox 546 1463 572 1485; x_wconf 92' lang='lat' dir='ltr'><strong>et</strong></span> <span class='ocrx_word' id='word_1_210' title='bbox 589 1459 613 1485; x_wconf 92' lang='lat' dir='ltr'><strong>in</strong></span> <span class='ocrx_word' id='word_1_211' title='bbox 628 1459 716 1493; x_wconf 69' lang='lat' dir='ltr'><strong>Moyse</strong></span> <span class='ocrx_word' id='word_1_212' title='bbox 742 1458 839 1484; x_wconf 77' lang='lat' dir='ltr'><strong>factum</strong></span> <span class='ocrx_word' id='word_1_213' title='bbox 860 1462 910 1484; x_wconf 88' lang='lat' dir='ltr'><strong>est.</strong></span> <span class='ocrx_word' id='word_1_214' title='bbox 932 1458 1014 1492; x_wconf 68' lang='lat' dir='ltr'><strong>Moysi</strong></span> 
     </span>
    </p>
   </div>
   <div class='ocr_carea' id='block_1_29' title="bbox 217 1504 1015 1541">
    <p class='ocr_par' dir='ltr' id='par_1_29' title="bbox 217 1504 1015 1541">
     <span class='ocr_line' id='line_1_29' title="bbox 217 1504 1015 1541; baseline -0.005 -8"><span class='ocrx_word' id='word_1_215' title='bbox 217 1514 332 1541; x_wconf 88' lang='lat' dir='ltr'><strong>namque</strong></span> <span class='ocrx_word' id='word_1_216' title='bbox 343 1506 426 1532; x_wconf 82' lang='lat' dir='ltr'><strong>dixit:</strong></span> <span class='ocrx_word' id='word_1_217' title='bbox 442 1505 509 1538; x_wconf 81' lang='lat' dir='ltr'><strong>Quid</strong></span> <span class='ocrx_word' id='word_1_218' title='bbox 523 1505 569 1531; x_wconf 79' lang='lat' dir='ltr'><strong>ltoc</strong></span> <span class='ocrx_word' id='word_1_219' title='bbox 583 1511 617 1530; x_wconf 79' lang='lat' dir='ltr'><strong>cst</strong></span> <span class='ocrx_word' id='word_1_220' title='bbox 631 1505 656 1530; x_wconf 84' lang='lat' dir='ltr'><strong>in</strong></span> <span class='ocrx_word' id='word_1_221' title='bbox 672 1513 747 1530; x_wconf 83' lang='lat' dir='ltr'><strong>manu</strong></span> <span class='ocrx_word' id='word_1_222' title='bbox 762 1509 803 1530; x_wconf 83' lang='lat' dir='ltr'><strong>tua</strong></span> <span class='ocrx_word' id='word_1_223' title='bbox 818 1504 913 1540; x_wconf 63' lang='lat' dir='ltr'><strong>(Exod.</strong></span> <span class='ocrx_word' id='word_1_224' title='bbox 929 1505 953 1530; x_wconf 23' lang='lat' dir='ltr'><strong>tl.</strong></span> <span class='ocrx_word' id='word_1_225' title='bbox 970 1504 1015 1539; x_wconf 59' lang='lat'><strong>‘2)?</strong></span> 
     </span>
    </p>
   </div>
   <div class='ocr_carea' id='block_1_30' title="bbox 217 1551 1013 1585">
    <p class='ocr_par' dir='ltr' id='par_1_30' title="bbox 217 1551 1013 1585">
     <span class='ocr_line' id='line_1_30' title="bbox 217 1551 1013 1585; baseline -0.003 -7"><span class='ocrx_word' id='word_1_226' title='bbox 217 1557 245 1578; x_wconf 84' lang='lat' dir='ltr'><strong>nl</strong></span> <span class='ocrx_word' id='word_1_227' title='bbox 261 1561 319 1579; x_wconf 86' lang='lat' dir='ltr'><strong>cum</strong></span> <span class='ocrx_word' id='word_1_228' title='bbox 333 1553 439 1578; x_wconf 69' lang='lat' dir='ltr'><strong>vidisset</strong></span> <span class='ocrx_word' id='word_1_229' title='bbox 455 1556 604 1585; x_wconf 74' lang='lat' dir='ltr'><strong>serpentem</strong></span> <span class='ocrx_word' id='word_1_230' title='bbox 618 1551 724 1582; x_wconf 79' lang='lat' dir='ltr'><strong>factum,</strong></span> <span class='ocrx_word' id='word_1_231' title='bbox 739 1559 789 1577; x_wconf 91' lang='lat' dir='ltr'><strong>non</strong></span> <span class='ocrx_word' id='word_1_232' title='bbox 804 1551 1013 1582; x_wconf 69' lang='lat' dir='ltr'><strong>oblivisceretur,</strong></span> 
     </span>
    </p>
   </div>
   <div class='ocr_carea' id='block_1_31' title="bbox 215 1595 1016 1633">
    <p class='ocr_par' dir='ltr' id='par_1_31' title="bbox 215 1595 1016 1633">
     <span class='ocr_line' id='line_1_31' title="bbox 215 1595 1016 1633; baseline -0.004 -8"><span class='ocrx_word' id='word_1_233' title='bbox 215 1599 317 1633; x_wconf 78' lang='lat' dir='ltr'><strong>\irgam</strong></span> <span class='ocrx_word' id='word_1_234' title='bbox 330 1598 403 1632; x_wconf 75' lang='lat' dir='ltr'><strong>prius</strong></span> <span class='ocrx_word' id='word_1_235' title='bbox 418 1597 513 1628; x_wconf 74' lang='lat' dir='ltr'><strong>fuisse;</strong></span> <span class='ocrx_word' id='word_1_236' title='bbox 530 1597 575 1623; x_wconf 88' lang='lat' dir='ltr'><strong>sed</strong></span> <span class='ocrx_word' id='word_1_237' title='bbox 591 1597 663 1623; x_wconf 86' lang='lat' dir='ltr'><strong>vocis</strong></span> <span class='ocrx_word' id='word_1_238' title='bbox 676 1597 789 1630; x_wconf 74' lang='lat' dir='ltr'><strong>propt‘ile</strong></span> <span class='ocrx_word' id='word_1_239' title='bbox 805 1596 969 1625; x_wconf 76' lang='lat' dir='ltr'><strong>recordatus.</strong></span> <span class='ocrx_word' id='word_1_240' title='bbox 983 1595 1016 1622; x_wconf 88' lang='lat' dir='ltr'><strong>de</strong></span> 
     </span>
    </p>
   </div>
   <div class='ocr_carea' id='block_1_32' title="bbox 217 1640 1014 1680">
    <p class='ocr_par' dir='ltr' id='par_1_32' title="bbox 217 1640 1014 1680">
     <span class='ocr_line' id='line_1_32' title="bbox 217 1640 1014 1680; baseline -0.008 -8"><span class='ocrx_word' id='word_1_241' title='bbox 217 1653 246 1672; x_wconf 87' lang='lat' dir='ltr'><strong>re</strong></span> <span class='ocrx_word' id='word_1_242' title='bbox 258 1650 331 1680; x_wconf 83' lang='lat' dir='ltr'><strong>gesta</strong></span> <span class='ocrx_word' id='word_1_243' title='bbox 347 1644 558 1677; x_wconf 73' lang='lat' dir='ltr'><strong>obstupeseercl.</strong></span> <span class='ocrx_word' id='word_1_244' title='bbox 580 1643 611 1669; x_wconf 77' lang='lat' dir='ltr'><strong>l-lt</strong></span> <span class='ocrx_word' id='word_1_245' title='bbox 626 1643 658 1668; x_wconf 88' lang='lat' dir='ltr'><strong>de</strong></span> <span class='ocrx_word' id='word_1_246' title='bbox 674 1642 774 1668; x_wconf 81' lang='lat' dir='ltr'><strong>Lazaro</strong></span> <span class='ocrx_word' id='word_1_247' title='bbox 789 1642 824 1667; x_wconf 87' lang='lat' dir='ltr'><strong>ait</strong></span> <span class='ocrx_word' id='word_1_248' title='bbox 842 1650 847 1667; x_wconf 90' lang='lat'>:</span> <span class='ocrx_word' id='word_1_249' title='bbox 864 1640 912 1668; x_wconf 85' lang='lat' dir='ltr'><strong>Ubi</strong></span> <span class='ocrx_word' id='word_1_250' title='bbox 928 1642 1014 1676; x_wconf 76' lang='lat' dir='ltr'><strong>postli-</strong></span> 
     </span>
    </p>
   </div>
   <div class='ocr_carea' id='block_1_33' title="bbox 216 1687 1013 1725">
    <p class='ocr_par' dir='ltr' id='par_1_33' title="bbox 216 1687 1013 1725">
     <span class='ocr_line' id='line_1_33' title="bbox 216 1687 1013 1725; baseline -0.009 -6"><span class='ocrx_word' id='word_1_251' title='bbox 216 1693 261 1719; x_wconf 77' lang='lat' dir='ltr'><strong>stis</strong></span> <span class='ocrx_word' id='word_1_252' title='bbox 278 1692 355 1718; x_wconf 75' lang='lat' dir='ltr'><strong>cuin?</strong></span> <span class='ocrx_word' id='word_1_253' title='bbox 370 1695 397 1717; x_wconf 89' lang='lat' dir='ltr'><strong>ut</strong></span> <span class='ocrx_word' id='word_1_254' title='bbox 410 1691 453 1725; x_wconf 87' lang='lat' dir='ltr'><strong>qui</strong></span> <span class='ocrx_word' id='word_1_255' title='bbox 468 1690 603 1721; x_wconf 83' lang='lat' dir='ltr'><strong>dixerunt,</strong></span> <span class='ocrx_word' id='word_1_256' title='bbox 627 1689 697 1721; x_wconf 79' lang='lat' dir='ltr'><strong>Veni,</strong></span> <span class='ocrx_word' id='word_1_257' title='bbox 714 1694 735 1715; x_wconf 74' lang='lat' dir='ltr'><strong>et</strong></span> <span class='ocrx_word' id='word_1_258' title='bbox 749 1688 822 1719; x_wconf 78' lang='lat' dir='ltr'><strong>vide;</strong></span> <span class='ocrx_word' id='word_1_259' title='bbox 837 1693 873 1719; x_wconf 77' lang='lat' dir='ltr'><strong>et,</strong></span> <span class='ocrx_word' id='word_1_260' title='bbox 889 1687 949 1714; x_wconf 83' lang='lat' dir='ltr'><strong>.Imn</strong></span> <span class='ocrx_word' id='word_1_261' title='bbox 965 1690 1013 1723; x_wconf 65' lang='lat' dir='ltr'><strong>far-</strong></span> 
     </span>
    </p>
   </div>
   <div class='ocr_carea' id='block_1_34' title="bbox 216 1734 1015 1773">
    <p class='ocr_par' dir='ltr' id='par_1_34' title="bbox 216 1734 1015 1773">
     <span class='ocr_line' id='line_1_34' title="bbox 216 1734 1015 1773; baseline -0.005 -9"><span class='ocrx_word' id='word_1_262' title='bbox 216 1744 260 1770; x_wconf 80' lang='lat' dir='ltr'><strong>tcl,</strong></span> <span class='ocrx_word' id='word_1_263' title='bbox 275 1737 460 1773; x_wconf 77' lang='lat' dir='ltr'><strong>quatriduth</strong></span> <span class='ocrx_word' id='word_1_264' title='bbox 475 1737 540 1762; x_wconf 78' lang='lat' dir='ltr'><strong>enim</strong></span> <span class='ocrx_word' id='word_1_265' title='bbox 555 1740 589 1762; x_wconf 76' lang='lat' dir='ltr'><strong>est</strong></span> <span class='ocrx_word' id='word_1_266' title='bbox 606 1735 696 1769; x_wconf 68' lang='lat' dir='ltr'><strong>(Jama.</strong></span> <span class='ocrx_word' id='word_1_267' title='bbox 715 1735 755 1761; x_wconf 84' lang='lat' dir='ltr'><strong>ll.</strong></span> <span class='ocrx_word' id='word_1_268' title='bbox 770 1735 813 1761; x_wconf 66' lang='grc'><strong>54.</strong></span> <span class='ocrx_word' id='word_1_269' title='bbox 832 1734 886 1768; x_wconf 75' lang='grc'><strong>59),</strong></span> <span class='ocrx_word' id='word_1_270' title='bbox 901 1742 952 1760; x_wconf 89' lang='lat' dir='ltr'><strong>non</strong></span> <span class='ocrx_word' id='word_1_271' title='bbox 967 1734 1015 1760; x_wconf 87' lang='grc' dir='ltr'>ιΙιι-</span> 
     </span>
    </p>
   </div>
   <div class='ocr_carea' id='block_1_35' title="bbox 216 1781 1013 1820">
    <p class='ocr_par' dir='ltr' id='par_1_35' title="bbox 216 1781 1013 1820">
     <span class='ocr_line' id='line_1_35' title="bbox 216 1781 1013 1820; baseline -0.006 -9"><span class='ocrx_word' id='word_1_272' title='bbox 216 1786 302 1812; x_wconf 86' lang='lat' dir='ltr'><strong>bilare</strong></span> <span class='ocrx_word' id='word_1_273' title='bbox 318 1788 436 1820; x_wconf 86' lang='lat' dir='ltr'><strong>possent,</strong></span> <span class='ocrx_word' id='word_1_274' title='bbox 463 1784 525 1818; x_wconf 91' lang='lat' dir='ltr'><strong>quin</strong></span> <span class='ocrx_word' id='word_1_275' title='bbox 554 1783 637 1817; x_wconf 91' lang='lat' dir='ltr'><strong>ipsum</strong></span> <span class='ocrx_word' id='word_1_276' title='bbox 663 1786 795 1808; x_wconf 89' lang='lat' dir='ltr'><strong>mortuutn</strong></span> <span class='ocrx_word' id='word_1_277' title='bbox 821 1781 1013 1807; x_wconf 75' lang='lat' dir='ltr'><strong>suscitavisset.</strong></span> 
     </span>
    </p>
   </div>
   <div class='ocr_carea' id='block_1_36' title="bbox 217 1826 1014 1864">
    <p class='ocr_par' dir='ltr' id='par_1_36' title="bbox 217 1826 1014 1864">
     <span class='ocr_line' id='line_1_36' title="bbox 217 1826 1014 1864; baseline -0.009 -6"><span class='ocrx_word' id='word_1_278' title='bbox 217 1830 318 1858; x_wconf 68' lang='lat' dir='ltr'><strong>Vidcns</strong></span> <span class='ocrx_word' id='word_1_279' title='bbox 339 1830 419 1864; x_wconf 81' lang='lat' dir='ltr'><strong>igitur</strong></span> <span class='ocrx_word' id='word_1_280' title='bbox 439 1829 558 1863; x_wconf 64' lang='lat' dir='ltr'><strong>cymbala</strong></span> <span class='ocrx_word' id='word_1_281' title='bbox 574 1832 600 1854; x_wconf 90' lang='lat' dir='ltr'><strong>et</strong></span> <span class='ocrx_word' id='word_1_282' title='bbox 619 1827 723 1858; x_wconf 82' lang='lat' dir='ltr'><strong>turbas,</strong></span> <span class='ocrx_word' id='word_1_283' title='bbox 740 1834 833 1853; x_wconf 82' lang='lat' dir='ltr'><strong>moues</strong></span> <span class='ocrx_word' id='word_1_284' title='bbox 852 1827 933 1859; x_wconf 75' lang='lat' dir='ltr'><strong>cjieit,</strong></span> <span class='ocrx_word' id='word_1_285' title='bbox 950 1831 974 1852; x_wconf 87' lang='lat' dir='ltr'><strong>el</strong></span> <span class='ocrx_word' id='word_1_286' title='bbox 989 1826 1014 1852; x_wconf 93' lang='lat' dir='ltr'><strong>io</strong></span> 
     </span>
    </p>
   </div>
   <div class='ocr_carea' id='block_1_37' title="bbox 216 1872 1013 1913">
    <p class='ocr_par' dir='ltr' id='par_1_37' title="bbox 216 1872 1013 1913">
     <span class='ocr_line' id='line_1_37' title="bbox 216 1872 1013 1913; baseline -0.009 -9"><span class='ocrx_word' id='word_1_287' title='bbox 216 1877 359 1913; x_wconf 78' lang='lat' dir='ltr'><strong>prtescntia</strong></span> <span class='ocrx_word' id='word_1_288' title='bbox 381 1880 518 1910; x_wconf 85' lang='lat' dir='ltr'><strong>parentum</strong></span> <span class='ocrx_word' id='word_1_289' title='bbox 534 1873 690 1900; x_wconf 86' lang='lat' dir='ltr'><strong>miraculum</strong></span> <span class='ocrx_word' id='word_1_290' title='bbox 712 1877 848 1907; x_wconf 83' lang='lat' dir='ltr'><strong>Operalur,</strong></span> <span class='ocrx_word' id='word_1_291' title='bbox 862 1880 913 1898; x_wconf 88' lang='lat' dir='ltr'><strong>non</strong></span> <span class='ocrx_word' id='word_1_292' title='bbox 936 1872 1013 1898; x_wconf 89' lang='lat' dir='ltr'><strong>aliam</strong></span> 
     </span>
    </p>
   </div>
   <div class='ocr_carea' id='block_1_38' title="bbox 217 1918 1014 1954">
    <p class='ocr_par' dir='ltr' id='par_1_38' title="bbox 217 1918 1014 1954">
     <span class='ocr_line' id='line_1_38' title="bbox 217 1918 1014 1954; baseline -0.009 -4"><span class='ocrx_word' id='word_1_293' title='bbox 217 1923 346 1950; x_wconf 87' lang='lat' dir='ltr'><strong>inducens</strong></span> <span class='ocrx_word' id='word_1_294' title='bbox 359 1922 486 1954; x_wconf 82' lang='lat' dir='ltr'><strong>animam,</strong></span> <span class='ocrx_word' id='word_1_295' title='bbox 502 1920 547 1947; x_wconf 90' lang='lat' dir='ltr'><strong>sed</strong></span> <span class='ocrx_word' id='word_1_296' title='bbox 561 1920 631 1946; x_wconf 89' lang='lat' dir='ltr'><strong>illam</strong></span> <span class='ocrx_word' id='word_1_297' title='bbox 646 1919 729 1954; x_wconf 89' lang='lat' dir='ltr'><strong>ipsatn</strong></span> <span class='ocrx_word' id='word_1_298' title='bbox 744 1926 804 1953; x_wconf 75' lang='lat' dir='ltr'><strong>qua:</strong></span> <span class='ocrx_word' id='word_1_299' title='bbox 818 1919 921 1945; x_wconf 92' lang='lat' dir='ltr'><strong>exierat</strong></span> <span class='ocrx_word' id='word_1_300' title='bbox 935 1918 1014 1944; x_wconf 85' lang='lat' dir='ltr'><strong>redu—</strong></span> 
     </span>
    </p>
   </div>
   <div class='ocr_carea' id='block_1_39' title="bbox 216 1965 1014 2004">
    <p class='ocr_par' dir='ltr' id='par_1_39' title="bbox 216 1965 1014 2004">
     <span class='ocr_line' id='line_1_39' title="bbox 216 1965 1014 2004; baseline -0.008 -7"><span class='ocrx_word' id='word_1_301' title='bbox 216 1978 292 2004; x_wconf 83' lang='lat' dir='ltr'><strong>cens,</strong></span> <span class='ocrx_word' id='word_1_302' title='bbox 309 1974 335 1997; x_wconf 89' lang='lat' dir='ltr'><strong>et</strong></span> <span class='ocrx_word' id='word_1_303' title='bbox 349 1968 423 2004; x_wconf 88' lang='lat' dir='ltr'><strong>quasi</strong></span> <span class='ocrx_word' id='word_1_304' title='bbox 439 1976 471 1995; x_wconf 85' lang='lat' dir='ltr'><strong>ex</strong></span> <span class='ocrx_word' id='word_1_305' title='bbox 490 1975 584 1994; x_wconf 85' lang='lat' dir='ltr'><strong>somno</strong></span> <span class='ocrx_word' id='word_1_306' title='bbox 597 1967 727 1994; x_wconf 86' lang='lat' dir='ltr'><strong>excitans.</strong></span> <span class='ocrx_word' id='word_1_307' title='bbox 748 1965 930 1999; x_wconf 81' lang='lat' dir='ltr'><strong>Apprchcodit</strong></span> <span class='ocrx_word' id='word_1_308' title='bbox 951 1972 1014 1991; x_wconf 74' lang='lat' dir='ltr'><strong>vero</strong></span> 
     </span>
    </p>
   </div>
   <div class='ocr_carea' id='block_1_40' title="bbox 217 2011 1013 2050">
    <p class='ocr_par' dir='ltr' id='par_1_40' title="bbox 217 2011 1013 2050">
     <span class='ocr_line' id='line_1_40' title="bbox 217 2011 1013 2050; baseline -0.011 -5"><span class='ocrx_word' id='word_1_309' title='bbox 217 2025 336 2050; x_wconf 80' lang='lat' dir='ltr'><strong>manum,</strong></span> <span class='ocrx_word' id='word_1_310' title='bbox 348 2022 375 2043; x_wconf 92' lang='lat' dir='ltr'><strong>ut</strong></span> <span class='ocrx_word' id='word_1_311' title='bbox 390 2019 555 2050; x_wconf 82' lang='lat' dir='ltr'><strong>spectatores</strong></span> <span class='ocrx_word' id='word_1_312' title='bbox 570 2013 698 2040; x_wconf 86' lang='lat' dir='ltr'><strong>certiores</strong></span> <span class='ocrx_word' id='word_1_313' title='bbox 713 2013 816 2044; x_wconf 89' lang='lat' dir='ltr'><strong>ﬁerent,</strong></span> <span class='ocrx_word' id='word_1_314' title='bbox 826 2011 912 2038; x_wconf 87' lang='lat' dir='ltr'><strong>ethoc</strong></span> <span class='ocrx_word' id='word_1_315' title='bbox 922 2018 1013 2037; x_wconf 72' lang='lat' dir='ltr'><strong>exem-</strong></span> 
     </span>
    </p>
   </div>
   <div class='ocr_carea' id='block_1_41' title="bbox 217 2057 1013 2099">
    <p class='ocr_par' dir='ltr' id='par_1_41' title="bbox 217 2057 1013 2099">
     <span class='ocr_line' id='line_1_41' title="bbox 217 2057 1013 2099; baseline -0.01 -9"><span class='ocrx_word' id='word_1_316' title='bbox 217 2064 262 2099; x_wconf 88' lang='lat' dir='ltr'><strong>plo</strong></span> <span class='ocrx_word' id='word_1_317' title='bbox 274 2063 343 2090; x_wconf 90' lang='lat' dir='ltr'><strong>viam</strong></span> <span class='ocrx_word' id='word_1_318' title='bbox 359 2066 465 2096; x_wconf 87' lang='lat' dir='ltr'><strong>pararet</strong></span> <span class='ocrx_word' id='word_1_319' title='bbox 479 2060 511 2087; x_wconf 90' lang='lat' dir='ltr'><strong>ad</strong></span> <span class='ocrx_word' id='word_1_320' title='bbox 527 2060 605 2086; x_wconf 83' lang='lat' dir='ltr'><strong>[idem</strong></span> <span class='ocrx_word' id='word_1_321' title='bbox 619 2058 832 2086; x_wconf 88' lang='lat' dir='ltr'><strong>resurrectionis.</strong></span> <span class='ocrx_word' id='word_1_322' title='bbox 848 2057 927 2084; x_wconf 89' lang='lat' dir='ltr'><strong>Pater</strong></span> <span class='ocrx_word' id='word_1_323' title='bbox 938 2064 1013 2083; x_wconf 89' lang='lat' dir='ltr'><strong>nam-</strong></span> 
     </span>
    </p>
   </div>
   <div class='ocr_carea' id='block_1_42' title="bbox 217 2102 1014 2145">
    <p class='ocr_par' dir='ltr' id='par_1_42' title="bbox 217 2102 1014 2145">
     <span class='ocr_line' id='line_1_42' title="bbox 217 2102 1014 2145; baseline -0.011 -9"><span class='ocrx_word' id='word_1_324' title='bbox 217 2117 270 2145; x_wconf 88' lang='lat' dir='ltr'><strong>que</strong></span> <span class='ocrx_word' id='word_1_325' title='bbox 284 2108 389 2135; x_wconf 87' lang='lat' dir='ltr'><strong>dicebat</strong></span> <span class='ocrx_word' id='word_1_326' title='bbox 404 2117 410 2133; x_wconf 90' lang='lat'>:</span> <span class='ocrx_word' id='word_1_327' title='bbox 426 2106 531 2141; x_wconf 86' lang='lat' dir='ltr'><strong>Impotte</strong></span> <span class='ocrx_word' id='word_1_328' title='bbox 546 2113 648 2132; x_wconf 85' lang='lat' dir='ltr'><strong>manum</strong></span> <span class='ocrx_word' id='word_1_329' title='bbox 664 2104 769 2139; x_wconf 81' lang='lat' dir='ltr'><strong>(.llatt/t.</strong></span> <span class='ocrx_word' id='word_1_330' title='bbox 787 2102 878 2138; x_wconf 83' lang='lat' dir='ltr'><strong>9.l8);</strong></span> <span class='ocrx_word' id='word_1_331' title='bbox 894 2102 937 2129; x_wconf 89' lang='lat' dir='ltr'><strong>illc</strong></span> <span class='ocrx_word' id='word_1_332' title='bbox 952 2110 1014 2128; x_wconf 81' lang='lat' dir='ltr'><strong>vero</strong></span> 
     </span>
    </p>
   </div>
   <div class='ocr_carea' id='block_1_43' title="bbox 217 2150 1015 2191">
    <p class='ocr_par' dir='ltr' id='par_1_43' title="bbox 217 2150 1015 2191">
     <span class='ocr_line' id='line_1_43' title="bbox 217 2150 1015 2191; baseline -0.011 -7"><span class='ocrx_word' id='word_1_333' title='bbox 217 2157 277 2191; x_wconf 87' lang='lat' dir='ltr'><strong>plus</strong></span> <span class='ocrx_word' id='word_1_334' title='bbox 293 2157 370 2187; x_wconf 79' lang='lat' dir='ltr'><strong>facit;</strong></span> <span class='ocrx_word' id='word_1_335' title='bbox 395 2163 447 2182; x_wconf 90' lang='lat' dir='ltr'><strong>non</strong></span> <span class='ocrx_word' id='word_1_336' title='bbox 471 2154 582 2188; x_wconf 85' lang='lat' dir='ltr'><strong>imponit</strong></span> <span class='ocrx_word' id='word_1_337' title='bbox 597 2153 684 2182; x_wconf 78' lang='lat' dir='ltr'><strong>enim,</strong></span> <span class='ocrx_word' id='word_1_338' title='bbox 710 2151 755 2178; x_wconf 89' lang='lat' dir='ltr'><strong>sed</strong></span> <span class='ocrx_word' id='word_1_339' title='bbox 780 2150 967 2184; x_wconf 83' lang='lat' dir='ltr'><strong>apprehendit,</strong></span> <span class='ocrx_word' id='word_1_340' title='bbox 989 2154 1015 2175; x_wconf 91' lang='lat' dir='ltr'><strong>et</strong></span> 
     </span>
    </p>
   </div>
   <div class='ocr_carea' id='block_1_44' title="bbox 217 2197 1014 2231">
    <p class='ocr_par' dir='ltr' id='par_1_44' title="bbox 217 2197 1014 2231">
     <span class='ocr_line' id='line_1_44' title="bbox 217 2197 1014 2231; baseline -0.011 -1"><span class='ocrx_word' id='word_1_341' title='bbox 217 2203 329 2230; x_wconf 85' lang='lat' dir='ltr'><strong>suscitat</strong></span> <span class='ocrx_word' id='word_1_342' title='bbox 343 2205 486 2231; x_wconf 88' lang='lat' dir='ltr'><strong>toortuam,</strong></span> <span class='ocrx_word' id='word_1_343' title='bbox 502 2198 645 2226; x_wconf 79' lang='lat' dir='ltr'><strong>ostendens</strong></span> <span class='ocrx_word' id='word_1_344' title='bbox 661 2197 748 2223; x_wconf 86' lang='lat' dir='ltr'><strong>omnia</strong></span> <span class='ocrx_word' id='word_1_345' title='bbox 766 2197 812 2230; x_wconf 82' lang='lat' dir='ltr'><strong>ipsi</strong></span> <span class='ocrx_word' id='word_1_346' title='bbox 830 2202 951 2230; x_wconf 87' lang='lat' dir='ltr'><strong>prompta</strong></span> <span class='ocrx_word' id='word_1_347' title='bbox 966 2203 1014 2229; x_wconf 84' lang='lat' dir='ltr'><strong>pa-</strong></span> 
     </span>
    </p>
   </div>
   <div class='ocr_carea' id='block_1_45' title="bbox 218 2242 1015 2284">
    <p class='ocr_par' dir='ltr' id='par_1_45' title="bbox 218 2242 1015 2284">
     <span class='ocr_line' id='line_1_45' title="bbox 218 2242 1015 2284; baseline -0.013 -8"><span class='ocrx_word' id='word_1_348' title='bbox 218 2254 327 2284; x_wconf 87' lang='lat' dir='ltr'><strong>rataque</strong></span> <span class='ocrx_word' id='word_1_349' title='bbox 349 2256 418 2275; x_wconf 76' lang='lat' dir='ltr'><strong>esse.</strong></span> <span class='ocrx_word' id='word_1_350' title='bbox 444 2247 534 2281; x_wconf 84' lang='lat' dir='ltr'><strong>Neque</strong></span> <span class='ocrx_word' id='word_1_351' title='bbox 560 2245 639 2272; x_wconf 90' lang='lat' dir='ltr'><strong>modo</strong></span> <span class='ocrx_word' id='word_1_352' title='bbox 660 2244 779 2275; x_wconf 65' lang='lat' dir='ltr'><strong>suscitat,</strong></span> <span class='ocrx_word' id='word_1_353' title='bbox 802 2243 847 2269; x_wconf 76' lang='lat' dir='ltr'><strong>sed</strong></span> <span class='ocrx_word' id='word_1_354' title='bbox 864 2242 951 2269; x_wconf 82' lang='lat' dir='ltr'><strong>cibum</strong></span> <span class='ocrx_word' id='word_1_355' title='bbox 966 2242 1015 2275; x_wconf 65' lang='lat' dir='ltr'><strong>ipsi</strong></span> 
     </span>
    </p>
   </div>
   <div class='ocr_carea' id='block_1_46' title="bbox 218 2287 1016 2330">
    <p class='ocr_par' dir='ltr' id='par_1_46' title="bbox 218 2287 1016 2330">
     <span class='ocr_line' id='line_1_46' title="bbox 218 2287 1016 2330; baseline -0.014 -7"><span class='ocrx_word' id='word_1_356' title='bbox 218 2297 282 2323; x_wconf 84' lang='lat' dir='ltr'><strong>dare</strong></span> <span class='ocrx_word' id='word_1_357' title='bbox 294 2295 378 2330; x_wconf 82' lang='lat' dir='ltr'><strong>jubet,</strong></span> <span class='ocrx_word' id='word_1_358' title='bbox 403 2301 435 2320; x_wconf 87' lang='lat' dir='ltr'><strong>ne</strong></span> <span class='ocrx_word' id='word_1_359' title='bbox 449 2293 585 2320; x_wconf 73' lang='lat' dir='ltr'><strong>videretur</strong></span> <span class='ocrx_word' id='word_1_360' title='bbox 609 2300 651 2318; x_wconf 80' lang='lat' dir='ltr'><strong>res</strong></span> <span class='ocrx_word' id='word_1_361' title='bbox 668 2298 727 2318; x_wconf 85' lang='lat' dir='ltr'><strong>esse</strong></span> <span class='ocrx_word' id='word_1_362' title='bbox 742 2289 906 2324; x_wconf 81' lang='lat' dir='ltr'><strong>phantasma.</strong></span> <span class='ocrx_word' id='word_1_363' title='bbox 925 2287 1016 2321; x_wconf 81' lang='lat' dir='ltr'><strong>Neque</strong></span> 
     </span>
    </p>
   </div>
   <div class='ocr_carea' id='block_1_47' title="bbox 219 2333 1016 2375">
    <p class='ocr_par' dir='ltr' id='par_1_47' title="bbox 219 2333 1016 2375">
     <span class='ocr_line' id='line_1_47' title="bbox 219 2333 1016 2375; baseline -0.013 -7"><span class='ocrx_word' id='word_1_364' title='bbox 219 2343 275 2375; x_wconf 84' lang='lat' dir='ltr'><strong>ipse</strong></span> <span class='ocrx_word' id='word_1_365' title='bbox 291 2341 346 2372; x_wconf 87' lang='lat' dir='ltr'><strong>dat,</strong></span> <span class='ocrx_word' id='word_1_366' title='bbox 362 2340 407 2366; x_wconf 81' lang='lat' dir='ltr'><strong>sed</strong></span> <span class='ocrx_word' id='word_1_367' title='bbox 422 2339 488 2365; x_wconf 84' lang='lat' dir='ltr'><strong>alios</strong></span> <span class='ocrx_word' id='word_1_368' title='bbox 501 2338 566 2365; x_wconf 87' lang='lat' dir='ltr'><strong>dare</strong></span> <span class='ocrx_word' id='word_1_369' title='bbox 586 2337 661 2372; x_wconf 86' lang='lat' dir='ltr'><strong>jubet</strong></span> <span class='ocrx_word' id='word_1_370' title='bbox 679 2344 684 2361; x_wconf 90' lang='lat'>:</span> <span class='ocrx_word' id='word_1_371' title='bbox 701 2334 924 2371; x_wconf 82' lang='lat' dir='ltr'><strong>rpiemadmodum</strong></span> <span class='ocrx_word' id='word_1_372' title='bbox 944 2338 969 2360; x_wconf 90' lang='lat' dir='ltr'><strong>et</strong></span> <span class='ocrx_word' id='word_1_373' title='bbox 984 2333 1016 2359; x_wconf 90' lang='lat' dir='ltr'><strong>de</strong></span> 
     </span>
    </p>
   </div>
   <div class='ocr_carea' id='block_1_48' title="bbox 219 2379 1015 2415">
    <p class='ocr_par' dir='ltr' id='par_1_48' title="bbox 219 2379 1015 2415">
     <span class='ocr_line' id='line_1_48' title="bbox 219 2379 1015 2415; baseline -0.013 -1"><span class='ocrx_word' id='word_1_374' title='bbox 219 2388 319 2415; x_wconf 83' lang='lat' dir='ltr'><strong>Lazaro</strong></span> <span class='ocrx_word' id='word_1_375' title='bbox 334 2386 369 2412; x_wconf 89' lang='lat' dir='ltr'><strong>ait</strong></span> <span class='ocrx_word' id='word_1_376' title='bbox 387 2394 393 2412; x_wconf 75' lang='grc' dir='ltr'><strong><em>ς</em></strong></span> <span class='ocrx_word' id='word_1_377' title='bbox 411 2385 506 2412; x_wconf 81' lang='lat' dir='ltr'><strong>Solvite</strong></span> <span class='ocrx_word' id='word_1_378' title='bbox 527 2384 607 2415; x_wconf 78' lang='lat' dir='ltr'><strong>illum,</strong></span> <span class='ocrx_word' id='word_1_379' title='bbox 633 2388 655 2409; x_wconf 84' lang='lat' dir='ltr'><strong>et</strong></span> <span class='ocrx_word' id='word_1_380' title='bbox 675 2382 748 2408; x_wconf 79' lang='lat' dir='ltr'><strong>sinite</strong></span> <span class='ocrx_word' id='word_1_381' title='bbox 768 2381 836 2407; x_wconf 80' lang='lat' dir='ltr'><strong>abire</strong></span> <span class='ocrx_word' id='word_1_382' title='bbox 859 2379 947 2415; x_wconf 85' lang='lat' dir='ltr'><strong>(.Ioau.</strong></span> <span class='ocrx_word' id='word_1_383' title='bbox 972 2379 1015 2405; x_wconf 83' lang='grc' dir='ltr'><strong>Η.</strong></span> 
     </span>
    </p>
   </div>
   <div class='ocr_carea' id='block_1_49' title="bbox 220 2426 1017 2467">
    <p class='ocr_par' dir='ltr' id='par_1_49' title="bbox 220 2426 1017 2467">
     <span class='ocr_line' id='line_1_49' title="bbox 220 2426 1017 2467; baseline -0.014 -7"><span class='ocrx_word' id='word_1_384' title='bbox 220 2433 276 2467; x_wconf 65' lang='lat' dir='ltr'><strong>Ut),</strong></span> <span class='ocrx_word' id='word_1_385' title='bbox 293 2437 320 2459; x_wconf 89' lang='lat' dir='ltr'><strong>et</strong></span> <span class='ocrx_word' id='word_1_386' title='bbox 336 2436 426 2466; x_wconf 87' lang='lat' dir='ltr'><strong>postea</strong></span> <span class='ocrx_word' id='word_1_387' title='bbox 443 2438 541 2457; x_wconf 72' lang='lat' dir='ltr'><strong>mensa:</strong></span> <span class='ocrx_word' id='word_1_388' title='bbox 556 2434 707 2456; x_wconf 73' lang='lat' dir='ltr'><strong>consortem</strong></span> <span class='ocrx_word' id='word_1_389' title='bbox 723 2426 812 2454; x_wconf 77' lang='lat' dir='ltr'><strong>efﬁcit.</strong></span> <span class='ocrx_word' id='word_1_390' title='bbox 828 2426 932 2452; x_wconf 80' lang='lat' dir='ltr'><strong>Etenim</strong></span> <span class='ocrx_word' id='word_1_391' title='bbox 948 2433 1017 2450; x_wconf 80' lang='lat' dir='ltr'><strong>setti-</strong></span> 
     </span>
    </p>
   </div>
   <div class='ocr_carea' id='block_1_50' title="bbox 221 2475 1018 2515">
    <p class='ocr_par' dir='ltr' id='par_1_50' title="bbox 221 2475 1018 2515">
     <span class='ocr_line' id='line_1_50' title="bbox 221 2475 1018 2515; baseline -0.011 -10"><span class='ocrx_word' id='word_1_392' title='bbox 221 2489 267 2515; x_wconf 77' lang='lat' dir='ltr'><strong>per</strong></span> <span class='ocrx_word' id='word_1_393' title='bbox 282 2486 422 2513; x_wconf 82' lang='lat' dir='ltr'><strong>utrumque</strong></span> <span class='ocrx_word' id='word_1_394' title='bbox 436 2477 611 2511; x_wconf 75' lang='lat' dir='ltr'><strong>comprobare</strong></span> <span class='ocrx_word' id='word_1_395' title='bbox 624 2475 701 2505; x_wconf 84' lang='lat' dir='ltr'><strong>solet,</strong></span> <span class='ocrx_word' id='word_1_396' title='bbox 719 2479 742 2501; x_wconf 75' lang='lat' dir='ltr'><strong>et</strong></span> <span class='ocrx_word' id='word_1_397' title='bbox 761 2479 873 2499; x_wconf 76' lang='lat' dir='ltr'><strong>mortem</strong></span> <span class='ocrx_word' id='word_1_398' title='bbox 890 2477 914 2498; x_wconf 72' lang='lat' dir='ltr'><strong>cl</strong></span> <span class='ocrx_word' id='word_1_399' title='bbox 930 2479 1018 2497; x_wconf 77' lang='lat' dir='ltr'><strong>resur-</strong></span> 
     </span>
    </p>
   </div>
   <div class='ocr_carea' id='block_1_51' title="bbox 220 2518 1016 2553">
    <p class='ocr_par' dir='ltr' id='par_1_51' title="bbox 220 2518 1016 2553">
     <span class='ocr_line' id='line_1_51' title="bbox 220 2518 1016 2553; baseline -0.014 0"><span class='ocrx_word' id='word_1_400' title='bbox 220 2526 365 2553; x_wconf 86' lang='lat' dir='ltr'><strong>rectionem</strong></span> <span class='ocrx_word' id='word_1_401' title='bbox 388 2524 585 2550; x_wconf 84' lang='lat' dir='ltr'><strong>accuratissime</strong></span> <span class='ocrx_word' id='word_1_402' title='bbox 600 2526 739 2548; x_wconf 85' lang='lat' dir='ltr'><strong>asserlatn.</strong></span> <span class='ocrx_word' id='word_1_403' title='bbox 757 2519 796 2546; x_wconf 88' lang='lat' dir='ltr'><strong>Tu</strong></span> <span class='ocrx_word' id='word_1_404' title='bbox 810 2527 873 2545; x_wconf 78' lang='lat' dir='ltr'><strong>vero</strong></span> <span class='ocrx_word' id='word_1_405' title='bbox 890 2527 921 2544; x_wconf 83' lang='lat' dir='ltr'><strong>ne</strong></span> <span class='ocrx_word' id='word_1_406' title='bbox 933 2518 1016 2544; x_wconf 84' lang='lat' dir='ltr'><strong>solam</strong></span> 
     </span>
    </p>
   </div>
   <div class='ocr_carea' id='block_1_52' title="bbox 220 2565 1019 2606">
    <p class='ocr_par' dir='ltr' id='par_1_52' title="bbox 220 2565 1019 2606">
     <span class='ocr_line' id='line_1_52' title="bbox 220 2565 1019 2606; baseline -0.016 -3"><span class='ocrx_word' id='word_1_407' title='bbox 220 2574 441 2603; x_wconf 86' lang='lat' dir='ltr'><strong>resurrectionem</strong></span> <span class='ocrx_word' id='word_1_408' title='bbox 454 2566 603 2606; x_wconf 89' lang='lat' dir='ltr'><strong>perpendas</strong></span> <span class='ocrx_word' id='word_1_409' title='bbox 615 2570 703 2601; x_wconf 86' lang='lat' dir='ltr'><strong>velim,</strong></span> <span class='ocrx_word' id='word_1_410' title='bbox 720 2567 766 2594; x_wconf 89' lang='lat' dir='ltr'><strong>sed</strong></span> <span class='ocrx_word' id='word_1_411' title='bbox 780 2567 858 2593; x_wconf 88' lang='lat' dir='ltr'><strong>etiam</strong></span> <span class='ocrx_word' id='word_1_412' title='bbox 870 2565 939 2599; x_wconf 88' lang='lat' dir='ltr'><strong>quod</strong></span> <span class='ocrx_word' id='word_1_413' title='bbox 952 2572 1019 2599; x_wconf 73' lang='lat' dir='ltr'><strong>pr:e~</strong></span> 
     </span>
    </p>
   </div>
   <div class='ocr_carea' id='block_1_53' title="bbox 219 2610 1018 2656">
    <p class='ocr_par' dir='ltr' id='par_1_53' title="bbox 219 2610 1018 2656">
     <span class='ocr_line' id='line_1_53' title="bbox 219 2610 1018 2656; baseline -0.019 -7"><span class='ocrx_word' id='word_1_414' title='bbox 219 2622 321 2656; x_wconf 87' lang='lat' dir='ltr'><strong>ceperit</strong></span> <span class='ocrx_word' id='word_1_415' title='bbox 335 2625 363 2646; x_wconf 91' lang='lat' dir='ltr'><strong>ut</strong></span> <span class='ocrx_word' id='word_1_416' title='bbox 380 2618 478 2646; x_wconf 88' lang='lat' dir='ltr'><strong>nemini</strong></span> <span class='ocrx_word' id='word_1_417' title='bbox 494 2618 629 2647; x_wconf 81' lang='lat' dir='ltr'><strong>dicerent;</strong></span> <span class='ocrx_word' id='word_1_418' title='bbox 651 2620 676 2642; x_wconf 89' lang='lat' dir='ltr'><strong>el</strong></span> <span class='ocrx_word' id='word_1_419' title='bbox 692 2622 738 2649; x_wconf 84' lang='lat' dir='ltr'><strong>per</strong></span> <span class='ocrx_word' id='word_1_420' title='bbox 760 2613 848 2639; x_wconf 86' lang='lat' dir='ltr'><strong>omnia</strong></span> <span class='ocrx_word' id='word_1_421' title='bbox 864 2611 962 2643; x_wconf 66' lang='lat' dir='ltr'><strong>discas,</strong></span> <span class='ocrx_word' id='word_1_422' title='bbox 980 2610 1018 2635; x_wconf 84' lang='lat' dir='ltr'><strong>fa-</strong></span> 
     </span>
    </p>
   </div>
   <div class='ocr_carea' id='block_1_54' title="bbox 220 2657 1018 2700">
    <p class='ocr_par' dir='ltr' id='par_1_54' title="bbox 220 2657 1018 2700">
     <span class='ocr_line' id='line_1_54' title="bbox 220 2657 1018 2700; baseline -0.016 -5"><span class='ocrx_word' id='word_1_423' title='bbox 220 2673 290 2695; x_wconf 91' lang='lat' dir='ltr'><strong>stum</strong></span> <span class='ocrx_word' id='word_1_424' title='bbox 305 2673 455 2700; x_wconf 87' lang='lat' dir='ltr'><strong>vanamquc</strong></span> <span class='ocrx_word' id='word_1_425' title='bbox 475 2664 586 2699; x_wconf 80' lang='lat' dir='ltr'><strong>gloriam</strong></span> <span class='ocrx_word' id='word_1_426' title='bbox 603 2670 665 2689; x_wconf 69' lang='lat' dir='ltr'><strong>esse</strong></span> <span class='ocrx_word' id='word_1_427' title='bbox 686 2660 796 2687; x_wconf 85' lang='lat' dir='ltr'><strong>omnino</strong></span> <span class='ocrx_word' id='word_1_428' title='bbox 812 2658 943 2685; x_wconf 82' lang='lat' dir='ltr'><strong>\itandam</strong></span> <span class='ocrx_word' id='word_1_429' title='bbox 958 2666 964 2683; x_wconf 94' lang='lat'><strong>:</strong></span> <span class='ocrx_word' id='word_1_430' title='bbox 989 2657 1018 2683; x_wconf 84' lang='lat' dir='ltr'><strong>il-</strong></span> 
     </span>
    </p>
   </div>
   <div class='ocr_carea' id='block_1_55' title="bbox 220 2703 1017 2748">
    <p class='ocr_par' dir='ltr' id='par_1_55' title="bbox 220 2703 1017 2748">
     <span class='ocr_line' id='line_1_55' title="bbox 220 2703 1017 2748; baseline -0.016 -7"><span class='ocrx_word' id='word_1_431' title='bbox 220 2714 320 2748; x_wconf 85' lang='lat' dir='ltr'><strong>ludque</strong></span> <span class='ocrx_word' id='word_1_432' title='bbox 335 2716 462 2748; x_wconf 71' lang='lat' dir='ltr'><strong>przeterca</strong></span> <span class='ocrx_word' id='word_1_433' title='bbox 475 2710 572 2741; x_wconf 81' lang='lat' dir='ltr'><strong>discas,</strong></span> <span class='ocrx_word' id='word_1_434' title='bbox 588 2709 673 2742; x_wconf 89' lang='lat' dir='ltr'><strong>ipsum</strong></span> <span class='ocrx_word' id='word_1_435' title='bbox 686 2708 806 2741; x_wconf 80' lang='lat' dir='ltr'><strong>lugentes</strong></span> <span class='ocrx_word' id='word_1_436' title='bbox 821 2710 895 2731; x_wconf 76' lang='lat' dir='ltr'><strong>extra</strong></span> <span class='ocrx_word' id='word_1_437' title='bbox 909 2703 1017 2729; x_wconf 90' lang='lat' dir='ltr'><strong>domum</strong></span> 
     </span>
    </p>
   </div>
   <div class='ocr_carea' id='block_1_56' title="bbox 220 2748 1018 2794">
    <p class='ocr_par' dir='ltr' id='par_1_56' title="bbox 220 2748 1018 2794">
     <span class='ocr_line' id='line_1_56' title="bbox 220 2748 1018 2794; baseline -0.018 -6"><span class='ocrx_word' id='word_1_438' title='bbox 220 2761 343 2794; x_wconf 82' lang='lat' dir='ltr'><strong>ejecisse,</strong></span> <span class='ocrx_word' id='word_1_439' title='bbox 358 2763 438 2793; x_wconf 88' lang='lat' dir='ltr'><strong>atque</strong></span> <span class='ocrx_word' id='word_1_440' title='bbox 451 2757 519 2783; x_wconf 84' lang='lat' dir='ltr'><strong>velut</strong></span> <span class='ocrx_word' id='word_1_441' title='bbox 545 2754 668 2789; x_wconf 81' lang='lat' dir='ltr'><strong>indignos</strong></span> <span class='ocrx_word' id='word_1_442' title='bbox 693 2753 738 2779; x_wconf 85' lang='lat' dir='ltr'><strong>tali</strong></span> <span class='ocrx_word' id='word_1_443' title='bbox 759 2749 914 2785; x_wconf 87' lang='lat' dir='ltr'><strong>spectaculo</strong></span> <span class='ocrx_word' id='word_1_444' title='bbox 930 2748 1018 2775; x_wconf 89' lang='lat' dir='ltr'><strong>decla-</strong></span> 
     </span>
    </p>
   </div>
   <div class='ocr_carea' id='block_1_57' title="bbox 221 2794 1019 2833">
    <p class='ocr_par' dir='ltr' id='par_1_57' title="bbox 221 2794 1019 2833">
     <span class='ocr_line' id='line_1_57' title="bbox 221 2794 1019 2833; baseline -0.016 -1"><span class='ocrx_word' id='word_1_445' title='bbox 221 2813 306 2833; x_wconf 75' lang='lat' dir='ltr'><strong>rasse.</strong></span> <span class='ocrx_word' id='word_1_446' title='bbox 320 2804 360 2831; x_wconf 84' lang='lat' dir='ltr'><strong>Tu</strong></span> <span class='ocrx_word' id='word_1_447' title='bbox 379 2811 442 2830; x_wconf 75' lang='lat' dir='ltr'><strong>vero</strong></span> <span class='ocrx_word' id='word_1_448' title='bbox 461 2810 494 2829; x_wconf 90' lang='lat' dir='ltr'><strong>oe</strong></span> <span class='ocrx_word' id='word_1_449' title='bbox 510 2808 590 2828; x_wconf 83' lang='lat' dir='ltr'><strong>exeas</strong></span> <span class='ocrx_word' id='word_1_450' title='bbox 610 2806 670 2827; x_wconf 90' lang='lat' dir='ltr'><strong>cum</strong></span> <span class='ocrx_word' id='word_1_451' title='bbox 696 2797 862 2827; x_wconf 86' lang='lat' dir='ltr'><strong>tibicinibus;</strong></span> <span class='ocrx_word' id='word_1_452' title='bbox 878 2794 925 2822; x_wconf 91' lang='lat' dir='ltr'><strong>scd</strong></span> <span class='ocrx_word' id='word_1_453' title='bbox 942 2802 1019 2820; x_wconf 85' lang='lat' dir='ltr'><strong>mane</strong></span> 
     </span>
    </p>
   </div>
   <div class='ocr_carea' id='block_1_58' title="bbox 219 2841 1019 2881">
    <p class='ocr_par' dir='ltr' id='par_1_58' title="bbox 219 2841 1019 2881">
     <span class='ocr_line' id='line_1_58' title="bbox 219 2841 1019 2881; baseline -0.016 -3"><span class='ocrx_word' id='word_1_454' title='bbox 219 2860 280 2879; x_wconf 85' lang='lat' dir='ltr'><strong>cum</strong></span> <span class='ocrx_word' id='word_1_455' title='bbox 298 2850 385 2881; x_wconf 85' lang='lat' dir='ltr'><strong>Petro,</strong></span> <span class='ocrx_word' id='word_1_456' title='bbox 398 2849 500 2876; x_wconf 87' lang='lat' dir='ltr'><strong>Joanne</strong></span> <span class='ocrx_word' id='word_1_457' title='bbox 517 2851 544 2874; x_wconf 89' lang='lat' dir='ltr'><strong>et</strong></span> <span class='ocrx_word' id='word_1_458' title='bbox 556 2846 665 2873; x_wconf 74' lang='lat' dir='ltr'><strong>Jacobo.</strong></span> <span class='ocrx_word' id='word_1_459' title='bbox 683 2844 749 2871; x_wconf 83' lang='lat' dir='ltr'><strong>Nam</strong></span> <span class='ocrx_word' id='word_1_460' title='bbox 765 2843 785 2870; x_wconf 89' lang='lat' dir='ltr'><strong>si</strong></span> <span class='ocrx_word' id='word_1_461' title='bbox 801 2848 862 2869; x_wconf 87' lang='lat' dir='ltr'><strong>tunc.</strong></span> <span class='ocrx_word' id='word_1_462' title='bbox 877 2842 935 2868; x_wconf 89' lang='lat' dir='ltr'><strong>illos</strong></span> <span class='ocrx_word' id='word_1_463' title='bbox 949 2841 1019 2867; x_wconf 88' lang='lat' dir='ltr'><strong>foras</strong></span> 
     </span>
    </p>
   </div>
   <div class='ocr_carea' id='block_1_59' title="bbox 218 2884 1018 2932">
    <p class='ocr_par' dir='ltr' id='par_1_59' title="bbox 218 2884 1018 2932">
     <span class='ocr_line' id='line_1_59' title="bbox 218 2884 1018 2932; baseline -0.016 -8"><span class='ocrx_word' id='word_1_464' title='bbox 218 2884 310 2932; x_wconf 17' lang='lat' dir='ltr'><strong>rcjecit,</strong></span> <span class='ocrx_word' id='word_1_465' title='bbox 324 2895 407 2921; x_wconf 91' lang='lat' dir='ltr'><strong>multo</strong></span> <span class='ocrx_word' id='word_1_466' title='bbox 419 2894 502 2928; x_wconf 77' lang='lat' dir='ltr'><strong>magis</strong></span> <span class='ocrx_word' id='word_1_467' title='bbox 516 2899 584 2919; x_wconf 88' lang='lat' dir='ltr'><strong>nunc</strong></span> <span class='ocrx_word' id='word_1_468' title='bbox 599 2892 624 2918; x_wconf 88' lang='lat' dir='ltr'><strong>id</strong></span> <span class='ocrx_word' id='word_1_469' title='bbox 637 2890 724 2917; x_wconf 82' lang='lat' dir='ltr'><strong>faciat.</strong></span> <span class='ocrx_word' id='word_1_470' title='bbox 736 2889 809 2915; x_wconf 77' lang='lat' dir='ltr'><strong>Tunc.</strong></span> <span class='ocrx_word' id='word_1_471' title='bbox 821 2888 891 2915; x_wconf 89' lang='lat' dir='ltr'><strong>enim</strong></span> <span class='ocrx_word' id='word_1_472' title='bbox 901 2886 1018 2913; x_wconf 87' lang='lat' dir='ltr'><strong>nondutu</strong></span> 
     </span>
    </p>
   </div>
   <div class='ocr_carea' id='block_1_60' title="bbox 223 2934 1019 2978">
    <p class='ocr_par' dir='ltr' id='par_1_60' title="bbox 223 2934 1019 2978">
     <span class='ocr_line' id='line_1_60' title="bbox 223 2934 1019 2978; baseline -0.016 -8"><span class='ocrx_word' id='word_1_473' title='bbox 223 2944 307 2978; x_wconf 88' lang='lat' dir='ltr'><strong>palam</strong></span> <span class='ocrx_word' id='word_1_474' title='bbox 322 2946 379 2969; x_wconf 87' lang='lat' dir='ltr'><strong>erat</strong></span> <span class='ocrx_word' id='word_1_475' title='bbox 400 2945 512 2968; x_wconf 87' lang='lat' dir='ltr'><strong>mortem</strong></span> <span class='ocrx_word' id='word_1_476' title='bbox 532 2940 585 2974; x_wconf 89' lang='lat' dir='ltr'><strong>jam</strong></span> <span class='ocrx_word' id='word_1_477' title='bbox 600 2944 721 2965; x_wconf 79' lang='lat' dir='ltr'><strong>somnum</strong></span> <span class='ocrx_word' id='word_1_478' title='bbox 737 2943 796 2963; x_wconf 83' lang='lat' dir='ltr'><strong>esse</strong></span> <span class='ocrx_word' id='word_1_479' title='bbox 819 2934 913 2961; x_wconf 77' lang='lat' dir='ltr'><strong>factum</strong></span> <span class='ocrx_word' id='word_1_480' title='bbox 927 2942 934 2959; x_wconf 89' lang='lat'><strong>:</strong></span> <span class='ocrx_word' id='word_1_481' title='bbox 946 2939 1019 2958; x_wconf 87' lang='lat' dir='ltr'><strong>nunc</strong></span> 
     </span>
    </p>
   </div>
   <div class='ocr_carea' id='block_1_61' title="bbox 706 198 1402 233">
    <p class='ocr_par' dir='ltr' id='par_1_61' title="bbox 706 198 1402 233">
     <span class='ocr_line' id='line_1_61' title="bbox 706 198 1402 233; baseline 0.01 -7"><span class='ocrx_word' id='word_1_482' title='bbox 706 199 739 226; x_wconf 67' lang='lat' dir='ltr'><strong>1N</strong></span> <span class='ocrx_word' id='word_1_483' title='bbox 759 198 961 226; x_wconf 69' lang='lat' dir='ltr'><strong>MATTIMSUM</strong></span> <span class='ocrx_word' id='word_1_484' title='bbox 983 199 1097 227; x_wconf 74' lang='lat' dir='ltr'><strong>HOMIL.</strong></span> <span class='ocrx_word' id='word_1_485' title='bbox 1120 201 1216 229; x_wconf 74' lang='lat' dir='ltr'><strong>XXXI.</strong></span> <span class='ocrx_word' id='word_1_486' title='bbox 1237 203 1272 231; x_wconf 87' lang='lat' dir='ltr'><strong>al.</strong></span> <span class='ocrx_word' id='word_1_487' title='bbox 1293 204 1402 233; x_wconf 68' lang='lat' dir='ltr'><strong>XXX&quot;.</strong></span> 
     </span>
    </p>
   </div>
   <div class='ocr_carea' id='block_1_62' title="bbox 1819 214 1869 241">
    <p class='ocr_par' dir='ltr' id='par_1_62' title="bbox 1819 214 1869 241">
     <span class='ocr_line' id='line_1_62' title="bbox 1819 214 1869 241; baseline 0 0"><span class='ocrx_word' id='word_1_488' title='bbox 1819 214 1869 241; x_wconf 69' lang='lat'><strong>375</strong></span> 
     </span>
    </p>
   </div>
   <div class='ocr_carea' id='block_1_63' title="bbox 1073 261 1868 299">
    <p class='ocr_par' dir='ltr' id='par_1_63' title="bbox 1073 261 1868 299">
     <span class='ocr_line' id='line_1_63' title="bbox 1073 261 1868 299; baseline 0.016 -14"><span class='ocrx_word' id='word_1_489' title='bbox 1073 263 1161 286; x_wconf 89' lang='lat' dir='ltr'><strong>autem</strong></span> <span class='ocrx_word' id='word_1_490' title='bbox 1177 261 1233 295; x_wconf 86' lang='lat' dir='ltr'><strong>ipso</strong></span> <span class='ocrx_word' id='word_1_491' title='bbox 1246 262 1303 290; x_wconf 85' lang='lat' dir='ltr'><strong>sole</strong></span> <span class='ocrx_word' id='word_1_492' title='bbox 1325 263 1422 292; x_wconf 80' lang='lat' dir='ltr'><strong>clarius</strong></span> <span class='ocrx_word' id='word_1_493' title='bbox 1437 270 1486 293; x_wconf 88' lang='lat' dir='ltr'><strong>est.</strong></span> <span class='ocrx_word' id='word_1_494' title='bbox 1502 266 1535 293; x_wconf 80' lang='lat' dir='ltr'><strong>At</strong></span> <span class='ocrx_word' id='word_1_495' title='bbox 1550 275 1621 295; x_wconf 89' lang='lat' dir='ltr'><strong>nunc</strong></span> <span class='ocrx_word' id='word_1_496' title='bbox 1638 275 1690 296; x_wconf 92' lang='lat' dir='ltr'><strong>non</strong></span> <span class='ocrx_word' id='word_1_497' title='bbox 1703 269 1782 297; x_wconf 88' lang='lat' dir='ltr'><strong>ﬁliam</strong></span> <span class='ocrx_word' id='word_1_498' title='bbox 1798 276 1868 299; x_wconf 90' lang='lat' dir='ltr'><strong>tuam</strong></span> 
     </span>
    </p>
   </div>
   <div class='ocr_carea' id='block_1_64' title="bbox 1072 305 1867 351">
    <p class='ocr_par' dir='ltr' id='par_1_64' title="bbox 1072 305 1867 351">
     <span class='ocr_line' id='line_1_64' title="bbox 1072 305 1867 351; baseline 0.019 -22"><span class='ocrx_word' id='word_1_499' title='bbox 1072 305 1229 351; x_wconf 71' lang='lat' dir='ltr'><strong>suscitavit?</strong></span> <span class='ocrx_word' id='word_1_500' title='bbox 1248 307 1300 335; x_wconf 82' lang='lat' dir='ltr'><strong>Sed</strong></span> <span class='ocrx_word' id='word_1_501' title='bbox 1321 310 1459 337; x_wconf 86' lang='lat' dir='ltr'><strong>suseitabit</strong></span> <span class='ocrx_word' id='word_1_502' title='bbox 1479 311 1549 339; x_wconf 82' lang='lat' dir='ltr'><strong>illam</strong></span> <span class='ocrx_word' id='word_1_503' title='bbox 1568 320 1628 340; x_wconf 90' lang='lat' dir='ltr'><strong>cum</strong></span> <span class='ocrx_word' id='word_1_504' title='bbox 1651 314 1754 349; x_wconf 84' lang='lat' dir='ltr'><strong>majore</strong></span> <span class='ocrx_word' id='word_1_505' title='bbox 1774 316 1867 351; x_wconf 80' lang='lat' dir='ltr'><strong>gloria.</strong></span> 
     </span>
    </p>
   </div>
   <div class='ocr_carea' id='block_1_65' title="bbox 1073 349 1869 394">
    <p class='ocr_par' dir='ltr' id='par_1_65' title="bbox 1073 349 1869 394">
     <span class='ocr_line' id='line_1_65' title="bbox 1073 349 1869 394; baseline 0.019 -18"><span class='ocrx_word' id='word_1_506' title='bbox 1073 349 1118 377; x_wconf 84' lang='lat' dir='ltr'><strong>Illa</strong></span> <span class='ocrx_word' id='word_1_507' title='bbox 1137 352 1207 378; x_wconf 87' lang='lat' dir='ltr'><strong>enim</strong></span> <span class='ocrx_word' id='word_1_508' title='bbox 1223 361 1283 388; x_wconf 74' lang='lat' dir='ltr'><strong>qua:</strong></span> <span class='ocrx_word' id='word_1_509' title='bbox 1296 357 1422 387; x_wconf 85' lang='lat' dir='ltr'><strong>surrexit.</strong></span> <span class='ocrx_word' id='word_1_510' title='bbox 1440 357 1535 385; x_wconf 88' lang='lat' dir='ltr'><strong>iterum</strong></span> <span class='ocrx_word' id='word_1_511' title='bbox 1552 365 1656 388; x_wconf 79' lang='lat' dir='ltr'><strong>mortua</strong></span> <span class='ocrx_word' id='word_1_512' title='bbox 1671 367 1728 394; x_wconf 89' lang='lat' dir='ltr'><strong>est;</strong></span> <span class='ocrx_word' id='word_1_513' title='bbox 1746 349 1788 390; x_wconf 76' lang='lat' dir='ltr'><strong>tua</strong></span> <span class='ocrx_word' id='word_1_514' title='bbox 1806 372 1869 391; x_wconf 79' lang='lat' dir='ltr'><strong>vero</strong></span> 
     </span>
    </p>
   </div>
   <div class='ocr_carea' id='block_1_66' title="bbox 1072 401 1869 443">
    <p class='ocr_par' dir='ltr' id='par_1_66' title="bbox 1072 401 1869 443">
     <span class='ocr_line' id='line_1_66' title="bbox 1072 401 1869 443; baseline 0.019 -21"><span class='ocrx_word' id='word_1_515' title='bbox 1072 403 1132 443; x_wconf 83' lang='lat' dir='ltr'><strong>cum</strong></span> <span class='ocrx_word' id='word_1_516' title='bbox 1156 401 1319 433; x_wconf 85' lang='lat' dir='ltr'><strong>surrexerit,</strong></span> <span class='ocrx_word' id='word_1_517' title='bbox 1344 403 1462 430; x_wconf 87' lang='lat' dir='ltr'><strong>manebit</strong></span> <span class='ocrx_word' id='word_1_518' title='bbox 1481 404 1649 433; x_wconf 83' lang='lat' dir='ltr'><strong>imumrtalis.</strong></span> <span class='ocrx_word' id='word_1_519' title='bbox 1672 407 1756 435; x_wconf 89' lang='lat' dir='ltr'><strong>Nemo</strong></span> <span class='ocrx_word' id='word_1_520' title='bbox 1779 409 1869 443; x_wconf 85' lang='lat' dir='ltr'><strong>itaque</strong></span> 
     </span>
    </p>
   </div>
   <div class='ocr_carea' id='block_1_67' title="bbox 1073 441 1863 481">
    <p class='ocr_par' dir='ltr' id='par_1_67' title="bbox 1073 441 1863 481">
     <span class='ocr_line' id='line_1_67' title="bbox 1073 441 1863 481; baseline 0.011 -12"><span class='ocrx_word' id='word_1_521' title='bbox 1073 441 1201 477; x_wconf 80' lang='lat' dir='ltr'><strong>deinceps</strong></span> <span class='ocrx_word' id='word_1_522' title='bbox 1212 443 1312 478; x_wconf 77' lang='lat' dir='ltr'><strong>lugeat,</strong></span> <span class='ocrx_word' id='word_1_523' title='bbox 1323 447 1592 481; x_wconf 73' lang='lat' dir='ltr'><strong>nequelamentetur,</strong></span> <span class='ocrx_word' id='word_1_524' title='bbox 1604 457 1682 475; x_wconf 90' lang='lat' dir='ltr'><strong>nemo</strong></span> <span class='ocrx_word' id='word_1_525' title='bbox 1700 451 1801 477; x_wconf 82' lang='lat' dir='ltr'><strong>Christi</strong></span> <span class='ocrx_word' id='word_1_526' title='bbox 1823 441 1863 478; x_wconf 78' lang='lat' dir='ltr'><strong>iti-</strong></span> 
     </span>
    </p>
   </div>
   <div class='ocr_carea' id='block_1_68' title="bbox 1073 488 1865 532">
    <p class='ocr_par' dir='ltr' id='par_1_68' title="bbox 1073 488 1865 532">
     <span class='ocr_line' id='line_1_68' title="bbox 1073 488 1865 532; baseline 0.013 -19"><span class='ocrx_word' id='word_1_527' title='bbox 1073 488 1186 532; x_wconf 84' lang='lat' dir='ltr'><strong>ctoriam</strong></span> <span class='ocrx_word' id='word_1_528' title='bbox 1195 489 1457 519; x_wconf 88' lang='lat' dir='ltr'><strong>calumnietur.Vieit</strong></span> <span class='ocrx_word' id='word_1_529' title='bbox 1464 493 1535 519; x_wconf 81' lang='lat' dir='ltr'><strong>enim</strong></span> <span class='ocrx_word' id='word_1_530' title='bbox 1543 494 1586 520; x_wconf 86' lang='lat' dir='ltr'><strong>ille</strong></span> <span class='ocrx_word' id='word_1_531' title='bbox 1592 499 1716 522; x_wconf 89' lang='lat' dir='ltr'><strong>mortem.</strong></span> <span class='ocrx_word' id='word_1_532' title='bbox 1726 495 1795 529; x_wconf 88' lang='lat' dir='ltr'><strong>Quid</strong></span> <span class='ocrx_word' id='word_1_533' title='bbox 1802 505 1865 532; x_wconf 85' lang='lat' dir='ltr'><strong>ergo</strong></span> 
     </span>
    </p>
   </div>
   <div class='ocr_carea' id='block_1_69' title="bbox 1073 531 1864 572">
    <p class='ocr_par' dir='ltr' id='par_1_69' title="bbox 1073 531 1864 572">
     <span class='ocr_line' id='line_1_69' title="bbox 1073 531 1864 572; baseline 0.013 -13"><span class='ocrx_word' id='word_1_534' title='bbox 1073 531 1174 560; x_wconf 80' lang='lat' dir='ltr'><strong>frustra</strong></span> <span class='ocrx_word' id='word_1_535' title='bbox 1184 535 1294 569; x_wconf 82' lang='lat' dir='ltr'><strong>ploras?</strong></span> <span class='ocrx_word' id='word_1_536' title='bbox 1304 536 1375 565; x_wconf 83' lang='lat' dir='ltr'><strong>Mors</strong></span> <span class='ocrx_word' id='word_1_537' title='bbox 1384 544 1498 566; x_wconf 78' lang='lat' dir='ltr'><strong>somnus</strong></span> <span class='ocrx_word' id='word_1_538' title='bbox 1505 538 1599 566; x_wconf 84' lang='lat' dir='ltr'><strong>eﬁecta</strong></span> <span class='ocrx_word' id='word_1_539' title='bbox 1609 545 1662 567; x_wconf 86' lang='lat' dir='ltr'><strong>est.</strong></span> <span class='ocrx_word' id='word_1_540' title='bbox 1676 539 1744 572; x_wconf 87' lang='lat' dir='ltr'><strong>Quid</strong></span> <span class='ocrx_word' id='word_1_541' title='bbox 1759 531 1864 569; x_wconf 86' lang='lat' dir='ltr'><strong>lamen-</strong></span> 
     </span>
    </p>
   </div>
   <div class='ocr_carea' id='block_1_70' title="bbox 1072 579 1868 619">
    <p class='ocr_par' dir='ltr' id='par_1_70' title="bbox 1072 579 1868 619">
     <span class='ocr_line' id='line_1_70' title="bbox 1072 579 1868 619; baseline 0.015 -15"><span class='ocrx_word' id='word_1_542' title='bbox 1072 579 1135 605; x_wconf 90' lang='lat' dir='ltr'><strong>laris</strong></span> <span class='ocrx_word' id='word_1_543' title='bbox 1155 585 1181 606; x_wconf 90' lang='lat' dir='ltr'><strong>et</strong></span> <span class='ocrx_word' id='word_1_544' title='bbox 1196 579 1292 615; x_wconf 80' lang='lat' dir='ltr'><strong>luges?</strong></span> <span class='ocrx_word' id='word_1_545' title='bbox 1316 581 1381 609; x_wconf 87' lang='lat' dir='ltr'><strong>Illud</strong></span> <span class='ocrx_word' id='word_1_546' title='bbox 1394 583 1464 609; x_wconf 92' lang='lat' dir='ltr'><strong>enim</strong></span> <span class='ocrx_word' id='word_1_547' title='bbox 1489 584 1511 611; x_wconf 87' lang='lat' dir='ltr'><strong>si</strong></span> <span class='ocrx_word' id='word_1_548' title='bbox 1533 585 1647 619; x_wconf 80' lang='lat' dir='ltr'><strong>gentiles</strong></span> <span class='ocrx_word' id='word_1_549' title='bbox 1664 586 1790 619; x_wconf 80' lang='lat' dir='ltr'><strong>facerent,</strong></span> <span class='ocrx_word' id='word_1_550' title='bbox 1810 588 1868 615; x_wconf 89' lang='lat' dir='ltr'><strong>irri-</strong></span> 
     </span>
    </p>
   </div>
   <div class='ocr_carea' id='block_1_71' title="bbox 1071 623 1867 666">
    <p class='ocr_par' dir='ltr' id='par_1_71' title="bbox 1071 623 1867 666">
     <span class='ocr_line' id='line_1_71' title="bbox 1071 623 1867 666; baseline 0.014 -16"><span class='ocrx_word' id='word_1_551' title='bbox 1071 623 1151 651; x_wconf 87' lang='lat' dir='ltr'><strong>dendi</strong></span> <span class='ocrx_word' id='word_1_552' title='bbox 1167 631 1257 653; x_wconf 89' lang='lat' dir='ltr'><strong>essent</strong></span> <span class='ocrx_word' id='word_1_553' title='bbox 1275 637 1282 655; x_wconf 82' lang='lat'><strong>:</strong></span> <span class='ocrx_word' id='word_1_554' title='bbox 1297 634 1358 655; x_wconf 91' lang='lat' dir='ltr'><strong>cum</strong></span> <span class='ocrx_word' id='word_1_555' title='bbox 1373 634 1462 656; x_wconf 85' lang='lat' dir='ltr'><strong>autem</strong></span> <span class='ocrx_word' id='word_1_556' title='bbox 1480 629 1564 658; x_wconf 87' lang='lat' dir='ltr'><strong>ﬁdelis</strong></span> <span class='ocrx_word' id='word_1_557' title='bbox 1575 631 1625 658; x_wconf 88' lang='lat' dir='ltr'><strong>huc</strong></span> <span class='ocrx_word' id='word_1_558' title='bbox 1640 632 1752 666; x_wconf 85' lang='lat' dir='ltr'><strong>turpiter</strong></span> <span class='ocrx_word' id='word_1_559' title='bbox 1766 633 1867 666; x_wconf 73' lang='lat' dir='ltr'><strong>fecerit,</strong></span> 
     </span>
    </p>
   </div>
   <div class='ocr_carea' id='block_1_72' title="bbox 1071 671 1869 711">
    <p class='ocr_par' dir='ltr' id='par_1_72' title="bbox 1071 671 1869 711">
     <span class='ocr_line' id='line_1_72' title="bbox 1071 671 1869 711; baseline 0.014 -15"><span class='ocrx_word' id='word_1_560' title='bbox 1071 677 1149 703; x_wconf 87' lang='lat' dir='ltr'><strong>quam</strong></span> <span class='ocrx_word' id='word_1_561' title='bbox 1161 671 1269 699; x_wconf 86' lang='lat' dir='ltr'><strong>habebit</strong></span> <span class='ocrx_word' id='word_1_562' title='bbox 1281 674 1501 702; x_wconf 84' lang='lat' dir='ltr'><strong>excusationem?</strong></span> <span class='ocrx_word' id='word_1_563' title='bbox 1514 684 1573 711; x_wconf 72' lang='lat' dir='ltr'><strong>qua:</strong></span> <span class='ocrx_word' id='word_1_564' title='bbox 1587 678 1662 704; x_wconf 80' lang='lat' dir='ltr'><strong>venia</strong></span> <span class='ocrx_word' id='word_1_565' title='bbox 1674 679 1723 705; x_wconf 89' lang='lat' dir='ltr'><strong>erit</strong></span> <span class='ocrx_word' id='word_1_566' title='bbox 1737 679 1793 706; x_wconf 71' lang='lat' dir='ltr'><strong>&#39;1:th</strong></span> <span class='ocrx_word' id='word_1_567' title='bbox 1806 681 1869 707; x_wconf 88' lang='lat' dir='ltr'><strong>insi-</strong></span> 
     </span>
    </p>
   </div>
   <div class='ocr_carea' id='block_1_73' title="bbox 1071 716 1854 758">
    <p class='ocr_par' dir='ltr' id='par_1_73' title="bbox 1071 716 1854 758">
     <span class='ocr_line' id='line_1_73' title="bbox 1071 716 1854 758; baseline 0.014 -16"><span class='ocrx_word' id='word_1_568' title='bbox 1071 716 1175 751; x_wconf 85' lang='lat' dir='ltr'><strong>picnler</strong></span> <span class='ocrx_word' id='word_1_569' title='bbox 1190 719 1330 753; x_wconf 80' lang='lat' dir='ltr'><strong>agentibus</strong></span> <span class='ocrx_word' id='word_1_570' title='bbox 1343 726 1402 755; x_wconf 90' lang='lat' dir='ltr'><strong>post</strong></span> <span class='ocrx_word' id='word_1_571' title='bbox 1414 726 1514 748; x_wconf 88' lang='lat' dir='ltr'><strong>tantum</strong></span> <span class='ocrx_word' id='word_1_572' title='bbox 1530 724 1657 758; x_wconf 89' lang='lat' dir='ltr'><strong>temporis</strong></span> <span class='ocrx_word' id='word_1_573' title='bbox 1671 731 1698 751; x_wconf 90' lang='lat' dir='ltr'><strong>et</strong></span> <span class='ocrx_word' id='word_1_574' title='bbox 1711 725 1810 752; x_wconf 84' lang='lat' dir='ltr'><strong>claram</strong></span> <span class='ocrx_word' id='word_1_575' title='bbox 1826 735 1854 754; x_wconf 87' lang='lat' dir='ltr'><strong>re</strong></span> 
     </span>
    </p>
   </div>
   <div class='ocr_carea' id='block_1_74' title="bbox 1071 764 1869 803">
    <p class='ocr_par' dir='ltr' id='par_1_74' title="bbox 1071 764 1869 803">
     <span class='ocr_line' id='line_1_74' title="bbox 1071 764 1869 803; baseline 0.015 -15"><span class='ocrx_word' id='word_1_576' title='bbox 1071 764 1243 791; x_wconf 91' lang='lat' dir='ltr'><strong>surrectionis</strong></span> <span class='ocrx_word' id='word_1_577' title='bbox 1256 766 1461 800; x_wconf 86' lang='lat' dir='ltr'><strong>probationem?</strong></span> <span class='ocrx_word' id='word_1_578' title='bbox 1474 769 1512 796; x_wconf 88' lang='grc' dir='ltr'>Τιι</span> <span class='ocrx_word' id='word_1_579' title='bbox 1527 777 1598 803; x_wconf 79' lang='lat' dir='ltr'><strong>vero,</strong></span> <span class='ocrx_word' id='word_1_580' title='bbox 1615 777 1646 798; x_wconf 88' lang='lat' dir='ltr'><strong>ac</strong></span> <span class='ocrx_word' id='word_1_581' title='bbox 1663 773 1684 798; x_wconf 93' lang='lat' dir='ltr'><strong>si</strong></span> <span class='ocrx_word' id='word_1_582' title='bbox 1698 772 1805 800; x_wconf 87' lang='lat' dir='ltr'><strong>studeas</strong></span> <span class='ocrx_word' id='word_1_583' title='bbox 1819 773 1869 801; x_wconf 81' lang='lat' dir='ltr'><strong>hoc</strong></span> 
     </span>
    </p>
   </div>
   <div class='ocr_carea' id='block_1_75' title="bbox 1071 812 1868 852">
    <p class='ocr_par' dir='ltr' id='par_1_75' title="bbox 1071 812 1868 852">
     <span class='ocr_line' id='line_1_75' title="bbox 1071 812 1868 852; baseline 0.013 -16"><span class='ocrx_word' id='word_1_584' title='bbox 1071 814 1208 843; x_wconf 86' lang='lat' dir='ltr'><strong>peccatum</strong></span> <span class='ocrx_word' id='word_1_585' title='bbox 1223 812 1398 847; x_wconf 87' lang='lat' dir='ltr'><strong>ampliﬁcare,</strong></span> <span class='ocrx_word' id='word_1_586' title='bbox 1413 815 1533 849; x_wconf 72' lang='lat' dir='ltr'><strong>prreﬁCas</strong></span> <span class='ocrx_word' id='word_1_587' title='bbox 1548 817 1584 850; x_wconf 84' lang='lat' dir='ltr'><strong>(a)</strong></span> <span class='ocrx_word' id='word_1_588' title='bbox 1600 817 1677 844; x_wconf 91' lang='lat' dir='ltr'><strong>nobis</strong></span> <span class='ocrx_word' id='word_1_589' title='bbox 1689 818 1802 852; x_wconf 86' lang='lat' dir='ltr'><strong>gentiles</strong></span> <span class='ocrx_word' id='word_1_590' title='bbox 1821 819 1868 846; x_wconf 80' lang='lat' dir='ltr'><strong>ad—</strong></span> 
     </span>
    </p>
   </div>
   <div class='ocr_carea' id='block_1_76' title="bbox 1071 855 1869 893">
    <p class='ocr_par' dir='ltr' id='par_1_76' title="bbox 1071 855 1869 893">
     <span class='ocr_line' id='line_1_76' title="bbox 1071 855 1869 893; baseline 0.015 -12"><span class='ocrx_word' id='word_1_591' title='bbox 1071 855 1156 888; x_wconf 86' lang='lat' dir='ltr'><strong>ducis,</strong></span> <span class='ocrx_word' id='word_1_592' title='bbox 1179 857 1279 884; x_wconf 91' lang='lat' dir='ltr'><strong>luctum</strong></span> <span class='ocrx_word' id='word_1_593' title='bbox 1300 859 1419 886; x_wconf 85' lang='lat' dir='ltr'><strong>excitans</strong></span> <span class='ocrx_word' id='word_1_594' title='bbox 1434 865 1460 887; x_wconf 88' lang='lat' dir='ltr'><strong>et</strong></span> <span class='ocrx_word' id='word_1_595' title='bbox 1477 860 1613 889; x_wconf 85' lang='lat' dir='ltr'><strong>fornacem</strong></span> <span class='ocrx_word' id='word_1_596' title='bbox 1636 862 1781 891; x_wconf 86' lang='lat' dir='ltr'><strong>incendens</strong></span> <span class='ocrx_word' id='word_1_597' title='bbox 1798 873 1804 891; x_wconf 88' lang='lat'><strong>:</strong></span> <span class='ocrx_word' id='word_1_598' title='bbox 1819 873 1869 893; x_wconf 89' lang='lat' dir='ltr'><strong>nec</strong></span> 
     </span>
    </p>
   </div>
   <div class='ocr_carea' id='block_1_77' title="bbox 1070 901 1868 940">
    <p class='ocr_par' dir='ltr' id='par_1_77' title="bbox 1070 901 1868 940">
     <span class='ocr_line' id='line_1_77' title="bbox 1070 901 1868 940; baseline 0.013 -12"><span class='ocrx_word' id='word_1_599' title='bbox 1070 901 1147 930; x_wconf 87' lang='lat' dir='ltr'><strong>audis</strong></span> <span class='ocrx_word' id='word_1_600' title='bbox 1170 903 1282 930; x_wconf 83' lang='lat' dir='ltr'><strong>Paulum</strong></span> <span class='ocrx_word' id='word_1_601' title='bbox 1304 904 1436 932; x_wconf 84' lang='lat' dir='ltr'><strong>dicentem</strong></span> <span class='ocrx_word' id='word_1_602' title='bbox 1453 915 1459 933; x_wconf 88' lang='lat'>:</span> <span class='ocrx_word' id='word_1_603' title='bbox 1479 906 1544 940; x_wconf 78' lang='lat' dir='ltr'><strong>Qua:</strong></span> <span class='ocrx_word' id='word_1_604' title='bbox 1570 909 1676 936; x_wconf 71' lang='lat' dir='ltr'><strong>societas</strong></span> <span class='ocrx_word' id='word_1_605' title='bbox 1697 909 1792 937; x_wconf 72' lang='lat' dir='ltr'><strong>Christi</strong></span> <span class='ocrx_word' id='word_1_606' title='bbox 1811 919 1868 938; x_wconf 80' lang='lat' dir='ltr'><strong>cuin</strong></span> 
     </span>
    </p>
   </div>
   <div class='ocr_carea' id='block_1_78' title="bbox 1070 947 1867 990">
    <p class='ocr_par' dir='ltr' id='par_1_78' title="bbox 1070 947 1867 990">
     <span class='ocr_line' id='line_1_78' title="bbox 1070 947 1867 990; baseline 0.011 -16"><span class='ocrx_word' id='word_1_607' title='bbox 1070 947 1175 975; x_wconf 78' lang='lat' dir='ltr'><strong>Belial?</strong></span> <span class='ocrx_word' id='word_1_608' title='bbox 1186 954 1231 976; x_wconf 86' lang='lat' dir='ltr'><strong>aut</strong></span> <span class='ocrx_word' id='word_1_609' title='bbox 1251 958 1307 984; x_wconf 65' lang='lat' dir='ltr'><strong>qua:</strong></span> <span class='ocrx_word' id='word_1_610' title='bbox 1320 951 1402 985; x_wconf 86' lang='lat' dir='ltr'><strong>portio</strong></span> <span class='ocrx_word' id='word_1_611' title='bbox 1415 952 1499 986; x_wconf 71' lang='lat' dir='ltr'><strong>ﬁdeli:</strong></span> <span class='ocrx_word' id='word_1_612' title='bbox 1517 961 1576 979; x_wconf 83' lang='lat' dir='ltr'><strong>cum</strong></span> <span class='ocrx_word' id='word_1_613' title='bbox 1595 954 1693 985; x_wconf 79' lang='lat' dir='ltr'><strong>inﬁdeli</strong></span> <span class='ocrx_word' id='word_1_614' title='bbox 1713 954 1750 990; x_wconf 75' lang='lat'><strong>(2.</strong></span> <span class='ocrx_word' id='word_1_615' title='bbox 1765 956 1822 983; x_wconf 85' lang='lat' dir='ltr'><strong>Cor.</strong></span> <span class='ocrx_word' id='word_1_616' title='bbox 1840 957 1867 983; x_wconf 87' lang='lat'><strong>6.</strong></span> 
     </span>
    </p>
   </div>
   <div class='ocr_carea' id='block_1_79' title="bbox 1072 994 1867 1034">
    <p class='ocr_par' dir='ltr' id='par_1_79' title="bbox 1072 994 1867 1034">
     <span class='ocr_line' id='line_1_79' title="bbox 1072 994 1867 1034; baseline 0.009 -13"><span class='ocrx_word' id='word_1_617' title='bbox 1072 994 1137 1030; x_wconf 70' lang='lat'><strong>15)?</strong></span> <span class='ocrx_word' id='word_1_618' title='bbox 1152 994 1231 1023; x_wconf 89' lang='lat' dir='ltr'><strong>Certe</strong></span> <span class='ocrx_word' id='word_1_619' title='bbox 1241 996 1365 1030; x_wconf 83' lang='lat' dir='ltr'><strong>gentiles,</strong></span> <span class='ocrx_word' id='word_1_620' title='bbox 1380 998 1424 1032; x_wconf 91' lang='lat' dir='ltr'><strong>qui</strong></span> <span class='ocrx_word' id='word_1_621' title='bbox 1438 997 1502 1025; x_wconf 88' lang='lat' dir='ltr'><strong>nihil</strong></span> <span class='ocrx_word' id='word_1_622' title='bbox 1514 999 1547 1026; x_wconf 87' lang='lat' dir='ltr'><strong>de</strong></span> <span class='ocrx_word' id='word_1_623' title='bbox 1563 1000 1760 1028; x_wconf 90' lang='lat' dir='ltr'><strong>resurrectione</strong></span> <span class='ocrx_word' id='word_1_624' title='bbox 1770 1001 1867 1034; x_wconf 86' lang='lat' dir='ltr'><strong>sciunt,</strong></span> 
     </span>
    </p>
   </div>
   <div class='ocr_carea' id='block_1_80' title="bbox 1071 1041 1870 1078">
    <p class='ocr_par' dir='ltr' id='par_1_80' title="bbox 1071 1041 1870 1078">
     <span class='ocr_line' id='line_1_80' title="bbox 1071 1041 1870 1078; baseline 0.009 -10"><span class='ocrx_word' id='word_1_625' title='bbox 1071 1041 1228 1069; x_wconf 87' lang='lat' dir='ltr'><strong>consolandi</strong></span> <span class='ocrx_word' id='word_1_626' title='bbox 1243 1047 1331 1070; x_wconf 87' lang='lat' dir='ltr'><strong>tatncn</strong></span> <span class='ocrx_word' id='word_1_627' title='bbox 1345 1043 1461 1071; x_wconf 83' lang='lat' dir='ltr'><strong>rationes</strong></span> <span class='ocrx_word' id='word_1_628' title='bbox 1476 1044 1623 1078; x_wconf 83' lang='lat' dir='ltr'><strong>inveniunt,</strong></span> <span class='ocrx_word' id='word_1_629' title='bbox 1646 1046 1766 1074; x_wconf 88' lang='lat' dir='ltr'><strong>dicentes</strong></span> <span class='ocrx_word' id='word_1_630' title='bbox 1780 1056 1786 1074; x_wconf 88' lang='lat'><strong><em>:</em></strong></span> <span class='ocrx_word' id='word_1_631' title='bbox 1803 1047 1870 1074; x_wconf 82' lang='lat' dir='ltr'><strong>For-</strong></span> 
     </span>
    </p>
   </div>
   <div class='ocr_carea' id='block_1_81' title="bbox 1071 1087 1871 1126">
    <p class='ocr_par' dir='ltr' id='par_1_81' title="bbox 1071 1087 1871 1126">
     <span class='ocr_line' id='line_1_81' title="bbox 1071 1087 1871 1126; baseline 0.008 -12"><span class='ocrx_word' id='word_1_632' title='bbox 1071 1088 1133 1115; x_wconf 88' lang='lat' dir='ltr'><strong>titer</strong></span> <span class='ocrx_word' id='word_1_633' title='bbox 1148 1087 1234 1121; x_wconf 86' lang='lat' dir='ltr'><strong>feras;</strong></span> <span class='ocrx_word' id='word_1_634' title='bbox 1250 1096 1337 1123; x_wconf 74' lang='lat' dir='ltr'><strong>neque</strong></span> <span class='ocrx_word' id='word_1_635' title='bbox 1358 1090 1459 1123; x_wconf 90' lang='lat' dir='ltr'><strong>poteris</strong></span> <span class='ocrx_word' id='word_1_636' title='bbox 1475 1089 1499 1117; x_wconf 90' lang='lat' dir='ltr'><strong>id</strong></span> <span class='ocrx_word' id='word_1_637' title='bbox 1520 1090 1590 1125; x_wconf 89' lang='lat' dir='ltr'><strong>quod</strong></span> <span class='ocrx_word' id='word_1_638' title='bbox 1606 1090 1702 1118; x_wconf 87' lang='lat' dir='ltr'><strong>factum</strong></span> <span class='ocrx_word' id='word_1_639' title='bbox 1718 1096 1769 1126; x_wconf 86' lang='lat' dir='ltr'><strong>est,</strong></span> <span class='ocrx_word' id='word_1_640' title='bbox 1788 1092 1871 1120; x_wconf 87' lang='lat' dir='ltr'><strong>infec-</strong></span> 
     </span>
    </p>
   </div>
   <div class='ocr_carea' id='block_1_82' title="bbox 1071 1135 1868 1175">
    <p class='ocr_par' dir='ltr' id='par_1_82' title="bbox 1071 1135 1868 1175">
     <span class='ocr_line' id='line_1_82' title="bbox 1071 1135 1868 1175; baseline 0.006 -13"><span class='ocrx_word' id='word_1_641' title='bbox 1071 1140 1125 1162; x_wconf 93' lang='lat' dir='ltr'><strong>tum</strong></span> <span class='ocrx_word' id='word_1_642' title='bbox 1141 1135 1265 1168; x_wconf 87' lang='lat' dir='ltr'><strong>reddere,</strong></span> <span class='ocrx_word' id='word_1_643' title='bbox 1282 1136 1322 1163; x_wconf 79' lang='lat' dir='ltr'><strong>vel</strong></span> <span class='ocrx_word' id='word_1_644' title='bbox 1344 1136 1467 1164; x_wconf 89' lang='lat' dir='ltr'><strong>lamentis</strong></span> <span class='ocrx_word' id='word_1_645' title='bbox 1483 1145 1539 1164; x_wconf 88' lang='lat' dir='ltr'><strong>rem</strong></span> <span class='ocrx_word' id='word_1_646' title='bbox 1555 1142 1676 1171; x_wconf 87' lang='lat' dir='ltr'><strong>mutare;</strong></span> <span class='ocrx_word' id='word_1_647' title='bbox 1698 1143 1724 1165; x_wconf 94' lang='lat' dir='ltr'><strong>tu</strong></span> <span class='ocrx_word' id='word_1_648' title='bbox 1739 1147 1804 1167; x_wconf 82' lang='lat' dir='ltr'><strong>vero</strong></span> <span class='ocrx_word' id='word_1_649' title='bbox 1823 1140 1868 1175; x_wconf 87' lang='lat' dir='ltr'><strong>qui</strong></span> 
     </span>
    </p>
   </div>
   <div class='ocr_carea' id='block_1_83' title="bbox 1069 1182 1867 1220">
    <p class='ocr_par' dir='ltr' id='par_1_83' title="bbox 1069 1182 1867 1220">
     <span class='ocr_line' id='line_1_83' title="bbox 1069 1182 1867 1220; baseline 0.006 -12"><span class='ocrx_word' id='word_1_650' title='bbox 1069 1182 1233 1209; x_wconf 85' lang='lat' dir='ltr'><strong>sublimioris</strong></span> <span class='ocrx_word' id='word_1_651' title='bbox 1254 1183 1421 1218; x_wconf 45' lang='lat' dir='ltr'><strong>utiliorisque</strong></span> <span class='ocrx_word' id='word_1_652' title='bbox 1437 1183 1616 1219; x_wconf 71' lang='lat' dir='ltr'><strong>philosophia:</strong></span> <span class='ocrx_word' id='word_1_653' title='bbox 1634 1190 1766 1220; x_wconf 61' lang='lat' dir='ltr'><strong>prateepta</strong></span> <span class='ocrx_word' id='word_1_654' title='bbox 1781 1186 1867 1218; x_wconf 84' lang='lat' dir='ltr'><strong>audis,</strong></span> 
     </span>
    </p>
   </div>
   <div class='ocr_carea' id='block_1_84' title="bbox 1070 1227 1863 1266">
    <p class='ocr_par' dir='ltr' id='par_1_84' title="bbox 1070 1227 1863 1266">
     <span class='ocr_line' id='line_1_84' title="bbox 1070 1227 1863 1266; baseline 0.005 -12"><span class='ocrx_word' id='word_1_655' title='bbox 1070 1235 1122 1254; x_wconf 92' lang='lat' dir='ltr'><strong>non</strong></span> <span class='ocrx_word' id='word_1_656' title='bbox 1139 1227 1275 1255; x_wconf 84' lang='lat' dir='ltr'><strong>erubescis</strong></span> <span class='ocrx_word' id='word_1_657' title='bbox 1297 1229 1415 1263; x_wconf 87' lang='lat' dir='ltr'><strong>turpiora</strong></span> <span class='ocrx_word' id='word_1_658' title='bbox 1430 1237 1507 1263; x_wconf 86' lang='lat' dir='ltr'><strong>quam</strong></span> <span class='ocrx_word' id='word_1_659' title='bbox 1523 1229 1559 1256; x_wconf 89' lang='lat' dir='ltr'><strong>illi</strong></span> <span class='ocrx_word' id='word_1_660' title='bbox 1575 1231 1674 1265; x_wconf 80' lang='lat' dir='ltr'><strong>agens?</strong></span> <span class='ocrx_word' id='word_1_661' title='bbox 1687 1231 1778 1266; x_wconf 79' lang='lat' dir='ltr'><strong>Neque</strong></span> <span class='ocrx_word' id='word_1_662' title='bbox 1792 1232 1863 1259; x_wconf 90' lang='lat' dir='ltr'><strong>enim</strong></span> 
     </span>
    </p>
   </div>
   <div class='ocr_carea' id='block_1_85' title="bbox 1069 1274 1866 1312">
    <p class='ocr_par' dir='ltr' id='par_1_85' title="bbox 1069 1274 1866 1312">
     <span class='ocr_line' id='line_1_85' title="bbox 1069 1274 1866 1312; baseline 0.006 -12"><span class='ocrx_word' id='word_1_663' title='bbox 1069 1274 1184 1302; x_wconf 89' lang='lat' dir='ltr'><strong>dicimus</strong></span> <span class='ocrx_word' id='word_1_664' title='bbox 1199 1282 1247 1301; x_wconf 89' lang='lat' dir='ltr'><strong>nos</strong></span> <span class='ocrx_word' id='word_1_665' title='bbox 1270 1284 1276 1301; x_wconf 87' lang='lat'><strong>:</strong></span> <span class='ocrx_word' id='word_1_666' title='bbox 1303 1275 1420 1302; x_wconf 84' lang='lat' dir='ltr'><strong>Fortiter</strong></span> <span class='ocrx_word' id='word_1_667' title='bbox 1443 1276 1529 1308; x_wconf 85' lang='lat' dir='ltr'><strong>feras;</strong></span> <span class='ocrx_word' id='word_1_668' title='bbox 1553 1284 1605 1303; x_wconf 89' lang='lat' dir='ltr'><strong>non</strong></span> <span class='ocrx_word' id='word_1_669' title='bbox 1630 1284 1772 1312; x_wconf 87' lang='lat' dir='ltr'><strong>possumus</strong></span> <span class='ocrx_word' id='word_1_670' title='bbox 1796 1279 1866 1305; x_wconf 90' lang='lat' dir='ltr'><strong>enim</strong></span> 
     </span>
    </p>
   </div>
   <div class='ocr_carea' id='block_1_86' title="bbox 1069 1320 1867 1355">
    <p class='ocr_par' dir='ltr' id='par_1_86' title="bbox 1069 1320 1867 1355">
     <span class='ocr_line' id='line_1_86' title="bbox 1069 1320 1867 1355; baseline 0.006 -9"><span class='ocrx_word' id='word_1_671' title='bbox 1069 1320 1138 1355; x_wconf 74' lang='lat' dir='ltr'><strong>quod</strong></span> <span class='ocrx_word' id='word_1_672' title='bbox 1154 1320 1251 1347; x_wconf 77' lang='lat' dir='ltr'><strong>factum</strong></span> <span class='ocrx_word' id='word_1_673' title='bbox 1267 1325 1308 1348; x_wconf 87' lang='lat' dir='ltr'><strong>est</strong></span> <span class='ocrx_word' id='word_1_674' title='bbox 1322 1321 1446 1348; x_wconf 88' lang='lat' dir='ltr'><strong>infectum</strong></span> <span class='ocrx_word' id='word_1_675' title='bbox 1466 1321 1594 1353; x_wconf 86' lang='lat' dir='ltr'><strong>reddere;</strong></span> <span class='ocrx_word' id='word_1_676' title='bbox 1611 1322 1668 1354; x_wconf 89' lang='lat' dir='ltr'><strong>sed,</strong></span> <span class='ocrx_word' id='word_1_677' title='bbox 1689 1322 1805 1350; x_wconf 86' lang='lat' dir='ltr'><strong>Fortiter</strong></span> <span class='ocrx_word' id='word_1_678' title='bbox 1827 1323 1867 1351; x_wconf 91' lang='lat' dir='ltr'><strong>fc—</strong></span> 
     </span>
    </p>
   </div>
   <div class='ocr_carea' id='block_1_87' title="bbox 1070 1367 1867 1403">
    <p class='ocr_par' dir='ltr' id='par_1_87' title="bbox 1070 1367 1867 1403">
     <span class='ocr_line' id='line_1_87' title="bbox 1070 1367 1867 1403; baseline 0.004 -10"><span class='ocrx_word' id='word_1_679' title='bbox 1070 1374 1130 1398; x_wconf 87' lang='lat' dir='ltr'><strong>ras;</strong></span> <span class='ocrx_word' id='word_1_680' title='bbox 1147 1374 1207 1393; x_wconf 84' lang='lat' dir='ltr'><strong>nam</strong></span> <span class='ocrx_word' id='word_1_681' title='bbox 1222 1367 1331 1394; x_wconf 89' lang='lat' dir='ltr'><strong>omnino</strong></span> <span class='ocrx_word' id='word_1_682' title='bbox 1346 1371 1483 1402; x_wconf 87' lang='lat' dir='ltr'><strong>resurget;</strong></span> <span class='ocrx_word' id='word_1_683' title='bbox 1500 1367 1597 1394; x_wconf 88' lang='lat' dir='ltr'><strong>dormit</strong></span> <span class='ocrx_word' id='word_1_684' title='bbox 1612 1368 1682 1395; x_wconf 93' lang='lat' dir='ltr'><strong>enim</strong></span> <span class='ocrx_word' id='word_1_685' title='bbox 1698 1368 1797 1403; x_wconf 87' lang='lat' dir='ltr'><strong>puella,</strong></span> <span class='ocrx_word' id='word_1_686' title='bbox 1813 1377 1867 1396; x_wconf 90' lang='lat' dir='ltr'><strong>non</strong></span> 
     </span>
    </p>
   </div>
   <div class='ocr_carea' id='block_1_88' title="bbox 1070 1413 1868 1450">
    <p class='ocr_par' dir='ltr' id='par_1_88' title="bbox 1070 1413 1868 1450">
     <span class='ocr_line' id='line_1_88' title="bbox 1070 1413 1868 1450; baseline 0.005 -11"><span class='ocrx_word' id='word_1_687' title='bbox 1070 1417 1172 1440; x_wconf 86' lang='lat' dir='ltr'><strong>mortua</strong></span> <span class='ocrx_word' id='word_1_688' title='bbox 1187 1418 1228 1440; x_wconf 90' lang='lat' dir='ltr'><strong>est</strong></span> <span class='ocrx_word' id='word_1_689' title='bbox 1244 1423 1249 1440; x_wconf 95' lang='lat'>:</span> <span class='ocrx_word' id='word_1_690' title='bbox 1265 1414 1387 1448; x_wconf 85' lang='lat' dir='ltr'><strong>quiescit,</strong></span> <span class='ocrx_word' id='word_1_691' title='bbox 1403 1421 1453 1441; x_wconf 90' lang='lat' dir='ltr'><strong>nec</strong></span> <span class='ocrx_word' id='word_1_692' title='bbox 1467 1414 1553 1449; x_wconf 86' lang='lat' dir='ltr'><strong>periit.</strong></span> <span class='ocrx_word' id='word_1_693' title='bbox 1567 1413 1640 1441; x_wconf 83' lang='lat' dir='ltr'><strong>llhtm</strong></span> <span class='ocrx_word' id='word_1_694' title='bbox 1654 1415 1768 1450; x_wconf 75' lang='lat' dir='ltr'><strong>excipiet</strong></span> <span class='ocrx_word' id='word_1_695' title='bbox 1784 1423 1868 1443; x_wconf 88' lang='lat' dir='ltr'><strong>resur-</strong></span> 
     </span>
    </p>
   </div>
   <div class='ocr_carea' id='block_1_89' title="bbox 1069 1459 1865 1496">
    <p class='ocr_par' dir='ltr' id='par_1_89' title="bbox 1069 1459 1865 1496">
     <span class='ocr_line' id='line_1_89' title="bbox 1069 1459 1865 1496; baseline 0.004 -11"><span class='ocrx_word' id='word_1_696' title='bbox 1069 1460 1168 1492; x_wconf 90' lang='lat' dir='ltr'><strong>rectio,</strong></span> <span class='ocrx_word' id='word_1_697' title='bbox 1185 1459 1237 1486; x_wconf 78' lang='lat' dir='ltr'><strong>vita</strong></span> <span class='ocrx_word' id='word_1_698' title='bbox 1260 1460 1432 1493; x_wconf 80' lang='lat' dir='ltr'><strong>sempiterna,</strong></span> <span class='ocrx_word' id='word_1_699' title='bbox 1451 1460 1647 1493; x_wconf 84' lang='lat' dir='ltr'><strong>immortalitas,</strong></span> <span class='ocrx_word' id='word_1_700' title='bbox 1663 1468 1722 1488; x_wconf 86' lang='lat' dir='ltr'><strong>sors</strong></span> <span class='ocrx_word' id='word_1_701' title='bbox 1737 1461 1865 1496; x_wconf 82' lang='lat' dir='ltr'><strong>angelica.</strong></span> 
     </span>
    </p>
   </div>
   <div class='ocr_carea' id='block_1_90' title="bbox 1068 1505 1866 1539">
    <p class='ocr_par' dir='ltr' id='par_1_90' title="bbox 1068 1505 1866 1539">
     <span class='ocr_line' id='line_1_90' title="bbox 1068 1505 1866 1539; baseline 0.001 -7"><span class='ocrx_word' id='word_1_702' title='bbox 1068 1505 1126 1532; x_wconf 88' lang='lat' dir='ltr'><strong>Non</strong></span> <span class='ocrx_word' id='word_1_703' title='bbox 1142 1506 1218 1533; x_wconf 86' lang='lat' dir='ltr'><strong>audis</strong></span> <span class='ocrx_word' id='word_1_704' title='bbox 1232 1506 1365 1534; x_wconf 84' lang='lat' dir='ltr'><strong>Psalmum</strong></span> <span class='ocrx_word' id='word_1_705' title='bbox 1380 1505 1523 1539; x_wconf 84' lang='lat' dir='ltr'><strong>dicentem,</strong></span> <span class='ocrx_word' id='word_1_706' title='bbox 1538 1506 1695 1539; x_wconf 75' lang='lat' dir='ltr'><strong>Convertere,</strong></span> <span class='ocrx_word' id='word_1_707' title='bbox 1706 1507 1792 1533; x_wconf 85' lang='lat' dir='ltr'><strong>anima</strong></span> <span class='ocrx_word' id='word_1_708' title='bbox 1802 1516 1866 1539; x_wconf 76' lang='lat' dir='ltr'><strong>inca,</strong></span> 
     </span>
    </p>
   </div>
   <div class='ocr_carea' id='block_1_91' title="bbox 1069 1551 1866 1587">
    <p class='ocr_par' dir='ltr' id='par_1_91' title="bbox 1069 1551 1866 1587">
     <span class='ocr_line' id='line_1_91' title="bbox 1069 1551 1866 1587; baseline 0.003 -9"><span class='ocrx_word' id='word_1_709' title='bbox 1069 1551 1095 1578; x_wconf 79' lang='lat' dir='ltr'><strong>in</strong></span> <span class='ocrx_word' id='word_1_710' title='bbox 1106 1552 1215 1587; x_wconf 83' lang='lat' dir='ltr'><strong>requiem</strong></span> <span class='ocrx_word' id='word_1_711' title='bbox 1239 1557 1326 1584; x_wconf 85' lang='lat' dir='ltr'><strong>tuam,</strong></span> <span class='ocrx_word' id='word_1_712' title='bbox 1349 1552 1408 1584; x_wconf 87' lang='lat' dir='ltr'><strong>quia</strong></span> <span class='ocrx_word' id='word_1_713' title='bbox 1433 1551 1557 1578; x_wconf 74' lang='lat' dir='ltr'><strong>Dominus</strong></span> <span class='ocrx_word' id='word_1_714' title='bbox 1581 1552 1702 1587; x_wconf 77' lang='lat' dir='ltr'><strong>benefecit</strong></span> <span class='ocrx_word' id='word_1_715' title='bbox 1723 1552 1765 1578; x_wconf 82' lang='lat' dir='ltr'><strong>tibi</strong></span> <span class='ocrx_word' id='word_1_716' title='bbox 1781 1551 1866 1586; x_wconf 76' lang='lat' dir='ltr'><strong>(Psal.</strong></span> 
     </span>
    </p>
   </div>
   <div class='ocr_carea' id='block_1_92' title="bbox 1070 1597 1868 1633">
    <p class='ocr_par' dir='ltr' id='par_1_92' title="bbox 1070 1597 1868 1633">
     <span class='ocr_line' id='line_1_92' title="bbox 1070 1597 1868 1633; baseline 0.001 -9"><span class='ocrx_word' id='word_1_717' title='bbox 1070 1598 1131 1625; x_wconf 72' lang='grc'><strong>114.</strong></span> <span class='ocrx_word' id='word_1_718' title='bbox 1147 1598 1173 1632; x_wconf 81' lang='lat'><strong>7)</strong></span> <span class='ocrx_word' id='word_1_719' title='bbox 1185 1598 1195 1624; x_wconf 87' lang='lat'><strong>?</strong></span> <span class='ocrx_word' id='word_1_720' title='bbox 1209 1598 1278 1625; x_wconf 89' lang='lat' dir='ltr'><strong>Deus</strong></span> <span class='ocrx_word' id='word_1_721' title='bbox 1290 1603 1404 1625; x_wconf 90' lang='lat' dir='ltr'><strong>mortem</strong></span> <span class='ocrx_word' id='word_1_722' title='bbox 1419 1597 1576 1626; x_wconf 76' lang='lat' dir='ltr'><strong>beneﬁcium</strong></span> <span class='ocrx_word' id='word_1_723' title='bbox 1594 1603 1681 1631; x_wconf 72' lang='lat' dir='ltr'><strong>vocat,</strong></span> <span class='ocrx_word' id='word_1_724' title='bbox 1696 1604 1719 1625; x_wconf 83' lang='lat' dir='ltr'><strong>et</strong></span> <span class='ocrx_word' id='word_1_725' title='bbox 1735 1603 1761 1625; x_wconf 88' lang='grc' dir='ltr'><strong>ιιι</strong></span> <span class='ocrx_word' id='word_1_726' title='bbox 1778 1599 1868 1633; x_wconf 81' lang='lat' dir='ltr'><strong>luges?</strong></span> 
     </span>
    </p>
   </div>
   <div class='ocr_carea' id='block_1_93' title="bbox 1070 1642 1868 1677">
    <p class='ocr_par' dir='ltr' id='par_1_93' title="bbox 1070 1642 1868 1677">
     <span class='ocr_line' id='line_1_93' title="bbox 1070 1642 1868 1677; baseline 0.003 -8"><span class='ocrx_word' id='word_1_727' title='bbox 1070 1643 1103 1669; x_wconf 89' lang='lat' dir='ltr'><strong>Et</strong></span> <span class='ocrx_word' id='word_1_728' title='bbox 1117 1642 1179 1677; x_wconf 91' lang='lat' dir='ltr'><strong>quid</strong></span> <span class='ocrx_word' id='word_1_729' title='bbox 1194 1643 1308 1677; x_wconf 84' lang='lat' dir='ltr'><strong>amplius</strong></span> <span class='ocrx_word' id='word_1_730' title='bbox 1319 1642 1421 1671; x_wconf 82' lang='lat' dir='ltr'><strong>faceres</strong></span> <span class='ocrx_word' id='word_1_731' title='bbox 1437 1643 1458 1670; x_wconf 89' lang='lat' dir='ltr'><strong>si</strong></span> <span class='ocrx_word' id='word_1_732' title='bbox 1474 1643 1590 1671; x_wconf 79' lang='lat' dir='ltr'><strong>defuncti</strong></span> <span class='ocrx_word' id='word_1_733' title='bbox 1607 1644 1729 1671; x_wconf 88' lang='lat' dir='ltr'><strong>inimicus</strong></span> <span class='ocrx_word' id='word_1_734' title='bbox 1743 1650 1769 1671; x_wconf 91' lang='lat' dir='ltr'><strong>et</strong></span> <span class='ocrx_word' id='word_1_735' title='bbox 1784 1644 1868 1671; x_wconf 66' lang='lat' dir='ltr'><strong>hostis</strong></span> 
     </span>
    </p>
   </div>
   <div class='ocr_carea' id='block_1_94' title="bbox 1069 1688 1865 1725">
    <p class='ocr_par' dir='ltr' id='par_1_94' title="bbox 1069 1688 1865 1725">
     <span class='ocr_line' id='line_1_94' title="bbox 1069 1688 1865 1725; baseline 0.003 -10"><span class='ocrx_word' id='word_1_736' title='bbox 1069 1688 1160 1716; x_wconf 50' lang='lat' dir='ltr'><strong>esses?</strong></span> <span class='ocrx_word' id='word_1_737' title='bbox 1171 1689 1198 1716; x_wconf 90' lang='lat' dir='ltr'><strong>Si</strong></span> <span class='ocrx_word' id='word_1_738' title='bbox 1210 1688 1364 1723; x_wconf 85' lang='lat' dir='ltr'><strong>lugendum,</strong></span> <span class='ocrx_word' id='word_1_739' title='bbox 1377 1689 1483 1717; x_wconf 90' lang='lat' dir='ltr'><strong>diabolo</strong></span> <span class='ocrx_word' id='word_1_740' title='bbox 1495 1689 1637 1725; x_wconf 87' lang='lat' dir='ltr'><strong>lugendum</strong></span> <span class='ocrx_word' id='word_1_741' title='bbox 1649 1695 1697 1717; x_wconf 90' lang='lat' dir='ltr'><strong>est.</strong></span> <span class='ocrx_word' id='word_1_742' title='bbox 1713 1690 1756 1718; x_wconf 88' lang='lat' dir='ltr'><strong>llic</strong></span> <span class='ocrx_word' id='word_1_743' title='bbox 1767 1691 1865 1725; x_wconf 75' lang='lat' dir='ltr'><strong>lugeat,</strong></span> 
     </span>
    </p>
   </div>
   <div class='ocr_carea' id='block_1_95' title="bbox 1070 1735 1865 1771">
    <p class='ocr_par' dir='ltr' id='par_1_95' title="bbox 1070 1735 1865 1771">
     <span class='ocr_line' id='line_1_95' title="bbox 1070 1735 1865 1771; baseline 0.001 -9"><span class='ocrx_word' id='word_1_744' title='bbox 1070 1735 1114 1763; x_wconf 91' lang='lat' dir='ltr'><strong>ille</strong></span> <span class='ocrx_word' id='word_1_745' title='bbox 1125 1736 1296 1767; x_wconf 83' lang='lat' dir='ltr'><strong>lamentetur,</strong></span> <span class='ocrx_word' id='word_1_746' title='bbox 1313 1735 1373 1770; x_wconf 88' lang='lat' dir='ltr'><strong>quia</strong></span> <span class='ocrx_word' id='word_1_747' title='bbox 1390 1735 1422 1762; x_wconf 89' lang='lat' dir='ltr'><strong>ad</strong></span> <span class='ocrx_word' id='word_1_748' title='bbox 1437 1736 1537 1770; x_wconf 88' lang='lat' dir='ltr'><strong>majora</strong></span> <span class='ocrx_word' id='word_1_749' title='bbox 1550 1736 1618 1763; x_wconf 87' lang='lat' dir='ltr'><strong>bona</strong></span> <span class='ocrx_word' id='word_1_750' title='bbox 1635 1736 1779 1771; x_wconf 81' lang='lat' dir='ltr'><strong>pergimus.</strong></span> <span class='ocrx_word' id='word_1_751' title='bbox 1794 1736 1865 1764; x_wconf 81' lang='lat' dir='ltr'><strong>filias</strong></span> 
     </span>
    </p>
   </div>
   <div class='ocr_carea' id='block_1_96' title="bbox 1070 1781 1865 1817">
    <p class='ocr_par' dir='ltr' id='par_1_96' title="bbox 1070 1781 1865 1817">
     <span class='ocr_line' id='line_1_96' title="bbox 1070 1781 1865 1817; baseline -0.001 -8"><span class='ocrx_word' id='word_1_752' title='bbox 1070 1781 1185 1816; x_wconf 84' lang='lat' dir='ltr'><strong>nequitia</strong></span> <span class='ocrx_word' id='word_1_753' title='bbox 1201 1781 1279 1816; x_wconf 84' lang='lat' dir='ltr'><strong>digna</strong></span> <span class='ocrx_word' id='word_1_754' title='bbox 1295 1786 1337 1809; x_wconf 85' lang='lat' dir='ltr'><strong>est</strong></span> <span class='ocrx_word' id='word_1_755' title='bbox 1351 1781 1480 1817; x_wconf 91' lang='lat' dir='ltr'><strong>ejusmodi</strong></span> <span class='ocrx_word' id='word_1_756' title='bbox 1496 1782 1666 1814; x_wconf 87' lang='lat' dir='ltr'><strong>lamentatio;</strong></span> <span class='ocrx_word' id='word_1_757' title='bbox 1679 1789 1755 1810; x_wconf 88' lang='lat' dir='ltr'><strong>secus</strong></span> <span class='ocrx_word' id='word_1_758' title='bbox 1770 1786 1806 1814; x_wconf 86' lang='lat' dir='ltr'><strong>tu,</strong></span> <span class='ocrx_word' id='word_1_759' title='bbox 1822 1784 1865 1817; x_wconf 88' lang='lat' dir='ltr'><strong>qui</strong></span> 
     </span>
    </p>
   </div>
   <div class='ocr_carea' id='block_1_97' title="bbox 1068 1827 1871 1863">
    <p class='ocr_par' dir='ltr' id='par_1_97' title="bbox 1068 1827 1871 1863">
     <span class='ocr_line' id='line_1_97' title="bbox 1068 1827 1871 1863; baseline -0.001 -8"><span class='ocrx_word' id='word_1_760' title='bbox 1068 1828 1101 1855; x_wconf 89' lang='lat' dir='ltr'><strong>ad</strong></span> <span class='ocrx_word' id='word_1_761' title='bbox 1115 1835 1242 1855; x_wconf 87' lang='lat' dir='ltr'><strong>coronam</strong></span> <span class='ocrx_word' id='word_1_762' title='bbox 1257 1832 1283 1855; x_wconf 90' lang='lat' dir='ltr'><strong>ct</strong></span> <span class='ocrx_word' id='word_1_763' title='bbox 1294 1828 1412 1862; x_wconf 87' lang='lat' dir='ltr'><strong>requiem</strong></span> <span class='ocrx_word' id='word_1_764' title='bbox 1427 1827 1541 1855; x_wconf 72' lang='lat' dir='ltr'><strong>vocaris.</strong></span> <span class='ocrx_word' id='word_1_765' title='bbox 1555 1827 1621 1855; x_wconf 86' lang='lat' dir='ltr'><strong>Nam</strong></span> <span class='ocrx_word' id='word_1_766' title='bbox 1634 1833 1725 1863; x_wconf 89' lang='lat' dir='ltr'><strong>portus</strong></span> <span class='ocrx_word' id='word_1_767' title='bbox 1739 1828 1871 1863; x_wconf 88' lang='lat' dir='ltr'><strong>tranquil-</strong></span> 
     </span>
    </p>
   </div>
   <div class='ocr_carea' id='block_1_98' title="bbox 1069 1873 1867 1909">
    <p class='ocr_par' dir='ltr' id='par_1_98' title="bbox 1069 1873 1867 1909">
     <span class='ocr_line' id='line_1_98' title="bbox 1069 1873 1867 1909; baseline 0.001 -9"><span class='ocrx_word' id='word_1_768' title='bbox 1069 1874 1110 1902; x_wconf 87' lang='lat' dir='ltr'><strong>lus</strong></span> <span class='ocrx_word' id='word_1_769' title='bbox 1133 1881 1207 1901; x_wconf 86' lang='lat' dir='ltr'><strong>mors</strong></span> <span class='ocrx_word' id='word_1_770' title='bbox 1227 1878 1278 1901; x_wconf 89' lang='lat' dir='ltr'><strong>est.</strong></span> <span class='ocrx_word' id='word_1_771' title='bbox 1300 1873 1439 1908; x_wconf 84' lang='lat' dir='ltr'><strong>Perpende</strong></span> <span class='ocrx_word' id='word_1_772' title='bbox 1453 1873 1532 1909; x_wconf 81' lang='lat' dir='ltr'><strong>igitur</strong></span> <span class='ocrx_word' id='word_1_773' title='bbox 1549 1878 1614 1909; x_wconf 89' lang='lat' dir='ltr'><strong>quot</strong></span> <span class='ocrx_word' id='word_1_774' title='bbox 1638 1874 1714 1901; x_wconf 83' lang='lat' dir='ltr'><strong>malis</strong></span> <span class='ocrx_word' id='word_1_775' title='bbox 1736 1874 1811 1908; x_wconf 83' lang='lat' dir='ltr'><strong>plena</strong></span> <span class='ocrx_word' id='word_1_776' title='bbox 1833 1875 1867 1901; x_wconf 82' lang='lat' dir='ltr'><strong>sit</strong></span> 
     </span>
    </p>
   </div>
   <div class='ocr_carea' id='block_1_99' title="bbox 1069 1920 1867 1955">
    <p class='ocr_par' dir='ltr' id='par_1_99' title="bbox 1069 1920 1867 1955">
     <span class='ocr_line' id='line_1_99' title="bbox 1069 1920 1867 1955; baseline 0.003 -9"><span class='ocrx_word' id='word_1_777' title='bbox 1069 1920 1120 1947; x_wconf 88' lang='lat' dir='ltr'><strong>vita</strong></span> <span class='ocrx_word' id='word_1_778' title='bbox 1137 1927 1255 1954; x_wconf 81' lang='lat' dir='ltr'><strong>praesens</strong></span> <span class='ocrx_word' id='word_1_779' title='bbox 1269 1928 1276 1948; x_wconf 84' lang='lat'><em>:</em></span> <span class='ocrx_word' id='word_1_780' title='bbox 1291 1921 1376 1955; x_wconf 86' lang='lat' dir='ltr'><strong>cogita</strong></span> <span class='ocrx_word' id='word_1_781' title='bbox 1388 1920 1493 1955; x_wconf 88' lang='lat' dir='ltr'><strong>quoties</strong></span> <span class='ocrx_word' id='word_1_782' title='bbox 1507 1921 1556 1954; x_wconf 89' lang='lat' dir='ltr'><strong>ipsi</strong></span> <span class='ocrx_word' id='word_1_783' title='bbox 1568 1921 1747 1948; x_wconf 75' lang='lat' dir='ltr'><strong>maledixcris.</strong></span> <span class='ocrx_word' id='word_1_784' title='bbox 1762 1921 1827 1948; x_wconf 87' lang='lat' dir='ltr'><strong>Nam</strong></span> <span class='ocrx_word' id='word_1_785' title='bbox 1842 1921 1867 1948; x_wconf 90' lang='lat' dir='ltr'><strong>in</strong></span> 
     </span>
    </p>
   </div>
   <div class='ocr_carea' id='block_1_100' title="bbox 1068 1966 1866 2001">
    <p class='ocr_par' dir='ltr' id='par_1_100' title="bbox 1068 1966 1866 2001">
     <span class='ocr_line' id='line_1_100' title="bbox 1068 1966 1866 2001; baseline 0.001 -8"><span class='ocrx_word' id='word_1_786' title='bbox 1068 1966 1146 2000; x_wconf 90' lang='lat' dir='ltr'><strong>pejus</strong></span> <span class='ocrx_word' id='word_1_787' title='bbox 1160 1974 1266 2001; x_wconf 86' lang='lat' dir='ltr'><strong>semper</strong></span> <span class='ocrx_word' id='word_1_788' title='bbox 1285 1974 1328 1993; x_wconf 88' lang='lat' dir='ltr'><strong>res</strong></span> <span class='ocrx_word' id='word_1_789' title='bbox 1349 1970 1504 1998; x_wconf 81' lang='lat' dir='ltr'><strong>vertuntur,</strong></span> <span class='ocrx_word' id='word_1_790' title='bbox 1527 1970 1607 2001; x_wconf 88' lang='lat' dir='ltr'><strong>atque</strong></span> <span class='ocrx_word' id='word_1_791' title='bbox 1628 1974 1642 1993; x_wconf 78' lang='grc' dir='ltr'><strong>ιι</strong></span> <span class='ocrx_word' id='word_1_792' title='bbox 1659 1967 1789 2001; x_wconf 90' lang='lat' dir='ltr'><strong>principio</strong></span> <span class='ocrx_word' id='word_1_793' title='bbox 1813 1975 1866 1994; x_wconf 89' lang='lat' dir='ltr'><strong>non</strong></span> 
     </span>
    </p>
   </div>
   <div class='ocr_carea' id='block_1_101' title="bbox 1068 2011 1868 2044">
    <p class='ocr_par' dir='ltr' id='par_1_101' title="bbox 1068 2011 1868 2044">
     <span class='ocr_line' id='line_1_101' title="bbox 1068 2011 1868 2044; baseline 0.001 -5"><span class='ocrx_word' id='word_1_794' title='bbox 1068 2012 1199 2040; x_wconf 88' lang='lat' dir='ltr'><strong>modicam</strong></span> <span class='ocrx_word' id='word_1_795' title='bbox 1216 2011 1414 2039; x_wconf 85' lang='lat' dir='ltr'><strong>damnationem</strong></span> <span class='ocrx_word' id='word_1_796' title='bbox 1437 2012 1547 2039; x_wconf 88' lang='lat' dir='ltr'><strong>sortitus</strong></span> <span class='ocrx_word' id='word_1_797' title='bbox 1562 2019 1600 2039; x_wconf 88' lang='lat' dir='ltr'><strong>es.</strong></span> <span class='ocrx_word' id='word_1_798' title='bbox 1622 2012 1653 2039; x_wconf 82' lang='lat' dir='ltr'><strong>In</strong></span> <span class='ocrx_word' id='word_1_799' title='bbox 1666 2013 1805 2044; x_wconf 78' lang='lat' dir='ltr'><strong>doloribus,</strong></span> <span class='ocrx_word' id='word_1_800' title='bbox 1828 2013 1868 2040; x_wconf 91' lang='lat' dir='ltr'><strong>in-</strong></span> 
     </span>
    </p>
   </div>
   <div class='ocr_carea' id='block_1_102' title="bbox 1068 2057 1867 2093">
    <p class='ocr_par' dir='ltr' id='par_1_102' title="bbox 1068 2057 1867 2093">
     <span class='ocr_line' id='line_1_102' title="bbox 1068 2057 1867 2093; baseline 0.001 -9"><span class='ocrx_word' id='word_1_801' title='bbox 1068 2058 1135 2093; x_wconf 90' lang='lat' dir='ltr'><strong>quit,</strong></span> <span class='ocrx_word' id='word_1_802' title='bbox 1160 2058 1243 2092; x_wconf 79' lang='lat' dir='ltr'><strong>paries</strong></span> <span class='ocrx_word' id='word_1_803' title='bbox 1263 2058 1331 2091; x_wconf 74' lang='lat' dir='ltr'><strong>ﬁlios</strong></span> <span class='ocrx_word' id='word_1_804' title='bbox 1345 2057 1420 2092; x_wconf 82' lang='lat' dir='ltr'><strong>(Gen.</strong></span> <span class='ocrx_word' id='word_1_805' title='bbox 1437 2057 1463 2084; x_wconf 72' lang='lat'><strong>&#39;5.</strong></span> <span class='ocrx_word' id='word_1_806' title='bbox 1483 2057 1527 2093; x_wconf 74' lang='grc'><strong>16)</strong></span> <span class='ocrx_word' id='word_1_807' title='bbox 1544 2067 1550 2083; x_wconf 94' lang='lat'><strong>:</strong></span> <span class='ocrx_word' id='word_1_808' title='bbox 1566 2062 1602 2089; x_wconf 87' lang='lat' dir='ltr'><strong>et,</strong></span> <span class='ocrx_word' id='word_1_809' title='bbox 1621 2057 1653 2084; x_wconf 88' lang='lat' dir='ltr'><strong>In</strong></span> <span class='ocrx_word' id='word_1_810' title='bbox 1675 2057 1766 2085; x_wconf 73' lang='lat' dir='ltr'><strong>sudore</strong></span> <span class='ocrx_word' id='word_1_811' title='bbox 1786 2058 1867 2085; x_wconf 72' lang='lat' dir='ltr'><strong>vultus</strong></span> 
     </span>
    </p>
   </div>
   <div class='ocr_carea' id='block_1_103' title="bbox 1069 2103 1868 2139">
    <p class='ocr_par' dir='ltr' id='par_1_103' title="bbox 1069 2103 1868 2139">
     <span class='ocr_line' id='line_1_103' title="bbox 1069 2103 1868 2139; baseline 0.001 -9"><span class='ocrx_word' id='word_1_812' title='bbox 1069 2105 1104 2130; x_wconf 89' lang='lat' dir='ltr'><strong>lui</strong></span> <span class='ocrx_word' id='word_1_813' title='bbox 1118 2104 1231 2130; x_wconf 66' lang='lat' dir='ltr'><strong>comede:</strong></span> <span class='ocrx_word' id='word_1_814' title='bbox 1243 2112 1333 2139; x_wconf 81' lang='lat' dir='ltr'><strong>panem</strong></span> <span class='ocrx_word' id='word_1_815' title='bbox 1346 2109 1417 2130; x_wconf 83' lang='lat' dir='ltr'><strong>tuum</strong></span> <span class='ocrx_word' id='word_1_816' title='bbox 1430 2103 1481 2139; x_wconf 87' lang='lat' dir='ltr'><strong>(Ib.</strong></span> <span class='ocrx_word' id='word_1_817' title='bbox 1498 2112 1522 2131; x_wconf 84' lang='grc' dir='ltr'><strong>υ.</strong></span> <span class='ocrx_word' id='word_1_818' title='bbox 1538 2105 1581 2139; x_wconf 82' lang='grc' dir='ltr'><strong>Π)</strong></span> <span class='ocrx_word' id='word_1_819' title='bbox 1595 2113 1601 2132; x_wconf 88' lang='lat'><strong>:</strong></span> <span class='ocrx_word' id='word_1_820' title='bbox 1614 2110 1651 2137; x_wconf 86' lang='lat' dir='ltr'><strong>et,</strong></span> <span class='ocrx_word' id='word_1_821' title='bbox 1671 2105 1701 2130; x_wconf 85' lang='lat' dir='ltr'><strong>In</strong></span> <span class='ocrx_word' id='word_1_822' title='bbox 1715 2104 1809 2131; x_wconf 84' lang='lat' dir='ltr'><strong>mundo</strong></span> <span class='ocrx_word' id='word_1_823' title='bbox 1823 2105 1868 2131; x_wconf 86' lang='lat' dir='ltr'><strong>tri-</strong></span> 
     </span>
    </p>
   </div>
   <div class='ocr_carea' id='block_1_104' title="bbox 1068 2150 1868 2186">
    <p class='ocr_par' dir='ltr' id='par_1_104' title="bbox 1068 2150 1868 2186">
     <span class='ocr_line' id='line_1_104' title="bbox 1068 2150 1868 2186; baseline -0.001 -8"><span class='ocrx_word' id='word_1_824' title='bbox 1068 2151 1221 2178; x_wconf 83' lang='lat' dir='ltr'><strong>bulationem</strong></span> <span class='ocrx_word' id='word_1_825' title='bbox 1233 2150 1354 2178; x_wconf 80' lang='lat' dir='ltr'><strong>habebitis</strong></span> <span class='ocrx_word' id='word_1_826' title='bbox 1367 2150 1455 2186; x_wconf 79' lang='lat' dir='ltr'><strong>(Joan.</strong></span> <span class='ocrx_word' id='word_1_827' title='bbox 1468 2151 1511 2178; x_wconf 78' lang='grc'><strong>16.</strong></span> <span class='ocrx_word' id='word_1_828' title='bbox 1524 2151 1578 2186; x_wconf 78' lang='grc'><strong>55).</strong></span> <span class='ocrx_word' id='word_1_829' title='bbox 1593 2152 1627 2178; x_wconf 89' lang='lat' dir='ltr'><strong>At</strong></span> <span class='ocrx_word' id='word_1_830' title='bbox 1640 2151 1673 2178; x_wconf 81' lang='lat' dir='ltr'><strong>de</strong></span> <span class='ocrx_word' id='word_1_831' title='bbox 1684 2151 1778 2178; x_wconf 87' lang='lat' dir='ltr'><strong>futuris</strong></span> <span class='ocrx_word' id='word_1_832' title='bbox 1789 2152 1868 2178; x_wconf 80' lang='lat' dir='ltr'><strong>rebus</strong></span> 
     </span>
    </p>
   </div>
   <div class='ocr_carea' id='block_1_105' title="bbox 1070 2196 1867 2231">
    <p class='ocr_par' dir='ltr' id='par_1_105' title="bbox 1070 2196 1867 2231">
     <span class='ocr_line' id='line_1_105' title="bbox 1070 2196 1867 2231; baseline 0 -7"><span class='ocrx_word' id='word_1_833' title='bbox 1070 2197 1135 2225; x_wconf 88' lang='lat' dir='ltr'><strong>nihil</strong></span> <span class='ocrx_word' id='word_1_834' title='bbox 1159 2196 1312 2231; x_wconf 87' lang='lat' dir='ltr'><strong>hujnsmodi</strong></span> <span class='ocrx_word' id='word_1_835' title='bbox 1333 2197 1441 2228; x_wconf 89' lang='lat' dir='ltr'><strong>dicitur,</strong></span> <span class='ocrx_word' id='word_1_836' title='bbox 1466 2197 1520 2224; x_wconf 91' lang='lat' dir='ltr'><strong>imo</strong></span> <span class='ocrx_word' id='word_1_837' title='bbox 1542 2196 1705 2223; x_wconf 86' lang='lat' dir='ltr'><strong>contrarium</strong></span> <span class='ocrx_word' id='word_1_838' title='bbox 1731 2204 1841 2231; x_wconf 82' lang='lat' dir='ltr'><strong>prorsus</strong></span> <span class='ocrx_word' id='word_1_839' title='bbox 1860 2206 1867 2224; x_wconf 89' lang='lat'><strong>:</strong></span> 
     </span>
    </p>
   </div>
   <div class='ocr_carea' id='block_1_106' title="bbox 1071 2241 1870 2278">
    <p class='ocr_par' dir='ltr' id='par_1_106' title="bbox 1071 2241 1870 2278">
     <span class='ocr_line' id='line_1_106' title="bbox 1071 2241 1870 2278; baseline 0.001 -9"><span class='ocrx_word' id='word_1_840' title='bbox 1071 2242 1167 2278; x_wconf 73' lang='lat' dir='ltr'><strong>Effugit</strong></span> <span class='ocrx_word' id='word_1_841' title='bbox 1183 2242 1266 2274; x_wconf 83' lang='lat' dir='ltr'><strong>dolor,</strong></span> <span class='ocrx_word' id='word_1_842' title='bbox 1279 2243 1380 2269; x_wconf 85' lang='lat' dir='ltr'><strong>tristitia</strong></span> <span class='ocrx_word' id='word_1_843' title='bbox 1391 2248 1414 2269; x_wconf 81' lang='lat' dir='ltr'><strong>et</strong></span> <span class='ocrx_word' id='word_1_844' title='bbox 1426 2242 1533 2277; x_wconf 81' lang='lat' dir='ltr'><strong>gemitus</strong></span> <span class='ocrx_word' id='word_1_845' title='bbox 1549 2241 1626 2278; x_wconf 72' lang='lat' dir='ltr'><strong>(Isai.</strong></span> <span class='ocrx_word' id='word_1_846' title='bbox 1640 2242 1685 2269; x_wconf 80' lang='lat'><strong>55.</strong></span> <span class='ocrx_word' id='word_1_847' title='bbox 1702 2241 1745 2277; x_wconf 77' lang='grc'><strong>10)</strong></span> <span class='ocrx_word' id='word_1_848' title='bbox 1759 2252 1767 2269; x_wconf 78' lang='lat'><strong>&#39;.</strong></span> <span class='ocrx_word' id='word_1_849' title='bbox 1780 2248 1817 2274; x_wconf 76' lang='lat' dir='ltr'><strong>et,</strong></span> <span class='ocrx_word' id='word_1_850' title='bbox 1832 2242 1870 2270; x_wconf 80' lang='lat' dir='ltr'><strong>Ab</strong></span> 
     </span>
    </p>
   </div>
   <div class='ocr_carea' id='block_1_107' title="bbox 1070 2289 1870 2319">
    <p class='ocr_par' dir='ltr' id='par_1_107' title="bbox 1070 2289 1870 2319">
     <span class='ocr_line' id='line_1_107' title="bbox 1070 2289 1870 2319; baseline 0 -3"><span class='ocrx_word' id='word_1_851' title='bbox 1070 2290 1164 2316; x_wconf 68' lang='lat' dir='ltr'><strong>oriente</strong></span> <span class='ocrx_word' id='word_1_852' title='bbox 1176 2294 1200 2316; x_wconf 77' lang='lat' dir='ltr'><strong>et</strong></span> <span class='ocrx_word' id='word_1_853' title='bbox 1217 2289 1345 2317; x_wconf 78' lang='lat' dir='ltr'><strong>occidente</strong></span> <span class='ocrx_word' id='word_1_854' title='bbox 1359 2289 1465 2319; x_wconf 78' lang='lat' dir='ltr'><strong>venient,</strong></span> <span class='ocrx_word' id='word_1_855' title='bbox 1481 2294 1504 2316; x_wconf 86' lang='lat' dir='ltr'><strong>et</strong></span> <span class='ocrx_word' id='word_1_856' title='bbox 1517 2289 1660 2317; x_wconf 84' lang='lat' dir='ltr'><strong>recumbent</strong></span> <span class='ocrx_word' id='word_1_857' title='bbox 1671 2290 1697 2316; x_wconf 87' lang='lat' dir='ltr'><strong>in</strong></span> <span class='ocrx_word' id='word_1_858' title='bbox 1712 2290 1770 2316; x_wconf 80' lang='lat' dir='ltr'><strong>sinu</strong></span> <span class='ocrx_word' id='word_1_859' title='bbox 1786 2289 1870 2316; x_wconf 79' lang='lat' dir='ltr'><strong>Abra-</strong></span> 
     </span>
    </p>
   </div>
   <div class='ocr_carea' id='block_1_108' title="bbox 1071 2335 1870 2372">
    <p class='ocr_par' dir='ltr' id='par_1_108' title="bbox 1071 2335 1870 2372">
     <span class='ocr_line' id='line_1_108' title="bbox 1071 2335 1870 2372; baseline 0 -9"><span class='ocrx_word' id='word_1_860' title='bbox 1071 2337 1119 2368; x_wconf 76' lang='lat' dir='ltr'><strong>Itw,</strong></span> <span class='ocrx_word' id='word_1_861' title='bbox 1143 2341 1166 2363; x_wconf 83' lang='lat' dir='ltr'><strong>et</strong></span> <span class='ocrx_word' id='word_1_862' title='bbox 1183 2336 1267 2368; x_wconf 85' lang='lat' dir='ltr'><strong>Isaac,</strong></span> <span class='ocrx_word' id='word_1_863' title='bbox 1288 2342 1311 2363; x_wconf 81' lang='lat' dir='ltr'><strong>et</strong></span> <span class='ocrx_word' id='word_1_864' title='bbox 1326 2336 1406 2363; x_wconf 82' lang='lat' dir='ltr'><strong>Jacob</strong></span> <span class='ocrx_word' id='word_1_865' title='bbox 1423 2336 1529 2372; x_wconf 81' lang='lat' dir='ltr'><strong>(Matth.</strong></span> <span class='ocrx_word' id='word_1_866' title='bbox 1546 2336 1572 2363; x_wconf 90' lang='lat'><strong>8.</strong></span> <span class='ocrx_word' id='word_1_867' title='bbox 1596 2335 1640 2370; x_wconf 83' lang='grc' dir='ltr'><strong>Η)</strong></span> <span class='ocrx_word' id='word_1_868' title='bbox 1657 2345 1663 2362; x_wconf 92' lang='lat'>:</span> <span class='ocrx_word' id='word_1_869' title='bbox 1680 2340 1706 2363; x_wconf 85' lang='lat' dir='ltr'><strong>et</strong></span> <span class='ocrx_word' id='word_1_870' title='bbox 1722 2336 1775 2363; x_wconf 87' lang='lat' dir='ltr'><strong>illic</strong></span> <span class='ocrx_word' id='word_1_871' title='bbox 1789 2342 1870 2369; x_wconf 82' lang='lat' dir='ltr'><strong>Spon-</strong></span> 
     </span>
    </p>
   </div>
   <div class='ocr_carea' id='block_1_109' title="bbox 1071 2382 1867 2418">
    <p class='ocr_par' dir='ltr' id='par_1_109' title="bbox 1071 2382 1867 2418">
     <span class='ocr_line' id='line_1_109' title="bbox 1071 2382 1867 2418; baseline -0.003 -8"><span class='ocrx_word' id='word_1_872' title='bbox 1071 2390 1116 2410; x_wconf 84' lang='lat' dir='ltr'><strong>sus</strong></span> <span class='ocrx_word' id='word_1_873' title='bbox 1130 2383 1285 2418; x_wconf 79' lang='lat' dir='ltr'><strong>spiritualis,</strong></span> <span class='ocrx_word' id='word_1_874' title='bbox 1301 2383 1416 2410; x_wconf 73' lang='lat' dir='ltr'><strong>lucerore</strong></span> <span class='ocrx_word' id='word_1_875' title='bbox 1439 2382 1556 2418; x_wconf 61' lang='lat' dir='ltr'><strong>fulgidae,</strong></span> <span class='ocrx_word' id='word_1_876' title='bbox 1572 2382 1709 2409; x_wconf 81' lang='lat' dir='ltr'><strong>translatio</strong></span> <span class='ocrx_word' id='word_1_877' title='bbox 1720 2382 1745 2409; x_wconf 88' lang='lat' dir='ltr'><strong>in</strong></span> <span class='ocrx_word' id='word_1_878' title='bbox 1762 2382 1867 2409; x_wconf 74' lang='lat' dir='ltr'><strong>czelum.</strong></span> 
     </span>
    </p>
   </div>
   <div class='ocr_carea' id='block_1_110' title="bbox 1108 2427 1868 2462">
    <p class='ocr_par' dir='ltr' id='par_1_110' title="bbox 1108 2427 1868 2462">
     <span class='ocr_line' id='line_1_110' title="bbox 1108 2427 1868 2462; baseline -0.003 -6"><span class='ocrx_word' id='word_1_879' title='bbox 1108 2430 1133 2456; x_wconf 74' lang='grc'><strong>4.</strong></span> <span class='ocrx_word' id='word_1_880' title='bbox 1149 2429 1201 2456; x_wconf 78' lang='lat' dir='ltr'><strong>Cur</strong></span> <span class='ocrx_word' id='word_1_881' title='bbox 1215 2436 1279 2462; x_wconf 76' lang='lat' dir='ltr'><strong>ergo</strong></span> <span class='ocrx_word' id='word_1_882' title='bbox 1294 2432 1427 2455; x_wconf 91' lang='lat' dir='ltr'><strong>mortuum</strong></span> <span class='ocrx_word' id='word_1_883' title='bbox 1443 2427 1592 2462; x_wconf 83' lang='lat' dir='ltr'><strong>deturpas?</strong></span> <span class='ocrx_word' id='word_1_884' title='bbox 1610 2435 1658 2454; x_wconf 82' lang='lat' dir='ltr'><strong>cur</strong></span> <span class='ocrx_word' id='word_1_885' title='bbox 1671 2427 1730 2454; x_wconf 87' lang='lat' dir='ltr'><strong>aliis</strong></span> <span class='ocrx_word' id='word_1_886' title='bbox 1746 2427 1868 2454; x_wconf 53' lang='lat' dir='ltr'><strong>timorem</strong></span> 
     </span>
    </p>
   </div>
   <div class='ocr_carea' id='block_1_111' title="bbox 1073 2474 1867 2509">
    <p class='ocr_par' dir='ltr' id='par_1_111' title="bbox 1073 2474 1867 2509">
     <span class='ocr_line' id='line_1_111' title="bbox 1073 2474 1867 2509; baseline -0.003 -7"><span class='ocrx_word' id='word_1_887' title='bbox 1073 2480 1269 2509; x_wconf 84' lang='lat' dir='ltr'><strong>tremoremque</strong></span> <span class='ocrx_word' id='word_1_888' title='bbox 1282 2475 1375 2501; x_wconf 87' lang='lat' dir='ltr'><strong>mortis</strong></span> <span class='ocrx_word' id='word_1_889' title='bbox 1388 2474 1522 2501; x_wconf 62' lang='lat' dir='ltr'><strong>accersis?</strong></span> <span class='ocrx_word' id='word_1_890' title='bbox 1537 2482 1585 2500; x_wconf 90' lang='lat' dir='ltr'><strong>cur</strong></span> <span class='ocrx_word' id='word_1_891' title='bbox 1595 2474 1763 2501; x_wconf 82' lang='lat' dir='ltr'><strong>occasionem</strong></span> <span class='ocrx_word' id='word_1_892' title='bbox 1779 2475 1867 2501; x_wconf 87' lang='lat' dir='ltr'><strong>multis</strong></span> 
     </span>
    </p>
   </div>
   <div class='ocr_carea' id='block_1_112' title="bbox 1073 2520 1870 2556">
    <p class='ocr_par' dir='ltr' id='par_1_112' title="bbox 1073 2520 1870 2556">
     <span class='ocr_line' id='line_1_112' title="bbox 1073 2520 1870 2556; baseline -0.001 -7"><span class='ocrx_word' id='word_1_893' title='bbox 1073 2522 1176 2555; x_wconf 69' lang='lat' dir='ltr'><strong>prtebes</strong></span> <span class='ocrx_word' id='word_1_894' title='bbox 1187 2521 1324 2549; x_wconf 84' lang='lat' dir='ltr'><strong>incusandi</strong></span> <span class='ocrx_word' id='word_1_895' title='bbox 1339 2522 1433 2553; x_wconf 86' lang='lat' dir='ltr'><strong>Deum,</strong></span> <span class='ocrx_word' id='word_1_896' title='bbox 1445 2525 1536 2555; x_wconf 89' lang='lat' dir='ltr'><strong>utpote</strong></span> <span class='ocrx_word' id='word_1_897' title='bbox 1548 2521 1591 2555; x_wconf 91' lang='lat' dir='ltr'><strong>qui</strong></span> <span class='ocrx_word' id='word_1_898' title='bbox 1604 2528 1698 2556; x_wconf 79' lang='lat' dir='ltr'><strong>magna</strong></span> <span class='ocrx_word' id='word_1_899' title='bbox 1710 2520 1803 2548; x_wconf 84' lang='lat' dir='ltr'><strong>fecerit</strong></span> <span class='ocrx_word' id='word_1_900' title='bbox 1814 2529 1870 2548; x_wconf 86' lang='lat' dir='ltr'><strong>ma-</strong></span> 
     </span>
    </p>
   </div>
   <div class='ocr_carea' id='block_1_113' title="bbox 1077 2568 1868 2602">
    <p class='ocr_par' dir='ltr' id='par_1_113' title="bbox 1077 2568 1868 2602">
     <span class='ocr_line' id='line_1_113' title="bbox 1077 2568 1868 2602; baseline -0.001 -7"><span class='ocrx_word' id='word_1_901' title='bbox 1077 2568 1116 2596; x_wconf 83' lang='lat' dir='ltr'><strong>la?</strong></span> <span class='ocrx_word' id='word_1_902' title='bbox 1132 2568 1186 2595; x_wconf 89' lang='lat' dir='ltr'><strong>lmo</strong></span> <span class='ocrx_word' id='word_1_903' title='bbox 1207 2575 1272 2595; x_wconf 86' lang='lat' dir='ltr'><strong>vero</strong></span> <span class='ocrx_word' id='word_1_904' title='bbox 1288 2575 1336 2595; x_wconf 89' lang='lat' dir='ltr'><strong>cur</strong></span> <span class='ocrx_word' id='word_1_905' title='bbox 1353 2570 1443 2602; x_wconf 89' lang='lat' dir='ltr'><strong>postea</strong></span> <span class='ocrx_word' id='word_1_906' title='bbox 1464 2574 1596 2602; x_wconf 82' lang='lat' dir='ltr'><strong>pauperes</strong></span> <span class='ocrx_word' id='word_1_907' title='bbox 1623 2574 1702 2594; x_wconf 81' lang='lat' dir='ltr'><strong>vocas</strong></span> <span class='ocrx_word' id='word_1_908' title='bbox 1715 2588 1722 2599; x_wconf 87' lang='lat'>.</span> <span class='ocrx_word' id='word_1_909' title='bbox 1739 2572 1765 2594; x_wconf 82' lang='lat' dir='ltr'><strong>et</strong></span> <span class='ocrx_word' id='word_1_910' title='bbox 1779 2575 1868 2595; x_wconf 79' lang='lat' dir='ltr'><strong>sacer-</strong></span> 
     </span>
    </p>
   </div>
   <div class='ocr_carea' id='block_1_114' title="bbox 1073 2613 1868 2649">
    <p class='ocr_par' dir='ltr' id='par_1_114' title="bbox 1073 2613 1868 2649">
     <span class='ocr_line' id='line_1_114' title="bbox 1073 2613 1868 2649; baseline -0.003 -7"><span class='ocrx_word' id='word_1_911' title='bbox 1073 2615 1149 2642; x_wconf 88' lang='lat' dir='ltr'><strong>dotes</strong></span> <span class='ocrx_word' id='word_1_912' title='bbox 1164 2622 1241 2649; x_wconf 75' lang='lat' dir='ltr'><strong>rogas</strong></span> <span class='ocrx_word' id='word_1_913' title='bbox 1255 2614 1288 2641; x_wconf 89' lang='lat' dir='ltr'><strong>ad</strong></span> <span class='ocrx_word' id='word_1_914' title='bbox 1304 2613 1485 2648; x_wconf 83' lang='lat' dir='ltr'><strong>precandum?</strong></span> <span class='ocrx_word' id='word_1_915' title='bbox 1497 2613 1530 2641; x_wconf 91' lang='lat' dir='ltr'><strong>Ut</strong></span> <span class='ocrx_word' id='word_1_916' title='bbox 1544 2614 1569 2640; x_wconf 92' lang='lat' dir='ltr'><strong>in</strong></span> <span class='ocrx_word' id='word_1_917' title='bbox 1585 2614 1703 2649; x_wconf 88' lang='lat' dir='ltr'><strong>requiem</strong></span> <span class='ocrx_word' id='word_1_918' title='bbox 1718 2614 1810 2647; x_wconf 83' lang='lat' dir='ltr'><strong>abeat,</strong></span> <span class='ocrx_word' id='word_1_919' title='bbox 1825 2614 1868 2641; x_wconf 90' lang='lat' dir='ltr'><strong>ia-</strong></span> 
     </span>
    </p>
   </div>
   <div class='ocr_carea' id='block_1_115' title="bbox 1073 2659 1870 2698">
    <p class='ocr_par' dir='ltr' id='par_1_115' title="bbox 1073 2659 1870 2698">
     <span class='ocr_line' id='line_1_115' title="bbox 1073 2659 1870 2698; baseline -0.003 -10"><span class='ocrx_word' id='word_1_920' title='bbox 1073 2663 1165 2698; x_wconf 85' lang='lat' dir='ltr'><strong>quies,</strong></span> <span class='ocrx_word' id='word_1_921' title='bbox 1182 2662 1204 2689; x_wconf 86' lang='lat' dir='ltr'><strong>is</strong></span> <span class='ocrx_word' id='word_1_922' title='bbox 1218 2662 1262 2696; x_wconf 92' lang='lat' dir='ltr'><strong>qui</strong></span> <span class='ocrx_word' id='word_1_923' title='bbox 1278 2665 1398 2688; x_wconf 85' lang='lat' dir='ltr'><strong>mortuus</strong></span> <span class='ocrx_word' id='word_1_924' title='bbox 1411 2665 1452 2688; x_wconf 81' lang='lat' dir='ltr'><strong>est</strong></span> <span class='ocrx_word' id='word_1_925' title='bbox 1464 2681 1471 2692; x_wconf 88' lang='lat'><strong>,</strong></span> <span class='ocrx_word' id='word_1_926' title='bbox 1487 2665 1516 2687; x_wconf 93' lang='lat' dir='ltr'><strong>ut</strong></span> <span class='ocrx_word' id='word_1_927' title='bbox 1532 2661 1674 2695; x_wconf 88' lang='lat' dir='ltr'><strong>propititnn</strong></span> <span class='ocrx_word' id='word_1_928' title='bbox 1691 2660 1787 2687; x_wconf 84' lang='lat' dir='ltr'><strong>habeat</strong></span> <span class='ocrx_word' id='word_1_929' title='bbox 1800 2659 1870 2694; x_wconf 64' lang='lat' dir='ltr'><strong>jmli&lt;</strong></span> 
     </span>
    </p>
   </div>
   <div class='ocr_carea' id='block_1_116' title="bbox 1073 2705 1871 2743">
    <p class='ocr_par' dir='ltr' id='par_1_116' title="bbox 1073 2705 1871 2743">
     <span class='ocr_line' id='line_1_116' title="bbox 1073 2705 1871 2743; baseline -0.006 -6"><span class='ocrx_word' id='word_1_930' title='bbox 1073 2717 1142 2737; x_wconf 87' lang='lat' dir='ltr'><strong>cem.</strong></span> <span class='ocrx_word' id='word_1_931' title='bbox 1158 2709 1194 2736; x_wconf 85' lang='lat' dir='ltr'><strong>Ea</strong></span> <span class='ocrx_word' id='word_1_932' title='bbox 1217 2709 1296 2743; x_wconf 80' lang='lat' dir='ltr'><strong>igitur</strong></span> <span class='ocrx_word' id='word_1_933' title='bbox 1309 2707 1343 2735; x_wconf 87' lang='lat' dir='ltr'><strong>dc</strong></span> <span class='ocrx_word' id='word_1_934' title='bbox 1358 2714 1437 2734; x_wconf 82' lang='lat' dir='ltr'><strong>causa</strong></span> <span class='ocrx_word' id='word_1_935' title='bbox 1459 2707 1548 2742; x_wconf 87' lang='lat' dir='ltr'><strong>ploras</strong></span> <span class='ocrx_word' id='word_1_936' title='bbox 1563 2712 1589 2734; x_wconf 82' lang='lat' dir='ltr'><strong>et</strong></span> <span class='ocrx_word' id='word_1_937' title='bbox 1613 2705 1784 2742; x_wconf 85' lang='lat' dir='ltr'><strong>ingemiscis?</strong></span> <span class='ocrx_word' id='word_1_938' title='bbox 1800 2706 1871 2742; x_wconf 80' lang='lat' dir='ltr'><strong>Ergo</strong></span> 
     </span>
    </p>
   </div>
   <div class='ocr_carea' id='block_1_117' title="bbox 1074 2753 1870 2790">
    <p class='ocr_par' dir='ltr' id='par_1_117' title="bbox 1074 2753 1870 2790">
     <span class='ocr_line' id='line_1_117' title="bbox 1074 2753 1870 2790; baseline -0.006 -7"><span class='ocrx_word' id='word_1_939' title='bbox 1074 2761 1161 2784; x_wconf 86' lang='lat' dir='ltr'><strong>tecum</strong></span> <span class='ocrx_word' id='word_1_940' title='bbox 1174 2756 1231 2790; x_wconf 84' lang='lat' dir='ltr'><strong>ipse</strong></span> <span class='ocrx_word' id='word_1_941' title='bbox 1248 2762 1347 2790; x_wconf 82' lang='lat' dir='ltr'><strong>pugnas</strong></span> <span class='ocrx_word' id='word_1_942' title='bbox 1358 2775 1365 2784; x_wconf 83' lang='lat'><strong>.</strong></span> <span class='ocrx_word' id='word_1_943' title='bbox 1382 2761 1443 2781; x_wconf 94' lang='lat' dir='ltr'><strong>cum</strong></span> <span class='ocrx_word' id='word_1_944' title='bbox 1455 2753 1492 2780; x_wconf 90' lang='lat' dir='ltr'><strong>illi</strong></span> <span class='ocrx_word' id='word_1_945' title='bbox 1506 2757 1676 2788; x_wconf 83' lang='lat' dir='ltr'><strong>tempestates</strong></span> <span class='ocrx_word' id='word_1_946' title='bbox 1691 2760 1768 2787; x_wconf 85' lang='lat' dir='ltr'><strong>paras</strong></span> <span class='ocrx_word' id='word_1_947' title='bbox 1781 2753 1824 2787; x_wconf 91' lang='lat' dir='ltr'><strong>qui</strong></span> <span class='ocrx_word' id='word_1_948' title='bbox 1836 2753 1870 2779; x_wconf 88' lang='lat' dir='ltr'><strong>ad</strong></span> 
     </span>
    </p>
   </div>
   <div class='ocr_carea' id='block_1_118' title="bbox 1075 2799 1872 2838">
    <p class='ocr_par' dir='ltr' id='par_1_118' title="bbox 1075 2799 1872 2838">
     <span class='ocr_line' id='line_1_118' title="bbox 1075 2799 1872 2838; baseline -0.005 -9"><span class='ocrx_word' id='word_1_949' title='bbox 1075 2807 1179 2837; x_wconf 89' lang='lat' dir='ltr'><strong>portum</strong></span> <span class='ocrx_word' id='word_1_950' title='bbox 1191 2801 1265 2828; x_wconf 88' lang='lat' dir='ltr'><strong>abiit.</strong></span> <span class='ocrx_word' id='word_1_951' title='bbox 1282 2800 1315 2827; x_wconf 85' lang='lat' dir='ltr'><strong>Et</strong></span> <span class='ocrx_word' id='word_1_952' title='bbox 1327 2800 1391 2835; x_wconf 90' lang='lat' dir='ltr'><strong>quid</strong></span> <span class='ocrx_word' id='word_1_953' title='bbox 1407 2800 1519 2838; x_wconf 79' lang='lat' dir='ltr'><strong>faciam?</strong></span> <span class='ocrx_word' id='word_1_954' title='bbox 1533 2800 1653 2834; x_wconf 90' lang='lat' dir='ltr'><strong>inquies:</strong></span> <span class='ocrx_word' id='word_1_955' title='bbox 1670 2799 1695 2825; x_wconf 87' lang='lat' dir='ltr'><strong>id</strong></span> <span class='ocrx_word' id='word_1_956' title='bbox 1710 2803 1803 2826; x_wconf 84' lang='lat' dir='ltr'><strong>natura</strong></span> <span class='ocrx_word' id='word_1_957' title='bbox 1816 2799 1872 2826; x_wconf 84' lang='lat' dir='ltr'><strong>exi-</strong></span> 
     </span>
    </p>
   </div>
   <div class='ocr_carea' id='block_1_119' title="bbox 1073 2843 1870 2883">
    <p class='ocr_par' dir='ltr' id='par_1_119' title="bbox 1073 2843 1870 2883">
     <span class='ocr_line' id='line_1_119' title="bbox 1073 2843 1870 2883; baseline -0.006 -8"><span class='ocrx_word' id='word_1_958' title='bbox 1073 2849 1121 2883; x_wconf 85' lang='lat' dir='ltr'><strong>git.</strong></span> <span class='ocrx_word' id='word_1_959' title='bbox 1142 2848 1199 2875; x_wconf 89' lang='lat' dir='ltr'><strong>Non</strong></span> <span class='ocrx_word' id='word_1_960' title='bbox 1214 2851 1257 2875; x_wconf 84' lang='lat' dir='ltr'><strong>est</strong></span> <span class='ocrx_word' id='word_1_961' title='bbox 1275 2851 1378 2874; x_wconf 64' lang='lat' dir='ltr'><strong>naturae</strong></span> <span class='ocrx_word' id='word_1_962' title='bbox 1396 2846 1473 2881; x_wconf 84' lang='lat' dir='ltr'><strong>culpa</strong></span> <span class='ocrx_word' id='word_1_963' title='bbox 1493 2853 1581 2879; x_wconf 81' lang='lat' dir='ltr'><strong>neque</strong></span> <span class='ocrx_word' id='word_1_964' title='bbox 1598 2853 1689 2873; x_wconf 77' lang='lat' dir='ltr'><strong>rerum</strong></span> <span class='ocrx_word' id='word_1_965' title='bbox 1709 2844 1808 2875; x_wconf 83' lang='lat' dir='ltr'><strong>seriei;</strong></span> <span class='ocrx_word' id='word_1_966' title='bbox 1824 2843 1870 2871; x_wconf 80' lang='lat' dir='ltr'><strong>sed</strong></span> 
     </span>
    </p>
   </div>
   <div class='ocr_carea' id='block_1_120' title="bbox 1106 2900 1870 2936">
    <p class='ocr_par' dir='ltr' id='par_1_120' title="bbox 1106 2900 1870 2936">
     <span class='ocr_line' id='line_1_120' title="bbox 1106 2900 1870 2936; baseline -0.005 -7"><span class='ocrx_word' id='word_1_967' title='bbox 1106 2904 1142 2936; x_wconf 88' lang='lat' dir='ltr'><strong>(a)</strong></span> <span class='ocrx_word' id='word_1_968' title='bbox 1155 2903 1296 2936; x_wconf 72' lang='lat' dir='ltr'><strong>Deprreﬁca</strong></span> <span class='ocrx_word' id='word_1_969' title='bbox 1307 2903 1365 2936; x_wconf 66' lang='lat' dir='ltr'><strong>itide</strong></span> <span class='ocrx_word' id='word_1_970' title='bbox 1373 2902 1532 2936; x_wconf 32' lang='lat' dir='ltr'><strong>Aotiquitgl‘.</strong></span> <span class='ocrx_word' id='word_1_971' title='bbox 1542 2902 1603 2936; x_wconf 76' lang='lat' dir='ltr'><strong>5,_p.</strong></span> <span class='ocrx_word' id='word_1_972' title='bbox 1613 2902 1652 2932; x_wconf 73' lang='lat' dir='ltr'><strong>lt,</strong></span> <span class='ocrx_word' id='word_1_973' title='bbox 1665 2905 1690 2926; x_wconf 89' lang='lat' dir='ltr'><strong>et</strong></span> <span class='ocrx_word' id='word_1_974' title='bbox 1701 2902 1734 2926; x_wconf 83' lang='lat' dir='ltr'><strong>de</strong></span> <span class='ocrx_word' id='word_1_975' title='bbox 1746 2900 1821 2926; x_wconf 82' lang='lat' dir='ltr'><strong>forma</strong></span> <span class='ocrx_word' id='word_1_976' title='bbox 1830 2906 1870 2925; x_wconf 71' lang='lat' dir='ltr'><strong>att-</strong></span> 
     </span>
    </p>
   </div>
   <div class='ocr_carea' id='block_1_121' title="bbox 1075 2933 1609 2967">
    <p class='ocr_par' dir='ltr' id='par_1_121' title="bbox 1075 2933 1609 2967">
     <span class='ocr_line' id='line_1_121' title="bbox 1075 2933 1609 2967; baseline -0.006 -7"><span class='ocrx_word' id='word_1_977' title='bbox 1075 2933 1125 2960; x_wconf 79' lang='lat' dir='ltr'><strong>terit</strong></span> <span class='ocrx_word' id='word_1_978' title='bbox 1134 2933 1238 2967; x_wconf 64' lang='lat' dir='ltr'><strong>praeﬁcae</strong></span> <span class='ocrx_word' id='word_1_979' title='bbox 1249 2933 1448 2966; x_wconf 80' lang='lat' dir='ltr'><strong>supplementum</strong></span> <span class='ocrx_word' id='word_1_980' title='bbox 1458 2937 1484 2958; x_wconf 84' lang='grc' dir='ltr'><strong>τ.</strong></span> <span class='ocrx_word' id='word_1_981' title='bbox 1497 2933 1522 2962; x_wconf 75' lang='lat'><strong>5,</strong></span> <span class='ocrx_word' id='word_1_982' title='bbox 1532 2940 1557 2964; x_wconf 85' lang='lat' dir='ltr'><strong>p.</strong></span> <span class='ocrx_word' id='word_1_983' title='bbox 1572 2933 1609 2957; x_wconf 81' lang='grc' dir='ltr'>ιι.</span> 
     </span>
    </p>
   </div>
  </div>
