4118 6432
473 401 576 438 οη)

473 514 570 555 nos
591 497 680 569 qui
705 492 884 550 omnia
909 504 999 546 sus
1021 489 1193 556 deque
1215 485 1488 546 vertimus,
1519 480 1708 536 molles
1730 476 1951 569 nimium
1974 488 2064 569 su-

475 567 630 658 mus,
685 596 921 643 nostram
972 579 1248 652 prodimus
1291 574 1659 638 nobilitatem,
1713 579 1768 626 et
1820 567 2063 624 inﬁdeles

473 682 768 739 deteriores
807 675 1050 730 facimus.
1091 667 1372 738 Quomodo
1401 667 1544 721 enim
1576 678 1699 719 cum
1728 662 1836 717 alio
1862 661 1930 716 de
1959 660 2061 714 im-

473 769 795 828 mortalitate
817 761 1180 820 disseremus?
1201 775 1303 832 qua
1329 757 1538 814 ratione
1558 755 1808 828 gentilem
1830 752 1896 807 ad
1917 753 2061 808 illam

466 860 789 918 credendam
814 857 1150 921 inducemus,
1194 868 1318 907 cum
1343 850 1512 921 magis
1534 864 1691 920 quam
1719 847 1809 903 ille
1833 852 2060 901 mortem

465 955 783 1010 horreamus
825 959 880 1007 et
908 947 1228 1005 timeamus?
1272 945 1418 1001 Multi
1446 953 1593 1000 certe
1617 959 1683 998 ex
1729 941 2058 1013 gentilibus,

463 1048 554 1116 qui
603 1043 1058 1102 immortalitatem
1101 1055 1207 1096 non
1251 1036 1578 1102 credebant,
1627 1035 1851 1091 mortuis
1900 1032 2058 1101 ﬁliis,

465 1140 715 1211 imposita
737 1137 836 1192 sibi
859 1149 1056 1192 corona
1082 1132 1182 1205 (a),
1204 1139 1406 1186 vestem
1435 1128 1715 1184 candidam
1749 1127 2056 1192 induerunt,

466 1243 522 1288 ut
552 1237 873 1302 praesentem
913 1225 1138 1297 gloriam
1185 1229 1616 1291 aucuparentur;
1650 1228 1704 1274 tu
1736 1234 1864 1275 vero
1894 1234 1961 1275 ne
1990 1219 2060 1275 ob

465 1326 696 1379 futuram
736 1319 954 1390 quidem
999 1315 1223 1386 gloriam
1253 1327 1434 1369 cessas
1462 1311 1768 1368 effeminato
1797 1326 1948 1366 more
1978 1311 2056 1365 la-

465 1415 714 1482 mentari,
737 1421 791 1468 et
815 1411 1085 1482 plangere.
1111 1407 1216 1464 Sed
1245 1405 1499 1462 heredem
1535 1421 1640 1460 non
1670 1404 1854 1470 habes,
1884 1419 2059 1474 neque

463 1500 868 1564 successorem?
893 1500 1029 1570 Quid
1061 1514 1187 1554 vero
1217 1498 1403 1564 malis,
1437 1498 1699 1553 bonorum
1724 1505 1936 1550 tuorum
1965 1494 2058 1549 be-

462 1599 643 1656 rcdem
675 1611 796 1653 esse
816 1638 830 1663 ,
864 1610 931 1649 an
961 1591 1254 1649 caelorum?
1283 1590 1409 1662 quid
1451 1589 1640 1656 malis,
1671 1603 1738 1644 an
1770 1597 1827 1643 ut
1853 1587 1941 1643 ille
1970 1597 2056 1643 tua

461 1691 692 1759 excipiat
719 1688 876 1753 bona,
906 1701 1026 1757 qua:
1059 1683 1206 1738 brevi
1239 1681 1587 1752 relinquenda
1623 1691 1804 1745 erunt,
1834 1695 1903 1734 an
1937 1695 2054 1733 ma-

463 1783 645 1838 nentia
667 1789 978 1850 teteruaque
1003 1777 1140 1832 bona
1157 1777 1182 1829 ?
1209 1775 1362 1830 illum
1387 1772 1639 1829 heredem
1662 1788 1768 1827 non
1797 1772 2051 1840 habuisti,

461 1875 557 1930 sed
584 1873 770 1927 habuit
812 1871 953 1926 Deus
980 1887 992 1925 :
1027 1885 1132 1923 non
1158 1865 1253 1921 fuit
1281 1865 1508 1920 coheres
1534 1864 1758 1920 fratrum
1790 1879 2011 1920 suorum
2034 1905 2048 1929 ,

461 1967 555 2023 sed
585 1966 686 2022 fuit
713 1965 930 2020 Christi.
965 1963 1032 2018 Et
1054 1961 1139 2016 cui
1165 1969 1365 2028 vestes,
1395 1957 1623 2029 inquies,
1650 1957 1736 2012 cui
1764 1957 1908 2013 ardes
1926 1999 1944 2024 ,
1967 1957 2054 2012 cui

462 2075 646 2114 servos
689 2066 745 2113 et
791 2071 946 2130 agros
987 2052 1392 2124 relinquemus?
1434 2052 1534 2122 Ipsi
1567 2049 1842 2122 profecto,
1874 2059 1931 2106 et
1977 2050 2056 2107 sic

461 2154 624 2209 tutius
653 2166 882 2221 repones
904 2191 920 2215 ,
952 2163 1110 2219 quam
1137 2147 1184 2202 si
1214 2146 1454 2212 viveret;
1489 2143 1622 2200 nihil
1645 2144 1847 2216 quippe
1875 2151 1925 2198 te
1949 2143 2051 2197 im-

459 2245 624 2316 pedit.
656 2243 787 2299 Nam
814 2243 858 2297 si
892 2241 1102 2295 barbari
1132 2256 1236 2295 una
1259 2253 1382 2294 cum
1405 2237 1676 2294 defunctis
1701 2253 1789 2294 res
1813 2238 2050 2309 ipsorum

456 2349 698 2392 cremare
723 2333 931 2398 solent,
962 2332 1129 2386 multo
1154 2332 1324 2402 magis
1347 2341 1397 2386 te
1419 2345 1516 2401 par
1537 2337 1621 2386 est
1644 2329 1710 2386 ad
1737 2328 2048 2386 defunctum

457 2428 668 2482 mittere
695 2441 755 2482 ea
786 2440 905 2494 quae
935 2423 998 2478 ad
1031 2423 1207 2494 ipsum
1257 2425 1562 2494 pertinent,
1594 2438 1700 2478 non
1730 2433 1790 2478 ut
1817 2423 1868 2478 in
1895 2423 2048 2479 cine-

454 2536 567 2576 rem
601 2519 922 2575 reducantur
950 2527 1007 2573 ut
1038 2519 1123 2573 illa
1146 2561 1158 2585 ,
1189 2517 1284 2573 sed
1312 2525 1368 2573 ut
1408 2517 1668 2587 majorem
1709 2516 1786 2572 illi
1821 2518 2047 2589 gloriam

454 2612 701 2682 pariant;
733 2619 787 2666 et
814 2610 857 2664 si
888 2619 1135 2680 peccator
1159 2609 1411 2676 decessit,
1436 2617 1495 2664 ut
1521 2617 1740 2681 peccata
1767 2609 2044 2673 eluantur;

451 2707 495 2761 si
521 2705 720 2774 justus,
750 2713 806 2759 ut
835 2704 910 2758 illi
934 2703 1198 2758 mercedis
1224 2719 1287 2759 ac
1307 2704 1673 2759 retributionis
1699 2713 2044 2774 augmentum

451 2795 690 2851 accedat.
724 2797 792 2850 At
823 2796 1002 2850 videre
1030 2795 1205 2864 ipsum
1231 2794 1541 2852 desideras?
1587 2793 1846 2850 Eamdem
1888 2795 2048 2866 igitur

450 2901 611 2956 quam
643 2885 755 2956 ipse
793 2884 958 2940 vitam
991 2885 1223 2956 transige
1248 2927 1264 2954 ,
1304 2895 1359 2941 et
1388 2885 1495 2941 cito
1523 2884 1612 2940 illa
1657 2899 1809 2940 sacra
1840 2884 2046 2940 visione

447 2977 662 3032 frueris.
692 2976 822 3032 Illud
852 2977 1014 3032 etiam
1040 2977 1216 3046 cogita
1237 3017 1251 3042 ,
1286 2985 1338 3033 te
1363 2977 1406 3031 si
1430 2991 1530 3032 nos
1551 2991 1659 3031 non
1687 2975 1954 3039 audieris.
1991 2976 2041 3030 in

449 3071 628 3125 futuro
655 3070 705 3125 id
749 3070 968 3124 omnino
998 3079 1344 3139 experturum
1371 3084 1514 3125 esse.
1540 3068 1741 3125 Verum
1772 3068 1919 3124 nulla
1949 3069 2042 3124 tibi

447 3177 657 3218 merces
686 3164 785 3218 erit
814 3181 826 3216 :
863 3177 983 3216 nam
1010 3177 1040 3216 a
1071 3161 1329 3233 temporis
1359 3162 1706 3218 diuturnitate
1744 3162 2044 3219 consolatio

449 3256 541 3312 illa
567 3255 656 3313 tibi
684 3256 922 3313 accedet.
954 3256 1010 3313 Si
1035 3271 1196 3327 porro
1223 3271 1365 3312 nunc
1391 3254 1758 3327 philosophari
1785 3256 2040 3324 volueris,

447 3351 555 3406 duo
584 3351 848 3421 prmeipua
894 3350 1219 3417 lucraberis;
1257 3360 1306 3405 te
1332 3351 1530 3421 quippe
1559 3365 1588 3405 a
1620 3350 1778 3406 malis
1807 3352 2041 3407 circum-

448 3445 712 3500 stantibus
739 3460 927 3513 crues,
957 3454 1011 3500 et
1039 3444 1401 3516 splendidiore
1437 3459 1636 3500 corona
1667 3461 1697 3501 a
1728 3444 1840 3500 Deo
1867 3444 2038 3500 dona-

447 3537 609 3591 beris.
636 3537 1046 3608 Elecmosynam
1069 3538 1210 3592 enim
1235 3537 1537 3607 multasque
1560 3538 1694 3593 alias
1711 3540 1933 3595 virtutes
1949 3554 2040 3594 su-

446 3636 597 3696 pcrat
627 3627 987 3682 calamitatum
1031 3627 1332 3683 tolerantia.
1363 3629 1547 3701 Cogita
1581 3630 1752 3700 ipsum
1799 3631 1892 3687 Dei
1937 3631 2036 3686 Fi-

445 3717 573 3772 lium
605 3729 872 3772 mortuum
903 3732 1056 3784 esse;
1091 3719 1180 3774 ille
1211 3733 1310 3788 pro
1343 3729 1394 3774 te
1433 3729 1676 3776 mortuus
1705 3730 1784 3776 est
1805 3763 1821 3789 ,
1856 3731 1910 3777 tu
1941 3738 2040 3792 pro

445 3811 638 3880 teipse.
669 3811 806 3864 Dixit
829 3820 1008 3866 autem
1033 3829 1044 3864 :
1079 3811 1141 3866 Si
1165 3812 1402 3882 possibile
1428 3823 1520 3880 est,
1553 3823 1775 3868 transeat
1796 3833 1827 3870 a
1849 3833 1927 3870 me
1949 3833 2038 3872 ca-

444 3900 519 3956 lix
543 3902 632 3955 iste
655 3901 879 3973 (Matth.
903 3903 994 3958 26.
1022 3903 1132 3976 59)
1160 3922 1172 3958 :
1205 3921 1267 3960 ac
1297 3906 1509 3961 tristitia
1536 3922 1876 3980 mmroreque
1901 3910 2003 3966 affe
2021 3942 2035 3951 -

442 4003 562 4048 ctus
591 4006 817 4051 mortem
851 4011 955 4052 non
1001 3998 1217 4070 eﬂ‘ugit,
1252 3999 1346 4055 sed
1375 4001 1536 4055 etiam
1583 4002 1825 4071 plurimis
1869 4013 2040 4061 tortus

442 4088 763 4143 cruciatibus
784 4132 798 4154 ,
842 4100 1068 4146 mortem
1111 4091 1274 4146 subiit
1312 4107 1416 4148 non
1458 4094 1731 4166 vulgarem
1753 4138 1768 4163 ,
1799 4098 1891 4152 sed
1923 4115 2040 4153 om-

442 4181 592 4234 nium
632 4181 994 4250 turpissimam
1029 4201 1043 4239 :
1086 4193 1142 4240 et
1179 4193 1302 4240 ante
1353 4194 1581 4241 mortem
1629 4186 1838 4259 ﬂagella
1865 4232 1880 4257 ,
1912 4202 2037 4248 ante

441 4272 648 4343 ﬂagella
685 4289 811 4326 vero
855 4275 1094 4330 convicia
1117 4318 1134 4342 ,
1164 4276 1500 4344 derisiones,
1547 4283 1899 4338 contumelias
1923 4324 1938 4350 ,
1986 4294 2036 4340 te

441 4365 730 4420 instituens
759 4365 830 4420 ad
869 4368 1045 4422 omnia
1080 4367 1290 4423 fortiter
1328 4367 1567 4426 ferenda.
1599 4371 1705 4428 Sed
1741 4386 1861 4444 post
1889 4393 2033 4432 mor-

444 4468 571 4523 tem,
607 4469 886 4528 postquam
915 4475 1110 4530 corpus
1139 4460 1484 4530 deposuerat,
1517 4464 1646 4520 illud
1675 4481 1797 4522 cuin
1831 4469 2036 4538 majore

441 4552 613 4623 gloria
663 4553 983 4623 resumpsit,
1031 4563 1185 4623 teque
1211 4553 1349 4610 bona
1379 4570 1475 4626 spe
1502 4555 1668 4612 fulcit.
1703 4559 1828 4617 Haec
1853 4561 1896 4616 si
1929 4579 2034 4619 non

441 4641 619 4698 fabula
667 4654 792 4698 sunt
817 4683 833 4710 ,
864 4660 930 4699 ne
960 4644 1139 4715 plores
1169 4663 1181 4699 :
1217 4645 1332 4701 haec
1361 4647 1405 4702 si
1433 4647 1711 4706 credibilia
1740 4663 1895 4723 putas
1921 4697 1934 4722 ,
1969 4671 2036 4712 ne

442 4737 755 4809 lacrymeris
781 4752 796 4802 ;
829 4737 873 4792 si
901 4754 1026 4794 vero
1054 4737 1265 4796 ﬂeveris
1285 4781 1301 4807 ,
1331 4733 1604 4812 quoniodo
1632 4746 1833 4814 poteris
1870 4749 2037 4819 genti-

441 4827 578 4883 libus
610 4829 937 4898 persuadere
973 4841 1024 4886 le
1053 4846 1178 4887 vere
1207 4833 1468 4888 credere?

513 4921 565 4974 5.
605 4919 794 4975 Mortui
820 4939 919 4977 non
951 4924 1058 4978 sine
1082 4923 1232 4978 modo
1257 4925 1482 4995 lugendi.
1514 4956 1585 4966 —
1615 4929 1682 4981 At
1721 4927 1814 4982 tibi
1857 4930 2032 4985 adhuc

444 5009 794 5065 intolerabilis
837 5027 994 5068 casus
1024 5013 1112 5068 ille
1143 5013 1387 5070 videtur?
1434 5016 1575 5087 Ergo
1620 5032 1724 5072 non
1771 5019 2034 5091 lugendus

444 5102 565 5157 ideo
593 5100 681 5155 ille
706 5109 809 5167 est,
836 5104 924 5173 qui
953 5119 982 5159 a
1013 5112 1093 5158 tot
1116 5106 1508 5163 calamitatibus
1533 5109 1642 5178 jam
1666 5121 1745 5165 est
1774 5111 1926 5168 liber.
1957 5113 2034 5168 Ne

438 5196 620 5263 itaque
667 5192 765 5262 ipsi
815 5193 1074 5250 invideas.
1121 5195 1255 5252 Nam
1305 5199 1396 5253 tibi
1429 5199 1500 5254 ob
1545 5201 1886 5258 immaturum
1919 5206 2034 5274 ejns

441 5283 645 5338 obitum
674 5295 902 5339 mortem
936 5295 1122 5356 optare
1146 5331 1161 5355 ,
1194 5290 1520 5363 lugereque,
1559 5294 1684 5364 quia
1728 5310 1834 5350 non
1862 5298 2030 5364 vivit,

441 5381 501 5432 ut'
529 5377 652 5434 talia
686 5379 850 5433 multa
900 5381 1164 5450 patiatur,
1207 5383 1369 5440 invidi
1414 5397 1564 5443 certe
1606 5397 1709 5443 est.
1756 5389 1872 5445 Noli
1906 5408 2034 5464 ergo

441 5480 677 5540 cogitare
715 5471 890 5540 ipsum
932 5486 1221 5542 numquam
1259 5475 1476 5532 domum
1526 5492 1646 5535 esse
1692 5480 2028 5551 rediturum,

504 5623 578 5685 (α)
613 5620 694 5671 De
713 5621 1038 5691 Xenophonte
1056 5625 1250 5691 didtur,
1276 5630 1432 5691 ipsum
1455 5646 1568 5683 cum
1587 5644 1849 5688 ein-enatus
1886 5640 2035 5688 sacri-

439 5683 625 5761 ﬁcaret;
649 5691 708 5761 ut
719 5683 900 5761 audivit
921 5686 1068 5761 lilium
1091 5690 1141 5739 in
1163 5683 1408 5761 Mantinea
1434 5683 1871 5761 pugnacecid—isse,
1888 5683 2032 5750 E366-

440 5758 565 5830 ³11³³3.
587 5746 1413 5830 ἐεροὲιξὲεερηιξὲί-,γετρμφείεςτ
1434 5746 2032 5830 'vé’snantéiﬁ'séiriﬁése

442 5809 695 5870 comperit,
724 5809 947 5859 coronam
962 5813 1142 5864 iterum
1164 5815 1307 5879 capiti
1329 5809 1633 5880 imposuisse.

1181 374 1239 426 s.
1279 366 1556 426 JOANNIS
1597 353 2075 420 CIIRYSOSTUMI
2122 355 2439 416 ARCIIIEP.
2485 359 3022 419 consumma».
3423 432 3426 435 _
3663 368 3770 426 δτσ

2171 471 2265 526 sed
2298 481 2351 529 te
2392 475 2540 530 brevi
2586 477 2653 532 ad
2686 478 2832 536 illum
2873 495 2995 539 esse
3033 484 3402 556 migraturum.
3442 487 3521 545 Ne
3557 491 3772 561 cogites

2171 565 2344 634 ipsum
2375 581 2480 622 non
2513 570 2652 626 ultra
2684 571 2788 628 huc
2816 588 2936 632 esse
2965 585 3248 634 venturum
3271 624 3286 648 ,
3317 581 3412 637 sed
3442 583 3616 654 cogita
3651 583 3768 640 ha‘c

2170 656 2398 714 visibilia
2423 675 2526 715 non
2560 662 2630 718 ita
2655 673 2712 720 ut
2737 675 2861 722 sunt
2887 683 3138 727 mansum
3162 712 3179 739 ,
3207 674 3302 731 sed
3331 677 3763 738 transformamla

2167 763 2308 805 esse.
2340 750 2471 807 Nam
2512 755 2710 812 caelum
2733 800 2748 827 ,
2779 766 2951 828 terra,
2977 778 3126 820 mare
3169 775 3225 821 et
3268 770 3446 826 omnia
3493 782 3764 830 transmu-

2167 848 2382 911 tantur,
2433 855 2670 920 tuncque
2706 851 2876 908 lilium
2915 865 3064 912 tuum
3103 863 3332 932 recipies
3365 867 3553 937 majori
3576 867 3750 938 gloria

2169 943 2638 999 coronatum’.Et
2656 942 2702 998 si
2729 946 2949 1015 quidem
2983 961 3240 1020 peccator
3268 956 3400 1010 abiit
3426 997 3441 1019 ,
3489 960 3751 1030 nequitia:

2166 1040 2355 1084 cursus
2375 1029 2702 1103 interceptus
2719 1035 2837 1102 fuit;
2861 1052 3034 1108 neque
3053 1041 3196 1096 enim
3216 1043 3260 1099 si
3276 1046 3587 1104 mutandum
3608 1049 3761 1108 illum

2166 1117 2282 1174 fore
2311 1119 2451 1176 Deus
2481 1125 2814 1193 praevidisset
2835 1169 2851 1195 ,
2883 1129 3030 1186 illum
3061 1140 3185 1188 ante
3215 1136 3584 1205 paenitentiam
3615 1143 3762 1198 abri-

2167 1211 2368 1281 puisset
2389 1230 2401 1278 ;
2423 1213 2464 1268 si
2491 1229 2617 1272 vero
2631 1216 2808 1288 justus
2829 1221 3106 1291 discessit,
3136 1224 3189 1280 in
3215 1236 3328 1282 tuto
3355 1228 3492 1286 bona
3514 1247 3608 1288 sua
3633 1250 3758 1306 pos-

2163 1303 2322 1360 sidet.
2391 1305 2545 1363 Unde
2605 1312 2943 1370 manifestum
3001 1327 3085 1373 est
3136 1319 3406 1393 lacrymas
3472 1334 3590 1383 tuas
3634 1303 3756 1386 non

2163 1411 2282 1454 esse
2336 1399 2599 1472 lacrymas
2647 1407 2868 1473 amoris,
2922 1409 3017 1465 sed
3046 1411 3456 1475 'irrationabilis
3505 1421 3754 1482 affectus.

2161 1487 2293 1544 Nam
2341 1492 2385 1546 si
2435 1493 2744 1552 defunctum
2797 1492 3333 1575 amaresfgaudere
3379 1521 3649 1582 oporteret
3700 1529 3758 1573 et

2163 1583 2328 1640 laetari
2357 1628 2373 1651 ,
2424 1588 2566 1658 quod
2617 1605 2648 1646 a
2687 1596 3042 1662 praesentibus
3091 1598 3339 1659 ﬂuctibus
3389 1605 3461 1660 sit
3514 1617 3752 1679 ereptus.

2161 1677 2298 1746 Quid
2358 1682 2500 1738 enim
2561 1687 2828 1758 amplius,
2899 1707 3122 1759 quarso,
3187 1695 3370 1754 videre
3430 1702 3556 1756 est?
3611 1677 3755 1770 Quid

2161 1776 2431 1833 insolitum
2499 1788 2555 1835 et
2619 1784 2861 1839 novum?
2924 1785 3113 1844 Nonne
3176 1791 3366 1847 eadem
3437 1795 3549 1866 ipsa
3611 1814 3753 1870 quo-

2160 1868 2287 1925 tidie
2309 1872 2509 1929 revolvi
2531 1874 2809 1932 videmus?
2834 1878 2982 1934 Diem
3008 1895 3113 1936 nox
3136 1883 3355 1954 excipit,
3379 1898 3588 1944 noctem
3611 1868 3751 1960 dies,

2159 1959 2393 2018 hiemem
2434 1973 2625 2034 mstas,
2653 1977 2896 2026 aestatem
2929 1970 3100 2029 hiems
3121 2015 3136 2040 ,
3168 1984 3222 2030 et
3249 1976 3379 2032 nihil
3410 1982 3656 2051 amplius.
3687 1959 3754 2041 Et

2158 2051 2272 2110 haec
2296 2055 2511 2125 quidem
2532 2072 2748 2131 semper
2774 2062 2961 2119 eadem
2993 2082 3006 2118 :
3037 2067 3175 2122 mala
3205 2083 3332 2124 vero
3360 2085 3574 2143 semper
3603 2075 3750 2133 inso-

2156 2144 2247 2200 lita
2289 2155 2345 2202 et
2385 2163 2542 2204 nova.
2591 2150 2717 2208 Haec
2757 2169 2890 2225 ergo
2929 2156 3147 2215 volebas
3173 2160 3321 2217 illum
3350 2166 3590 2235 quotidie
3615 2169 3749 2224 hau-

2158 2239 2263 2296 rire
2291 2243 2351 2307 ²,
2393 2251 2448 2298 et
2490 2244 2577 2301 hic
2615 2262 2862 2316 manere,
2910 2264 3203 2323 aegrotare,
3256 2256 3472 2330 lugere,
3523 2263 3748 2332 timere,

2157 2342 2420 2402 tremere,
2467 2347 2524 2393 et
2567 2339 2669 2394 aiia
2719 2342 2844 2397 mali
2883 2344 3026 2415 pati,
3067 2346 3171 2403 alia
3210 2347 3542 2408 formidare?
3567 2354 3750 2426 Neque

2152 2425 2297 2519 enim
2314 2427 2497 2519 dicere
2524 2431 2687 2496 ausis,
2721 2435 2959 2504 potuisse
2984 2437 3133 2495 illum
3160 2441 3376 2512 longum
3403 2443 3505 2500 hoc
3534 2425 3748 2519 pelagus

2155 2517 2540 2589 trajicientem,
2571 2525 2892 2582 maeroribus
2930 2529 3478 2606 sollicitudinibus-que
3522 2517 3744 2594 vacuum

2153 2624 2294 2668 esse.
2320 2611 2400 2668 Ad
2429 2613 2544 2671 hare
2569 2620 2839 2689 perpende
2866 2628 2918 2676 te
2944 2637 3049 2678 non
3077 2625 3327 2694 genuisse
3359 2629 3740 2700 immortalem;

2151 2717 2214 2758 ac
2233 2702 2276 2758 si
2308 2719 2413 2760 non
2439 2707 2549 2776 jam
2577 2720 2820 2767 mortuus
2839 2725 3000 2780 esset,
3033 2718 3190 2786 paulo
3216 2728 3398 2789 postea
3429 2725 3742 2780 moriturum

2152 2794 2333 2850 fuisse.
2379 2799 2447 2854 At
2488 2817 2592 2856 non
2619 2805 2842 2862 satiatus
2863 2823 2986 2865 eras
3015 2808 3157 2865 illius
3182 2816 3613 2874 consuetudine?
3638 2817 3741 2876 Sed

2153 2891 2223 2947 ibi
2241 2910 2452 2966 semper
2475 2899 2564 2954 illo
2589 2899 2797 2958 frueris.
2830 2906 2897 2960 At
2930 2907 3092 2963 velles
3121 2907 3205 2964 hic
3235 2910 3404 2982 ipsum
3431 2914 3653 2972 videre?
3679 2917 3743 2974 Et

2149 2985 2274 3054 quid
2320 2990 2502 3044 vetat?
2539 2990 2688 3048 Licet
2732 2995 2825 3051 tibi
2874 2997 3023 3054 illum
3053 3000 3256 3070 videre,
3288 3004 3332 3059 si
3365 3006 3540 3076 sapias
3573 3026 3586 3063 :
3619 3023 3742 3079 spes

2149 3081 2292 3135 enim
2339 3081 2634 3142 futurorum
2684 3087 2800 3157 ipso
2840 3091 2954 3146 visu
2998 3093 3194 3150 clarior
3221 3105 3321 3151 est.
3353 3097 3431 3154 Tu
3463 3115 3588 3155 vero
3613 3103 3657 3156 si
3686 3103 3738 3157 in

2149 3174 2294 3245 regia
2338 3185 2514 3244 esset,
2567 3179 2744 3251 ibique
2791 3181 3042 3256 ﬂoreret,
3093 3202 3198 3242 non
3248 3191 3534 3260 quaesisses
3591 3193 3738 3250 illum

2150 3267 2332 3324 videre
2377 3286 2392 3324 :
2436 3285 2500 3326 ac
2545 3287 2664 3327 cum
2702 3274 2768 3328 ad
2797 3274 2953 3348 longe
2979 3280 3256 3337 meliorem
3284 3292 3484 3340 sortem
3509 3283 3738 3352 abierit,

2149 3368 2366 3430 propter
2395 3376 2614 3433 parvum
2645 3364 2899 3424 absentia:
2931 3377 3138 3442 tempus
3163 3374 3343 3431 animo
3369 3375 3553 3434 delicis
3571 3420 3584 3443 ,
3615 3394 3738 3435 cum

2147 3455 2383 3513 maxime
2423 3467 2726 3516 consortem
2772 3469 2944 3518 tecum
2990 3463 3230 3523 habeas?
3269 3468 3376 3525 Sed
3422 3471 3591 3528 virum
3630 3489 3739 3529 non

2148 3546 2356 3604 habes?
2381 3549 2451 3604 At
2491 3553 2883 3612 consolatorem
2928 3557 3094 3615 habes
3128 3559 3339 3618 Patrem
3374 3563 3738 3636 orphanorum

2149 3648 2203 3695 et
2229 3640 2472 3699 Judicem
2504 3645 2804 3702 viduarum.
2837 3649 2975 3705 Audi
3004 3651 3225 3708 Paulum
3259 3653 3400 3711 hanc
3426 3655 3738 3714 viduitatem

2147 3731 2355 3790 beatam
2386 3735 2770 3806 praedicantem
2795 3781 2812 3806 ,
2853 3757 2916 3797 ac
2942 3742 3208 3800 dicentem
3241 3764 3254 3800 :
3289 3746 3417 3816 Qua
3439 3759 3602 3804 autem
3627 3765 3740 3806 vero

2144 3825 2298 3917 uidua
2326 3837 2465 3884 estet
2491 3830 2722 3886 solitaria
2746 3837 2965 3901 speravit
2992 3837 3043 3892 in
3073 3835 3294 3897 Domino
3317 3843 3395 3912 (1.
3417 3840 3549 3898 Tim.
3581 3844 3635 3900 5.
3656 3844 3736 3917 5).

2147 3915 2358 3973 Etenim
2391 3919 2506 3976 haec
2535 3923 2811 3992 probatior
2836 3927 2954 3991 erit,
2980 3943 3100 3997 quae
3131 3931 3385 4001 majorem
3412 3915 3716 3993 exhibuerit

2146 4011 2473 4080 patientiam.
2513 4013 2628 4069 Noli
2659 4016 2818 4087 igitur
2844 4017 3026 4090 lugere
3052 4021 3119 4076 de
3146 4037 3206 4078 ea
3236 4038 3294 4079 re
3318 4039 3435 4095 qua:
3463 4026 3554 4081 tibi
3583 4041 3739 4084 coro-

2145 4120 2268 4161 nam
2311 4116 2496 4176 parat,
2542 4107 2609 4164 de
2653 4125 2754 4181 qua
2802 4112 3104 4169 mercedem
3150 4117 3407 4186 postulas.
3437 4117 3736 4179 Reddidisti

2143 4197 2286 4251 enim
2331 4197 2671 4268 depositum,
2705 4202 2750 4257 si
2781 4202 2833 4257 id
2859 4205 3000 4274 quod
3033 4205 3124 4262 tibi
3153 4209 3413 4264 creditum
3436 4221 3552 4267 erat
3579 4211 3736 4268 exhi-

2142 4288 2326 4346 buisti.
2351 4289 2429 4346 Ne
2458 4292 2532 4347 sis
2563 4308 2693 4364 ergo
2717 4295 2943 4352 sollicita
2963 4339 2978 4363 ,
3009 4297 3054 4354 si
3088 4297 3138 4353 in
3164 4297 3418 4356 thesauro
3443 4302 3734 4360 inviolabili

2141 4383 2282 4457 quod
2327 4385 2642 4456 possidehas
2681 4387 2993 4458 deposuisti.
3025 4389 3080 4447 Si
3111 4406 3273 4461 porro
3301 4392 3585 4460 didiceris,
3615 4411 3736 4468 qua:

2141 4479 2210 4535 sit
2235 4493 2472 4550 praesens
2495 4479 2596 4534 vita
2621 4523 2636 4547 ,
2654 4496 2774 4552 quae
2803 4481 3014 4549 futura;
3045 4484 3296 4555 quodque
3318 4486 3431 4541 hmo
3451 4487 3520 4542 sit
3538 4502 3733 4545 aranea

2141 4579 2196 4625 et
2213 4571 2418 4638 umbra,
2438 4571 2614 4626 omnia
2635 4587 2760 4628 vero
2785 4589 2904 4644 quae
2929 4574 2980 4629 in
2998 4573 3083 4629 illa
3101 4584 3244 4642 sunt,
3276 4576 3491 4632 immota
3516 4579 3735 4634 immor.

2144 4662 2402 4734 taliaque,
2433 4678 2538 4718 non
2585 4664 2690 4719 alio
2719 4665 2897 4736 egebis
2943 4679 3212 4723 sermone.
3242 4667 3395 4724 Nunc
3422 4671 3562 4725 enim
3591 4672 3735 4728 illius

2143 4763 2262 4809 tuus
2282 4755 2348 4810 ab
2371 4756 2516 4810 omni
2536 4757 2830 4812 mutatione
2846 4766 3060 4828 ereptus
3077 4769 3158 4814 est
3182 4776 3195 4813 :
3219 4759 3262 4815 si
3287 4770 3463 4817 autem
3482 4763 3566 4818 hic
3585 4779 3736 4819 man-

2139 4850 2314 4913 sisset,
2345 4848 2481 4904 forte
2497 4848 2688 4917 bonus,
2704 4851 2839 4908 forte
2863 4851 3033 4906 malus
3056 4853 3259 4909 futurus
3280 4863 3412 4910 erat.
3439 4858 3630 4912 Annon
3655 4860 3734 4914 vi-

2139 4941 2396 5012 des,quot
2423 4941 2666 4997 homines
2689 4942 2824 4998 ﬁlios
2852 4959 2976 4998 suos
3005 4945 3278 5000 abdicaui?
3296 4953 3349 5002 et
3368 4957 3496 5018 quot
3524 4950 3734 5020 pejores

2138 5033 2396 5090 abdicatis
2415 5043 2676 5104 coguntur
2700 5034 2842 5090 domi
2864 5036 3122 5093 retinere?
3144 5039 3266 5096 Haec
3291 5040 3470 5112 itaque
3486 5041 3536 5096 in
3553 5056 3734 5099 mente

2142 5137 2415 5184 versantes
2430 5125 2887 5198 philosopbemur:
2909 5128 2978 5183 ita
2997 5130 3138 5187 enim
3157 5140 3210 5186 et
3225 5131 3474 5188 defuncto
3482 5137 3619 5206 grati
3636 5137 3737 5190 eri-

2140 5233 2278 5285 mus,
2295 5227 2351 5274 et
2375 5218 2514 5286 apud
2532 5218 2774 5275 homines
2790 5221 2971 5276 multis
2989 5220 3230 5278 laudibus
3251 5222 3509 5291 fruemur,
3523 5235 3682 5296 atque
3701 5243 3733 5284 a

2143 5313 2252 5368 Deo
2274 5328 2517 5385 magnam
2541 5313 2808 5382 patientia:
2836 5314 3136 5371 mercedem
3157 5316 3476 5386 referemus,
3494 5329 3730 5375 aeterna-

2138 5419 2242 5474 que
2255 5405 2394 5460 bona
2410 5420 2835 5476 consequemur;
2861 5423 2981 5478 quas
3012 5418 3212 5464 utinam
3235 5423 3332 5466 nos
3359 5425 3548 5468 omnes
3570 5413 3734 5485 adipi-

2139 5511 2366 5562 scamur,
2393 5499 2558 5569 gratia
2581 5507 2636 5554 et
2661 5498 2988 5571 benignitate
3017 5500 3226 5559 Domini
3243 5505 3410 5560 nostri
3423 5505 3551 5562 Jesn
3571 5505 3735 5562 Chri-

2137 5590 2227 5656 sti,
2241 5590 2325 5644 cui
2342 5590 2508 5661 gloria
2521 5599 2577 5646 et
2595 5591 2957 5663 imperium,in
2971 5594 3164 5651 secula
3181 5595 3518 5653 saeculorum.
3535 5598 3705 5654 Amen

2139 5692 2219 5817 Iug
2245 5689 2367 5799 lipr.
2396 5691 2542 5751 Ben.,
2559 5696 2762 5755 tuncque
2784 5693 2946 5743 omnia
2967 5708 3074 5745 cum
3117 5708 3306 5762 majore
3331 5694 3488 5760 gloria
3511 5695 3720 5760 arripiet

2199 5764 2275 5802 tua
2311 5765 2420 5802 uua.

2199 5764 2275 5802 ωε
2293 5764 2403 5802 tuus
2411 5791 2420 5799 .

2203 5825 2226 5858 ³
2257 5821 2364 5884 alii,
2387 5821 2571 5876 videre.
