4118 6450
1358 414 1424 471 IN
1462 412 1869 471 MAT’I’IUEUM
1909 414 2138 472 llOMlL.
2180 416 2395 475 XXXII.
2439 423 2511 478 al.
2552 424 2787 485 XXXIII.

1168 554 2773 584 __..______.._____..____________

3659 449 3760 505 578

2775 571 3750 606 ....._.________________________

1582 626 1930 690 HOMILIA
1975 627 2253 691 XXXII.
2300 631 2386 694 aI.
2433 634 2730 703 XXXIII.

468 778 598 837 Car.
647 780 701 836 9.
748 794 801 832 ν.
840 777 933 834 27.
977 775 1046 832 Et
1099 777 1448 847 proﬁciscente
1490 775 1610 831 inde
1663 773 1824 841 Iesu,
1867 772 2061 843 sequuti

2170 772 2256 830 hic
2294 776 2424 835 fecit
2470 798 2484 835 :
2524 787 2727 844 sciebat
2764 793 2905 848 enim
2950 809 3156 857 secreta
3187 803 3366 861 cordis
3393 821 3579 864 eorum
3607 821 3759 869 anto-

543 880 662 927 sunt
703 887 812 924 eum
841 870 943 923 duo
973 870 1088 925 ειεθὶ
1107 908 1125 935 ,
1153 868 1429 969 clamantes
1457 875 1503 921 et
1529 866 1745 968 dicentes
1775 880 1794 918 :
1822 863 2064 918 Miserere
2166 884 2324 941 quam
2346 873 2444 944 ipsi
2471 876 2831 950 loquerentur;
2857 895 2913 941 ut
2937 898 3113 945 autem
3138 893 3273 949 alios
3299 903 3510 969 qunque
3526 863 3593 957 at]
3611 863 3756 960 ξιιέῶ

544 961 721 1029 nostri,
744 960 823 1029 ﬁli
846 958 1033 1012 David.
1057 958 1147 1013 28.
1178 956 1246 1012 Et
1269 974 1383 1011 cum
1404 957 1617 1011 uenisset
1639 956 1691 1009 in
1721 956 1947 1021 domum,
1971 970 2059 1007 ac-

540 1061 791 1109 cesserunt
810 1051 879 1104 ad
906 1068 1019 1105 eum
1041 1050 1141 1103 duo
1158 1049 1279 1104 caci
1306 1063 1324 1104 :
1349 1056 1395 1102 et
1420 1047 1542 1101 dicit
1563 1048 1634 1102 eis
1656 1045 1806 1101 Iesus
1836 1061 1855 1100 :
1880 1044 2059 1100 Credi-

544 1147 606 1201 tis
647 1145 767 1214 quia
793 1145 887 1199 hac
913 1160 1114 1213 possum
1151 1141 1356 1213 facere?
1386 1140 1566 1195 Dicunt
1594 1141 1639 1193 ei
1659 1181 1672 1203 ,
1705 1138 1915 1210 Utique,
1953 1138 2061 1192 Do-

541 1240 696 1294 mine.
731 1236 822 1293 29.
867 1235 1008 1290 Tunc
1046 1235 1204 1305 tetigit
1232 1233 1405 1289 oculos
1430 1248 1600 1286 eorum
1627 1232 1833 1295 dicens,
1865 1231 2058 1287 Secun-

542 1332 665 1385 dum
686 1329 838 1399 ﬁdem
858 1337 1071 1383 vestram
1098 1326 1188 1397 ﬁat
1214 1325 1370 1380 nobis.
1397 1325 1485 1382 50.
1513 1322 1583 1378 Et
1603 1324 1763 1394 aperti
1783 1334 1900 1378 sunt
1923 1325 2058 1379 oculi

542 1439 737 1477 eorum.

544 1515 598 1570 ἰ.
647 1512 756 1569 Cur
796 1511 915 1567 illos
952 1511 1245 1568 clamantes
1271 1507 1574 1579 protrahit?
1605 1508 1699 1562 llic
1720 1524 1926 1565 rursum
1962 1524 2060 1564 nos

470 1607 697 1664 instituit
723 1605 789 1661 ad
818 1620 1006 1660 ranam
1030 1605 1255 1676 gloriam
1283 1602 1605 1673 fugiendam.
1634 1603 1766 1670 Quia
1788 1604 1929 1657 enim
1957 1604 2056 1657 do-

471 1716 591 1759 mus
617 1717 647 1757 e
674 1701 848 1755 vicino
872 1707 1008 1764 erat,
1030 1698 1155 1753 illuc
1184 1698 1334 1753 duxit
1364 1707 1549 1762 cos,ut
1567 1696 1790 1751 seorsim
1822 1706 2052 1750 sanaret.

470 1795 633 1866 quue
678 1794 854 1864 palam
897 1801 981 1849 est
1023 1807 1090 1848 ex
1126 1807 1193 1847 eo
1220 1789 1360 1861 quod
1393 1790 1707 1861 praeceperit
1730 1832 1744 1856 ,
1774 1799 1829 1844 ut
1858 1791 2054 1845 nemini

465 1887 729 1943 dicerent.
775 1884 959 1955 Neque
998 1899 1186 1957 parum
1220 1882 1389 1939 Judaei
1422 1881 1544 1937 inde
1572 1881 1882 1950 culpantur,
1915 1882 2054 1952 quod

465 1979 521 2035 bi
543 2022 558 2047 ,
586 1980 778 2051 quibus
797 1977 977 2033 nullus
999 1977 1276 2033 oculorum
1306 1991 1434 2032 usus
1463 1985 1577 2032 erat
1599 2018 1614 2042 ,
1643 1992 1707 2030 ex
1735 1975 1916 2031 auditu
1938 1978 2056 2032 solo

466 2071 628 2127 ﬁdem
668 2070 898 2141 amplexi
925 2070 1037 2124 sint
1064 2087 1080 2124 :
1112 2068 1186 2123 illi
1209 2078 1385 2123 autem
1410 2068 1663 2123 miracula
1693 2068 1930 2124 videntes
1949 2110 1965 2134 ,
1993 2084 2057 2125 ac

468 2174 633 2218 testes
680 2162 939 2218 habentes
983 2161 1128 2233 ipsos
1170 2160 1359 2216 oculos
1379 2203 1393 2228 ,
1424 2169 1609 2216 contra
1638 2176 1797 2230 quam
1823 2161 1949 2216 czeci
1980 2160 2057 2215 fa-

464 2255 628 2310 ciant.
656 2252 791 2308 Vide
821 2263 998 2307 autem
1041 2252 1252 2307 illorum
1290 2251 1452 2306 animi
1480 2251 1727 2307 ardorem
1757 2259 1867 2306 tum
1892 2266 1922 2307 a
1947 2251 2057 2307 cla-

466 2363 616 2403 more
639 2388 655 2412 ,
696 2354 804 2402 tum
834 2346 903 2402 ab
937 2346 1048 2417 ipsa
1077 2345 1324 2416 precandi
1354 2344 1577 2400 ratione.
1606 2344 1723 2400 Non
1749 2345 1890 2400 enim
1920 2344 2053 2401 sim-

466 2443 674 2515 pliciter
710 2449 1085 2507 accesserunt;
1123 2440 1216 2496 sed
1247 2455 1433 2509 magna
1462 2454 1591 2495 voce
1614 2439 1905 2495 clamantes
1924 2480 1941 2507 ,
1974 2439 2056 2494 ni-

466 2535 540 2589 hil
577 2534 721 2590 aliud
760 2549 919 2605 quam
971 2531 1212 2587 Miserere
1251 2531 1604 2602 profcrentes.
1647 2531 1841 2587 Filium
1872 2541 2053 2589 autem

464 2628 678 2684 Davidis
722 2627 1099 2700 appellabant,
1144 2625 1265 2697 quia
1293 2623 1647 2681 honoriﬁcum
1678 2642 1871 2682 nomen
1904 2626 2054 2683 vide-

462 2719 621 2776 batur
646 2735 788 2777 esse.
822 2720 978 2791 Smpe
1008 2734 1235 2791 namque
1261 2719 1534 2790 prophetas
1560 2734 1714 2791 reges
1735 2720 1893 2787 illos,
1919 2735 2053 2792 quos

463 2813 729 2871 honorare
777 2829 1106 2886 magnosque
1131 2813 1425 2884 prmdicare
1453 2812 1704 2869 volebant
1721 2855 1738 2881 ,
1765 2813 1845 2869 sic
1871 2815 2054 2885 appet.

464 2906 646 2962 labant
692 2906 902 2979 (Ezech.
945 2907 1034 2962 54.
1082 2906 1174 2962 23.
1225 2904 1386 2960 Zach.
1434 2906 1522 2960 I2.
1551 2904 1628 2975 8).
1660 2907 1886 2963 Domum
1919 2920 2050 2962 vero

462 3001 741 3068 adductos,
768 3001 1002 3057 secundo
1023 3002 1334 3071 interrogat.
1367 2997 1434 3054 Ut
1456 2999 1740 3069 plurimum
1767 2999 1910 3054 enim
1934 3007 2051 3055 stu-

462 3095 623 3151 debat
665 3094 1026 3166 supplicantes
1052 3109 1275 3162 sanare,
1303 3109 1370 3150 ne
1399 3093 1520 3165 quis
1547 3102 1760 3165 putaret
1780 3096 1953 3165 ipsum
1980 3094 2049 3151 ad

462 3189 715 3245 miracula
743 3188 1003 3257 patranda
1028 3204 1124 3259 per
1151 3188 1560 3244 ostentationem
1592 3188 1800 3244 insilire
1829 3207 1843 3241 :
1877 3205 2050 3260 neque

462 3297 525 3338 ea
565 3281 738 3336 solum
781 3280 850 3337 de
891 3294 1087 3346 causa,
1131 3280 1226 3334 sed
1249 3280 1408 3335 etiam
1442 3289 1500 3335 ut
1523 3279 1832 3335 ostenderet
1859 3278 2049 3350 dignos

461 3374 581 3429 illos
625 3389 745 3428 esse
783 3374 872 3443 qui
912 3381 1266 3439 curarentur;
1308 3381 1362 3427 et
1396 3386 1464 3428 ne
1490 3374 1612 3440 quis
1639 3371 1950 3438 diceret,‘si
1981 3387 2047 3426 ex

460 3466 827 3523 misericordia
876 3475 1077 3521 tantum
1126 3463 1381 3528 sanabat,
1419 3464 1721 3533 oportuisse
1747 3476 1934 3517 omnes
1962 3476 2049 3516 sa-

462 3576 630 3615 nare:
667 3560 825 3613 habet
865 3560 1006 3614 enim
1049 3557 1417 3612 misericordia
1460 3555 1743 3627 quamdam
1782 3556 2047 3610 rationem

458 3670 528 3708 ex
576 3652 678 3707 ﬁde
714 3652 1006 3723 rogantium
1038 3651 1271 3719 petitam.
1300 3649 1482 3720 Neque
1509 3649 1628 3704 ideo
1658 3656 1860 3702 tantum
1886 3648 2045 3704 ﬁdem

458 3746 528 3801 ab
552 3745 657 3800 illis
684 3744 881 3814 exigit;
909 3742 1002 3799 scd
1032 3744 1152 3813 quia
1176 3743 1454 3810 dixerant,
1482 3740 1589 3796 Fili
1610 3740 1781 3795 David
1800 3782 1814 3807 ,
1842 3749 1902 3795 ut
1927 3740 2048 3796 illos

459 3839 524 3894 ad
551 3839 676 3910 quid
701 3838 978 3893 sublimius
1000 3839 1258 3908 erigeret,
1286 3845 1339 3892 et
1364 3836 1583 3891 doceret
1611 3836 1736 3906 quid
1758 3836 1826 3890 de
1846 3850 1905 3891 se
1930 3835 2046 3889 exi-

459 3933 784 3988 stimandum
815 3943 990 3998 esset,
1015 3931 1359 4001 interrogavit
1392 3949 1407 3985 :
1439 3930 1651 3985 Creditis
1673 3929 1793 4000 quia
1815 3930 1912 3983 hoc
1930 3945 2047 3999 pos-

458 4046 569 4085 sum
613 4025 819 4098 facere?
844 4024 957 4080 Non
986 4023 1159 4089 dixit,
1193 4024 1423 4079 Creditis
1449 4022 1588 4093 quod
1625 4023 1823 4090 possim
1857 4036 2046 4092 rogare

461 4122 670 4177 Patrem
695 4136 870 4175 meum
888 4162 902 4184 ,
935 4117 1016 4175 vel
1043 4159 1056 4182 ,
1081 4116 1231 4185 Quod
1261 4117 1456 4186 possim
1483 4115 1689 4184 precari
1713 4131 1728 4179 ;
1761 4114 1876 4180 sed,
1898 4114 2047 4179 Quod

457 4231 559 4284 ego
597 4216 783 4285 possim
829 4213 923 4266 hoc
964 4211 1148 4281 facere.
1181 4209 1317 4276 Quid
1347 4220 1524 4263 autem
1551 4207 1670 4262 illi?
1701 4206 1915 4276 Utique,
1944 4207 2048 4262 Do-

459 4310 610 4363 mine.
651 4306 766 4362 Non
788 4305 897 4376 jam
929 4304 1074 4360 illum
1107 4303 1269 4358 filium
1301 4301 1467 4356 David
1491 4309 1711 4365 vocant,
1740 4299 1833 4354 sed
1861 4299 1929 4354 ad
1959 4314 2048 4354 su-

457 4400 702 4456 blimiora
745 4398 963 4464 volant,
1003 4404 1058 4451 et
1097 4394 1376 4450 Dominum
1419 4392 1564 4447 illum
1591 4391 1934 4447 conﬁtentur.
1968 4391 2048 4447 Ac

458 4502 587 4549 tunc
624 4491 841 4547 demum
892 4504 1106 4544 manum
1138 4486 1389 4557 imposuit
1413 4485 1625 4552 dicens,
1655 4485 1947 4541 Secundum
1976 4487 2045 4553 ﬁ—

459 4585 572 4640 dem
615 4593 831 4638 vestram
858 4583 947 4651 ﬁat
971 4579 1124 4635 vobis.
1157 4579 1212 4635 Id
1235 4595 1361 4634 vero
1388 4578 1550 4645 facit,
1584 4586 1643 4632 ut
1672 4576 1828 4631 ﬁdem
1856 4592 2044 4632 eorum

458 4676 773 4739 Conﬁrmet,
825 4672 1179 4742 ostendatque
1226 4672 1370 4740 ipsos
1418 4672 1469 4725 in
1517 4680 1722 4739 portent
1757 4670 1935 4739 operis
1957 4687 2045 4723 ve-

459 4768 604 4823 nisse
632 4809 648 4833 ,
697 4780 760 4819 ac
809 4765 1143 4831 testificetur,
1193 4778 1298 4817 non
1351 4760 1671 4816 adulationis
1723 4759 1837 4815 haee
1883 4760 2044 4815 verba

456 4861 640 4914 fuisse.
689 4857 873 4928 Neque
917 4856 1060 4911 enim
1107 4853 1267 4922 dixit,
1306 4852 1627 4923 Aperiantur
1678 4852 1814 4908 oeuli
1839 4852 2043 4920 vestri;

455 4953 573 5020 sed,
603 4950 894 5009 Secundum
919 4950 1072 5019 ﬁdem
1094 4955 1307 5003 vestram
1324 4945 1576 5016 ﬁeLvobis
1603 4961 1623 5000 :
1642 4945 1700 5001 id.
1714 4945 1855 5017 quod
1881 4945 2042 5001 etiam

459 5048 643 5104 multis
687 5044 1066 5102 accedentibus
1109 5042 1269 5105 dicit,
1299 5050 1423 5096 ante
1450 5040 1691 5111 corporis
1712 5040 2042 5095 curationem

457 5140 618 5196 ﬁdem
647 5139 700 5193 in
727 5137 920 5192 animis
948 5143 1185 5192 statuere
1209 5135 1394 5189 volens
1416 5174 1433 5200 ,
1465 5143 1522 5188 ut
1549 5142 1605 5188 et
1632 5133 1752 5187 illos
1776 5131 2044 5188 celebrio-

455 5247 576 5296 res,
620 5239 677 5285 et
715 5229 850 5285 alios
884 5226 1241 5282 studiosiores.
1269 5225 1536 5282 redderet.
1566 5225 1640 5279 Ita
1669 5234 1722 5280 et
1752 5225 1804 5279 in
1829 5222 2043 5294 paraly-

456 5325 562 5379 tico
606 5320 732 5378 facit
779 5339 792 5375 :
838 5328 1121 5389 antequam
1163 5332 1359 5388 corpus
1404 5317 1676 5383 ﬁrmaret,
1708 5317 1939 5370 animam
1962 5316 2043 5384 ja-

451 5427 663 5475 centem
714 5414 875 5486 erigit
913 5412 1099 5468 dicens
1130 5431 1143 5467 :
1176 5410 1419 5480 Conﬁde,
1460 5410 1572 5479 ﬁli,
1608 5409 1933 5464 remittuntur
1956 5408 2045 5464 tibi

456 5518 664 5579 peccata
697 5516 820 5572 tua,
854 5504 1083 5574 puellam
1113 5519 1237 5558 vero
1274 5503 1341 5556 ab
1366 5516 1423 5557 se
1452 5502 1820 5556 resnscitatam
1847 5514 2042 5569 appre-

457 5601 645 5655 bendit
666 5642 682 5665 ,
704 5608 759 5655 et
783 5614 878 5669 per
900 5598 1076 5654 cibum
1102 5595 1283 5651 docuit
1302 5594 1422 5663 quis
1449 5594 1546 5662 ipsi
1574 5593 1887 5648 beneﬁcium
1908 5606 2032 5646 con-

454 5692 696 5753 tulisset,
726 5691 779 5745 in
807 5688 1123 5745 centurione
1150 5686 1395 5741 similiter
1418 5684 1546 5741 fecit
1565 5726 1579 5751 ,
1613 5684 1734 5741 fidei
1765 5693 1934 5738 totum
1957 5693 2041 5740 at-

454 5782 738 5848 tribuens;
769 5797 889 5838 cum
919 5792 1098 5837 autem
1119 5778 1408 5848 discipulos
1435 5793 1500 5833 ex
1531 5777 1694 5832 maris
1725 5784 2043 5847 tempestate

454 5880 635 5947 eruit,
657 5877 829 5949 primo
856 5876 989 5933 illos
1006 5890 1073 5932 ex
1112 5873 1234 5933 ﬁdei
1264 5872 1571 5932 inﬁrmitate
1596 5871 1854 5929 liberavit.
1892 5870 1968 5930 ita
1987 5881 2041 5929 ct

2164 966 2398 1062 studium
2438 969 2782 1042 incenderet,
2826 978 2955 1048 ipsis
3002 982 3099 1038 bos
3123 966 3442 1057 conspicuos
3468 994 3671 1062 reddit,
3703 998 3755 1052 in

2167 1057 2273 1115 ﬁne
2294 1062 2585 1119 curationis
2614 1068 2875 1125 occultam
2907 1072 3062 1129 ﬁdem
3095 1077 3304 1135 illorum
3329 1085 3646 1153 pra‘dicans.

2237 1152 2488 1210 Ilodestia
2507 1156 2962 1230 Christi;jactantia
2975 1152 3519 1240 fugienda.—~I)einde
3538 1190 3659 1250 post
3674 1182 3754 1238 fa-

2165 1253 2305 1300 ctam
2326 1250 2659 1307 curationem
2691 1257 2950 1325 przccipit,
2976 1271 3035 1314 ut
3062 1266 3258 1320 nemini
3282 1267 3482 1336 dicant,
3503 1287 3603 1330 nec
3622 1275 3755 1329 sim-

2164 1339 2372 1406 pliciter
2392 1344 2650 1413 przeeipit,
2671 1346 2764 1402 sed
2789 1348 3257 1412 vehementissime
3280 1368 3422 1415 vetat
3439 1380 3453 1414 :
3472 1376 3597 1418 nam
3615 1366 3757 1420 Acri-
3836 1389 3858 1407 -

2162 1441 2236 1486 ter
2255 1434 2360 1488 illis
2370 1436 2840 1509 .interminatusest,
2859 1443 3053 1516 inquit,
3068 1446 3243 1518 Iesus,
3262 1451 3461 1509 dicens:
3477 1455 3674 1521 Cauete,
3693 1477 3757 1516 ne

2160 1526 2274 1596 quis
2288 1528 2434 1581 sciat.
2454 1529 2543 1584 31.
2564 1528 2657 1586 Illi
2671 1549 2784 1587 vero
2801 1537 3004 1606 egressi,
3026 1541 3427 1609 praedicaverunt
3441 1564 3556 1603 eum
3583 1551 3636 1604 in
3649 1561 3754 1606 tota

2165 1624 2300 1671 terra
2338 1618 2450 1672 illa.
2490 1619 2607 1676 Non
2638 1636 2698 1678 se
2725 1627 3004 1683 continere
3033 1629 3108 1685 illi
3141 1642 3444 1702 potuerunt,
3478 1639 3575 1694 sed
3598 1640 3752 1700 fuere

2163 1722 2439 1801 praecones
2467 1720 2519 1766 et
2540 1715 2882 1785 evangelista:
2905 1759 2920 1784 ,
2948 1718 3192 1792 jussique
3223 1734 3402 1783 tacere
3429 1729 3480 1784 id
3508 1731 3652 1801 quod
3675 1732 3755 1788 fa-

2161 1807 2304 1854 ctum
2352 1800 2558 1870 fuerat,
2607 1807 2831 1879 obsequi
2873 1825 2979 1865 non
3026 1825 3336 1883 potuerunt.
3378 1800 3597 1887 Quodsi
3626 1827 3753 1882 alibi

2160 1890 2341 1962 dicat,
2382 1893 2550 1963 Vade,
2600 1908 2649 1952 et
2682 1915 2839 1955 narra
2878 1902 3096 1973 gloriam
3142 1905 3273 1978 Dei,
3309 1910 3436 1966 illud
3460 1915 3570 1984 jam
3597 1916 3754 1973 dictis

2160 1998 2267 2039 non
2288 1997 2580 2058 repugnat,
2603 1988 2710 2046 imo
2733 1991 2839 2048 illis
2864 1993 3155 2053 admodum
3184 2012 3462 2059 consonat.
3494 2006 3585 2063 llis
3609 2010 3752 2064 enim

2162 2089 2261 2131 nos
2313 2076 2576 2148 instituit,
2632 2091 2690 2138 ut
2740 2100 2810 2141 ne
2863 2089 3217 2159 prmdicemus
3270 2111 3369 2150 nos
3419 2098 3596 2168 ipsos,
3645 2102 3754 2156 imo

2159 2187 2506 2267 coerceamus
2526 2190 2620 2233 eos
2642 2180 2734 2249 qui
2760 2195 2859 2237 nos
2884 2182 3161 2242 celebrare
3185 2188 3385 2245 vellent
3410 2209 3423 2245 :
3452 2192 3497 2247 si
3527 2208 3655 2249 vero
3685 2196 3752 2250 ad

2162 2263 2330 2324 Deum
2374 2263 2544 2342 gloria
2569 2275 2867 2348 referatur,
2898 2295 3005 2335 non
3034 2282 3195 2338 modo
3222 2298 3327 2339 non
3360 2286 3715 2356 impediamus
3734 2333 3748 2358 ,

2159 2361 2269 2417 imo
2290 2363 2342 2418 id
2371 2378 2533 2435 agere
2550 2367 2670 2423 aliis
2694 2370 3084 2442 praecipiamus.
3115 2374 3203 2430 32.
3235 2374 3377 2446 Ipsis
3405 2388 3572 2433 autem
3588 2396 3752 2451 egres-

2157 2459 2248 2521 sis,
2272 2461 2562 2517 obtulerunt
2590 2462 2637 2517 ei
2675 2464 2930 2520 hominem
2976 2475 3193 2532 mutum,
3227 2466 3533 2524 damtonium
3566 2471 3752 2527 haben.

2157 2560 2275 2606 tem.
2316 2551 2432 2608 Non
2479 2555 2624 2610 enim
2650 2556 2868 2612 morbus
2907 2572 2975 2613 ex
3002 2566 3191 2615 natura
3236 2561 3538 2631 prodierat,
3562 2564 3656 2620 sed
3685 2580 3748 2620 ex

2157 2644 2418 2702 dmmonis
2449 2646 2675 2704 insidiis.
2704 2649 3042 2722 Quapropter
3065 2653 3185 2709 aliis
3212 2657 3299 2726 qui
3326 2657 3499 2726 ipsum
3521 2657 3753 2714 adduce-

2157 2747 2279 2792 rent
2322 2754 2456 2809 opus
2493 2739 2699 2797 habuit.
2745 2741 2929 2815 Neque
2955 2745 3099 2799 enim
3143 2747 3259 2818 ipse
3282 2763 3472 2819 rogare
3500 2758 3745 2819 poterat,

2158 2841 2336 2888 mutus
2382 2849 2504 2890 cum
2547 2844 2730 2904 esset,
2782 2853 2958 2909 neque
2984 2838 3104 2895 aliis
3132 2842 3464 2912 supplicare,
3492 2845 3742 2900 cum'dac-

2156 2938 2280 2977 mon
2308 2923 2539 2995 linguam
2565 2927 2681 2997 ejus
2709 2927 2979 3001 alligasset
3001 2973 3016 2996 ,
3048 2932 3389 3005 animamque
3413 2951 3534 2990 cum
3572 2937 3749 3008 lingua

2156 3017 2434 3075 vinxisset.
2468 3019 2699 3092 Ideoque
2728 3022 2872 3077 illius
2898 3023 3057 3079 ﬁdem
3090 3040 3194 3080 non
3223 3028 3419 3097 exigit,
3448 3029 3542 3084 sed
3570 3031 3749 3084 statim

2156 3110 2401 3167 morbum
2440 3121 2611 3168 curat.
2635 3115 2727 3169 '55.
2755 3114 2937 3186 Ejecto
2962 3125 3129 3171 autem
3149 3118 3379 3173 dwmone
3399 3161 3412 3185 ,
3443 3120 3649 3190 inquit,
3675 3122 3750 3175 lo-

2152 3214 2337 3276 quutus
2356 3214 2428 3260 est
2454 3216 2642 3261 mutus.
2665 3206 2854 3265 Turbae
2876 3219 3045 3265 autem
3071 3213 3338 3267 adurit—atas
3358 3222 3475 3266 sunt
3500 3214 3748 3268 dicentes:

2156 3295 2449 3366 Numquam
2491 3302 2651 3354 visum
2688 3310 2762 3355 est
2787 3302 2950 3356 simile
2966 3304 3021 3357 in
3048 3303 3233 3359 Israel.
3267 3303 3321 3358 Id
3347 3306 3488 3375 quod
3515 3307 3747 3363 maxime

2154 3390 2451 3447 l’barismos
2477 3392 2789 3460 mordebat,
2811 3396 2954 3466 quod
2981 3397 3153 3466 ipsum
3187 3397 3436 3452 omnibus
3455 3406 3747 3468 antepone-

2153 3492 2311 3551 rent,
2359 3500 2465 3540 non
2500 3487 2635 3542 viris
2661 3488 2833 3543 solum
2852 3529 2866 3553 ,
2896 3487 2990 3543 sed
3021 3490 3181 3544 etiam
3205 3490 3294 3559 qui
3321 3498 3446 3546 ante
3477 3491 3701 3545 fuissent
3730 3510 3745 3544 :

2151 3578 2547 3647 anteponebant
2568 3594 2720 3645 vero,
2753 3596 2859 3636 non
2886 3581 3026 3652 quod
3055 3590 3269 3639 curaret
3291 3583 3471 3649 modo,
3493 3584 3587 3639 sed
3606 3585 3745 3655 quod

2151 3668 2345 3738 facile,
2394 3673 2531 3740 cito,
2580 3673 2999 3746 innumerasque
3032 3675 3376 3746 aegritudines
3401 3678 3745 3734 insanabiles.

2152 3762 2242 3818 Sic
2262 3764 2474 3835 quidem
2504 3767 2750 3837 populus.

2221 3857 2277 3913 2.
2311 3857 2460 3914 Nihil
2480 3858 2679 3937 Christo
2708 3871 2755 3916 et
2784 3861 3004 3917 dtemoni
3041 3877 3306 3916 commune
3342 3861 3498 3931 fuisse
3531 3862 3745 3916 άίηιοη-

2150 3962 2360 4009 stratur.
2391 3953 2667 4007 Maledicta
2689 3970 2792 4007 non
2831 3954 3143 4021 maledictis,
3182 3953 3272 4007 sed
3304 3953 3556 4021 beneﬁciis
3590 3953 3743 4024 refel-

2151 4047 2321 4101 lenda.
2355 4075 2427 4086 —
2452 4046 2709 4101 Pharisaei
2758 4056 2945 4101 contra
2995 4059 3101 4101 non
3160 4045 3321 4101 modo
3363 4044 3498 4101 facta
3540 4044 3742 4100 calum-

2151 4140 2384 4206 niantur,
2440 4137 2534 4194 sed
2564 4138 2665 4193 sibi
2716 4138 2845 4208 ipsis
2867 4138 3135 4193 contraria
3169 4136 3407 4192 dicentes
3430 4178 3446 4200 ,
3481 4152 3586 4189 non
3616 4151 3747 4190 eruc

2152 4233 2391 4288 bescunt.
2426 4230 2736 4302 Huiusmodi
2774 4240 2858 4285 est
2901 4230 3154 4300 nequitia.
3188 4228 3325 4299 Quid
3351 4230 3493 4285 enim
3523 4230 3748 4285 dicunt?

2150 4323 2325 4378 54.111
2356 4324 2583 4396 principe
2610 4323 2977 4377 dtemoniorum
3001 4322 3136 4393 ejicit
3164 4321 3435 4377 dtumonia.
3467 4322 3584 4391 Quo
3617 4321 3743 4393 quid

2150 4419 2406 4474 stultius?
2425 4416 2579 4484 Nam,
2614 4428 2669 4471 ut
2703 4428 2884 4487 postea
2906 4416 3055 4484 dicit,
3085 4431 3190 4472 non
3213 4425 3387 4487 potest.
3412 4416 3621 4471 dmmon
3649 4414 3744 4485 eji-

2150 4526 2275 4569 cere
2295 4511 2590 4567 dremonem
2611 4509 2801 4583 (Marc.
2834 4511 2885 4566 5.
2921 4508 3015 4582 2'5)
3033 4527 3044 4561 :
3062 4525 3183 4564 nam
3203 4509 3293 4565 ille
3306 4524 3399 4565 sua
3425 4524 3744 4565 conservare

2147 4616 2207 4660 et
2232 4605 2443 4660 ﬁrmare
2474 4605 2632 4671 solet,
2668 4620 2774 4660 non
2825 4603 3125 4659 destruere.
3157 4602 3274 4675 Ipse
3300 4617 3427 4657 vero
3450 4618 3553 4657 non
3583 4601 3751 4655 modo

2149 4696 2424 4751 daemonas
2475 4695 2740 4766 ejiciebat,
2787 4695 2881 4750 sed
2910 4695 3096 4750 ‘etiam
3138 4694 3379 4765 leprosos
3428 4692 3739 4754 mandabat,

2149 4800 2389 4847 mortuos
2409 4789 2720 4856 suscitabat,
2765 4803 2915 4843 mare
2945 4786 3211 4852 frenabat,
3261 4794 3475 4855 peccata
3505 4784 3741 4839 dimitte-

2150 4885 2257 4949 bat,
2307 4898 2529 4956 regnum
2580 4880 2921 4953 pra:dicabat,
2955 4879 3021 4935 ad
3072 4879 3284 4935 Patrem
3327 4879 3741 4935 adducebat:id

2149 4977 2292 5048 quod
2320 4991 2607 5047 numquam
2647 4975 2855 5030 daemon
2910 4971 3088 5028 facere
3137 4972 3287 5035 velit,
3337 4988 3509 5043 neque
3551 4975 3736 5044 possit.

2147 5072 2279 5128 Nam
2331 5073 2604 5128 dtemones
2640 5066 2704 5121 ad
2735 5066 2871 5121 idola
2921 5064 3210 5131 adducunt,
3243 5080 3274 5120 a
3306 5065 3416 5120 Deo
3454 5074 3701 5122 avertunt
3723 5109 3738 5133 ,

2149 5165 2479 5234 suadentque
2514 5176 2582 5216 ne
2612 5159 2802 5214 futura:
2832 5158 2953 5212 vitae
2979 5156 3249 5212 credatur.
3285 5158 3504 5215 Daemon
3555 5168 3742 5213 contu-

2148 5256 2304 5311 melia
2332 5253 2553 5310 allectus
2583 5266 2686 5306 non
2732 5248 3049 5305 beneﬁcium
3101 5258 3337 5318 prmstat,
3377 5250 3483 5303 imo
3522 5265 3595 5304 ne
3621 5252 3742 5319 qni-

2148 5350 2269 5406 dem
2298 5347 2519 5402 affectus
2548 5344 2738 5414 injuria
2763 5352 2917 5398 nocet
2939 5342 3004 5395 iis
3026 5343 3113 5413 qui
3158 5342 3328 5411 ipsum
3360 5342 3540 5397 colunt
3567 5352 3620 5396 et
3643 5342 3742 5396 ho—

2150 5450 2357 5498 norant.
2395 5439 2489 5494 Ille
2517 5445 2723 5499 contra,
2755 5444 2873 5505 pust
2904 5442 2981 5489 tot
3009 5435 3230 5505 injurias
3257 5445 3309 5490 et
3349 5437 3701 5490 contumelias
3728 5479 3741 5497 ,

2148 5537 2235 5594 35.
2269 5533 2522 5591 Circuibat
2566 5529 2711 5585 urbes
2740 5544 2911 5583 omnes
2936 5538 2982 5582 et
3007 5528 3160 5595 vicos,
3193 5528 3378 5581 docens
3398 5527 3449 5580 in
3470 5527 3746 5598 synagogis

2148 5647 2342 5686 eorum.
2379 5638 2423 5682 et
2450 5624 2732 5697 prwdicans
2758 5622 3069 5694 evangelium
3109 5620 3270 5691 regni,
3302 5634 3487 5673 curans
3540 5634 3741 5673 omnem

2148 5725 2370 5780 morbum
2392 5735 2435 5775 et
2464 5737 2659 5774 onmem
2688 5718 3032 5788 inﬁrmitatem
3061 5716 3101 5768 ⁸.
3134 5713 3243 5769 Nec
3280 5712 3440 5768 modo
3480 5712 3599 5768 illos
3629 5726 3734 5765 non

2214 5886 2228 5915 ί
2266 5888 2372 5931 Post
2390 5880 2609 5935 verbum,
2632 5873 2981 5939 inﬁrmitatem,
3003 5869 3201 5936 qm'dsm
3219 5870 3419 5933 addunt,
3436 5872 3486 5926 in
3509 5875 3733 5940 papula...
