4118 6460
410 410 515 469 5ἷ9

410 621 870 678 mansuetudinem
901 632 1051 673 suam
1081 614 1391 681 ostendens,
1419 624 1469 671 et
1510 612 1648 670 hanc
1679 613 2003 668 calumniam

408 714 693 771 confutnns
736 714 1107 783 :insuperque
1155 726 1251 781 per
1296 710 1572 781 sequentia
1617 709 1766 779 signa
1818 707 2005 763 volens

412 805 563 876 plura
594 803 835 873 prasbere
883 813 1223 874 argumenta,
1252 815 1318 857 ac
1344 800 1540 856 deinde
1562 800 1736 855 verbis
1757 812 2001 869 arguere.

409 896 683 952 Circuibat
706 894 887 966 itaque
906 903 961 949 et
992 910 1088 964 per
1107 893 1375 953 civitates.
1408 900 1461 946 et
1489 906 1584 962 per
1610 890 1776 953 vicos,
1806 904 2005 961 perque

409 1001 707 1059 synagogas
760 1002 947 1042 eorum
979 1003 996 1042 :
1023 986 1225 1041 docens
1270 999 1389 1050 nos,
1435 985 1513 1038 sic
1571 982 1849 1038 maledicta
1897 995 2002 1036 non

411 1079 713 1135 maledictis
734 1120 749 1144 ,
777 1081 872 1135 sed
917 1078 1190 1134 beneﬁciis
1225 1078 1516 1147 majoribus
1538 1075 1830 1131 refellenda
1861 1090 2001 1128 esse.

407 1172 543 1229 Nam
574 1174 757 1229 sinon
816 1185 1033 1241 propter
1081 1172 1347 1234 homines,
1396 1178 1617 1240 propter
1662 1168 1826 1222 Deum
1858 1176 2005 1222 certe

407 1266 686 1322 conservis
712 1264 969 1321 beneﬁcia
1001 1272 1244 1334 prtestas,
1287 1260 1541 1332 quidquid
1588 1261 1659 1315 illi
1707 1268 1881 1329 agant,
1939 1274 2005 1313 ne

297 1392 320 1411 .
409 1372 593 1414 cesses
622 1358 759 1413 bene
798 1355 992 1419 facere,
1025 1363 1082 1410 ut
1118 1355 1291 1423 major
1327 1353 1395 1407 sit
1436 1366 1684 1407 merces:
1718 1352 1786 1405 ita
1834 1360 1889 1405 nt
1916 1350 2004 1420 qui

410 1461 532 1523 post
558 1450 882 1506 calumniam
911 1450 1109 1503 illatam
1137 1448 1274 1503 bene
1304 1447 1479 1502 facere
1512 1445 1728 1509 desinit,
1759 1445 2007 1498 ostendat

409 1558 472 1600 se
494 1558 599 1600 non
639 1552 858 1614 propter
880 1543 1072 1608 Deum,
1104 1542 1201 1597 scd
1234 1550 1454 1610 promer
1475 1540 1752 1595 hominum
1793 1538 2002 1593 Iaudem

411 1636 552 1692 hanc
577 1650 832 1692 exercere
871 1636 1138 1689 virtutem.
1174 1632 1300 1688 ideo
1322 1632 1590 1699 Christus,
1624 1641 1683 1686 ut
1723 1647 1820 1686 nos
1840 1631 2004 1686 dere-

411 1738 513 1789 ret.
529 1741 669 1783 seex
694 1726 805 1781 sola
824 1724 1151 1796 benignitate
1172 1725 1222 1781 id
1239 1738 1417 1794 agerc,
1442 1737 1548 1777 non
1573 1723 1748 1778 solmn
1775 1737 1882 1777 non
1911 1738 2006 1778 ex—

409 1818 690 1889 spectabat
716 1831 891 1887 mgros
912 1815 977 1869 ad
1021 1829 1082 1870 se
1104 1814 1310 1880 venire,
1341 1814 1434 1868 sed
1460 1812 1527 1868 ad
1556 1814 1674 1870 illos
1714 1812 2005 1868 contende-

412 1909 523 1974 bat,
556 1907 664 1962 duo
685 1907 916 1962 maxima
953 1906 1083 1975 ipsis
1131 1904 1269 1958 bona
1307 1903 1625 1971 conferens,
1664 1903 2003 1975 evangelium

411 2002 601 2073 regni,
640 2011 695 2057 et
742 1999 1053 2054 morborum
1095 1997 1337 2053 omnium
1379 1997 1734 2054 curationem.
1794 1995 2003 2052 Nullam

412 2094 597 2149 urbem
645 2092 1004 2162 despiciebat,
1053 2092 1257 2146 nullum
1305 2092 1481 2146 vicum
1521 2090 2000 2161 prmtercttrrebat,

410 2184 505 2240 sed
528 2198 743 2240 omnem
772 2182 953 2239 adibat
976 2182 1175 2237 locum.
1208 2179 1314 2238 Sed
1341 2197 1514 2252 neque
1550 2182 1636 2236 hic
1663 2180 1887 2253 gradum
1933 2182 2008 2236 si-

411 2279 526 2345 stit,
557 2292 742 2333 verum
779 2278 936 2332 aliam
975 2290 1189 2347 quoque
1221 2276 1611 2345 providentiam
1640 2274 1877 2332 exhibet.
1912 2274 2001 2331 56.

410 2374 539 2428 Cum
579 2372 765 2425 uideret
811 2372 944 2425 enim
993 2371 1165 2426 turbas
1183 2411 1200 2435 ,
1255 2372 1519 2424 miseratus
1565 2378 1639 2424 est
1685 2368 1804 2423 illos
1825 2411 1840 2435 ,
1884 2368 2006 2439 quia

409 2465 575 2520 tereti
603 2473 764 2526 erant,
787 2473 835 2517 et
858 2462 1043 2532 objecti
1060 2464 1203 2534 quasi
1220 2478 1333 2517 ores
1349 2478 1451 2517 non
1476 2462 1712 2517 habentes
1730 2471 2002 2532 pastorem.

409 2559 499 2615 57.
526 2558 670 2613 Tunc
694 2558 822 2611 dixit
850 2556 1117 2626 discipulis
1147 2572 1166 2611 :
1215 2555 1399 2611 Hesus
1427 2554 1630 2624 quidem
1665 2556 1846 2620 stulta,
1879 2569 2003 2624 ope-

410 2653 540 2707 rarii
562 2660 729 2706 autem
758 2651 929 2723 pauci.
954 2650 1044 2706 58.
1077 2647 1276 2720 Rogato
1316 2663 1437 2720 ergo
1483 2646 1763 2703 Dominum
1808 2649 2002 2714 messis,

412 2755 469 2798 at
494 2746 660 2799 mittat
682 2742 944 2812 operarios
969 2744 1023 2798 in
1046 2759 1253 2798 messem
1274 2756 1437 2797 uera.
1460 2741 1592 2798 Vide
1615 2755 1826 2797 rursum
1846 2738 2005 2812 quam

409 2836 480 2891 sit
507 2835 578 2891 ab
621 2835 765 2890 inani
813 2833 981 2904 gloria
1010 2833 1239 2889 alienus.
1282 2832 1361 2889 Ne
1407 2834 1550 2888 enim
1594 2847 1786 2888 omnes
1836 2833 1904 2888 ad
1947 2847 2008 2889 se

412 2927 766 2999 pertraheret,
802 2925 1097 2995 discipulos
1125 2925 1338 2980 emittit.
1387 2923 1570 2994 Neque
1609 2923 1709 2979 hac
1738 2923 1912 2979 solum
1939 2922 2008 2977 de

413 3033 595 3083 causa,
643 3016 738 3073 sed
790 3017 913 3072 illos
957 3015 1267 3080 instituens,
1294 3023 1353 3069 ut
1398 3015 1452 3073 in
1497 3014 1925 3077 Palaestina,eeu
1954 3015 2007 3067 in

412 3110 643 3181 quadam
684 3109 933 3181 palmstra
977 3122 1099 3164 sese
1131 3115 1469 3173 exercentes,
1498 3109 1577 3162 sic
1603 3106 1673 3162 ad
1711 3105 2009 3162 certamina

415 3216 512 3272 per
531 3200 720 3258 orbem
756 3200 1095 3270 suscipienda
1125 3214 1185 3255 so
1215 3208 1599 3271 praepararent.
1640 3198 1845 3255 Idcirco
1890 3213 2008 3253 ma-

410 3296 528 3365 jora
573 3292 927 3349 certaminum
979 3292 1236 3348 exercitia
1281 3291 1452 3360 ponit,
1499 3299 1554 3345 et
1595 3300 1793 3361 quanta
1840 3291 2011 3346 virtus

415 3388 653 3456 ipsorum
676 3384 815 3443 terre
844 3393 1074 3456 poterat,
1099 3393 1157 3439 ut
1180 3382 1393 3440 facilius
1413 3383 1688 3452 sequentia
1715 3382 2009 3439 certamina

412 3479 627 3534 adirent
668 3497 683 3534 :
724 3478 869 3546 ipsos
914 3477 1065 3549 quasi
1112 3486 1327 3533 teneras
1377 3476 1610 3533 aviculas
1655 3475 1722 3532 ad
1771 3475 2011 3533 volatum

413 3583 695 3627 exercens.
733 3568 1056 3640 lnterimque
1083 3568 1203 3624 illos
1232 3567 1472 3625 medicos
1490 3582 1779 3638 corporum
1810 3568 2015 3624 consti-

417 3662 539 3728 tuit,
570 3674 855 3716 reservans
884 3660 1013 3729 ipsis
1041 3660 1093 3715 in
1117 3668 1390 3729 posterum
1421 3659 1683 3715 medelam
1711 3659 2012 3716 animarum

415 3768 536 3824 qua:
571 3752 838 3821 prmcipna
866 3761 969 3806 est.
1008 3750 1085 3806 Ac
1112 3750 1383 3821 perpende
1426 3749 1696 3821 quomodo
1735 3764 1849 3806 rem
1875 3750 2014 3806 hanc

416 3854 473 3902 ct
518 3844 722 3900 facilem
757 3852 813 3898 et
842 3843 1200 3898 necessariam
1243 3841 1510 3897 ostendat.
1539 3842 1677 3910 Quid
1705 3842 1850 3897 enim
1897 3841 2014 3896 ait?

419 3937 602 3995 Messis
630 3938 830 4010 quidem
861 3938 1045 4004 multa,
1075 3937 1300 4007 operarii
1328 3944 1496 3991 autem
1523 3936 1694 4007 pauci.
1722 3935 1841 3991 Non
1867 3936 2012 3992 enim

418 4030 575 4085 mitto
594 4044 711 4093 vos,
732 4028 920 4101 inquit,
945 4027 1011 4084 ad
1035 4038 1357 4094 sementem,
1381 4027 1474 4083 sed
1497 4027 1564 4083 ad
1585 4042 1838 4084 messem.
1861 4027 2013 4096 Quod

417 4123 581 4178 etiam
610 4123 661 4176 in
704 4121 998 4193 Evangelia
1040 4120 1264 4177 Joannis
1291 4121 1427 4178 dixit
1454 4139 1467 4174 :
1502 4121 1604 4176 Alii
1633 4121 2011 4188 laboraverunt,

419 4223 465 4268 et
498 4229 586 4269 vos
611 4215 664 4266 in
693 4214 916 4268 laborem
940 4228 1112 4268 eorum
1142 4212 1386 4267 introistis
1426 4211 1606 4283 (Joan.
1639 4213 1694 4267 4.
1727 4212 1841 4283 58).
1890 4213 2017 4269 llaec

417 4319 586 4378 porro
611 4303 843 4369 dicebat,
872 4313 926 4359 et
950 4319 1138 4359 eorum
1185 4303 1557 4359 sublimiorem
1589 4317 1806 4358 sensum
1837 4305 2015 4374 repri-

421 4403 681 4464 mens,et
708 4395 776 4451 ad
818 4396 1065 4450 ﬁduciam
1118 4395 1432 4450 smnendam
1488 4395 1782 4460 instruens,
1827 4405 2014 4453 osten-

423 4487 664 4559 densque
687 4487 946 4556 majorem
967 4486 1078 4557 jam
1105 4485 1444 4557 praecessisse
1468 4485 1726 4542 laborem.
1752 4487 1888 4543 Vide
1916 4503 2014 4542 au-

423 4591 533 4643 tem
561 4587 618 4635 et
644 4579 733 4635 hic
760 4580 912 4634 illum
943 4594 976 4634 a
1002 4576 1371 4634 misericordia
1413 4577 1674 4648 incipere,
1716 4592 1823 4634 non
1849 4594 1880 4634 a
1920 4593 2017 4650 spe

425 4670 711 4729 mercedis.
763 4668 1008 4724 Miser-tus
1054 4678 1127 4724 est
1166 4668 1331 4735 enim,
1361 4669 1498 4737 quod
1538 4677 1703 4723 essent
1744 4670 1928 4736 uexati,
1971 4678 2017 4723 et

419 4765 633 4837 proiecti
659 4764 806 4835 quasi
836 4779 948 4817 oves
984 4778 1085 4817 non
1114 4761 1350 4816 habentes
1388 4770 1662 4834 pastorem.
1706 4761 1834 4819 Haac
1862 4763 2014 4835 prin-

423 4858 601 4929 cipum
651 4856 959 4913 Judteorum
1012 4853 1285 4910 accusatio
1333 4863 1436 4921 est,
1468 4855 1559 4924 qui
1603 4861 1846 4923 pastores
1893 4871 2017 4911 cum

425 4958 630 5016 essent,
653 4964 773 5006 sese
814 4950 969 5020 lupos
992 4947 1341 5006 exhibebant.
1369 4946 1485 5002 Non
1516 4947 1677 5004 modo
1719 4949 1862 5006 enim
1900 4951 2018 5021 ple-

425 5042 546 5097 bem
587 5055 695 5097 non
722 5040 1101 5108 emendabunt,
1132 5040 1228 5097 sed
1262 5055 1330 5096 ne
1368 5039 1693 5111 proﬁcerent
1742 5042 1795 5097 in
1824 5043 2020 5100 melius

424 5133 806 5206 impediebant.
841 5135 951 5189 lllis
996 5135 1176 5208 itaque
1217 5135 1537 5191 mirantibus
1580 5151 1646 5191 ac
1691 5135 2015 5201 dicentibus,

428 5226 725 5297 Numquam
751 5225 917 5281 simile
947 5226 1107 5280 uisum
1130 5235 1201 5281 est
1230 5226 1282 5280 in
1323 5224 1530 5290 Israel;
1573 5226 1646 5281 illi
1671 5237 1858 5285 contra
1895 5247 1907 5283 :
1950 5229 2018 5285 In

425 5319 654 5391 principe
695 5318 1064 5373 daemoniorum
1109 5320 1245 5389 ejicit
1286 5318 1560 5374 dazmonia.
1608 5319 1715 5376 Sed
1752 5336 2016 5392 quosnam

424 5414 511 5469 hic
538 5414 815 5486 operarios
838 5409 1005 5467 dicit?
1047 5410 1337 5466 Duodecim
1368 5412 1682 5483 discipulos.
1723 5412 1862 5468 Num
1896 5431 2015 5470 cum

425 5507 640 5570 dixerit,
684 5504 924 5576 Operarii
973 5502 1146 5574 pauci,
1175 5503 1310 5557 alios
1354 5503 1586 5573 adjecit?
1636 5504 1890 5564 Minime:
1923 5507 2018 5562 sed

424 5598 547 5654 illos
575 5597 773 5653 emisit.
796 5594 905 5653 Cur
927 5611 1058 5668 ergo
1082 5595 1232 5658 dicit,
1266 5593 1462 5666 Regale
1502 5593 1784 5652 Dominum
1819 5600 2015 5662 messis,

424 5699 475 5743 ut
504 5690 671 5743 mittat
719 5689 979 5759 operarios
1020 5689 1073 5742 in
1116 5703 1326 5741 messem
1355 5702 1521 5753 suam,
1552 5696 1610 5743 et
1636 5687 1842 5743 nullum
1889 5689 2019 5759 ipsis

425 5781 655 5847 adjicit?
683 5780 818 5849 Quia
857 5794 981 5835 cum
1025 5777 1309 5836 duodecim
1357 5788 1561 5844 essent,
1588 5779 1789 5835 multos
1837 5790 2016 5850 postea

430 5873 628 5943 elfecit,
652 5890 759 5931 non
789 5860 948 5932 sueto
978 5890 1226 5942 numero,
1259 5874 1351 5933 sed
1387 5877 1640 5935 virtutem
1663 5875 1903 5946 largitus.

1154 409 1210 464 S.
1251 406 1531 464 JOANNIS
1566 401 2042 461 CllllYSOSTOMl
2081 404 2401 461 ABCHIEP.
2442 406 2975 467 CONSTANTINOP.

407 527 669 601 puniebat
694 527 952 597 ingratos,
981 524 1074 579 sed
1104 539 1169 580 ne
1208 523 1517 593 increpabat
1553 520 1768 592 quidem
1802 538 1816 575 :
1848 518 2009 574 simul

3595 418 3707 473 580

2188 520 2243 575 5.
2289 519 2491 578 Deinde
2534 522 2824 580 ostendens
2863 534 3123 595 quantum
3168 537 3313 583 esset
3354 526 3577 593 donum,
3603 532 3704 598 ait,

2118 611 2311 682 [tegete
2346 629 2467 684 ergo
2498 613 3009 683 Dominuurmessis,
3040 618 3322 675 obscurius
3361 621 3599 678 declarat
3643 638 3708 678 se

2112 702 2481 758 auctoritatem
2510 702 2729 760 habere.
2758 702 2890 761 Cum
2920 707 3051 763 dicit
3094 709 3258 777 enim,
3288 709 3484 782 Rogate
3516 710 3706 769 Domi-

2115 810 2235 847 num
2264 797 2459 856 messis.
2484 796 2629 867 ipsos
2653 798 2781 852 nihil
2813 808 3116 867 precantes,
3143 804 3223 859 vel
3249 815 3497 875 rogantes
3524 809 3705 863 statim

2112 887 2596 950 ordinathoannis
2627 892 2785 946 verba
2837 893 2965 962 ipsis
3009 910 3467 964 commemorans,
3500 914 3704 967 arcam,

2113 980 2489 1045 ventilabrum,
2522 983 2750 1051 paleam,
2778 984 3121 1041 frumentum.
3155 987 3310 1044 Unde
3341 1000 3503 1059 patet,
3532 992 3706 1062 ipsum

2112 1085 2233 1126 esse
2264 1072 2576 1143 agricolam,
2607 1077 2798 1129 messis
2828 1076 3133 1141 Dominum,
3167 1095 3377 1135 necnon
3422 1083 3698 1153 propheta-

2113 1178 2251 1217 rum.
2282 1163 2412 1219 Nam
2437 1166 2481 1221 si
2513 1165 2579 1221 ad
2613 1167 2922 1222 metendum
2950 1170 3113 1233 misit,
3139 1171 3314 1241 palam
3344 1182 3424 1226 est
3452 1189 3574 1228 eum
3599 1192 3706 1230 non

2112 1258 2285 1311 aliena
2316 1270 2542 1325 metere,
2571 1259 2667 1315 sed
2699 1274 2760 1315 ea
2793 1277 2911 1330 quae
2958 1276 3054 1331 per
3083 1263 3376 1333 prophetas
3401 1266 3705 1323 seminavit.

2110 1349 2295 1420 Neque
2324 1350 2448 1407 hinc
2474 1353 2648 1407 solum
2679 1352 2924 1408 liduciam
2965 1355 3069 1410 illis
3095 1355 3260 1420 dedit,
3288 1358 3430 1427 quod
3467 1359 3710 1417 ministe-

2114 1442 2251 1496 rium
2295 1458 2482 1498 eorum
2529 1459 2763 1499 messem
2797 1456 3035 1511 vocaret,
3067 1447 3163 1503 sed
3192 1448 3336 1516 quod
3379 1450 3480 1504 illis
3509 1450 3574 1505 ad
3604 1450 3706 1507 huc

2107 1532 2342 1603 jusmodi
2393 1535 2753 1592 ministerium
2787 1547 3104 1606 potestatem
3147 1541 3417 1598 indiderit.
3449 1540 3601 1615 (Cap.
3632 1546 3709 1616 Χ)

2114 1627 2166 1680 1.
2208 1624 2276 1679 Et
2313 1629 2620 1691 convocatis,
2652 1628 2749 1694 ait,
2784 1629 3051 1683 duodecim
3099 1632 3366 1704 discipulis
3413 1636 3539 1695 suis.
3567 1635 3709 1690 dedit

2111 1719 2182 1773 eis
2203 1727 2496 1786 potestatem
2522 1719 2792 1789 spirituum
2820 1721 3218 1789 immundorum,
3253 1736 3306 1776 ut
3336 1726 3573 1797 ejicerent
3597 1743 3706 1793 eos,

2111 1819 2158 1864 et
2186 1821 2424 1864 curarent
2451 1826 2647 1865 omnem
2692 1811 2988 1883 languorem
3015 1824 3062 1867 et
3100 1830 3300 1870 omnem
3340 1817 3704 1885 inﬁrmitatem.

2111 1900 2273 1969 Atqui
2305 1900 2539 1955 nondum
2587 1901 2820 1970 Spiritus
2870 1913 2988 1958 erat
3016 1904 3174 1959 datus
3210 1924 3222 1961 :
3280 1904 3526 1963 Nondum
3550 1912 3703 1977 enim,

2111 1993 2303 2063 inquit,
2339 1993 2565 2064 Spiritus
2609 2006 2716 2049 erat
2753 1995 2927 2063 datus,
2972 1997 3093 2069 quia
3138 1996 3291 2054 Iesus
3332 2002 3555 2055 nondum
3600 2014 3709 2058 erat

2109 2086 2423 2157 gloriﬁcatur
2470 2085 2650 2160 (Joau.
2698 2088 2751 2144 7.
2782 2089 2897 2161 59).
2926 2090 3208 2159 Quomodo
3253 2108 3384 2165 ergo
3422 2097 3711 2165 ejiciebant

2110 2177 2365 2247 Spiritus?
2397 2178 2471 2235 Ex
2502 2180 2619 2250 ejus
2648 2192 2917 2253 praecepto
2937 2194 3099 2254 atque
3121 2196 3405 2256 potestate.
3430 2188 3709 2261 Perpende

2109 2282 2290 2326 autem
2322 2272 2451 2327 mihi
2483 2275 2817 2344 aposmlatus
2855 2281 3332 2346 Opportunitatem.
3367 2278 3481 2336 Non
3510 2285 3653 2338 enim
3676 2301 3707 2340 a

2113 2364 2377 2435 principio
2403 2366 2551 2421 misit
2579 2366 2722 2434 illos,
2744 2368 2838 2424 sed
2866 2384 2988 2425 cum
3019 2371 3126 2440 jam
3155 2371 3326 2441 ipsum
3357 2370 3550 2431 idoneo
3575 2386 3710 2432 tem-

2112 2470 2243 2528 pore
2271 2459 2484 2528 sequuti
2513 2470 2715 2523 essent,
2745 2476 2812 2517 ac
2857 2463 3117 2519 vidissent
3162 2476 3430 2521 mortuum
3478 2468 3707 2523 suscita-

2112 2558 2247 2615 tum,
2270 2566 2419 2606 mare
2450 2552 2806 2622 increpatum,
2833 2555 3015 2623 pulsos
3039 2554 3334 2623 dannonas,
3360 2559 3708 2632 paralyticum

2111 2649 2380 2706 sanatum.
2415 2651 2633 2712 peccata
2678 2644 2903 2699 remissa
2925 2687 2941 2712 ,
2971 2645 3244 2716 leprosum
3286 2649 3619 2719 mundatum,
3648 2667 3709 2709 ac

2111 2732 2429 2790 sufﬁcientia
2473 2737 2753 2805 potestatis
2795 2737 2937 2793 illius
2983 2750 3299 2811 argumenta
3343 2750 3397 2798 et
3429 2758 3524 2812 per
3548 2745 3709 2799 verba

2114 2833 2171 2880 et
2196 2838 2292 2896 per
2319 2840 2485 2897 opera
2520 2826 2851 2898 accepissent
2881 2847 2893 2882 :
2928 2838 3054 2884 tunc
3099 2830 3221 2886 illos
3265 2832 3461 2899 mittit;
3508 2849 3611 2888 non
3642 2834 3708 2889 ad

2115 2930 2204 2971 res
2248 2918 2602 2986 periculosas,
2634 2918 2869 2974 nondum
2910 2920 3054 2975 enim
3087 2922 3138 2975 in
3174 2922 3453 2979 Palmstina
3499 2925 3709 2995 pericu-

2113 3007 2221 3063 lum
2252 3020 2400 3071 erat;
2433 3011 2527 3064 sed
2562 3019 2751 3065 contra
2790 3008 3088 3068 calumnias
3132 3021 3335 3070 tantum
3367 3017 3709 3088 pugnandum

2113 3110 2248 3157 erat.
2278 3104 2524 3156 Attamen
2556 3102 2792 3173 pericula
2822 3104 2929 3161 illis
2952 3105 3214 3175 praedicit,
3244 3118 3473 3180 anteque
3500 3120 3710 3184 tempus

2114 3192 2237 3247 illos
2264 3205 2551 3265 prmparat,
2579 3205 2634 3250 et
2662 3195 2928 3267 frequenti
2973 3198 3320 3269 prmdictione
3348 3202 3468 3256 illos
3493 3203 3560 3259 ad
3587 3219 3710 3260 cer-

2116 3285 2313 3339 tamina
2345 3285 2596 3340 instituit.
2629 3287 2832 3343 Deinde
2872 3289 2993 3358 quia
3025 3289 3161 3346 duos
3207 3294 3479 3364 apostolos
3503 3294 3711 3352 dixerat

2116 3375 2293 3441 nobis,
2328 3376 2545 3431 Petrum
2573 3386 2628 3433 ct
2675 3377 2960 3449 Joannem,
2985 3391 3041 3437 et
3084 3394 3206 3452 post
3234 3385 3356 3440 illos
3401 3386 3711 3444 Matthzcum

2115 3475 2362 3520 vocatum
2406 3467 2736 3537 ostenderat,
2771 3479 2828 3526 et
2853 3470 2922 3527 de
2969 3473 3194 3528 aliorum
3226 3478 3585 3546 apostolorum
3616 3495 3711 3534 vo-

2115 3560 2328 3615 catione
2363 3572 2427 3614 ac
2462 3562 2679 3617 nomine
2720 3564 2853 3618 nihil
2883 3565 3132 3624 dixerat:
3169 3567 3253 3623 hic
3289 3571 3593 3626 necessario
3621 3587 3709 3627 eo—

2116 3666 2234 3706 rum
2262 3653 2585 3722 catalogum,
2616 3670 2898 3712 numerum
2947 3659 3272 3730 nominaque
3317 3662 3493 3732 ponit,
3520 3663 3598 3718 sic
3632 3662 3717 3719 di—

2116 3758 2290 3802 cens:
2333 3746 2387 3801 2.
2424 3744 2702 3802 Duodecim
2740 3759 2910 3805 autem
2955 3757 3304 3822 apostolorum
3349 3757 3553 3809 nomina
3596 3767 3715 3812 sunt

2117 3840 2265 3895 tunc:
2300 3841 2514 3911 primus,
2548 3841 2751 3909 Simon,
2783 3844 2871 3914 qui
2913 3844 3101 3898 dicitur
3148 3844 3356 3902 Petrus.
3398 3847 3529 3904 Nam
3577 3850 3714 3904 alius

2120 3930 2305 3986 Simon
2327 3941 2464 3998 erat,
2495 3933 2584 4004 qui
2608 3933 2906 3990 Canameus
2926 3937 3240 3994 vocabatur.
3283 3939 3346 3994 Et
3367 3937 3533 3994 ludas
3574 3941 3715 3996 lsca-

2119 4024 2317 4090 riotes,
2345 4035 2401 4080 et
2424 4025 2591 4082 ludas
2615 4025 2822 4083 Jacobi.
2855 4029 2922 4084 Et
2952 4029 3187 4087 Jacobus
3212 4031 3444 4102 Alpbzei,
3474 4044 3527 4088 et
3551 4034 3713 4090 Jaco-

2120 4119 2222 4174 bus
2248 4116 2513 4175 Zcbedmi.
2541 4119 2752 4175 Marcus
2782 4136 2911 4177 vero
2941 4123 3237 4178 seetmdum
3277 4125 3592 4197 dignitatem
3619 4142 3715 4198 po-

2118 4210 2223 4264 suit
2266 4209 2426 4265 illos:
2462 4210 2660 4265 etenim
2708 4220 2829 4282 post
2863 4212 3002 4268 duos
3051 4215 3407 4285 corypbaeos,
3443 4217 3713 4274 Andream

2120 4312 2363 4359 attulerat
2391 4302 2582 4375 (Marc.
2612 4304 2668 4360 5.
2705 4304 2813 4377 t8).
2838 4301 2936 4360 Hie
2959 4321 3085 4362 vero
3115 4322 3221 4362 non
3248 4309 3347 4375 sic,
3376 4310 3470 4365 sed
3495 4309 3601 4364 alio
3625 4325 3715 4366 or-

2120 4392 2269 4459 dine,
2300 4394 2408 4448 imo
2432 4403 2489 4448 et
2512 4394 2775 4449 Thomam
2807 4409 2868 4452 se
2895 4396 3068 4452 multo
3107 4398 3415 4455 inferiorem
3444 4390 3542 4455 sibi
3566 4411 3715 4456 antc-

2123 4489 2290 4556 ponit.
2318 4486 2428 4544 Sed
2457 4498 2644 4544 eurum
2688 4491 2990 4561 catalognm
3035 4508 3064 4546 a
3108 4494 3370 4563 principio
3418 4494 3712 4550 videamus.

2126 4576 2331 4633 Primus
2358 4580 2540 4635 Simon
2565 4622 2581 4648 ,
2629 4583 2716 4654 qui
2753 4582 2939 4637 dicitur
2969 4582 3171 4651 Petrus,
3203 4595 3250 4640 et
3289 4586 3516 4642 Andreas
3556 4590 3719 4660 frater

2120 4674 2251 4743 ejus.
2273 4672 2456 4744 Neque
2481 4688 2641 4743 parva
2674 4676 2789 4731 laus
2815 4676 2930 4732 haec
2951 4686 3034 4733 est
3057 4695 3071 4731 :
3113 4677 3261 4732 illum
3282 4696 3313 4735 a
3334 4681 3547 4743 virtute,
3574 4681 3717 4737 hunc

2122 4781 2152 4821 a
2178 4767 2461 4821 nobilitate
2491 4783 2701 4824 morum
2744 4769 3000 4827 laudavit.
3033 4772 3087 4828 5.
3118 4770 3316 4827 Deinde
3349 4773 3573 4830 Iacobus
3614 4773 3718 4831 Ζεο

2123 4857 2301 4925 bcdmi,
2327 4869 2375 4912 et
2401 4857 2629 4914 Joannes
2654 4864 2814 4931 frater
2830 4864 2964 4928 ejus.
2989 4863 3181 4920 Viden‘
3199 4864 3468 4935 quomodo
3495 4882 3600 4920 non
3632 4881 3718 4923 se-

2122 4949 2356 5006 cundum
2381 4951 2694 5022 dignitatem
2725 4954 2930 5023 ponat?
2957 4953 3083 5010 Mihi
3110 4970 3341 5027 namque
3364 4956 3594 5024 videtur,
3610 4974 3716 5013 non

2123 5042 2243 5098 aliis
2276 5043 2463 5110 modo,
2491 5045 2585 5101 sed
2619 5053 2675 5101 et
2700 5045 2868 5103 fratre
2893 5062 3106 5118 quoque
3149 5063 3250 5103 suo
3290 5048 3553 5105 Joannem
3594 5066 3720 5106 esse

2124 5135 2406 5203 majorem.
2453 5136 2654 5191 Deinde
2676 5152 2802 5193 cum
2836 5137 3081 5207 dixisset,
3116 5138 3393 5210 Philippus
3417 5149 3464 5195 et
3492 5139 3719 5195 Bartlio-

2126 5225 2357 5294 lomazus,
2389 5228 2704 5298 subjunxit:
2740 5229 2962 5285 Thomas
3014 5241 3062 5286 et
3088 5230 3364 5287 Matthteus
3395 5232 3715 5303 publicanus.

2124 5317 2323 5373 Verum
2367 5333 2474 5374 non
2506 5321 2586 5377 sic
2609 5321 2804 5388 Lucas,
2831 5322 2929 5377 sed
2967 5322 3183 5378 inverso
3220 5323 3433 5392 ordine,
3464 5324 3718 5395 ponitque

2125 5410 2274 5466 illum
2306 5421 2433 5469 ante
2465 5413 2726 5469 Thomam
2768 5413 2923 5486 (Luc.
2969 5415 3025 5471 ϐ.
3074 5416 3185 5487 14),
3234 5415 3436 5472 Deinde
3477 5417 3716 5485 sequitur

2123 5502 2352 5559 Jacobus
2376 5506 2606 5576 Alpbtei.
2630 5506 2759 5561 Erat
2786 5507 2952 5573 enim,
2976 5516 3038 5563 ut
3064 5507 3195 5571 dixi,
3224 5508 3360 5562 alius
3382 5507 3624 5563 Zebedmi
3650 5509 3717 5562 tl-

2125 5595 2250 5652 lius.
2279 5596 2471 5653 Postea
2499 5611 2622 5652 eum
2649 5598 2873 5654 dixisset
2902 5599 3210 5664 hibbaeum,
3227 5600 3316 5670 qui
3343 5610 3400 5655 et
3418 5599 3722 5655 Tbaddams

2127 5689 2439 5756 vocabatur,
2468 5699 2523 5744 et
2571 5689 2846 5747 Simonem
2887 5691 3144 5758 Zeloten,
3183 5705 3345 5762 quem
3391 5690 3716 5746 Cananzeum

2124 5786 2309 5848 vocat,
2328 5778 2393 5835 ad
2427 5781 2753 5852 proditorem
2784 5784 2931 5838 venit
2962 5800 2978 5838 :
3026 5797 3201 5855 neque
3227 5792 3289 5838 ut
3336 5782 3586 5838 inimicus
3630 5781 3716 5837 vel

2127 5873 2318 5940 hostis,
2349 5874 2444 5931 sed
2476 5884 2534 5930 ut
2575 5875 2856 5935 historiam
2903 5876 3154 5949 scribens
3192 5875 3273 5932 sie
3313 5876 3543 5933 vocavit.
3597 5874 3714 5932 Non
