4118 6442
406 439 505 497 581

411 557 575 625 dixit,
622 554 995 612 Essecrandus
1039 556 1123 612 vel
1168 555 1600 622 scelestissimus,
1632 554 1726 610 sed
1767 570 1838 610 ex
1867 553 1999 609 urbe

416 655 593 721 ipsum
618 650 1038 721 cognominavit,
1072 651 1124 705 4.
1153 648 1323 704 ludas
1359 647 1647 704 Iscariotes.
1681 646 1814 702 Erat
1857 645 2001 701 enim

414 746 554 796 alius
575 741 743 797 .ludas
763 742 1044 808 Lebbteus,
1062 743 1151 813 qui
1173 740 1653 812 cognominabatur
1678 737 2000 800 Thaddams,

410 848 575 903 quem
613 832 799 890 Jacobi
829 848 951 888 esse
980 832 1145 888 tiliqu
1176 833 1251 887 ait
1286 833 1455 887 Lucas
1481 832 1687 895 dicens,
1713 829 1881 883 ludas
1906 826 2004 880 Ja-

409 924 524 978 cobi
551 923 708 995 (Luc.
737 925 792 980 6.
825 925 940 995 l6).
972 926 1055 981 Ab
1101 925 1204 980 hoc
1250 924 1409 995 igitur
1456 923 1603 977 illum
1646 921 1999 992 distinguens,

409 1019 487 1072 ait
512 1035 526 1072 :
555 1017 725 1073 ludas
747 1016 1038 1080 Iscariotes,
1069 1019 1157 1088 qui
1190 1018 1400 1071 tradidit
1428 1033 1560 1069 eum.
1610 1013 1794 1085 Neque
1842 1013 2005 1083 pudet

410 1109 588 1179 ipsum
628 1108 832 1174 dicere,
861 1109 960 1177 Qui
992 1108 1224 1177 prodidit
1261 1109 1453 1178 ipsum.
1493 1105 1568 1161 lta
1601 1119 1888 1174 numquam
1915 1118 2000 1168 ea,

409 1218 532 1270 quze
574 1201 944 1271 vituperabilis
973 1199 1289 1255 videbantur
1330 1212 1475 1262 esse,
1518 1196 1999 1268 prmtermiserunt.

411 1293 631 1347 Primus
675 1292 915 1346 omnium
944 1300 1023 1346 est
1056 1290 1375 1361 curyplmns
1406 1289 1689 1344 illiteratus
1716 1296 1771 1342 et
1815 1287 2000 1342 idiota.

412 1382 519 1438 Sed
551 1383 827 1438 videamus
852 1398 959 1454 quo
985 1391 1041 1438 et
1071 1382 1136 1437 ad
1164 1395 1424 1451 quosnam
1457 1380 1630 1434 mittat
1668 1380 1789 1433 illos
1824 1378 2002 1434 Jesus.

412 1477 469 1532 5.
506 1475 614 1530 Hos
645 1475 932 1541 duodecim,
960 1474 1152 1544 inquit,
1184 1473 1317 1528 misit
1356 1470 1528 1526 Iesus.
1561 1471 1832 1539 Quosnam
1868 1485 2003 1540 qna-

415 1568 599 1623 lesve?
646 1568 965 1631 Piscatores,
1014 1566 1373 1636 publicanos:
1414 1579 1537 1619 nam
1582 1570 1812 1633 quatuor
1852 1570 2007 1616 erant

414 1661 739 1729 piscatores,
769 1667 826 1715 et
869 1658 979 1714 duo
1021 1658 1313 1728 publicani,
1343 1657 1627 1712 Mattheus
1650 1665 1706 1712 et
1733 1655 2003 1721 lacubus;

414 1767 662 1822 unusque
693 1751 951 1821 proditor.
986 1752 1053 1805 Et
1081 1750 1208 1821 quid
1244 1750 1349 1805 illis
1387 1750 1507 1804 ait?
1533 1750 1725 1806 Statim
1768 1749 2009 1820 pra'cipit

414 1842 501 1897 bis
530 1843 711 1898 verbis
743 1861 756 1897 :
788 1841 856 1897 In
884 1844 1016 1896 viam
1056 1842 1281 1914 gentium
1315 1858 1379 1897 ne
1402 1842 1645 1908 abieritis,
1673 1843 1800 1896 etin
1824 1843 2004 1896 civita~

415 1944 517 1989 tem
544 1933 989 1990 Samaritanorum
1029 1950 1094 1988 ne
1121 1933 1426 1989 intraveritis
1455 1949 1475 1986 :
1514 1934 1568 1989 6.
1610 1933 1702 1988 sed
1749 1934 1916 2002 potius
1940 1934 2010 1989 ite

414 2026 485 2080 ad
524 2043 640 2080 om
680 2041 797 2096 aute
839 2027 1096 2096 perierunt
1122 2026 1301 2079 domus
1346 2023 1531 2080 Israrl.
1563 2025 1641 2080 Ne
1671 2026 1887 2095 putetis,
1923 2026 2008 2079 in-

415 2117 553 2187 quit,
592 2116 715 2186 quia
766 2116 896 2170 mihi
945 2116 1338 2183 conviciantur,
1379 2125 1434 2171 et
1478 2115 1867 2170 daemoniacum
1915 2130 2010 2170 vo-

415 2216 564 2273 cant,
594 2221 681 2263 me
709 2206 830 2262 ideo
855 2206 981 2261 illos
1004 2206 1131 2261 odio
1162 2206 1361 2262 habere
1388 2214 1444 2261 et
1476 2207 1712 2261 aversari
1744 2208 1844 2279 (a).
1878 2206 2008 2261 Nam

418 2301 627 2373 priores
653 2300 772 2356 illos
799 2299 1092 2356 emendare
1112 2299 1314 2366 studui,
1334 2310 1388 2356 et
1408 2315 1502 2355 vos
1528 2301 1597 2355 ab
1623 2299 1743 2355 aliis
1762 2300 2011 2356 omnibus

415 2394 635 2447 abactos
666 2393 735 2449 ad
776 2393 899 2448 illos
939 2394 1091 2447 mitto
1132 2393 1383 2448 doctores
1420 2406 1484 2447 ac
1526 2392 1784 2448 medicos.
1827 2391 2012 2463 Neque

417 2484 580 2539 modo
608 2493 729 2539 veto
756 2500 824 2539 ne
844 2484 962 2539 alzis
983 2493 1110 2539 ante
1134 2483 1257 2538 illos
1286 2483 1627 2553 prtedicetur,
1648 2482 1743 2537 sed
1775 2498 1845 2538 ne
1868 2484 2009 2537 viam

420 2578 636 2646 quidem
682 2578 950 2646 attingere
994 2590 1113 2645 qua:
1158 2576 1265 2630 alio
1300 2574 1485 2642 ducat,
1514 2589 1612 2631 nec
1656 2576 1708 2631 in
1740 2576 2009 2631 civitatem

427 2669 605 2724 illatn‘
636 2669 836 2724 intrare
866 2669 1138 2739 permitto.

489 2763 544 2816 4.
574 2761 891 2817 Samaritani
941 2760 1084 2817 enim
1126 2760 1433 2817 Iudaeorum
1483 2770 1637 2816 erant
1675 2761 1965 2817 adversarii
1997 2779 2010 2815 :

419 2865 654 2909 attamen
684 2854 888 2909 facilior
924 2862 1044 2909 erat
1085 2854 1154 2910 ibi
1188 2852 1529 2923 praedicatio;
1576 2853 1747 2909 multo
1772 2855 1915 2908 enim
1947 2854 2011 2908 ad

423 2945 582 3002 Iidem
610 2945 1006 3015 suscipiendam
1037 2947 1331 3014 paratiores
1358 2954 1514 3000 erant
1541 2964 1556 3001 :
1587 2946 1640 3000 hi
1670 2960 1801 3001 vero
1828 2946 2012 3000 durio.

423 3055 547 3106 res;
578 3051 945 3095 verumtamen
970 3039 1037 3095 ad
1064 3038 1363 3094 difﬁciliora
1394 3040 1555 3094 mittit
1578 3040 1696 3094 illos
1715 3079 1728 3103 ,
1758 3039 1836 3094 sic
1865 3054 2015 3095 suam

421 3146 547 3203 erga
576 3132 693 3186 illos
723 3130 1111 3202 providentiam
1137 3130 1429 3186 ostendens
1453 3173 1470 3197 ,
1499 3146 1563 3185 ac
1584 3130 1892 3185 .ludaeorum
1923 3145 2016 3184 ora

421 3221 675 3278 claudens
696 3263 712 3288 ,
739 3231 904 3292 atque
924 3221 992 3277 ad
1023 3222 1389 3292 apostolorum
1413 3222 1851 3293 prmdicationem
1879 3223 2016 3276 viam

424 3334 620 3388 parans
643 3359 658 3381 .
688 3333 757 3373 ne
778 3332 964 3372 rursus
993 3327 1348 3383 accusarent,
1379 3316 1523 3388 quod
1567 3317 1633 3371 ad
1660 3316 1912 3388 Assyrios
1940 3317 2020 3370 in-

423 3414 766 3469 circumcisos
796 3412 1023 3483 ingressi
1053 3421 1235 3467 essent
1254 3453 1270 3478 ,
1300 3419 1354 3466 et
1375 3413 1573 3481 justam
1597 3410 1908 3465 viderentur
1928 3410 2022 3463 ha-

425 3506 552 3562 bere
588 3518 807 3561 causam
855 3504 1000 3573 ipsos
1035 3502 1268 3574 fugiendi
1314 3510 1371 3559 et
1397 3502 1699 3557 aversandi.
1735 3502 1884 3571 ipsos
1922 3517 2019 3556 au-

426 3606 532 3652 tem
558 3610 687 3650 oves
708 3594 944 3666 perditas
972 3604 1125 3650 vocat
1143 3636 1158 3660 ,
1182 3609 1289 3649 non
1315 3608 1436 3665 qua:
1465 3592 1641 3663 fugam
1662 3593 2016 3664 susceperint,

426 3690 664 3760 undique
690 3689 797 3744 illis
827 3689 995 3744 venia:
1032 3687 1253 3743 modum
1294 3687 1642 3757 exeogitaus,
1680 3687 2023 3757 ipsorumque

426 3782 635 3836 animos
664 3780 980 3851 pertraltens
999 3820 1016 3847 ,
1045 3794 1110 3836 ac
1142 3780 1368 3836 dicens:
1394 3781 1445 3834 7.
1479 3778 1673 3835 Euntes
1712 3782 2019 3850 prtedicnte.

426 3876 664 3947 quoniam
689 3873 1115 3945 appropinquavit
1161 3889 1374 3944 regnum
1403 3873 1663 3927 caelorum.
1706 3872 1890 3927 Viden“
1918 3874 2020 3926 tui—

429 3968 633 4025 nisterii
685 3966 1139 4037 magnitudinem?
1169 3966 1343 4021 viden’
1388 3966 1752 4035 apostolorum
1788 3965 2021 4045 dignita-

431 4060 580 4114 tem?
609 4057 751 4113 Nihil
785 4059 983 4113 sensile
1007 4057 1263 4126 jubentur
1286 4056 1495 4120 dicere;
1523 4070 1623 4111 nec
1648 4057 1785 4110 sicut
1812 4056 2021 4127 Moyses

429 4166 483 4207 et
506 4152 782 4223 propheta:
804 4151 1163 4221 priores;sed
1216 4163 1354 4204 nova
1396 4149 1641 4219 qttmdatn
1672 4158 1725 4203 et
1772 4149 2022 4219 inexspe-

429 4253 585 4300 elata.
611 4243 795 4313 N.qne
817 4243 961 4297 enim
986 4241 1107 4295 talia
1137 4241 1235 4310 ipsi
1261 4240 1647 4310 praedicabant,
1676 4239 1773 4293 sed
1801 4251 2019 4304 terram,

431 4345 486 4391 et
515 4345 723 4389 terrena
753 4334 888 4388 bona
923 4351 937 4387 :
974 4333 1024 4387 hi
1054 4342 1232 4388 autem
1256 4347 1477 4403 regnum
1509 4332 1763 4385 cmlorum
1784 4374 1800 4399 ,
1828 4342 1878 4386 et
1905 4348 2024 4402 qua:

433 4427 503 4482 ibi
525 4436 649 4480 sunt
676 4426 876 4480 omnia.
914 4425 1099 4496 Neque
1142 4423 1267 4480 inde
1294 4424 1472 4479 solum
1505 4423 1555 4478 lti
1604 4424 1836 4495 majores
1862 4433 2021 4491 sunt,

433 4517 529 4573 sed
554 4519 713 4573 etiam
742 4531 809 4573 ex
853 4516 1175 4573 obedientia.
1207 4514 1391 4586 Neque
1430 4514 1572 4570 enim
1613 4526 1896 4581 recusant,
1928 4531 2020 4570 ue-

433 4626 536 4681 que
564 4619 882 4664 cunctantur
922 4609 1063 4664 sicut
1090 4618 1301 4663 veteres
1327 4608 1399 4663 illi
1424 4610 1445 4640 ²
1474 4627 1488 4663 :
1517 4608 1611 4663 sed
1642 4609 1848 4665 etiamsi
1882 4609 2023 4677 peri-

434 4704 549 4757 cula
576 4745 591 4769 ,
633 4703 771 4758 bella
802 4711 857 4757 et
885 4701 1237 4755 intolerabilia
1272 4702 1408 4755 mala
1436 4700 1683 4766 audiant,
1711 4716 1832 4755 cum
1864 4701 2022 4756 obse-

433 4799 648 4867 quentia
678 4798 841 4851 multa
890 4798 1144 4865 imperata
1186 4796 1483 4865 suscipiunt
1504 4837 1517 4856 ,
1543 4805 1727 4865 utpote
1755 4796 1843 4864 qui
1875 4795 2020 4865 regni

433 4889 539 4942 sint
568 4900 865 4957 praecones.
900 4886 966 4941 Et
993 4886 1121 4957 quid
1155 4887 1384 4953 mirqu,
1418 4886 1658 4955 inquies,
1691 4888 1734 4941 si
1767 4887 1895 4940 nihil
1928 4886 2025 4939 dn-

437 4998 552 5037 rum
584 4990 639 5037 et
664 4994 913 5051 asperum
939 4979 1273 5050 prmdicaturi
1296 5022 1310 5044 ,
1335 4980 1512 5034 subito
1536 4980 1862 5048 paruerunt?
1885 4978 2021 5045 Quid

437 5071 609 5128 dicis?
640 5072 771 5127 nihil
803 5071 995 5125 durum
1030 5070 1320 5140 prtedicare
1349 5070 1484 5140 jttssi
1533 5070 1692 5124 sunt?
1721 5085 1824 5123 non
1874 5071 2023 5125 audis

437 5178 682 5219 carceres
706 5206 721 5224 .
749 5162 1098 5217 abductiuues
1118 5161 1183 5214 ad
1216 5171 1442 5216 mortem
1464 5203 1479 5227 ,
1509 5162 1645 5215 bella
1666 5161 1842 5218 civilia
1867 5198 1882 5223 ε
1909 5160 2027 5215 uni-

438 5271 716 5311 versurum
737 5254 939 5319 odium,
963 5268 1083 5324 qua:
1111 5253 1288 5306 (illiilla
1304 5252 1433 5321 ipsis
1451 5252 1608 5322 paulo
1633 5259 1753 5320 post
1772 5262 2026 5307 eventura

439 5364 559 5403 esse
587 5347 837 5403 dicebat?
883 5346 1007 5400 Illos
1031 5359 1262 5414 namque
1293 5345 1454 5397 mittit
1491 5357 1794 5412 praecones,
1826 5356 1883 5399 ut
1907 5345 2027 5401 aliis

441 5456 716 5495 innumera
769 5441 905 5493 bona
954 5438 1279 5503 concilient;
1324 5437 1442 5492 illus
1489 5453 1618 5492 vero
1672 5438 2026 5494 intoterahilia

442 5522 577 5579 mala
613 5535 867 5592 passuros
896 5537 1016 5580 esse
1038 5524 1167 5580 dicit
1195 5532 1250 5580 et
1280 5527 1620 5593 praenuntiat.
1655 5527 1854 5583 Deinde
1882 5536 1935 5581 ut
1965 5524 2023 5579 il-

500 5617 520 5684 ξ
554 5616 656 5671 Alli,
683 5614 734 5684 in
753 5611 990 5684 cititatent
1011 5611 1437 5684 Samaritanorum.

501 5678 523 5710 ¹
557 5677 740 5736 Morel.,
756 5675 881 5728 sicut
899 5675 1082 5726 ceteri.

498 5742 570 5806 (ᾳ)
604 5738 743 5806 Apud
767 5737 1299 5806 ttorcl._verbatexttts
1490 5750 1601 5800 quae
1632 5739 1931 5806 respondent
1950 5740 2026 5790 his

434 5796 636 5851 vocibus
651 5796 836 5853 latinis.
861 5798 974 5858 quia
1006 5796 1128 5849 mihi
1149 5796 1574 5848 consideranti...
1616 5796 1730 5849 odio
1766 5799 1944 5851 [tubere
1975 5806 2024 5852 et

436 5861 670 5921 aversari,
694 5859 832 5923 lapsu
855 5860 1085 5925 graphice
1106 5858 1408 5925 exciderant.
1432 5861 1524 5909 Sed
1551 5863 1598 5909 In
1638 5860 1746 5911 aliis
1768 5875 1930 5925 exein,
1952 5862 2022 5913 la-

438 5928 574 5974 ribus
596 5922 856 5983 habentur,
882 5928 933 5971 et
953 5922 1014 5971 ad
1035 5923 1216 5972 seriem
1237 5923 1566 5982 requiruntur.

1365 435 1433 492 IN
1470 434 1881 494 MATTHEUM
1923 431 2154 491 llOMlL.
2195 433 2411 494 XXXII.
2451 439 2525 497 al.
2564 442 2802 501 XXXIII.

3587 456 3696 513 38?.

2110 545 2191 601 los
2207 546 2311 603 fide
2330 548 2519 620 dignos
2536 553 2742 620 reddat,
2763 555 2836 612 ait
2861 572 2874 611 :
2899 553 2952 613 8.
2987 555 3168 629 Iit/im.
3178 578 3230 617 os
3249 573 3441 633 curate,
3472 566 3697 637 leprosos

2108 639 2346 693 mandate
2363 641 2403 707 ί,
2424 640 2676 697 dit-monia
2690 647 2854 716 cjicite
2869 664 2889 702 :
2904 652 3062 720 gratis
3077 656 3361 723 accepistis,
3381 659 3538 727 gratis
3556 658 3691 713 datr.

2106 727 2238 783 Vide
2262 733 2532 801 quntttudo
2562 750 2769 791 morum
2800 754 2982 794 curam
3014 741 3209 799 habent
3230 732 3263 811 ,’
3286 749 3509 815 perinde
3533 759 3695 820 atque

2105 820 2377 891 signorum
2405 866 2418 889 ,
2450 828 2739 884 ostendens
2766 830 2913 901 signa
2940 833 3057 887 sine
3102 837 3338 891 moribus
3367 838 3498 894 nihil
3550 856 3691 897 esse.

2103 911 2236 966 Nam
2289 930 2357 970 ne
2410 915 2574 971 altum
2648 921 2904 989 sapiant,
2959 926 3101 993 ipsos
3150 928 3395 995 reprimit
3459 930 3691 987 dicens:

2104 1001 2275 1059 Gratis
2302 1008 2566 1076 accepistis
2589 1051 2604 1076 ,
2630 1013 2789 1080 gratis
2816 1013 2965 1079 date;
2992 1025 3046 1070 ct
3075 1024 3129 1070 ut
3155 1018 3221 1072 ab
3242 1034 3424 1075 amore
3454 1026 3693 1092 pecunia:

2102 1094 2426 1163 abstineant,
2458 1101 2719 1169 providet.
2746 1104 2950 1161 Deinde
2979 1123 3044 1161 ne
3075 1117 3389 1178 putarentur
3410 1112 3524 1170 hn'c
3546 1125 3690 1172 tanta

2101 1203 2264 1259 opera
2289 1192 2357 1243 ab
2385 1191 2489 1246 illis
2518 1194 2817 1263 proﬁcisci,
2851 1214 2985 1254 neve
3017 1201 3085 1257 de
3125 1201 3290 1272 signis
3318 1201 3697 1278 superbit-ent:

2100 1281 2173 1335 ait
2201 1297 2215 1333 :
2245 1280 2415 1337 Gratis
2452 1287 2732 1357 accepistis.
2760 1288 2902 1345 Nihil
2929 1291 3191 1362 largitnini
3224 1295 3289 1350 iis
3315 1299 3405 1366 qui
3432 1314 3527 1355 vos
3552 1303 3696 1358 reci-

2103 1373 2252 1443 piunt
2284 1393 2298 1429 :
2329 1391 2501 1447 neque
2555 1380 2697 1433 enim
2752 1380 2804 1435 in
2838 1385 3141 1439 mercedem
3171 1389 3253 1441 vel
3303 1404 3399 1458 pro
3420 1392 3695 1451 laboribus

2103 1466 2189 1519 illa
2220 1468 2502 1536 accepistis
2531 1485 2545 1523 :
2575 1487 2689 1525 mea
2717 1475 2913 1544 quippe
2942 1485 3025 1530 est
3052 1479 3241 1547 gratia.
3276 1480 3476 1537 Eodem
3516 1485 3694 1554 itaque

2103 1560 2263 1615 modo
2310 1561 2415 1616 illis
2456 1562 2618 1619 date:
2646 1582 2822 1636 neque
2847 1570 2990 1623 enim
3044 1572 3363 1642 condignum
3416 1576 3545 1645 ipsis
3575 1594 3695 1646 pre-

2104 1653 2233 1707 tium
2267 1655 2504 1725 reperire
2531 1668 2633 1713 est.
2680 1658 2884 1715 Deinde
2931 1663 3193 1719 malorum
3246 1669 3478 1723 radicem
3508 1673 3689 1725 statim

2101 1747 2372 1816 evellens,
2407 1751 2482 1804 ait
2510 1771 2524 1807 :
2552 1750 2605 1806 9.
2640 1751 2814 1808 Nolite
2842 1755 3099 1825 possidere
3139 1776 3321 1813 aurum
3344 1803 3358 1826 ,
3411 1778 3568 1832 neque
3606 1782 3694 1819 ar-

2101 1849 2306 1909 gentum
2337 1882 2353 1907 ,
2398 1857 2558 1911 neque
2595 1845 2858 1912 pecuniam
2908 1848 2960 1901 in
3007 1864 3150 1903 zonis
3192 1853 3400 1915 vestris,
3447 1855 3534 1910 10.
3590 1874 3693 1911 mm

2103 1948 2274 2002 peram
2302 1933 2372 1987 ad
2403 1934 2557 2001 ciant,
2588 1951 2746 2005 neque
2764 1937 2892 1991 duas
2919 1940 3133 2005 tunicas,
3157 1958 3314 2010 neque
3333 1945 3692 2013 calceamenta,

2102 2038 2263 2093 neque
2288 2026 2499 2095 virgam.
2522 2025 2637 2080 Non
2663 2027 2818 2094 dixit,
2845 2027 2958 2085 Non
2983 2032 3257 2100 accipiatis
3284 2035 3579 2102 vobiscum;
3601 2038 3693 2093 sed

2103 2116 2313 2172 etiamsi
2340 2117 2556 2174 aliunde
2582 2121 2754 2189 possis
2781 2121 3043 2191 accipere,
3064 2123 3183 2194 fuge
3204 2125 3399 2177 malum
3424 2128 3685 2185 morbum.

2103 2205 2216 2263 lloc
2239 2208 2381 2263 enim
2411 2221 2681 2280 pracepto
2708 2212 2873 2266 multa
2916 2214 3193 2268 commoda
3235 2217 3508 2272 obtinebat
3536 2233 3550 2271 :
3581 2221 3693 2291 pri-

2104 2312 2213 2361 mo,
2246 2307 2305 2353 ut
2330 2300 2471 2354 nulla
2502 2301 2571 2356 sit
2596 2302 2664 2357 de
2688 2303 2964 2372 discipulis
2994 2307 3256 2374 suspicio;
3285 2310 3524 2364 secundo
3545 2352 3560 2375 ,
3591 2311 3694 2368 illis

2107 2401 2295 2443 curam
2317 2400 2532 2442 omnem
2557 2387 2766 2454 adimit,
2787 2388 2935 2444 itaut
2960 2389 3130 2445 otium
3145 2406 3308 2450 omne
3323 2395 3376 2449 in
3390 2399 3691 2467 praedican-

2108 2478 2180 2531 do
2217 2479 2385 2532 verbo
2427 2486 2784 2543 consumant;
2821 2479 2999 2543 tertio,
3024 2494 3177 2533 suam
3215 2482 3333 2538 illos
3363 2495 3684 2554 potestatem

2102 2573 2280 2629 docet.
2312 2574 2425 2630 lloc
2450 2576 2610 2630 etiam
2644 2589 2828 2647 postea
2860 2578 2989 2633 dicit
3032 2580 3136 2635 illis
3166 2598 3178 2632 :
3214 2580 3345 2635 Num
3375 2582 3501 2652 quid
3527 2583 3695 2638 dI-t‘uit

2107 2666 2282 2731 vobis,
2310 2668 2523 2738 quando
2550 2686 2646 2725 vos
2680 2671 2799 2725 misi
2850 2671 3021 2726 nudos
3065 2684 3116 2727 et
3163 2674 3280 2729 sine
3320 2675 3514 2731 calceis
3536 2677 3559 2731 1'
3585 2677 3695 2733 Ne-

2104 2774 2208 2828 que
2238 2761 2415 2815 statim
2470 2762 2638 2829 dicit,
2695 2761 2872 2818 Nolite
2936 2765 3232 2834 possidere;
3274 2768 3366 2821 sed
3417 2778 3694 2839 postquam

2104 2854 2280 2909 dixit:
2324 2854 2577 2925 Leprosos
2605 2859 2877 2923 inundate,
2906 2860 3158 2914 da'monia
3205 2862 3399 2933 cjirite,
3455 2872 3580 2918 tunc
3622 2864 3694 2918 ita

2109 2946 2343 3016 loquitur
2366 2989 2381 3011 ,
2426 2946 2603 3002 Nolite
2638 2950 2934 3019 possidere;
2966 2962 3125 3021 atque
3157 2953 3338 3023 adjicit
3363 2996 3375 3017 ,
3408 2952 3579 3008 Gratis
3607 2971 3696 3010 ac-

2108 3040 2311 3107 cepistis
2336 3082 2351 3105 ,
2381 3040 2538 3111 gratis
2564 3041 2680 3094 date
2698 3058 2718 3107 ;
2750 3042 2984 3112 ipsisque
3015 3051 3067 3097 et
3089 3046 3229 3115 quod
3276 3056 3695 3101 consentaneum

2106 3133 2411 3204 decensque
2434 3143 2641 3202 erat,ct
2673 3135 2813 3205 quod
2847 3136 3096 3205 possibile
3143 3139 3314 3208 reipsa
3349 3139 3549 3194 tribuit.
3593 3138 3698 3195 Sed

2107 3225 2300 3280 dixerit
2334 3228 2470 3281 forte
2498 3227 2793 3297 quispiam,
2829 3238 3022 3284 caetera
3054 3231 3266 3301 quidem
3319 3235 3511 3288 rationi
3560 3250 3692 3289 con-

2107 3327 2361 3373 sentanea
2406 3333 2566 3383 esse,
2596 3319 2689 3373 sed
2741 3334 2846 3373 non
2891 3337 3072 3390 peram
3119 3323 3169 3377 in
3201 3326 3281 3377 via
3334 3323 3563 3389 habere,
3593 3343 3697 3381 non

2108 3409 2238 3463 duas
2268 3410 2491 3475 tunicas,
2524 3425 2628 3463 non
2657 3410 2878 3480 virgam,
2912 3427 3015 3466 non
3042 3412 3400 3468 calceamenta
3431 3431 3529 3471 cur
3560 3433 3702 3485 prae-

2107 3502 2292 3573 cepit?
2330 3501 2398 3558 Ut
2428 3503 2547 3557 illos
2576 3503 2642 3557 ad
2677 3515 2982 3558 accuratam
3032 3506 3154 3560 vine
3194 3510 3453 3563 rationem
3480 3510 3700 3564 otnuiuo

2108 3605 2389 3650 exerceret
2418 3613 2430 3649 :
2464 3595 2725 3666 siquidem
2754 3598 2998 3666 superius
3025 3614 3091 3653 ne
3118 3598 3185 3654 de
3211 3603 3451 3670 sequenti
3482 3603 3697 3671 quidem

2108 3685 2197 3741 die
2222 3702 2408 3741 curare
2438 3686 2697 3757 permisit.
2723 3686 2852 3741 Nam
2875 3688 2991 3743 orbi
3014 3689 3259 3745 doctores
3283 3691 3540 3746 missuru-
3563 3660 3817 3796 erat,/

2112 3781 2339 3851 ideoque
2366 3797 2428 3836 ex
2459 3781 2764 3836 hominibus
2792 3782 3010 3851 angelos
3030 3824 3047 3851 ,
3082 3793 3139 3838 ut
3167 3785 3236 3839 ita
3268 3784 3442 3839 dicam
3467 3828 3481 3851 ,
3515 3785 3696 3852 cilicii,

2110 3872 2178 3926 ab
2193 3872 2338 3926 omni
2356 3873 2478 3926 vitae
2494 3887 2619 3927 cura
2640 3873 2871 3937 solvens,
2895 3884 2949 3928 ut
2974 3889 3130 3928 unam
3152 3875 3222 3928 illi
3241 3874 3536 3929 doctrinam
3559 3892 3704 3931 cura-

2111 3972 2266 4019 rent:
2299 3964 2405 4016 imo
2434 3971 2486 4016 et
2534 3964 2632 4016 hac
2675 3962 2793 4016 illos
2833 3977 2961 4017 cura
3013 3964 3238 4031 liberat,
3277 3966 3502 4022 dicens:
3530 3966 3703 4024 Nolite

2112 4055 2330 4125 cogitare
2353 4055 2601 4122 quomodo
2631 4064 2718 4106 aut
2762 4054 2885 4126 quid
2922 4054 3200 4124 loquamini
3231 4055 3444 4123 (Matth.
3467 4057 3553 4113 16.
3588 4060 3698 4130 lli).

2114 4143 2188 4198 Ita
2217 4154 2271 4199 ut
2301 4144 2442 4214 quod
2474 4144 2684 4199 videtur
2708 4145 2902 4201 durum
2929 4160 3326 4216 onerosnmque
3353 4163 3493 4212 esse,
3520 4149 3567 4202 id
3598 4150 3703 4203 illis

2113 4237 2268 4293 facile
2309 4238 2723 4308 expeditmnque
2769 4237 2858 4292 sit.
2905 4237 3044 4292 Nihil
3076 4239 3217 4293 enim
3267 4239 3703 4308 tranquillitatem

2113 4331 2276 4386 animi
2322 4332 2489 4401 magis
2532 4332 2707 4401 parit,
2741 4346 2900 4402 quam
2947 4346 2977 4384 a
3023 4345 3148 4385 cura
3196 4330 3446 4399 liberari;
3478 4334 3710 4389 maxime

2112 4419 2233 4479 cum
2258 4425 2355 4480 hac
2378 4425 2608 4490 litterati,
2632 4433 2850 4493 possent
2871 4423 3016 4478 nullo
3038 4438 3172 4493 opus
3196 4422 3414 4492 habere,
3439 4423 3550 4480 Deo
3573 4441 3707 4494 pra:-

2115 4526 2268 4573 sentc
2292 4559 2305 4582 ,
2339 4516 2427 4581 cui
2459 4518 2697 4569 omnium
2726 4516 2840 4570 vice
2877 4515 3007 4585 ipsis
3032 4530 3153 4571 esse
3195 4516 3382 4585 possit.
3415 4516 3615 4571 Deinde
3641 4532 3710 4570 ne

2116 4609 2296 4663 dicant
2315 4650 2327 4672 ,
2366 4606 2516 4663 Unde
2546 4623 2674 4678 ergo
2704 4608 3013 4663 necessario
3043 4605 3165 4662 cibo
3195 4606 3474 4661 fruemur?
3502 4623 3607 4661 non
3628 4606 3712 4660 di-

2115 4701 2187 4757 cit
2217 4708 2322 4755 tllts
2355 4718 2366 4753 :
2392 4701 2627 4754 Audistis
2654 4701 2776 4766 quia
2798 4699 2907 4754 dixi
2935 4699 3087 4754 vobis
3119 4699 3262 4769 prius
3293 4715 3307 4753 :
3344 4698 3593 4767 Respicite
3620 4716 3709 4753 ro-

2119 4797 2280 4851 latilia
2306 4796 2415 4849 cwli
2441 4792 2652 4864 (Matth.
2682 4795 2734 4848 6.
2760 4793 2851 4863 ‘26)
2906 4793 3140 4847 nondum
3163 4793 3303 4847 enim
3335 4801 3578 4863 poterant
3609 4794 3713 4847 tale

2120 4900 2442 4960 pra-ceptum
2474 4888 2728 4956 cperibus
2756 4884 3048 4953 exhibere,
3093 4886 3187 4941 sed
3221 4885 3321 4941 hoc
3349 4882 3506 4957 longe
3534 4887 3712 4941 minus

2123 4982 2328 5038 induxit
2373 5000 2387 5036 ε
2436 4980 2633 5052 Dignus
2671 4989 2743 5033 est
2792 4980 3057 5050 operarius
3102 4978 3213 5033 cibo
3255 4996 3349 5033 suo
3385 4995 3403 5034 :
3433 4978 3713 5034 declarans

2122 5076 2267 5146 ipsos
2297 5091 2324 5129 a
2357 5075 2632 5145 discipulis
2658 5090 2779 5128 esse
2825 5072 3081 5138 alendus,
3115 5082 3172 5127 ut
3217 5089 3283 5128 ne
3314 5073 3410 5143 ipsi
3453 5074 3713 5128 adversus

2122 5165 2412 5239 discipulos
2453 5168 2617 5220 altum
2645 5175 2931 5234 saperent,
2973 5166 3125 5236 quasi
3168 5166 3347 5219 omnia
3379 5164 3675 5233 prtebentcs
3697 5206 3711 5229 ,

2125 5259 2361 5329 nihilque
2399 5258 2726 5329 accipientes
2756 5257 2822 5310 ab
2853 5256 2988 5323 illis;
3021 5271 3193 5327 neque
3242 5256 3490 5327 discipuli
3532 5255 3725 5310 disce-

2123 5353 2309 5407 dei-ent
2334 5352 2402 5407 ab
2433 5352 2534 5405 illis
2562 5349 2822 5420 despecti.

2194 5447 2247 5500 5.
2281 5443 2482 5500 Deinde
2508 5487 2522 5509 ,
2553 5456 2619 5498 ne
2649 5446 2894 5498 dicerent
2926 5462 2939 5497 :
2973 5442 3112 5513 Ergo
3144 5458 3243 5497 nos
3275 5456 3369 5511 pro
3399 5440 3535 5493 victu
3566 5454 3710 5493 incn-

2126 5538 2528 5608 dicarcjuhes?
2556 5538 2752 5605 illaque
2800 5552 2887 5591 res
2928 5535 3057 5606 ipsis
3088 5534 3274 5604 pudori
3324 5541 3508 5587 esset:
3556 5545 3701 5584 ιιιηηο

2128 5642 2255 5689 ειεειι
2295 5632 2343 5685 id
2368 5647 2395 5684 a
2429 5629 2704 5699 discipulis
2734 5627 2941 5693 deberi,
2974 5628 3100 5681 dum
3132 5627 3287 5692 illos,
3320 5623 3627 5696 Operarios,
3658 5633 3710 5677 ct

2191 5743 2205 5774 ί
2245 5736 2481 5807 Nonnulli
2510 5742 2614 5797 post
2645 5737 2751 5787 haec
2781 5737 2950 5796 verba,
2986 5732 3195 5797 leprosos
3221 5728 3463 5787 inundate,
3503 5730 3703 5789 habent,

2129 5811 2333 5857 mortuos
2353 5806 2593 5849 suscitata.
3047 5858 3070 5862 η
3297 5855 3306 5862 _

2184 5851 2205 5903 ί
2231 5872 2289 5920 lu
2315 5882 2548 5916 secumeo
2572 5867 2710 5916 verba
2748 5862 2913 5910 hient".
2965 5866 3015 5906 et
3042 5858 3245 5913 tiamne,
3270 5852 3509 5913 singulari
3539 5851 3696 5912 lapsu.

2127 5933 2264 5982 Εοιτ.
