4118 6486
396 448 501 505 583

395 562 539 635 quod
582 561 739 617 datur
759 601 776 626 ,
802 555 1103 614 mercedem
1133 593 1147 617 ,
1175 557 1349 604 vocat.
1392 545 1472 603 Ne
1506 545 1704 616 putetis
1726 587 1741 610 ,
1771 538 1982 611 inquit,

396 657 519 724 quia
545 667 706 723 opera
738 650 825 704 illa
857 659 963 703 tota
992 647 1044 701 in
1066 642 1243 698 verbis
1263 641 1510 697 consistit
1534 680 1549 704 ,
1575 652 1793 707 parvum
1825 650 1856 689 a
1886 647 1985 688 vo-

399 746 478 800 bis
495 744 805 799 beneficium
837 738 1083 809 praeberi;
1112 734 1263 791 multi
1287 747 1517 803 namque
1538 729 1735 786 laboris
1762 740 1850 781 res
1875 734 1978 780 est:

400 838 651 908 quodque
680 836 810 890 dant
844 833 879 888 ii
908 833 997 903 qui
1029 830 1310 892 docentur,
1337 841 1442 880 non
1473 823 1640 895 gratis
1669 820 1984 890 largiuntur,

399 930 490 983 sed
524 928 573 981 id
602 926 864 981 mercedis
892 925 1010 979 loco
1037 920 1361 984 habendum;
1388 917 1582 987 Dignus
1610 924 1681 969 est
1706 913 1838 967 enim
1868 926 1990 978 ope-

405 1020 571 1074 rarius
600 1018 823 1071 mercede
851 1033 961 1070 sua.
997 1015 1112 1068 Hoc
1153 1022 1329 1065 autem
1365 1009 1523 1071 dicit,
1556 1020 1661 1059 non
1692 1001 1832 1073 quod
1862 999 1989 1054 lauti

402 1112 573 1164 Solum
625 1108 905 1177 apostolici
966 1106 1179 1160 labores
1226 1099 1455 1156 habendi
1496 1098 1637 1163 sint,
1690 1094 1863 1157 absit;
1895 1091 1991 1147 sed

400 1203 541 1272 qtqu
575 1203 676 1255 illis
692 1201 998 1264 consumat,
1024 1214 1091 1252 ne
1118 1197 1238 1267 plus
1264 1192 1459 1264 aliquid
1490 1197 1749 1262 qtnerant,
1775 1195 1829 1242 et
1859 1201 1992 1255 prac-

408 1294 659 1348 bentibus
688 1292 929 1352 suadeat.
963 1305 1023 1345 se
1052 1303 1157 1343 non
1180 1303 1247 1342 ex
1280 1284 1601 1339 liberalitate
1626 1279 1755 1335 illud
1787 1293 1987 1347 suppe-

402 1387 596 1452 ditare,
627 1387 717 1441 sed
749 1401 816 1439 ex
842 1384 1042 1438 debito.
1072 1382 1157 1436 11.
1187 1379 1253 1433 1η
1274 1391 1638 1449 quamcumque
1653 1369 1994 1427 civitatemvcl

402 1483 566 1535 vicum
592 1477 917 1542 intraveritis,
944 1477 1253 1545 interrogate
1275 1471 1387 1542 quis
1418 1469 1603 1540 dignus
1632 1467 1684 1519 in
1702 1465 1796 1519 illa
1824 1463 1912 1527 sit,
1945 1471 1991 1516 et

402 1573 507 1627 illic
538 1581 729 1624 manete
756 1569 915 1623 donec
962 1567 1202 1621 exieritis.
1226 1564 1410 1635 Neque
1438 1560 1578 1617 enim
1596 1602 1610 1624 ,
1639 1557 1843 1627 inquit,
1870 1554 1993 1625 quia

401 1662 542 1719 dixi.
574 1659 771 1729 Dignus
798 1668 869 1712 est
900 1655 1164 1727 operarius
1252 1653 1362 1707 cibo
1418 1667 1512 1705 suo
1566 1650 1583 1682 ¹
1607 1691 1622 1715 ,
1650 1647 1887 1704 omnium
1906 1644 1993 1714 ja»

404 1769 537 1807 unas
558 1753 706 1806 vobis
737 1751 951 1821 aperui;
984 1748 1077 1802 sed
1107 1746 1193 1801 hic
1223 1759 1433 1815 quoque
1453 1742 1675 1797 multam
1700 1737 1998 1794 accuratio-

406 1861 526 1899 uem
559 1852 771 1913 expeto.
822 1841 952 1895 Illud
997 1839 1141 1894 enim
1184 1836 1337 1890 vobis
1376 1835 1518 1889 laudi
1552 1831 1846 1900 honorique
1870 1828 1992 1892 erit,

409 1937 569 1990 etiam
603 1934 655 1988 in
684 1934 858 1987 victus
888 1931 1119 1987 ratione.
1143 1928 1198 1983 Si
1245 1927 1387 1981 enim
1424 1925 1612 1995 dignus
1641 1922 1729 1977 ille
1758 1920 1849 1986 sit,
1879 1936 1995 1974 om-

407 2028 534 2082 nino
560 2027 737 2081 cibum
776 2023 1135 2095 suppeditabit
1163 2038 1177 2086 ;
1210 2019 1548 2088 maximeque
1580 2016 1625 2070 si
1656 2013 1865 2070 nonnisi
1896 2027 1996 2067 ne-

404 2118 632 2174 cessaria
666 2117 879 2187 petatis.
930 2116 1045 2170 Non
1099 2112 1258 2167 modo
1302 2118 1482 2168 autem
1519 2108 1710 2178 dignos
1754 2120 1997 2177 quaerere

408 2212 665 2281 pra:cipit,
682 2210 776 2265 sed
802 2208 1114 2265 vetatetiam
1141 2223 1210 2261 ne
1235 2205 1304 2260 de
1322 2205 1484 2259 domo
1510 2204 1561 2257 in
1584 2202 1803 2257 domum
1833 2210 1997 2255 trans-

409 2311 558 2367 eant,
590 2318 658 2357 ne
684 2317 742 2357 se
767 2302 1120 2371 excipientem
1148 2296 1439 2363 offendant,
1472 2311 1605 2352 neve
1634 2295 1732 2365 ipsi
1764 2294 1915 2347 leves
1944 2301 1997 2346 et

407 2394 576 2447 ventri
606 2392 769 2448 dediti
802 2394 1120 2449 habeantur.
1153 2390 1205 2444 ld
1227 2390 1369 2445 enim
1390 2388 1681 2443 declaravit
1701 2386 1784 2440 his
1798 2381 1995 2448 verbis,

407 2486 488 2542 lbi
518 2497 713 2542 manete
740 2487 899 2541 donec
928 2486 1168 2540 exieritis.
1195 2481 1346 2552 Quod
1378 2481 1538 2537 etiam
1578 2496 1645 2536 ex
1673 2480 1793 2534 aliis
1831 2493 1999 2533 evan-

406 2582 609 2652 gelistis
636 2580 842 2653 (Marc.
870 2580 924 2635 6.
959 2579 1081 2633 Luc.
1132 2578 1235 2648 10)
1266 2576 1399 2632 disci
1449 2582 1642 2645 potest.
1676 2572 1865 2627 Videu'
1892 2587 1998 2640 quo

410 2684 562 2744 pacto
587 2674 708 2729 illos
736 2673 1105 2727 honoratiores
1122 2713 1138 2737 ,
1169 2679 1223 2725 et
1247 2684 1341 2725 eos
1361 2668 1451 2739 qui
1481 2668 1712 2737 hospitio
1738 2666 2000 2735 recipiunt

407 2769 775 2839 diligentiores
803 2767 953 2821 faciat
977 2808 994 2833 ,
1029 2764 1321 2820 ostendens
1352 2763 1469 2815 illos
1494 2762 1729 2815 maxime
1771 2759 1997 2824 lucrari,

407 2875 461 2918 et
491 2862 555 2917 ad
583 2862 831 2933 gloriam,
870 2869 923 2915 et
961 2860 1025 2914 ad
1055 2855 1371 2911 utilitatem?
1420 2854 1621 2910 Deinde
1646 2854 1713 2909 de
1757 2853 1856 2907 hac
1886 2853 1997 2922 ipsa

408 2969 467 3009 re
511 2956 589 3008 sic
632 2952 972 3023 prosequitur
1006 2968 1019 3002 :
1062 2948 1147 3002 12.
1181 2948 1441 3002 latrantes
1488 2956 1656 3000 autem
1680 2946 1733 2999 in
1757 2949 1997 3010 domum,

406 3046 621 3100 salutate
661 3044 824 3097 illam.
860 3044 943 3097 15.
980 3041 1045 3095 Et
1084 3044 1129 3095 si
1165 3040 1368 3110 quidem
1406 3040 1558 3111 fuerit
1589 3038 1769 3092 domus
1812 3036 1997 3107 digna,

408 3140 569 3192 veniat
596 3153 698 3205 pax
724 3144 887 3190 vestra
915 3150 1070 3203 super
1098 3133 1243 3186 illam
1270 3148 1288 3184 :
1317 3133 1359 3185 si
1400 3141 1570 3185 autem
1612 3146 1713 3183 non
1740 3129 1893 3197 fuerit
1921 3129 2002 3183 di-

408 3245 509 3297 gna
533 3269 547 3292 ,
578 3244 681 3294 pax
712 3236 873 3280 vestra
901 3226 967 3279 ad
992 3242 1079 3279 vos
1098 3232 1395 3279 revertatur.
1428 3222 1612 3278 Viden’
1636 3238 1795 3292 quam
1821 3222 2000 3278 minu—

409 3320 556 3373 tatim
613 3319 727 3372 lure
777 3317 1097 3387 praecipiat?
1165 3315 1232 3371 Et
1280 3316 1403 3385 jure
1456 3314 1692 3386 quidem.
1758 3314 2001 3370 Athletas

409 3413 601 3482 quippe
634 3410 904 3480 religionis
944 3418 997 3464 et
1033 3423 1307 3478 praecones
1333 3408 1480 3464 orbis
1530 3406 1776 3472 instruit,
1805 3415 1860 3462 et
1903 3406 2003 3462 hac

412 3504 617 3559 ratione
648 3503 770 3557 illos
799 3512 852 3557 et
881 3500 1269 3556 moderatiores
1298 3498 1475 3555 reddit
1512 3508 1567 3554 et
1612 3498 1962 3569 optabiliores
1980 3539 1997 3564 ,

410 3596 697 3669 adjicitqne
732 3615 744 3651 :
782 3596 868 3650 14.
908 3593 973 3648 Et
1001 3595 1301 3664 quicumque
1331 3608 1431 3646 non
1460 3591 1733 3661 susceperit
1761 3607 1874 3654 vos,
1907 3607 2000 3644 ue—

411 3707 507 3760 que
550 3690 766 3742 audierit
809 3703 1061 3741 sermones
1106 3697 1336 3752 vestros,
1375 3694 1609 3740 exeuntes
1657 3699 1721 3738 ea:
1749 3684 1899 3737 domo
1924 3682 2002 3737 vel

410 3782 610 3835 civitate
648 3780 775 3845 illa,
809 3779 1024 3832 exculite
1063 3778 1317 3849 pulverem
1361 3776 1546 3846 pedum
1574 3785 1869 3830 vestrorum.
1913 3774 2001 3829 15.

415 3874 574 3925 Amen
602 3871 714 3924 dico
743 3869 877 3924 vobis
900 3911 914 3932 ,
944 3867 1255 3923 tolerabilius
1285 3869 1377 3920 erit
1407 3875 1555 3920 terra:
1583 3865 1925 3921 Sodomorum
1960 3874 2005 3919 et

411 3965 711 4022 Gomorrlus
763 3964 814 4017 in
857 3963 938 4016 die
957 3961 1181 4032 judicii,
1222 3976 1377 4033 quant
1421 3959 1612 4013 civitati
1653 3959 1748 4013 illi.
1781 3957 1858 4013 Ne
1883 3958 2005 4027 quia

413 4059 646 4121 docetis.
681 4058 881 4127 inquit.
909 4056 1028 4111 ideo
1052 4055 1382 4127 exspectetis
1407 4054 1633 4109 salutem
1662 4054 1729 4108 ab
1755 4054 1876 4108 aliis
1901 4053 2007 4109 diei

415 4152 598 4209 vobis.
645 4150 737 4204 sed
785 4148 940 4219 primi
992 4147 1133 4202 hunc
1193 4147 1449 4200 honorem
1491 4145 1759 4201 exhibete.
1808 4145 2007 4200 Deinde

414 4245 707 4303 oStendens
735 4260 851 4299 eam
884 4259 989 4298 non
1014 4258 1134 4298 esse
1158 4242 1457 4312 simplicem
1484 4239 1880 4303 salutationem,
1909 4238 2007 4295 sed

418 4337 848 4394 benedit-tinnem
873 4377 887 4397 ,
919 4336 1033 4401 ait,
1082 4335 1138 4390 Si
1182 4333 1340 4403 digna
1373 4332 1534 4386 fuerit
1577 4331 1802 4397 domus,
1830 4332 2011 4385 veniet

420 4445 581 4497 super
609 4428 751 4481 illam
784 4433 902 4481 :sin
935 4426 1320 4481 contumeliosa
1368 4423 1433 4478 sit
1464 4464 1479 4488 ,
1510 4424 1677 4493 prima
1709 4437 1867 4493 poena
1906 4424 2011 4477 erit

420 4521 561 4593 quod
607 4534 737 4589 pace
779 4535 883 4574 non
938 4517 1179 4580 fruatur;
1231 4514 1498 4578 secunda,
1529 4514 1674 4585 quod,
1718 4514 2010 4601 Sodomitis

424 4616 567 4686 paria
598 4612 846 4684 patiatur.
878 4611 945 4666 Et
968 4609 1093 4679 quid
1125 4608 1190 4664 ad
1220 4624 1338 4669 nos,
1363 4607 1621 4678 inquient.
1649 4607 1859 4663 illorum
1886 4622 2017 4677 sup-

424 4705 617 4779 plicia?
646 4706 843 4760 Domos
864 4703 1143 4773 dignorum
1172 4700 1454 4756 habebitis.
1486 4699 1620 4766 Quid
1649 4715 1777 4755 vero
1803 4700 2011 4770 signifi-

421 4810 507 4854 cat
534 4797 660 4853 illttd
680 4839 696 4863 ,
733 4795 965 4851 Ea'cutite
990 4795 1244 4867 pulverem
1275 4791 1456 4862 pedum
1484 4792 1802 4848 vestrorum?
1838 4792 1930 4846 Vel
1958 4800 2014 4846 ut

426 4891 777 4946 testificantur
812 4904 871 4943 se
901 4887 1030 4942 nihil
1062 4887 1129 4941 ab
1160 4886 1288 4956 ipsis
1330 4885 1632 4954 recepisse;
1667 4884 1750 4939 vel
1778 4883 1828 4936 in
1863 4881 2015 4938 testi-

426 4986 664 5037 monium
714 4982 854 5050 longi
908 4979 1139 5049 suscepti
1188 4978 1395 5033 itineris
1435 4977 1486 5031 in
1529 4977 1737 5030 illorum
1766 4974 2011 5044 gratiam.

425 5075 505 5130 Tn
551 5088 679 5129 vero
728 5074 855 5127 mihi
883 5071 1164 5127 considera
1206 5071 1378 5141 ipsum
1427 5084 1531 5124 non
1561 5077 1731 5123 totum
1767 5068 1877 5138 jam
1909 5067 2015 5123 iliis

427 5168 577 5220 dare.
611 5163 795 5234 Neque
839 5163 981 5218 enim
1027 5162 1202 5218 adlmc
1258 5163 1361 5216 illis
1406 5162 1795 5230 prtescientiam
1845 5160 2013 5224 indit.

427 5275 526 5329 qna
574 5272 733 5312 nosse
784 5256 988 5325 possint
1027 5256 1116 5324 qui
1148 5254 1322 5325 digni,
1353 5254 1438 5323 qui
1487 5252 1685 5323 indigni
1735 5251 1873 5316 sint;
1922 5251 2016 5306 sed

429 5350 711 5418 explorare
736 5357 791 5403 et
817 5347 1243 5416 experimentum
1274 5361 1485 5399 sumere
1512 5344 1683 5413 jubet.
1714 5344 1819 5397 Cur
1861 5357 2018 5412 porro

430 5442 516 5493 ille
546 5440 685 5509 apud
731 5438 1067 5509 publicanum
1119 5437 1405 5491 manebat?
1434 5436 1567 5503 Quia
1602 5433 1693 5488 ille
1736 5449 1799 5488 ex
1843 5443 2017 5487 muta-

432 5534 576 5587 tione
607 5532 796 5602 dignus
836 5538 1099 5587 evaserat.
1138 5529 1216 5583 Tu
1259 5542 1385 5581 vero
1434 5525 1701 5595 perpende
1749 5524 2018 5596 quomodo

432 5624 682 5678 omnibus
727 5623 939 5677 nudatis
983 5621 1163 5675 omnia
1210 5619 1494 5689 largiatur,
1526 5619 1652 5674 dum
1683 5618 1924 5689 praecipit
1963 5626 2021 5671 ut

435 5715 486 5770 in
517 5714 899 5787 discipulorum
928 5713 1175 5768 domibus
1206 5722 1452 5767 maneant
1476 5754 1489 5780 ,
1521 5722 1574 5769 et
1604 5711 1733 5768 nihil
1765 5712 2024 5767 habentes

499 5885 524 5917 ί
556 5895 672 5944 Edd.
702 5931 715 5956 ,
792 5887 1015 5940 mercede
1034 5899 1139 5939 sua.

1131 437 1187 493 S.
1228 429 1505 491 JOANNIS
1540 421 2014 483 CIIRYSOSTOMI
2056 419 2371 477 ARCHIEP.
2412 418 2953 476 CONSTANTINOP.

3587 425 3695 482 581

2096 536 2480 608 ingrediantur.
2516 536 2627 594 [loc
2646 540 2787 595 enim
2820 549 2975 610 parto
2995 543 3138 598 omni
3165 559 3297 599 cura
3326 545 3479 601 liberi
3510 558 3689 613 erant,

2096 630 2307 700 illisque
2352 631 2686 699 suadebant,
2737 647 2795 688 se
2838 634 2905 688 ad
2954 636 3190 705 ipsorum
3221 648 3425 696 tantum
3460 643 3689 700 salutem

2096 720 2186 774 illo
2208 721 2437 788 venisse,
2464 730 2576 776 tum
2607 724 2730 794 quia
2759 724 2891 779 nihil
2917 727 3239 794 attulerant,
3266 739 3375 785 tum
3405 736 3525 804 quia
3557 738 3689 793 nihil

2097 815 2216 883 plus
2240 830 2397 885 quam
2431 817 2730 871 necessaria
2763 826 3042 887 peterent,
3076 831 3187 876 tum
3213 824 3373 880 etiam
3408 828 3551 896 quod
3582 847 3691 886 non

2095 908 2234 978 apud
2277 924 2468 965 omnes
2516 911 2978 968 indiscriminatim
3029 916 3458 985 ingrederentur.
3503 919 3692 992 Neque

2097 1002 2237 1056 enim
2270 1019 2335 1058 ex
2366 1004 2531 1074 signis
2560 1016 2763 1061 tantum
2790 1007 3001 1064 volebat
3044 1009 3165 1065 illos
3193 1011 3504 1081 Splendidos
3531 1030 3654 1071 esse
3672 1058 3686 1079 .

2097 1092 2191 1146 sed
2221 1109 2287 1148 ex
2314 1094 2505 1149 virtute
2533 1098 2730 1166 magis,
2761 1115 2921 1168 quam
2949 1116 3013 1155 ex
3055 1102 3240 1170 signis.
3265 1103 3405 1159 Nihil
3444 1107 3586 1161 enim
3615 1107 3690 1162 ita

2099 1185 2488 1255 philosophiam
2510 1190 2784 1257 exprimit,
2806 1202 2865 1245 ut
2891 1193 2935 1246 si
2966 1193 3098 1248 nihil
3117 1197 3445 1265 superﬂuum
3469 1197 3687 1262 habeas.

2098 1285 2153 1329 et
2180 1277 2225 1331 si
2265 1279 2439 1348 quoad
2488 1279 2610 1334 licet
2638 1281 2780 1335 nulla
2819 1298 2879 1338 re
2910 1284 3169 1355 indigeas.
3215 1287 3343 1343 Illud
3372 1305 3500 1344 vero
3527 1303 3691 1345 nove-

2101 1376 2220 1423 rant
2246 1378 2302 1423 et
2332 1369 2428 1438 ipsi
2461 1370 2912 1441 pseudoapostoli.
2949 1375 3072 1430 ideo
3102 1378 3294 1433 Paulus
3323 1380 3533 1435 dicebat
3566 1398 3579 1433 :
3618 1380 3690 1436 Ut

2099 1461 2150 1513 in
2176 1477 2273 1528 quo
2308 1459 2615 1530 gloriantur,
2654 1462 2977 1519 inveniantur
3004 1478 3055 1521 ut
3083 1485 3174 1523 nos
3206 1469 3280 1541 (Ξ.
3306 1469 3425 1525 Cor.
3454 1472 3539 1526 11.
3570 1471 3689 1543 19).

2099 1551 2251 1620 Quod
2280 1553 2324 1608 si
2350 1569 2471 1608 cum
2501 1555 2551 1610 in
2580 1557 2855 1624 peregrina
2880 1560 3099 1629 regione
3127 1577 3342 1631 sumus,
3364 1575 3421 1621 et
3443 1566 3508 1619 ad
3538 1566 3693 1637 igno-

2103 1652 2185 1699 tos
2224 1645 2649 1713 proﬁciscimur,
2700 1648 2832 1703 nihil
2883 1652 2998 1719 plus
3041 1655 3387 1723 qua-rendum
3416 1664 3501 1712 est
3529 1674 3687 1727 quam

2100 1737 2443 1807 quotidianus
2488 1738 2679 1807 cibus,
2725 1742 2894 1797 multo
2939 1746 3107 1816 magis
3155 1747 3232 1803 sic
3260 1750 3525 1820 agendum
3564 1766 3688 1807 eum

2101 1827 2244 1883 domi
2287 1846 2586 1887 manemus.

2172 1923 2227 1979 6.
2270 1922 2388 1979 Pax
2412 1926 2510 1980 Dei
2532 1943 2632 1982 non
2654 1928 2750 1985 nisi
2777 1929 2923 1984 bona:
2945 1932 3192 1987 uoluntati
3217 1934 3406 2002 datur;
3434 1937 3526 1992 illa
3546 1940 3691 2009 frau-

2101 2016 2234 2082 dari,
2279 2028 2526 2087 quantum
2554 2020 2766 2076 malum.
2799 2021 3095 2079 Reverentia
3130 2026 3184 2081 in
3205 2028 3415 2083 ecclesia
3442 2047 3689 2086 commen-

2103 2108 2292 2173 datur;
2337 2110 2638 2167 describitur
2664 2115 2886 2169 ecclesia:
2912 2118 3174 2172 sanctitas.
3207 2147 3280 2160 -—
3307 2118 3434 2176 Huc
3458 2137 3564 2177 non
3591 2139 3689 2178 au-

2102 2198 2311 2254 diamus
2343 2211 2567 2269 tantum,
2597 2204 2691 2259 sed
2720 2205 2881 2260 etiam
2913 2207 3202 2264 imitemur.
3242 2209 3358 2266 Non
3387 2212 3529 2268 enim
3559 2214 3691 2270 solis

2102 2294 2360 2363 apostolis
2395 2294 2535 2350 dicta
2563 2305 2706 2364 sunt,
2747 2298 2842 2353 sed
2884 2303 3084 2356 sanctis
3113 2302 3363 2357 omnibus
3401 2314 3584 2374 postea
3613 2304 3695 2359 fu-

2105 2386 2255 2441 turis.
2295 2386 2475 2442 Simus
2501 2403 2630 2459 ergo
2657 2405 2755 2445 nos
2780 2390 2869 2445 illa
2899 2393 3241 2450 successione
3269 2394 3435 2467 digni.
3464 2395 3596 2452 Nam
3625 2414 3690 2453 es

2103 2477 2505 2547 suscipientium
2550 2481 2819 2537 voluntate
2862 2498 2965 2553 pax
2998 2484 3095 2539 ista
3126 2486 3288 2541 modo
3314 2488 3477 2550 venit,
3532 2489 3693 2544 modo

2104 2570 2297 2624 avolat.
2328 2570 2509 2642 Neque
2538 2575 2680 2629 enim
2709 2591 2771 2630 ex
2803 2575 3105 2633 docentium
3131 2578 3322 2636 fiducia
3353 2590 3405 2635 et
3436 2592 3693 2651 potestate

2108 2672 2335 2729 tantum,
2366 2665 2459 2719 sed
2487 2667 2644 2720 etiam
2673 2683 2736 2722 ex
2769 2669 3142 2740 accipientium
3174 2672 3430 2744 dignitate
3459 2675 3582 2729 illud
3609 2675 3686 2729 ef-

2108 2754 2299 2810 ficitur.
2329 2756 2513 2827 Neque
2542 2768 2790 2829 putemus
2818 2761 2940 2817 inde
2966 2778 3149 2833 parum
3177 2764 3356 2819 damni
3385 2782 3687 2837 emergere,

2105 2856 2147 2909 si
2178 2856 2476 2925 hujusmodi
2514 2872 2645 2928 pace
2670 2874 2774 2912 non
2807 2858 3061 2915 fruamur.
3096 2860 3241 2916 Hane
3265 2862 3408 2916 enim
3439 2863 3688 2934 pr0pheta

2103 2946 2230 2999 olim
2265 2949 2652 3015 prtenuntiabat
2674 2948 2857 3006 dicens
2887 2968 2901 3005 :
2937 2951 3102 3019 Quam
3136 2956 3348 3023 speciosi
3390 2964 3504 3008 sunt
3544 2957 3693 3023 pedes

2106 3042 2555 3110 euangelizandum
2598 3058 2773 3113 pacem
2803 3044 3038 3115 (Nahum
3071 3047 3122 3099 1.
3152 3046 3261 3117 15).
3300 3047 3497 3103 Deinde
3527 3048 3691 3118 ipsius

2106 3133 2417 3203 dignitatem
2499 3136 2855 3196 interpretans
2924 3138 3142 3208 adjicit,
3227 3139 3691 3213 Evangelisantium

2107 3228 2237 3282 bona
2293 3228 2486 3296 (Rom.
2524 3230 2614 3284 10.
2650 3231 2773 3301 15).
2821 3229 2969 3286 Hatic
3006 3247 3247 3302 magnam
3291 3247 3413 3288 esse
3450 3233 3694 3289 Christus

2107 3318 2468 3388 pronuntiavit
2519 3318 2705 3375 dicens
2742 3338 2756 3376 :
2799 3320 2988 3375 Paconi
3026 3322 3254 3394 relinquo
3302 3322 3467 3390 vobis,
3517 3340 3694 3395 pacem

2106 3425 2270 3463 meam
2295 3411 2362 3465 do
2392 3410 2529 3465 vobis
2552 3410 2731 3482 (Joan.
2760 3412 2848 3468 M.
2881 3411 2997 3483 27).
3024 3411 3274 3484 Nihilque
3298 3429 3404 3470 non
3433 3414 3695 3486 agendum

2106 3509 2191 3555 est
2233 3509 2290 3556 ut
2333 3500 2421 3557 illa
2464 3501 2726 3570 fruamur,
2756 3511 2811 3559 et
2836 3503 2983 3559 domi
3016 3505 3155 3560 etin
3183 3506 3432 3562 ecclesia.
3471 3505 3602 3561 Nam
3640 3516 3698 3563 et

2109 3593 2162 3647 in
2210 3593 2437 3649 ecclesia
2487 3594 2579 3664 qui
2625 3595 2896 3665 praesidet,
2942 3610 3129 3666 pacem
3159 3596 3272 3653 dat.
3300 3596 3414 3653 Hoc
3442 3598 3582 3655 illius
3612 3607 3699 3655 est

2110 3696 2267 3758 typus
2295 3689 2373 3760 (a)
2402 3697 2458 3743 et
2482 3698 2706 3757 tessera,
2729 3698 2888 3760 atque
2916 3698 3131 3761 oportet
3155 3705 3349 3763 magno
3374 3707 3494 3748 eum
3519 3691 3697 3747 studio

2115 3791 2296 3860 ipsum
2335 3793 2614 3861 suscipere
2636 3830 2652 3855 ,
2681 3805 3011 3863 propensum
3038 3792 3280 3845 animum
3316 3788 3494 3858 potius
3529 3800 3695 3856 quam

2116 3904 2357 3944 mensam
2373 3888 2702 3960 praebentes.
2722 3887 2855 3941 Nam
2884 3887 2929 3942 si
2955 3902 2981 3939 a
3000 3900 3186 3939 mensa
3207 3899 3314 3939 non
3344 3898 3462 3938 sese
3476 3880 3699 3953 partici-

2117 3991 2235 4045 pem
2256 3976 2454 4031 oﬂ‘erre
2470 3990 2763 4031 onerosum
2781 3983 3092 4045 est,quauto
3107 3971 3391 4028 onerosius
3413 3979 3497 4027 est
3510 3970 3689 4025 dicen-

2119 4073 2224 4119 tem
2266 4050 2526 4134 repellere
2547 4065 2571 4119 Ἰ
2590 4062 2817 4135 Propter
2845 4073 2895 4119 te
2909 4063 3059 4119 sedet
3079 4061 3379 4133 presbyter,
3406 4068 3624 4131 propter
3641 4068 3695 4113 te

2118 4164 2226 4210 stat
2245 4156 2506 4226 magister
2525 4157 2681 4219 ‘,non
2698 4156 2819 4210 sine
2834 4155 3018 4210 labore
3030 4152 3497 4224 etdefatigatione.
3516 4148 3691 4217 Quam

2117 4245 2282 4316 igitur
2297 4246 2705 4302 excusationem
2728 4244 2976 4311 habebis,
2997 4245 3088 4313 qui
3106 4259 3174 4300 ne
3193 4244 3411 4315 quidem
3427 4241 3577 4296 illum
3594 4256 3697 4295 au-

2116 4336 2234 4389 dire
2253 4336 2516 4391 sustines?
2535 4336 2856 4393 Communis
2873 4344 3017 4391 certe
3032 4334 3229 4390 domus
3244 4334 3472 4390 ecclesia
3491 4342 3696 4398 est,vo-

2119 4421 2309 4492 bisque
2340 4422 2775 4491 praecedentibus
2813 4437 2913 4477 nos
2943 4422 3295 4491 ingredimur,
3334 4420 3549 4475 illorum
3587 4418 3697 4474 for-

2119 4525 2262 4565 mam
2278 4520 2334 4566 et
2346 4511 2656 4581 exemplum
2676 4522 2981 4567 servantes.
3004 4510 3239 4580 Ideoque
3252 4510 3436 4567 statim
3461 4509 3696 4580 ingressi

2118 4614 2305 4668 pacem
2325 4598 2582 4653 omnibus
2599 4599 2761 4655 simul
2775 4598 3005 4653 dicimus
3022 4598 3316 4654 secundum
3336 4598 3504 4667 legem
3524 4596 3691 4650 illam.

2119 4690 2290 4746 Nemo
2313 4692 2479 4761 igitur
2496 4691 2771 4763 negligens
2786 4693 2871 4748 vel
2887 4692 3126 4747 oscitans
3140 4692 3228 4756 sit,
3246 4692 3375 4745 dum
3389 4689 3698 4746 sacerdotes

2120 4783 2350 4852 ingressi
2370 4781 2499 4835 illud
2516 4782 2735 4836 dicunt:
2756 4798 2864 4837 non
2883 4797 3106 4851 parvum
3137 4783 3281 4837 enim
3296 4781 3411 4836 haec
3428 4780 3701 4851 negligent—

2126 4874 2268 4927 tibus
2289 4872 2537 4926 imminet
2554 4874 2906 4943 supplicium.
2925 4872 3137 4929 Mallem
3159 4874 3300 4929 enim
3322 4871 3584 4927 milliesiu
3602 4869 3702 4925 do-

2124 4984 2272 5022 mum
2294 4965 2598 5036 rnjnspiam
2613 4975 2853 5021 vestrum
2873 4966 3159 5037 ingressus
3177 4962 3411 5034 despici,
3428 4976 3592 5032 quam
3614 4960 3703 5015 hie

2124 5059 2354 5126 loquens
2386 5073 2493 5111 non
2530 5056 2731 5112 audiri.
2769 5054 2885 5112 Hoc
2911 5056 3047 5111 mihi
3068 5056 3358 5111 onerosius
3390 5055 3483 5110 illo
3517 5061 3699 5108 esset:

2121 5167 2549 5242 quandoquidem
2592 5163 2804 5236 dignior
2840 5164 2955 5218 haec
2998 5163 3189 5217 domus
3232 5168 3336 5216 est.
3382 5160 3593 5215 Etenim
3625 5159 3710 5214 hic

2124 5260 2354 5333 majores
2387 5266 2583 5313 nostra:
2610 5255 2978 5326 possessiones
3006 5253 3262 5323 deposita:
3290 5260 3444 5319 sunt,
3477 5251 3562 5306 bic
3586 5264 3711 5320 spes

2125 5364 2305 5411 nostra
2330 5348 2527 5405 omnis.
2554 5347 2690 5416 Quid
2720 5347 2861 5402 enim
2893 5346 2981 5401 hic
3018 5361 3122 5399 non
3166 5334 3436 5414 maguum,
3470 5358 3575 5397 non
3609 5354 3712 5396 tre-

2126 5446 2376 5502 mendum
2416 5443 2543 5497 est?
2588 5438 2865 5510 Siquidem
2898 5436 3012 5492 bare
3038 5451 3220 5492 mensa
3247 5437 3403 5505 longe
3430 5433 3712 5490 honorabi-

2186 5629 2200 5659 ι
2228 5622 2326 5675 Alii
2347 5621 2554 5679 habent,
2575 5617 2824 5667 diaconus.

2192 5694 2267 5757 (a)
2301 5690 2352 5741 Id
2374 5696 2485 5740 est:
2514 5684 2712 5757 ἱέρειοᾴ
2734 5683 2835 5747 agit
2862 5698 3050 5757 prieses
3079 5679 3128 5757 in
3152 5683 3392 5757 931118382.
3412 5690 3721 5757 cumipaeetu

2129 5743 2228 5815 ἀεὶ,
2249 5743 2495 5817 typuscst
2526 5743 2702 5817 tibiis'ti
2725 5743 2897 5817 pacem
2920 5743 3141 5817 dantisin
3162 5743 3429 5817 lirangelio
3455 5745 3720 5817 inaurati-

2132 5802 2362 5882 inﬁdo
2394 5802 2876 5882 imagineaecipitur
2902 5809 2976 5856 rei
3016 5808 3222 5882 agenda
3255 5802 3319 5857 ct'
3339 5802 3595 5866 aliquando
3624 5802 3721 5862 jam

2134 5872 2391 5937 actae-Cir.
2423 5872 2595 5933 Aduot.
2622 5876 2782 5934 Field,
2819 5874 2877 5924 ad
2913 5884 3021 5935 pag.
3050 5872 3155 5920 575.
