4118 6436
293 402 401 460 385

294 529 396 585 Iior
422 536 478 585 et
502 525 718 585 suavior
739 535 843 593 est,
877 540 1035 600 quam
1066 535 1174 593 tua,
1215 532 1272 581 et
1315 526 1555 587 lucerna.
1594 540 1752 595 quam
1798 524 1883 578 lu-

294 637 461 677 cerna
493 630 605 677 tua.
652 620 707 676 id
749 635 879 675 vero
907 620 1084 675 sciunt
1107 625 1371 689 quotquot
1399 631 1521 672 cum
1549 615 1654 671 llde
1684 624 1883 684 tempe-

292 714 430 768 stive
456 716 576 768 oleo
597 712 739 766 ttncti
765 726 795 766 a
826 709 1028 765 morbis
1054 708 1261 763 liberati
1284 716 1410 763 sunt
1438 706 1533 778 (a).
1563 706 1701 761 Area
1726 706 1886 759 etiam

294 805 409 858 inec
440 804 597 873 longe
620 803 818 857 melior
837 812 921 857 est
939 817 1096 872 quam
1120 800 1232 866 illa,
1259 809 1314 855 et
1344 804 1511 870 magis
1540 798 1841 854 necessaria
1867 814 1882 851 :

291 912 413 966 qua:
440 911 545 950 non
581 904 777 957 vestes,
822 894 915 947 sed
951 894 1350 966 eleemosynam
1382 892 1639 946 inclusam
1684 902 1883 955 servat,

290 987 500 1042 etiamsi
542 987 695 1058 pauci
736 987 842 1040 sint
889 986 996 1050 hic,
1050 985 1139 1055 qui
1195 986 1553 1055 eleetnosyttae
1602 984 1886 1052 eroganda:

290 1080 540 1134 virtutem
565 1078 864 1147 possideant
899 1077 989 1147 (ὁ).
1018 1078 1211 1131 Lectus
1243 1079 1369 1131 item
1394 1087 1484 1130 tuo
1515 1078 1881 1145 praestantior:

290 1188 413 1228 nam
445 1172 747 1227 divinarum
800 1172 958 1226 lcetio
1002 1171 1395 1241 Scriputrarum
1432 1170 1571 1225 lecto
1615 1169 1761 1224 omni
1802 1169 1888 1239 ju-

289 1265 521 1321 cundior
554 1273 651 1317 cst.
707 1265 785 1318 Ac
822 1264 865 1318 si
893 1263 1177 1318 concordia
1206 1262 1342 1332 apud
1377 1278 1475 1316 nos
1501 1262 1729 1332 vigeret,
1775 1274 1881 1315 non

290 1357 448 1411 aliam
480 1355 798 1410 haberemus
825 1354 1064 1408 domum.
1108 1354 1259 1421 Quod
1291 1361 1468 1407 autem
1511 1352 1561 1407 id
1594 1352 1736 1422 quod
1763 1353 1885 1409 dico

290 1462 576 1503 onerosum
607 1463 713 1501 non
744 1447 832 1511 sit,
862 1447 1216 1501 testificantur
1244 1446 1317 1500 illi
1352 1455 1431 1500 ter
1458 1446 1622 1512 mille,
1651 1455 1705 1500 et
1732 1448 1885 1515 quin-

288 1542 441 1610 quies
463 1539 608 1594 mille
628 1539 870 1592 homines
900 1539 993 1609 (ιτ),
1027 1539 1113 1608 qui
1146 1553 1304 1593 unam
1334 1546 1387 1592 et
1412 1537 1631 1591 domum
1654 1546 1708 1591 et
1735 1553 1886 1590 mett-

288 1649 422 1696 satn,
455 1632 759 1687 etanimam
786 1631 1053 1685 habuere:
1089 1646 1207 1684 nam
1239 1632 1331 1693 ait,
1398 1629 1741 1683 Multitudinis
1776 1646 1886 1684 cre-

288 1726 516 1779 dentium
545 1734 651 1777 erat
697 1739 787 1776 cor
833 1739 988 1775 unum
1039 1731 1086 1776 et
1136 1723 1308 1775 anima
1356 1738 1457 1775 una
1511 1720 1648 1790 (Act.
1680 1722 1734 1776 4.
1767 1719 1879 1792 52).

286 1820 423 1884 Quia
458 1832 585 1871 vero
626 1817 785 1885 longe
828 1815 896 1869 ab
941 1816 1153 1869 illorum
1203 1817 1400 1870 virtute
1444 1814 1721 1881 absumus,
1748 1825 1803 1870 et
1830 1818 1881 1869 in

288 1912 470 1965 varias
496 1911 687 1964 domos
714 1909 950 1964 distracti
979 1923 1183 1974 sumus,
1213 1910 1399 1966 saltem
1427 1925 1549 1965 cum
1577 1910 1663 1965 hic
1687 1926 1884 1965 conve-

287 2004 488 2069 nimus,
531 2001 659 2056 illttd
688 2002 925 2057 studiose
955 2000 1230 2057 laciamus.
1260 2000 1391 2057 Nam
1415 2002 1460 2057 si
1492 2002 1544 2056 in
1575 2002 1695 2056 aliis
1728 2017 1881 2056 men-

286 2097 392 2150 diei
423 2104 476 2149 et
504 2110 764 2166 pauperes
789 2111 973 2151 sumus
993 2136 1007 2160 ,
1041 2097 1093 2150 in
1130 2096 1213 2151 his
1252 2105 1401 2151 certe
1430 2094 1643 2151 divites.
1685 2095 1883 2163 Quam-

284 2187 473 2241 obrem
521 2186 625 2240 huc
672 2186 862 2242 saltem
907 2202 1005 2241 nos
1047 2187 1305 2242 intrantes
1346 2202 1468 2241 cum
1511 2201 1695 2241 amore
1737 2187 1877 2241 exci-

287 2280 413 2347 pite.
451 2279 516 2331 Et
552 2293 673 2331 cum
714 2278 909 2343 dicam,
956 2278 1061 2333 Pax
1103 2279 1273 2341 vobis,
1318 2278 1525 2343 dicatis,
1558 2278 1627 2332 Et
1669 2278 1879 2348 spiritui

287 2381 405 2427 tuo:
437 2387 541 2425 non
575 2386 704 2425 voce
736 2379 965 2436 tantum,
995 2372 1086 2425 sed
1119 2373 1333 2438 animo;
1379 2387 1485 2426 non
1531 2386 1626 2426 ore
1650 2381 1876 2436 tantum,

284 2463 379 2519 sed
423 2472 478 2518 et
526 2472 725 2519 mente.
756 2463 811 2518 Si
839 2479 966 2519 vero
987 2464 1076 2519 hic
1099 2464 1320 2529 dixeris,
1353 2464 1458 2519 Pax
1477 2465 1638 2519 etiam
1666 2464 1877 2543 spiritui

285 2568 412 2621 tuo;
444 2557 572 2614 foris
602 2573 727 2612 vero
761 2573 846 2612 me
874 2557 1176 2627 impugnes,
1209 2572 1492 2626 conSpuas,
1537 2572 1622 2611 me
1654 2556 1877 2612 maledi-

282 2653 385 2706 ctis
416 2652 818 2721 inuumerisqtte
868 2652 1092 2720 imputas
1137 2651 1458 2719 0;tpt‘0I)l'iiS,
1508 2664 1750 2719 quamam
1790 2648 1875 2702 illa

285 2744 433 2813 pax?
472 2743 582 2814 Ego
617 2744 759 2797 enim
782 2784 796 2807 ,
826 2742 925 2797 etsi
957 2742 1257 2796 sexcenties
1285 2739 1591 2805 maledicas,
1623 2755 1754 2809 puro
1782 2739 1876 2793 tibi

282 2837 445 2892 corde
473 2851 655 2906 pacem
684 2836 827 2899 dico,
855 2836 1173 2904 sinceraque
1205 2843 1402 2899 mente,
1448 2848 1548 2887 nec
1580 2833 1706 2902 quid
1751 2831 1875 2886 mali

283 2931 351 2986 de
397 2937 450 2984 te
489 2944 703 3000 possunt
749 2928 929 2984 dicere
963 2946 975 2981 :
1008 2940 1227 2998 paterna
1261 2927 1457 2998 quippe
1487 2942 1617 2995 gero
1646 2926 1872 2979 viscera.

283 3025 340 3081 Si
369 3033 419 3079 te
446 3026 763 3095 quandoque
800 3038 1038 3093 carpam,
1070 3038 1194 3077 cura
1229 3022 1299 3075 ttti
1333 3033 1608 3091 pet-metus
1634 3019 1683 3073 id
1717 3018 1871 3074 facio.

281 3117 361 3172 Ttt
399 3132 525 3170 Vero
571 3119 869 3171 clanculum
912 3116 1149 3181 ntordes,
1184 3126 1238 3171 et
1268 3130 1388 3170 cum
1420 3130 1506 3168 tne
1534 3114 1584 3168 in
1608 3112 1873 3168 dominica

281 3210 444 3265 domo
488 3224 594 3264 non
646 3210 903 3277 excipias,
956 3224 1146 3264 vereor
1188 3224 1255 3262 ne
1302 3207 1430 3262 tnilti
1465 3220 1750 3263 maerorem
1781 3220 1877 3259 att-

279 3315 409 3371 geas
435 3319 448 3355 :
485 3317 589 3355 tton
616 3303 737 3371 quia
758 3301 1078 3354 contumelia
1103 3299 1347 3365 all‘ecisti,
1372 3315 1475 3352 non
1500 3298 1620 3369 quia
1645 3297 1871 3368 ejeciSti,

279 3392 376 3448 sed
408 3393 527 3462 quia
562 3408 745 3462 pacem
771 3392 1030 3460 repttIiSli,
1078 3401 1134 3446 et
1173 3404 1338 3461 grave
1379 3391 1505 3445 illud
1548 3391 1639 3445 tibi
1667 3391 1874 3461 suppli-

279 3485 421 3539 cium
463 3485 747 3539 attraxisti.
802 3483 1019 3538 Etiamsi
1068 3487 1210 3539 enim
1258 3483 1526 3553 pulverem
1559 3499 1665 3539 non
1706 3499 1871 3539 excu-

283 3577 432 3642 tiam,
480 3577 688 3631 ctiamsi
732 3590 837 3630 non
882 3583 1113 3637 avertar,
1161 3575 1506 3629 comminatio
1554 3585 1728 3630 tamen
1770 3575 1873 3629 itn-

279 3679 424 3725 mota
456 3680 651 3723 manet.
703 3666 813 3735 Ego
842 3682 1071 3736 namque
1102 3683 1284 3737 pacem
1314 3667 1465 3721 vobis
1495 3682 1638 3738 smpe
1668 3676 1871 3736 repeto,

280 3776 456 3832 neque
482 3760 693 3815 dicendi
721 3761 880 3815 tinent
908 3759 1135 3825 faciam;
1174 3759 1315 3829 quod
1344 3759 1389 3814 si
1420 3775 1507 3815 me
1532 3775 1651 3815 cum
1684 3769 1875 3816 contu-

279 3856 456 3910 tneliis
505 3854 782 3924 excipiatis
815 3855 870 3918 ¹,
923 3870 1098 3923 neque
1139 3853 1215 3909 sic
1256 3856 1531 3924 pulverem
1560 3855 1867 3911 excutiam:

280 3964 388 4002 non
415 3947 557 4019 quod
590 3947 817 4003 Domino
845 3963 948 4001 non
980 3963 1214 4018 paream,
1240 3947 1333 4001 sed
1362 3946 1484 4018 quia
1506 3962 1689 4002 amore
1711 3948 1872 4002 vestri

283 4194 299 4239 ἰ
346 4126 363 4159 ι
400 4125 588 4189 Aliqui,
608 4123 736 4189 quod
757 4123 802 4175 si
822 4136 897 4175 me
915 4122 1211 4174 contumeliis
1232 4120 1453 4188 efficiatis
1474 4130 1520 4175 et
1540 4135 1635 4174 non
1656 4124 1876 4188 excipia-

300 4200 361 4238 ts.

300 4200 361 4238 ιι.

345 4271 419 4334 (α)
454 4270 805 4343 singulareest
825 4270 955 4379 quod
980 4269 1056 4319 hic
1079 4270 1255 4342 dicitur
1276 4270 1341 4318 de
1365 4270 1426 4318 iis
1456 4270 1541 4333 qui
1563 4282 1627 4320 ex
1650 4268 1764 4321 oleo
1797 4271 1871 4322 lu-

345 4344 448 4379 rnm
472 4333 520 4379 in
546 4331 752 4379 ecclesta
776 4346 829 4379 ar
866 4335 993 4379 entis
1013 4340 1146 4379 unctt
1168 4330 1531 4379 convaluerant.

280 4330 448 4382 cernae
472 4333 520 4380 in
540 4330 752 4381 ecclesia
776 4330 993 4382 ardentis
1013 4335 1146 4381 uncti
1168 4330 1531 4381 convaluerant.

348 4416 420 4479 (ὸ)
454 4424 647 4465 Graecus
669 4423 835 4466 textus
857 4417 927 4465 sic
945 4416 1090 4467 eil‘ert
1112 4416 1240 4466 hunc
1257 4415 1434 4475 locum,
1452 4428 1493 4466 οι,
1518 4428 1584 4480 τις,
1605 4427 1760 4478 ἱμάτια,
1789 4430 1874 4469 ἀλλ’

282 4490 534 4541 WA
552 4489 624 4541 ἰχιι
645 4490 957 4539 metthqu
975 4519 987 4536 ,
1019 4491 1050 4529 ti.
1071 4493 1131 4530 ut
1151 4492 1265 4541 ὀλὶτοι
1288 4490 1375 4529 ιισὶν
1406 4489 1443 4528 οἱ
1472 4493 1679 4539 rumpant
1711 4492 1874 4533 ιντιῦιι.

282 4539 397 4601 Quae
440 4542 498 4588 ad
524 4539 735 4601 ittteratn
763 4543 832 4601 sic
863 4541 1148 4600 redduntur,
1175 4539 1268 4590 nim
1291 4541 1419 4601 enim
1449 4546 1617 4601 vestes,
1647 4543 1733 4592 sed
1754 4543 1877 4593 elee-

283 4599 530 4666 rnosqnam
552 4599 608 4666 lu.
618 4600 691 4651 bet
708 4600 958 4666 inclusam,
972 4599 1261 4666 quamquam
1276 4600 1421 4662 pauci
1435 4600 1527 4652 sint
1538 4601 1617 4652 hic
1632 4603 1878 4666 possiden-

283 4672 371 4715 tes.
398 4664 476 4714 De
493 4665 632 4725 cujus
653 4672 817 4712 autent
838 4677 863 4711 r
886 4664 914 4711 -i
948 4664 1258 4726 possesSione
1294 4671 1467 4726 agatur
1500 4677 1595 4714 tton
1630 4666 1693 4714 ita
1733 4664 1875 4715 facile

286 4735 363 4788 est
383 4726 679 4788 decernere.
716 4732 815 4788 Non
846 4728 976 4773 enim
1008 4726 1073 4775 de
1106 4730 1415 4788 possessione
1449 4726 1738 4782 divitiarum.
1765 4742 1876 4779 cum

284 4785 537 4861 Antiochta
561 4787 761 4861 civi-tas,
785 4787 833 4861 in
855 4799 950 4849 qua
1107 4785 1312 4861 'homilia
1345 4788 1632 4861 habebatur.
1658 4788 1875 4861 opulen-

286 4850 471 4911 tissima
495 4856 626 4911 esset
655 4855 769 4897 tunc
785 4851 1034 4911 temporis.
1053 4856 1185 4897 Hunc
1204 4849 1359 4911 locum
1378 4852 1450 4898 sic
1464 4849 1685 4911 explicat,
1698 4849 1745 4898 in
1762 4861 1874 4901 nota

284 4909 679 4960 ttontetitleouius
715 4947 726 4955 .
770 4928 793 4955 ι
830 4909 1045 4960 Auctoris
1081 4918 1285 4960 mentem
1324 4910 1449 4960 hanc
1479 4909 1581 4960 esse
1603 4910 1831 4962 eaﬁstimo
1857 4927 1875 4962 :

286 4984 413 5039 τέττα
427 4971 512 5021 illa
535 4969 751 5039 ecclesiw
774 4971 1000 5039 pecunias
1022 4971 1194 5022 obtinet
1217 4972 1284 5039 ad_
1293 4972 1650 5039 cleemosynam
1671 4986 1875 5039 erogan-

284 5034 420 5092 dam,
446 5046 590 5097 quam
608 5031 846 5097 virtutem,
881 5033 1192 5097 elecmosyna:
1214 5031 1401 5097 scilicet
1418 5031 1694 5095 ενοᾲωιαιε,
1716 5031 1781 5085 θῶ
1803 5037 1877 5086 his

285 5094 601 5158 pratentibus
623 5094 765 5155 pauci
794 5094 1054 5158 possident.
1079 5094 1101 5139 it
1140 5105 1254 5154 Quae
1291 5094 1875 5158 quidem'intcrpretatio,

287 5157 329 5206 Si
353 5158 544 5214 rationi,
573 5171 668 5219 non
690 5160 1015 5219 gratttmatictn
1056 5157 1325 5207 consonati
1356 5171 1445 5205 vox
1482 5158 1612 5207 enim
1632 5192 1646 5216 ,
1681 5157 1878 5209 eleemo-

286 5231 427 5283 agna,
443 5218 600 5283 semel
624 5218 852 5283 usurpata
872 5218 929 5266 ad
957 5220 1208 5283 pecuniam
1230 5219 1703 5280 dcsignandam,non
1724 5220 1877 5270 debet

287 5279 590 5343 subintelligi
614 5281 672 5329 ad
693 5279 1055 5343 signiﬁcandam
1078 5279 1407 5343 eleemosynte
1430 5283 1677 5330 virtutem.
1712 5289 1877 5333 Nostra

286 5351 454 5405 autem
471 5340 896 5405 sententiaftnetts
918 5340 1231 5405 Auctorisrsit;
1255 5340 1433 5391 melius
1455 5343 1877 5405 explicatur:Arca

290 5404 373 5468 illa
389 5402 615 5468 ecclesia:
640 5404 868 5468 pecunias
887 5402 1074 5468 obtinet
1096 5404 1156 5451 ad
1180 5402 1543 5466 eleemosynani
1584 5406 1877 5468 erogandam

290 5467 366 5527 (et
389 5464 511 5515 hanc
533 5464 691 5531 aream
716 5465 1195 5531 ittter_possttssiones
1213 5464 1699 5529 nostras'recenseo},
1715 5479 1880 5531 quant-

286 5526 437 5591 quam
462 5527 598 5591 pauci
622 5527 718 5591 sint.
734 5526 813 5575 hic
827 5526 992 5591 (hujus
1008 5528 1152 5591 arcte)
1172 5539 1500 5591 possessores.
1514 5534 1610 5591 iloc
1628 5526 1877 5591 9SL-l-2lICI

290 5586 622 5651 eleetnisznis
636 5589 737 5651 suis
751 5586 1052 5636 arcattt‘t'llatn
1068 5586 1281 5651 ditantes
1306 5602 1317 5636 :
1343 5588 1430 5636 soli
1449 5590 1578 5637 enim
1597 5586 1879 5649 httjtts'arca:

291 5648 605 5716 possessores
622 5649 713 5716 dici
735 5651 1041 5716 possunt_qui
1062 5651 1106 5698 in
1130 5648 1211 5716 illa
1238 5649 1574 5716 eleetttosyuas
1595 5648 1711 5701 suas
1732 5667 1879 5716 repo-

286 5709 410 5762 Sitas
431 5710 631 5760 habent.
665 5709 910 5760 Calculum
934 5709 1092 5760 ferant
1123 5713 1380 5761 doctiores.

356 5797 430 5857 (σε)
455 5791 532 5860 illi
553 5787 747 5860 scilicet
782 5795 839 5860 ad
867 5792 1009 5860 fidem
1042 5797 1265 5848 conversi
1310 5795 1373 5846 dc
1406 5796 1583 5860 quibus
1618 5798 1666 5847 in
1692 5799 1881 5849 Actibus

291 5855 637 5921 apostolorum,
663 5864 714 5905 ut
738 5855 857 5905 infra
881 5857 1071 5908 indicat.

1294 406 1357 462 IN
1396 403 1807 463 MATTIIEUM
1846 402 2074 460 IIOMIL.
2104 404 2322 462 XXXII.
2361 407 2433 462 al.
2477 406 2713 465 XXXIII.

3489 404 3591 460 586

2007 522 2376 580 vehementius
2400 524 2587 581 ardeo.
2610 526 2859 597 Alioquin
2880 536 3063 583 autem
3089 525 3218 583 nihil
3247 536 3466 599 propter
3494 543 3594 584 vos

2004 611 2156 667 ardui
2211 613 2346 683 feci,
2396 630 2505 670 non
2543 615 2756 687 longam
2803 618 3291 689 peregrinationem
3339 623 3550 683 suscepi
3573 658 3590 683 .

1994 716 2168 772 neque
2211 718 2333 759 cum
2362 704 2452 760 illo
2476 706 2660 763 habitu
2688 709 2773 763 vel
2802 720 3115 779 paupertate
3145 710 3265 764 veni
3294 709 3453 780 (ideo
3475 711 3593 763 nos.

1995 791 2138 862 ipsos
2167 794 2313 863 prius
2338 799 2690 868 accusemus)
2715 840 2730 864 ,
2783 815 2957 870 tteque
2988 802 3104 855 sine
3127 801 3507 856 calceamentis
3537 808 3591 853 et

1992 883 2187 951 duplici
2215 885 2392 940 tunica
2422 888 2706 954 venimus;
2760 889 2986 960 ideoque
3026 891 3252 945 fortasse
3288 907 3380 947 vos
3412 902 3587 944 vestra

1994 975 2323 1043 uegiexistis.
2379 979 2632 1034 Attamen
2667 980 2781 1036 lucc
2811 982 2962 1037 vobis
2987 982 3052 1037 ad
3084 984 3446 1054 purgationem
3482 999 3585 1035 ttott

1990 1063 2295 1130 sufﬁciunt;
2349 1069 2441 1122 sed
2490 1071 2693 1125 crimen
2742 1083 2983 1127 nostrum
3027 1073 3198 1143 majus
3240 1083 3355 1139 est,
3414 1087 3587 1141 neque

1992 1165 2169 1210 tamen
2200 1158 2354 1211 venia
2385 1160 2535 1215 vobis
2564 1163 2910 1217 concedetur.

2062 1248 2115 1302 7.
2158 1249 2373 1305 )Ioralis
2421 1255 2705 1307 exhortatio
2735 1256 2804 1308 ad
2831 1259 3159 1312 reverentiam
3204 1262 3257 1315 in
3297 1267 3505 1320 ecclesia
3540 1277 3589 1321 et

1988 1341 2250 1395 caritatem
2274 1353 2520 1398 mutuam.
2572 1346 2676 1400 Cur
2695 1349 2839 1418 signa
2868 1350 3013 1404 edere
3038 1356 3307 1407 cessaverit
3332 1357 3487 1412 Deus.
3517 1390 3589 1400 -—

1990 1432 2140 1488 Tunc
2179 1433 2371 1489 domus
2418 1437 2664 1493 ecclesiae
2705 1450 2894 1506 erant;
2943 1458 3088 1498 nunc
3130 1447 3354 1501 ecclesia
3395 1449 3591 1508 domus

1989 1525 2124 1580 facta
2166 1534 2268 1581 cst.
2321 1527 2462 1583 Nihil
2508 1539 2633 1585 tunc
2678 1531 2731 1586 in
2775 1533 2936 1588 domo
2980 1536 3238 1592 sarculare
3271 1539 3584 1600 dicebatur:

1988 1617 2209 1671 nuncin
2238 1619 2463 1674 ecclesia
2495 1620 2627 1675 nihil
2658 1623 2937 1691 spirituale
2980 1626 3195 1694 dicitur,
3239 1631 3334 1685 sed
3379 1642 3432 1687 et
3481 1632 3588 1689 huc

1987 1711 2147 1764 etiam
2192 1708 2291 1765 fori
2319 1712 2529 1782 negotia
2573 1713 2824 1769 inducitis
2869 1733 2884 1770 :
2933 1717 3150 1788 Deoque
3176 1721 3449 1791 loquente,
3478 1740 3585 1779 non

1987 1803 2148 1857 modo
2190 1804 2365 1874 ipsum
2410 1807 2630 1861 silentio
2676 1823 2784 1863 non
2832 1809 3048 1875 auditis,
3086 1813 3180 1867 sed
3218 1819 3484 1871 contraria
3527 1817 3584 1874 itt

1988 1894 2220 1949 medium
2252 1896 2477 1951 adducta
2507 1898 2718 1968 negotia
2743 1899 3024 1969 loquimini
3056 1918 3075 1956 :
3102 1914 3265 1973 atque
3293 1905 3490 1961 utinam
3522 1924 3586 1965 ea

1985 2001 2105 2055 qua:
2147 1988 2213 2042 ad
2262 2003 2359 2044 vos
2404 1992 2675 2060 pertinent
2708 2004 2953 2059 tantum;
2998 2011 3142 2051 nunc
3166 2008 3347 2054 autem
3376 2016 3438 2055 ea
3469 2018 3588 2070 qua:

1986 2079 2116 2135 nihil
2140 2080 2210 2136 ad
2237 2096 2337 2136 vos
2362 2093 2606 2153 spectant
2628 2095 2683 2140 et
2707 2086 2887 2143 dicitis
2907 2098 2961 2143 et
2984 2089 3200 2145 auditis.
3252 2091 3378 2149 Ideo
3402 2094 3595 2166 lugeo,

1985 2182 2040 2227 et
2080 2173 2291 2245 lugendi
2315 2177 2473 2231 linem
2507 2191 2611 2232 non
2642 2178 2850 2234 iaciam.
2893 2180 3080 2251 Neque
3103 2184 3247 2238 enim
3278 2200 3493 2255 possum
3519 2204 3584 2244 ex

1986 2262 2088 2318 hac
2111 2264 2275 2321 domo
2308 2266 2597 2337 proficisci,
2634 2270 2728 2324 sed
2752 2271 2839 2325 hic
2867 2286 3085 2329 manere
3115 2289 3336 2331 necesse
3358 2291 3460 2342 eet,
3485 2280 3587 2335 do-

1984 2369 2086 2410 nec
2117 2371 2187 2412 ex
2222 2360 2474 2426 prmsenti
2500 2376 2758 2417 exeamus
2794 2364 2924 2417 vita.
2981 2362 3248 2435 Suscipite
3287 2383 3419 2440 ergo
3462 2386 3582 2437 nos,

1983 2446 2123 2502 sicut
2143 2447 2344 2504 Paulus
2369 2449 2444 2523 (2.
2475 2451 2593 2505 Cor.
2626 2453 2677 2505 7.
2703 2452 2764 2523 2)
2793 2456 3063 2525 prrecepit.
3107 2456 3289 2526 Neque
3333 2460 3478 2514 enim
3512 2460 3584 2516 de

1982 2553 2167 2594 mensa
2215 2540 2532 2610 loquebatur
2579 2543 2692 2609 ille,
2743 2544 2838 2599 sed
2881 2545 2950 2601 de
3001 2547 3272 2603 voluntate
3294 2560 3349 2604 et
3380 2551 3581 2607 animo.

1985 2629 2097 2685 Iloe
2123 2639 2178 2685 et
2198 2646 2297 2686 nos
2325 2647 2356 2686 a
2387 2634 2539 2689 vobis
2569 2636 2922 2701 postulamus,
2970 2638 3273 2702 caritatem,
3325 2650 3382 2696 et
3434 2657 3584 2696 anto-

1983 2738 2094 2777 rem
2126 2724 2273 2778 illutn
2316 2726 2592 2782 ardentem
2620 2738 2674 2783 et
2711 2731 3002 2786 sincerum.
3059 2732 3212 2799 Quod
3261 2735 3305 2789 si
3349 2736 3449 2791 hoc
3477 2753 3583 2792 non

1983 2814 2152 2880 feriis,
2197 2816 2386 2870 saltem
2429 2833 2524 2873 vos
2575 2829 2762 2875 mutuo
2804 2831 3000 2887 amate,
3049 2837 3368 2894 praesentem
3411 2826 3582 2899 depu-

1981 2917 2172 2962 ncutes
2197 2909 2726 2979 negligentiam.lloc
2747 2914 2902 2968 nobis
2925 2914 2993 2969 ad
3014 2917 3436 2973 consolationem
3454 2920 3585 2974 satis

1980 3007 2082 3064 est,
2106 3000 2150 3053 si
2175 3000 2447 3056 videamus
2469 3018 2563 3057 vos
2583 3014 2731 3061 recte
2751 3015 2970 3075 agentes
2994 3015 3048 3061 et
3072 3008 3325 3063 meliores
3340 3009 3579 3064 ell'ectos.

1979 3090 2069 3145 Sic
2115 3091 2373 3161 majorem
2405 3108 2506 3164 ego
2542 3097 2816 3150 caritatem
2864 3097 3160 3163 exhibebo,
3201 3099 3245 3153 si
3296 3098 3585 3154 ferventius

1979 3185 2367 3246 atttans.minus
2385 3200 2534 3241 atner
2548 3203 2579 3240 a
2604 3187 2940 3242 vobisAIulta
2955 3189 3098 3244 enim
3118 3204 3217 3245 nos
3230 3191 3580 3262 conjungunt:

1981 3291 2081 3329 una
2112 3291 2294 3331 mensa
2322 3278 2571 3332 omnibus
2604 3281 2875 3350 proposita
2894 3321 2907 3341 ,
2942 3295 3080 3336 tutus
3111 3282 3264 3337 nobis
3295 3294 3446 3351 pater
3474 3293 3576 3348 est,

1978 3368 2168 3423 eodem
2199 3376 2352 3438 partu
2383 3385 2572 3424 omnes
2603 3371 2920 3437 prodiimus,
2977 3372 3117 3426 idem
3148 3382 3303 3442 potus
3329 3375 3579 3430 omnibus

1979 3457 2133 3512 datus
2163 3468 2277 3525 est;
2318 3460 2425 3514 imo
2453 3475 2558 3515 non
2587 3461 2761 3515 solum
2794 3462 2934 3517 idem
2963 3472 3142 3532 potus,
3172 3463 3268 3521 St‘tI
3296 3479 3360 3518 ex
3387 3464 3579 3519 eodetn

1978 3553 2146 3608 calice
2175 3553 2488 3609 sumendus.
2513 3554 2676 3609 Pater
2705 3555 2849 3609 enim
2879 3563 3083 3619 noster,
3135 3571 3258 3613 cum
3295 3572 3394 3611 nos
3420 3557 3583 3613 vellet

1980 3644 2032 3697 in
2081 3656 2322 3699 mutuum
2353 3660 2591 3701 amorem
2643 3646 2915 3709 inducere,
2947 3647 3075 3703 illud
3102 3649 3435 3704 machinatus
3465 3658 3580 3711 est.

1981 3746 2041 3791 ttt
2085 3754 2150 3791 ex
2185 3755 2289 3793 uno
2316 3738 2483 3794 calice
2512 3738 2859 3803 biberemus;
2900 3739 3042 3809 quod
3068 3741 3316 3796 maxima?
3335 3750 3418 3796 est
3441 3741 3584 3795 cari-

1981 3829 2126 3883 tatis.
2176 3828 2279 3884 Sed
2305 3830 2588 3900 apostolis,
2638 3831 2869 3901 iuquies,
2921 3831 3066 3901 digni
3109 3846 3215 3886 nou
3262 3845 3469 3887 sumus.
3521 3830 3577 3886 Id

1979 3935 2080 3989 ego
2106 3920 2295 3982 lateor,
2346 3935 2447 3975 nec
2493 3937 2743 3990 umquam
2783 3922 3114 3990 negaverim.
3161 3921 3279 3977 Non
3304 3922 3577 3978 cttimiliis

1980 4010 2143 4065 modo
2171 4051 2185 4074 ,
2218 4010 2311 4065 sed
2360 4026 2429 4066 ne
2476 4011 2681 4065 umbrae
2716 4011 2935 4081 quidem
2976 4012 3191 4067 illorum
3229 4013 3578 4082 comparandi

1980 4117 2187 4158 sumus.
2233 4105 2480 4157 Attamen
2508 4117 2602 4158 vos
2629 4105 2862 4158 oitieiutu
2895 4117 3131 4160 vestrum
3169 4106 3408 4175 implete.
3462 4106 3575 4161 Non

1978 4198 2121 4250 enim
2145 4196 2274 4251 illud
2306 4196 2460 4250 vobis
2490 4212 2744 4267 umquam
2778 4197 2965 4267 pudori
2995 4198 3122 4264 erit,
3169 4200 3262 4255 sed
3308 4214 3404 4254 vos
3447 4214 3573 4254 ma-

1980 4291 2121 4345 xime
2160 4289 2387 4360 juvabit.
2429 4289 2561 4345 (lum
2595 4291 2738 4345 enim
2785 4290 2950 4345 etiam
2976 4305 3104 4362 erga
3142 4290 3391 4361 indignos
3416 4291 3578 4346 talem

1980 4381 2302 4436 exhibeltitis
2337 4396 2598 4445 amorem,
2649 4383 2807 4437 talem
2853 4381 3282 4452 obsequctttiant,
3313 4393 3438 4440 tunc
3459 4400 3576 4440 ma-

1976 4474 2150 4545 jorem
2183 4476 2454 4545 recipietis
2485 4475 2816 4531 mercedem.
2846 4475 2962 4530 Non
3000 4485 3178 4531 nostra
3212 4477 3410 4547 quippe
3448 4477 3581 4532 dici-

1981 4583 2137 4633 mus;
2176 4569 2297 4639 quia
2341 4569 2518 4623 nttllus
2542 4578 2627 4623 est
2657 4569 2809 4623 nobis
2840 4569 3032 4624 doctor
3058 4570 3111 4624 in
3138 4580 3313 4635 terra;
3340 4570 3433 4625 sed
3457 4586 3577 4641 qua:

1981 4662 2305 4731 accepimus,
2347 4661 2559 4727 damus,
2609 4671 2665 4716 et
2711 4676 2811 4733 pro
2837 4664 2962 4717 dato
2990 4662 3121 4717 nihil
3147 4677 3178 4717 a
3218 4663 3368 4716 vobis
3398 4664 3579 4733 requi-

1982 4756 2169 4819 rimus,
2220 4752 2319 4807 nisi
2373 4762 2430 4807 ttt
2472 4753 2812 4809 redatnetmtr
2859 4761 3088 4807 tantum.
3134 4752 3287 4821 Quod
3326 4753 3369 4807 si
3413 4754 3573 4809 etiam

1981 4860 2166 4901 amore
2206 4845 2405 4915 indigni
2454 4859 2641 4899 sumus
2669 4887 2683 4907 ,
2727 4844 2810 4899 vel
2858 4843 2982 4898 hinc
3026 4844 3132 4897 cito
3161 4845 3361 4898 erimus
3406 4842 3575 4913 digni,

1982 4937 2120 5006 quod
2170 4951 2266 4990 vos
2308 4951 2434 4991 vere
2480 4950 2744 4990 amemus.
2788 4932 3234 5005 Quandoquidem
3262 4934 3570 4991 mandatum

1986 5029 2137 5082 nobis
2180 5037 2281 5093 cst,
2327 5043 2434 5081 non
2463 5026 2639 5082 solum
2660 5041 2756 5079 eos
2780 5025 2869 5096 qui
2906 5040 3004 5078 nos
3028 5034 3208 5080 amant
3233 5041 3435 5092 amare,
3479 5027 3577 5081 sed

1984 5121 2145 5174 etiam
2188 5119 2433 5173 inimicos
2483 5117 2726 5187 diligere.
2779 5116 2910 5183 Quis
2936 5116 3006 5170 ita
3056 5117 3324 5184 immanis,
3358 5118 3479 5189 quis
3504 5118 3576 5173 ita

1988 5208 2150 5274 ferus,
2182 5209 2275 5279 qui
2303 5208 2392 5263 tali
2419 5216 2635 5277 accepta
2668 5206 2784 5277 lege
2808 5248 2823 5273 ,
2851 5208 3012 5262 etiam
3043 5213 3123 5263 sui
3151 5219 3397 5265 amantes
3430 5223 3585 5265 aver-

1985 5309 2134 5355 setur
2183 5309 2236 5356 et
2262 5300 2386 5357 odio
2430 5299 2645 5366 haheat,
2677 5299 2887 5354 etiamsi
2913 5299 3060 5355 mille
3080 5300 3152 5354 sit
3177 5300 3319 5355 vitiis
3345 5300 3533 5371 plenus
3561 5306 3581 5360 ρ

1985 5392 2180 5447 Mensa:
2204 5392 2496 5461 spiritualis
2521 5397 2801 5445 consortes
2822 5388 3021 5445 fuimus
3054 5408 3068 5443 :
3096 5390 3387 5460 spiritualis
3409 5389 3570 5445 etiam

1986 5483 2222 5539 caritatis
2242 5491 2524 5538 consortes
2555 5483 2744 5536 simus.
2771 5480 2902 5536 Nam
2933 5482 2979 5537 si
3009 5482 3263 5547 latrones,
3295 5481 3386 5551 qui
3416 5482 3577 5535 sitnul

1988 5583 2295 5637 vescuntur,
2327 5573 2494 5628 moris
2522 5573 2601 5627 sui
2635 5581 2822 5627 mutuo
2851 5571 3260 5638 obliviscuntur,
3290 5586 3448 5643 quam
3481 5582 3579 5629 uo:

1986 5668 2386 5723 excusationem
2436 5663 2771 5730 habebimus,
2803 5665 2892 5735 qui
2923 5662 3174 5717 dominici
3205 5663 3449 5732 corporis
3489 5679 3583 5719 su—

1988 5771 2106 5811 tntts
2130 5764 2431 5822 Consortes,
2476 5768 2578 5809 nec
2602 5754 2814 5809 illorum
2843 5754 3302 5810 mansuetudinem
3336 5765 3579 5809 mutuam

1990 5850 2294 5906 imitamur?
2336 5847 2495 5919 Atqui
2521 5847 2701 5904 multis
2729 5861 2833 5903 non
2862 5862 3064 5903 mensa:
3087 5855 3311 5910 tantum,
3339 5848 3439 5902 sed
3467 5843 3590 5899 civi-
