4118 6456
433 408 536 459 580

429 523 492 577 ού
534 521 819 592 προϐάτιον
845 517 1155 589 ἡμερότητα
1193 513 1351 584 μόνον
1387 511 1530 582 ἐχειν
1565 508 1798 564 κελεύει.
1842 506 1978 560 ἀλλά
2017 507 2112 560 καὶ

428 611 529 681 τῆς
565 608 897 680 περιστερᾶς
938 604 998 657 τὸ
1046 603 1323 674 ἀκέραιον.
1386 597 1544 652 Οὕτω
1586 597 1696 668 γὰρ
1733 595 1970 666 μάλιστα
2009 593 2111 665 τὴν

424 696 570 767 ἐμὴν
603 693 903 764 ἐνδείξομαι
939 692 1112 762 ἰσχὺν,
1143 690 1273 743 ὅταν
1306 687 1559 759 πρόϐατα
1591 685 1771 738 λύκων
1815 681 2109 754 περιγένη-

415 803 541 849 ται,
565 784 658 837 καὶ
684 785 741 836 ἐν
771 780 922 851 μέσῳ
953 779 1063 832 τῶν
1084 777 1263 832 λύκων
1280 777 1432 840 ὄντα,
1453 775 1546 827 καὶ
1575 772 1744 845 μυρία
1763 771 2111 841 λαμϐάνοντα

428 875 702 943 δήγματα,
758 869 832 940 μὴ
877 868 1036 939 μόνον
1089 865 1163 938 μὴ
1210 865 1259 900 ⁸³
1304 862 1789 932 καταναλίσκηται,
1833 858 1973 913 ἀλλά
2016 859 2112 912 καὶ

415 963 670 1027 τὲκείνους
699 959 1041 1032 μεταϐάλλῃ·
1083 957 1112 1010 ὃ
1148 954 1325 1026 πολλῷ
1365 950 1809 1024 θαυμαστότερόν
1851 951 1968 1002 ἐστι
2014 950 2112 1002 καὶ

436 1053 616 1121 μεῖζον
646 1049 739 1104 τοῦ
774 1048 1005 1112 ἀνελεῖν,
1036 1045 1098 1099 τὸ
1130 1042 1441 1115 μεταθεῖναι
1469 1040 1567 1114 τὴν
1599 1039 1848 1110 γνώμην,
1883 1039 1978 1091 καὶ
2014 1055 2111 1109 με·

423 1139 800 1212 ταρῥυθμίσαι
828 1136 925 1209 τὴν
971 1136 1241 1190 διάνοιαν·
1281 1133 1376 1185 καὶ
1409 1127 1579 1184 ταῦτα
1629 1128 1838 1183 δώδεκα
1875 1127 2026 1191 ὄντες
2061 1127 2109 1160 ⁸³

416 1249 420 1285 ς
434 1231 614 1298 μόνον,
655 1227 752 1298 τῆς
779 1223 1100 1295 οἰκουμένης
1124 1221 1235 1275 τῶν
1253 1218 1431 1272 λύκων
1457 1215 1942 1288 ἐμπεπλησμένης.

501 1314 894 1388 Αἰσχυνώμεθα
908 1312 1086 1367 τοίνυν
1110 1310 1160 1362 οἱ
1186 1306 1440 1362 τάναντία
1470 1304 1768 1368 ποιοῦντες,
1793 1305 1839 1358 οί
1861 1304 1936 1368 ὡς
1955 1303 2112 1360 λύκοι

428 1409 541 1471 τοῖς
576 1386 789 1475 ἐχθροῖς
826 1399 1211 1470 ἐπιτιθέμενοι.
1245 1395 1390 1459 Ἕως
1414 1395 1524 1464 γὰρ
1549 1392 1614 1448 ἂν
1648 1386 1797 1462 ὦμεν
1837 1391 2106 1463 πρόϐατα,

425 1493 699 1564 νικῶμεν·
746 1489 848 1544 κᾶν
893 1486 1076 1558 μυρίοι
1112 1481 1623 1555 περιστοιχίσωνται
1671 1479 1847 1541 λύκοι,
1900 1495 2114 1552 περιγι-

431 1581 632 1652 νόμεθα
675 1579 769 1632 καὶ
798 1574 1140 1649 κρατοῦμεν·
1183 1572 1250 1627 ἀν
1297 1572 1355 1625 δέ
1387 1569 1675 1640 γενώμεθα
1713 1568 1888 1629 λύκοι,
1939 1567 2112 1640 ἡττώ-

430 1667 572 1738 μεθα
595 1683 608 1696 ·
645 1664 936 1734 ἀφίσταται
965 1661 1075 1731 γὰρ
1097 1658 1254 1731 ἡμῶν
1283 1659 1318 1728 ἡ
1347 1653 1441 1710 τοῦ
1474 1658 1731 1727 ποιμένος
1759 1655 1998 1727 βοήθεια.
2031 1653 2109 1709 Ού

425 1756 538 1826 γὰρ
565 1753 782 1815 λύκους,
824 1749 958 1803 ἀλλά
1003 1746 1255 1819 πρόϐατα
1289 1744 1590 1816 ποιμαίνει,
1644 1744 1738 1796 καὶ
1770 1744 1786 1774 ¹
1841 1741 2110 1813 καταλιμ-

429 1843 592 1895 πάνει
643 1857 703 1893 σε
745 1839 841 1892 καὶ
883 1835 1198 1907 ἀναχωρεῖ·
1255 1831 1376 1886 οὐδὲ
1426 1832 1536 1903 γὰρ
1592 1832 1893 1902 συγχωρεῖς
1942 1829 2108 1884 αὑτοῦ

423 1930 710 2002 δειχθῆναι
757 1929 855 2000 τὴν
899 1926 1151 1997 δύναμιν.
1192 1923 1292 1977 Ἂν
1331 1922 1428 1992 μὲν
1478 1921 1589 1992 γάρ
1644 1921 1871 1991 πάσχων
1923 1920 2110 1984 κακῶς

422 2017 744 2090 ἡμερότητα
779 2014 1036 2085 ἐπιδείξῃ,
1073 2011 1222 2084 αὐτῷ
1251 2007 1524 2079 λογίζεται
1555 2008 1699 2062 ἀπαν
1721 2008 1782 2060 τὸ
1811 2007 2071 2079 τρόπαιον
2092 2021 2107 2037 ·

425 2107 498 2163 ἂν
527 2108 581 2161 δὲ
607 2105 826 2176 ἐπεξίῃς
852 2104 948 2158 καὶ
976 2100 1272 2174 πυκτεύῃς,
1309 2098 1649 2161 ἐπισκιάζεις
1678 2099 1744 2168 τῇ
1779 2097 1926 2170 νίκῃ.
1959 2097 2031 2148 Σὺ
2053 2096 2110 2150 δέ

429 2215 524 2266 μοι
557 2195 748 2249 σκόπει
797 2193 942 2256 τίνες
991 2191 1128 2243 εἰσὶν
1168 2191 1217 2242 οί
1265 2187 1376 2242 τῶν
1425 2185 1865 2259 προσταγμάτων
1904 2183 2110 2238 τούτων

427 2283 717 2346 ἀκούοντες
760 2279 868 2333 τῶν
912 2276 1162 2348 σκληρῶν
1190 2276 1286 2329 καὶ
1341 2275 1647 2327 ἐπιπόνων·
1703 2273 1752 2325 οί
1796 2270 1961 2325 δειλοὶ
2013 2273 2109 2325 καὶ

431 2371 667 2424 ἰδιῶται·
717 2371 764 2421 οἱ
815 2366 1171 2438 ἀγράμματοι
1218 2363 1312 2416 καὶ
1358 2359 1591 2433 ἀμαθεῖς
1619 2377 1632 2392 ·
1677 2361 1726 2412 οί
1771 2358 2038 2413 πάντοθεν
2087 2360 2108 2389 ²

418 2461 660 2530 ἄσημοι·
703 2457 751 2509 οἱ
785 2454 1054 2526 μηδέποτε
1095 2453 1206 2516 τοῖς
1252 2449 1452 2514 ἔξωθεν
1497 2447 1857 2518 ἐντραφέντες
1884 2446 2105 2516 νόμοις·

413 2549 472 2600 οἱ
495 2547 569 2617 μὴ
592 2543 799 2615 ταχέως
825 2543 904 2605 είς
925 2537 1128 2609 ἀγοράς
1152 2533 1512 2608 ἐμϐάλλοντες
1539 2532 1768 2596 ἐαυτούς
1787 2550 1800 2562 ·
1835 2534 1885 2586 οί
1914 2531 2105 2594 ἁλιεῖς,

425 2637 475 2689 οἱ
508 2635 755 2698 τελῶναι,
786 2633 835 2686 οἱ
875 2629 1084 2702 μυρίων
1111 2626 1376 2697 γέμοντες
1398 2623 1814 2694 ἐλαττωμάτων.
1840 2621 1903 2674 El
1931 2620 2108 2702 δὲκαὶ

423 2726 549 2788 τοὺς
579 2720 818 2792 ὑψηλοὺς
845 2701 941 2772 καὶ
975 2715 1247 2788 μεγάλους
1281 2712 1442 2768 ἱκανά
1486 2709 1659 2765 ταῦτα
1685 2701 2103 2780 θορυϐῆσαι¹ἦν,

425 2811 550 2874 τοὺς
575 2807 836 2864 πάντοθεν
861 2805 1122 2875 ἀπείρους
1142 2801 1239 2856 καὶ
1254 2800 1406 2854 οὐδὲν
1426 2799 1680 2852 οὐδέποτε
1704 2796 2108 2866 φαντασθέντας

423 2901 668 2966 γενναῖον
703 2897 818 2959 πῶς
848 2894 948 2947 ούκ
994 2888 1062 2964 ἦν
1108 2889 1270 2944 ίκανά
1301 2885 1628 2940 καταϐαλεῖν
1668 2888 1762 2938 καὶ
1800 2884 2102 2956 ἐκπλῆξαι;

435 2985 573 3038 Ἀλλ’
602 2985 662 3036 ού
693 2980 980 3036 κατέϐαλε.
1014 2979 1124 3032 Kal
1149 2975 1296 3047 μάλα
1330 2974 1576 3037 είκότως,
1616 2971 1745 3035 ἴσως
1775 2971 1798 3003 ³
1837 2973 1980 3025 εἴποι
2022 2988 2107 3034 τις

422 3076 488 3126 ἄν
512 3090 524 3103 ο
555 3072 720 3124 ἔδωκε
744 3069 851 3138 γὰρ
890 3067 1076 3129 αὐτοῖς
1111 3063 1361 3131 ἐξουσίαν
1390 3062 1626 3131 λεπροὺς
1655 3051 2102 3131 καθαίρειν,’δαί-

426 3175 594 3228 μονας
643 3155 907 3210 ἐλαύνειν.
965 3150 1107 3220 Ἐγὼ
1140 3151 1196 3204 δὲ
1231 3151 1408 3204 ἐκεῖνο
1452 3148 1519 3202 ἂν
1551 3147 1785 3218 εἴποιμι,
1837 3147 1920 3201 ὅτι
1971 3146 2102 3200 αύτὺ

427 3247 525 3316 μὲν
575 3241 669 3298 οὖν
721 3241 880 3296 τοῦτο
922 3240 1154 3312 μάλιστα
1207 3238 1404 3300 αὐτοὺς
1447 3235 1627 3289 ἱκανὸν
1674 3230 1742 3307 ἦν
1777 3232 2098 3305 θορυϐῆσαι,

421 3335 504 3387 ὅτι
535 3334 556 3364 ⁸
577 3334 668 3386 καὶ
698 3330 925 3402 νεκροὺς
949 3329 1252 3398 ἐγείροντες
1273 3324 1342 3378 τὰ
1369 3326 1643 3396 ἀνήκεστα
1677 3320 1854 3375 ταῦτα
1877 3321 2102 3392 ἔμελλον

423 3423 737 3490 ὑπομένειν,
783 3419 875 3474 καὶ
911 3417 1261 3489 δικαστήρια,
1302 3415 1396 3467 καὶ
1451 3411 1776 3480 ἀπαγωγὰς,
1835 3409 1931 3464 καὶ
1974 3411 2102 3474 τοὺς

421 3509 574 3580 παρά
595 3509 811 3562 πάντων
846 3506 1136 3578 πολέμους,
1180 3503 1276 3557 καὶ
1317 3501 1377 3555 τὸ
1422 3499 1600 3554 κοινὸν
1637 3499 1739 3570 τῆς
1775 3497 2100 3569 οἰκουμένης

426 3601 601 3666 μῖσος,
631 3597 722 3649 καὶ
747 3596 971 3648 τοιαῦτα
997 3595 1192 3654 αὐτοὺς
1219 3587 1767 3660 θαυματουργοῦντας
1806 3585 2100 3656 ἀναμένειν

421 3685 590 3739 δεινά.
629 3684 724 3746 Τίς
748 3677 840 3736 οῦν
872 3684 906 3754 ή
936 3681 1138 3734 τούτων
1190 3678 1407 3731 πάντων
1454 3676 1841 3748 παράκλησις;
1898 3675 1964 3727 Ἦ
2004 3673 2098 3727 τοῦ

423 3772 729 3843 πέμποντος
757 3769 1007 3841 δύναμις.
1041 3767 1130 3820 Διὸ
1158 3766 1250 3819 καὶ
1281 3763 1436 3818 τοῦτο
1472 3763 1576 3835 πρὸ
1609 3763 1825 3815 πάντων
1858 3759 2096 3828 τέθεικε,

421 3860 626 3928 λέγων·
669 3856 824 3914 Ἰδοὺ
852 3856 966 3927 ἐγὼ
998 3851 1356 3910 ἀποστέλλω
1391 3848 1564 3920 ὑμᾶς.
1618 3849 1804 3920 Ἀρκεῖ
1835 3847 1993 3901 τοῦτο
2019 3851 2099 3912 εἰς

423 3945 775 4020 παραμυθίαν
832 3946 989 4016 ὑμῖν·
1046 3943 1208 4012 ἀρκεῖ
1248 3939 1409 3994 τοῦτο
1456 3940 1535 4002 είς
1575 3936 1636 3990 τὺ
1692 3936 1948 4009 θαρρεῖν,
2003 3936 2098 3990 καὶ

423 4035 628 4108 μηδένα
658 4036 678 4067 ⁸
715 4033 1008 4088 δεδοικέναι
1031 4031 1138 4084 τῶν
1167 4031 1450 4084 ἐπιόντων.

495 4121 559 4194 β’.
601 4119 752 4185 Εἶδες
798 4119 1117 4186 αύθεντίαν;
1169 4112 1310 4182 εῖδες
1360 4115 1649 4182 ἐξου’σίαν;
1689 4111 1830 4178 εἶδες
1866 4113 2096 4185 δύναμιν

421 4211 668 4283 ἀμαχονς
710 4210 777 4265 '0
809 4211 865 4264 δέ
892 4209 1062 4278 λέγει,
1114 4206 1354 4262 τοιοῦτόν
1405 4209 1520 4259 ἐστι
1544 4220 1560 4238 ·
1609 4205 1700 4276 Μὴ
1733 4203 2094 4277 θορυϐηθῆτε,

423 4303 608 4370 φησὶν,
635 4300 716 4353 ὅτι
739 4297 941 4367 μεταξὺ
965 4297 1144 4350 λύκων
1187 4296 1439 4366 πέμπων,
1490 4294 1566 4358 ὡς
1608 4293 1856 4364 πρόϐατα
1893 4294 1990 4348 καὶ
2020 4293 2097 4360 ὡς

421 4386 750 4458 περιστεράς
788 4381 924 4439 εἶναι
962 4385 1187 4438 κελεύω.
1233 4383 1541 4454 Ἦδυνάμην
1584 4381 1682 4453 μὲν
1719 4382 1827 4454 γὰρ
1877 4386 2098 4456 ποιῆσαι

419 4473 749 4538 τούναντίον,
780 4473 873 4527 καὶ
893 4472 1060 4543 μηδὲν
1089 4469 1237 4544 [579]
1273 4470 1418 4541 ὑμᾶς
1444 4472 1660 4539 ἀφεῖναι
1689 4470 1860 4524 δεινὸν
1893 4471 2097 4542 ὑπομέ-

419 4579 553 4625 νειν,
589 4559 722 4632 μηδέ
739 4561 814 4625 ὼς
835 4559 1082 4631 πρόϐατα
1113 4557 1441 4627 ύποτεθῆναι
1467 4556 1673 4622 λύκοις,
1697 4556 1834 4611 ἀλλὰ
1865 4557 2096 4612 λεόντων

419 4647 758 4721 ἐργάσασθαι
789 4647 1226 4718 φοϐερωτέρους·
1275 4644 1389 4700 ἀλλ’
1428 4645 1570 4698 οὕτω
1617 4645 1888 4717 συμφέρει
1940 4645 2096 4715 γενέ-

420 4737 564 4791 σθαι.
584 4736 754 4790 Τοῦτο
774 4737 868 4790 καὶ
899 4735 1040 4808 ὑμᾶς
1071 4734 1484 4806 λαμπροτέρους
1509 4735 1653 4786 ποιεῖ
1674 4747 1687 4762 °
1712 4733 1868 4787 τοῦτο
1887 4733 1979 4788 καὶ
1994 4733 2096 4805 τὴν

420 4824 557 4895 ἐμὴν
606 4824 970 4897 ἀνακηρύττει
1033 4822 1279 4892 δύναμιν.
1331 4821 1503 4876 Τοῦτο
1555 4823 1650 4875 καὶ
1693 4821 1830 4892 πρὸς
1882 4821 2095 4877 Παῦλον

419 4910 602 4979 ἔλεγεν
623 4928 636 4941 ·
677 4911 866 4980 Ἀρκεῖ
895 4925 994 4965 σοι
1026 4910 1064 4977 ή
1098 4909 1270 4981 χάρις
1289 4926 1409 4980 μου
1429 4926 1442 4939 ·
1474 4909 1514 4977 ἡ
1551 4908 1659 4978 γὰρ
1696 4906 1951 4978 δύναμίς
1971 4926 2093 4978 μου

417 4999 489 5052 ἐν
534 4997 817 5062 ἀσθενείᾳ
869 4997 1219 5052 τελειοῦται.
1297 4995 1439 5065 Ἐγὼ
1492 4996 1672 5050 τοίνυν
1735 4994 1908 5060 οὕτως
1948 4997 2093 5068 ὑμᾶς

421 5084 652 5155 ἐποίησα
683 5081 843 5138 εἶναι.
875 5085 1047 5138 Ὅταν
1077 5085 1185 5155 γὰρ
1207 5085 1360 5156 εἴπῃ,
1401 5084 1544 5154 Ἐγὼ
1564 5084 1919 5139 ἀποστέλλω
1937 5084 2094 5155 ὑμᾶς

417 5175 499 5241 ὡς
519 5175 801 5244 πρόϐατα,
829 5171 986 5226 τοῦτο
1017 5173 1344 5226 αἰνίττεται·
1373 5171 1465 5243 Μή
1491 5172 1672 5226 τοίνυν
1703 5173 2049 5245 καταπέσητε
2073 5191 2088 5207 ·

415 5259 532 5317 οἶδα
563 5261 692 5332 γὰρ,
721 5257 839 5314 οῖδα
861 5260 1068 5330 σαφῶς,
1096 5261 1176 5314 ὄτι
1208 5262 1381 5332 ταύτῃ
1408 5261 1643 5332 μάλιστα
1669 5261 1834 5316 πᾶσιν
1863 5261 2092 5335 ἀχείρω-

413 5367 498 5407 τοι
534 5349 744 5406 ἔσεσθε.
779 5345 934 5412 Εἶτα,
988 5348 1077 5402 ῖνα
1111 5367 1164 5402 τι
1198 5350 1290 5402 καὶ
1331 5351 1462 5420 παρ’
1509 5348 1718 5403 ἐαυτῶν
1768 5350 2086 5422 εἰσφέρωσι,

416 5439 508 5494 κα)⁵
540 5439 614 5510 μὴ
656 5437 833 5492 πάντα
878 5437 976 5508 τῆς
1009 5435 1229 5507 χάριτος
1277 5433 1415 5490 εῖναι
1463 5436 1613 5508 δοκῇ,
1665 5436 1800 5507 μηδέ
1845 5439 1965 5510 εἰκῆ
1996 5439 2092 5493 καὶ

417 5529 592 5601 μάτην
629 5523 1022 5600 στεφανοῦσθαι
1069 5523 1417 5595 νομίζωνται,
1463 5525 1632 5598 φησί·
1685 5527 1941 5605 Γίνεσθε
1976 5522 2091 5583 οὖν

1267 399 1322 452 S.
1363 393 1651 451 .IOANNIS
1687 388 2181 447 CIIRYSOSTOMI
2221 387 2542 448 ARCHIEP.
2574 389 3124 446 CONSTANTINOP.

3791 399 3895 456 390

2213 506 2485 574 φρόνιμοι
2517 508 2598 571 ὠς
2625 511 2680 560 οΙ
2714 507 2901 576 ὄφεις,
2930 507 3030 560 καὶ
3058 507 3316 576 ἀκέραιοι
3343 510 3423 576 ὡς
3440 514 3502 565 al
3527 523 3894 587 περιστεραί.

2214 594 2324 645 Καὶ
2353 594 2406 646 τί
2433 593 2633 647 δύναιτ’
2664 595 2730 648 ἂν
2759 597 2792 666 ή
2827 594 3072 666 ἡμετέρα
3095 595 3374 666 φρόνησις,
3407 599 3593 670 φησὶν,
3618 605 3676 656 ἐν
3707 608 3896 662 τοσού-

2210 696 2325 745 τοις
2359 681 2622 746 κινδύνοις
2646 699 2660 749 ;
2699 682 2812 745 πῶς
2827 682 2884 734 δὲ
2911 682 3048 746 ὅλως
3072 683 3413 755 δυνησόμεθα
3443 689 3707 762 φρόνησιν
3726 693 3892 764 ἐχειν,

2213 769 2318 824 ὑπὸ
2353 771 2623 826 τοσούτων
2667 772 3148 844 περιαντλούμενοι
3187 775 3480 844 κυμάτωνς
3532 779 3694 834 Ὅσον
3731 753 3841 855 γάρ
3870 788 3892 818 ⁸

2213 857 2280 912 ἂν
2321 858 2548 930 γένηται
2588 859 2848 929 φρόνιμον
2895 860 3166 932 πρόϐατον
3215 863 3420 932 μεταξὺ
3466 863 3646 920 λύκων
3683 867 3766 931 ὃν,
3799 874 3892 925 καὶ

2211 945 2390 1000 λύκων
2428 946 2718 1013 τοσούτων,
2749 947 2802 1001 τί
2839 947 3129 1018 δυνήσεται
3155 948 3317 1003 πλέον
3363 950 3559 1006 ἀνύσαι
3586 971 3601 1019 ;
3625 956 3752 1010 ὅσον
3780 960 3799 988 ⁷
3826 959 3889 1014 ἂν

2211 1034 2437 1105 γένηται
2467 1035 2725 1107 ἀκέραιος
2767 1037 2800 1107 ή
2829 1037 3153 1108 περιστερὰ,
3195 1037 3251 1092 τί
3284 1037 3582 1111 ὠφελήσει,
3619 1045 3889 1100 τοσούτων

2210 1123 2574 1192 ἐπικειμένων
2599 1122 2868 1195 ίεράκων;
2911 1123 3032 1177 Ἐπὶ
3067 1124 3166 1195 μὲν
3197 1126 3219 1157 ⁸
3263 1127 3372 1182 τῶν
3413 1128 3646 1197 ἀλόγων,
3698 1133 3849 1186 οὐδέν
3872 1152 3886 1165 ·

2211 1209 2304 1263 ἐπὶ¹
2329 1210 2386 1264 δέ
2411 1209 2586 1281 ὑμῶν,
2621 1210 2689 1265 τὰ
2716 1212 2969 1282 μέγιστα.
3015 1211 3154 1266 Ἀλλ’
3201 1213 3400 1286 ἴδωμεν
3436 1217 3594 1270 ποίαν
3631 1221 3890 1291 φρόνησιν

2210 1298 2443 1352 ἐνταῦθα
2477 1300 2716 1354 ἀπαιτεῖ.
2770 1301 2881 1369 Τὴν
2918 1300 3012 1356 τοῦ
3042 1302 3238 1371 ὄφεως,
3282 1305 3434 1375 φησί.
3489 1307 3752 1381 Καθάπερ
3783 1311 3892 1382 γὰρ

2211 1389 2418 1451 ἐκεῖνος
2463 1388 2531 1442 τά
2583 1389 2761 1442 πάντα
2795 1389 3062 1461 προΐεται,
3125 1391 3227 1444 κᾶν
3276 1391 3409 1444 αὐτὸ
3467 1392 3559 1464 δὲῃ
3609 1396 3671 1449 τὸ
3729 1396 3890 1468 σῶμα

2213 1475 2617 1546 ἀποτμηθῆναι,
2676 1469 2737 1530 ού
2790 1477 2992 1548 σφόδρα
3031 1478 3315 1548 ἀντέχεται
3363 1479 3551 1545 αὑτοῦ,
3601 1481 3745 1537 ὥστε
3789 1484 3888 1556 τὴν

2211 1563 2453 1634 κεφαλὴν
2502 1562 2862 1634 διατηρῆσαι·
2921 1564 3064 1619 οὕτω
3108 1566 3204 1618 καὶ
3255 1567 3342 1630 σὺ,
3402 1567 3555 1637 φησὶ,
3612 1569 3752 1642 πλὴν
3791 1572 3890 1641 τῆς

2212 1652 2449 1715 πίστεως
2485 1651 2660 1705 πάντα
2707 1651 2936 1718 ἐκδίδου,
2985 1653 3091 1706 κᾶν
3135 1653 3414 1724 χρήματα,
3456 1655 3557 1709 κᾶν
3595 1657 3657 1710 τὸ
3703 1659 3886 1730 σῶμα.

2213 1737 2317 1792 κᾶν
2372 1738 2542 1810 αὐτὴν
2590 1740 2692 1810 τὴν
2727 1739 2903 1811 ψυχήν
2942 1739 3190 1794 ἐκδοῦναι
3245 1741 3360 1814 δέῃ.
3405 1743 3647 1797 Ἐκεῖνο⁹
3691 1745 3803 1818 γὰρ
3855 1748 3888 1818 ἡ

2213 1826 2422 1899 κεφαλὴ
2451 1829 2546 1881 καὶ
2571 1831 2605 1900 ἡ
2635 1829 2758 1899 ῥίζα
2782 1847 2796 1862 ·
2829 1829 3088 1899 κάκείνης
3107 1829 3556 1903 διατηρουμένης,
3585 1832 3686 1886 κάν
3711 1835 3890 1888 πάντα

2213 1917 2504 1988 ἀπολέσῃς,
2549 1917 2764 1970 ἅπαντα
2805 1917 3086 1989 ἀνακτήσῃ
3128 1917 3289 1971 πάλιν
3308 1919 3465 1988 -μετά
3508 1919 3756 1984 πλείονος
3789 1922 3892 1992 τῆς

2213 1995 2729 2074 περιφανείαςλΔιά
2757 2004 2818 2074 δὴ
2851 2003 3010 2058 τοῦτο
3038 2003 3161 2058 οὔτε
3192 2005 3395 2058 ἁπλοῦν
3444 2023 3567 2061 τινα
3612 2001 3754 2061 εἶναι
3793 2011 3890 2062 καὶ

2212 2091 2385 2162 ἀφελῆ
2413 2075 2768 2163 προσέταξεν,
2806 2090 2930 2145 οὔτε
2960 2091 3222 2162 φρόνιμον
3261 2093 3443 2162 μόνον,
3495 2094 3610 2147 ἀλλ’
3651 2095 3887 2166 ἐκέρασε

2210 2179 2382 2234 ταῦτα
2415 2180 2721 2251 ἀμφότερα,
2756 2179 2897 2232 ὥστε
2929 2179 3180 2248 γενέσθαι
3209 2179 3346 2234 αύτά
3373 2183 3575 2254 ἀρετήν
3597 2201 3610 2214 ·
3655 2184 3756 2255 τὴν
3788 2185 3888 2255 μὲν

2211 2267 2472 2338 φρόνησιν
2503 2266 2597 2320 τοῦ
2628 2267 2804 2336 ὄφεως
2836 2269 2915 2330 είς
2956 2267 3016 2320 τὸ
3057 2268 3131 2338 μή
3163 2267 3493 2339 πλήττεσθαι
3535 2272 3590 2324 ἐν
3619 2274 3733 2334 τοῖς
3767 2289 3887 2326 και-

2212 2357 2349 2426 ρίοις
2382 2353 2742 2424 παραλαϐών·
2795 2355 2854 2408 τὸ
2893 2354 2951 2408 δέ
2996 2355 3250 2426 ἀκέραιον
3277 2355 3376 2427 τῆς
3407 2361 3758 2429 περιστερᾶς,
3806 2362 3885 2424 εἰς

2209 2445 2270 2498 τὸ
2305 2444 2379 2515 μὴ
2411 2443 2710 2514 ἀμύνεσθαι
2742 2444 2784 2476 ⁸ο
2818 2444 2946 2506 τοὺς
2973 2442 3313 2506 ἀδικοῦντας.
3360 2444 3495 2516 μηδέ
3524 2447 3885 2517 τιμωρεῖσθαι

2208 2533 2333 2596 τοὺς
2359 2531 2805 2595 ἐπιϐουλεύοντας
2829 2548 2844 2562 ·
2879 2531 3002 2584 ἐπεὶ
3028 2530 3190 2585 πάλιν
3215 2530 3366 2585 οὐδὲν
3403 2531 3595 2602 ὄφελος
3615 2533 3716 2604 τῆς
3747 2550 3881 2605 φρο·

2207 2621 2434 2690 νήσεως,
2469 2620 2534 2672 ἂν
2569 2619 2642 2690 μὴ
2674 2619 2832 2672 τοῦτο
2860 2621 3058 2691 προσῇ.
3094 2620 3160 2673 Τί
3189 2619 3368 2673 τοίνυν
3406 2619 3614 2673 τούτων
3654 2622 3886 2674 εὐτονώ-

2207 2727 2364 2782 τερον
2405 2711 2599 2779 γένοιτ⁹
2632 2709 2699 2764 ἂν
2737 2710 2845 2763 τῶν
2893 2702 3319 2781 ἐπιτάγμάτων;
3370 2711 3445 2764 Οὐ
3482 2711 3590 2782 γάρ
3618 2712 3777 2783 ήρκει
3823 2712 3885 2766 τὸ

2209 2798 2402 2852 παθεῖν
2434 2797 2656 2864 κακῶς;
2700 2798 2856 2869 Ούχὶ,
2885 2798 3080 2867 φησίν·
3117 2798 3233 2852 ἀλλ’
3277 2799 3397 2852 ούδέ
3436 2800 3758 2868 ἀγανακτεῖν
3798 2817 3885 2855 σοι

2209 2886 2499 2958 συγχωρῶ.
2534 2887 2705 2940 Τοῦτο
2729 2887 2837 2957 γάρ
2859 2887 3004 2940 ἐστιν
3027 2887 3059 2956 ή
3085 2886 3402 2957 περιστερά.
3437 2886 3646 2957 Ὠσπερ
3667 2886 3732 2939 ἂν
3757 2889 3809 2940 εί
3838 2889 3882 2921 ³³

2204 2965 2290 3041 τις
2312 2978 2556 3047 κάλαμον
2588 2979 2666 3042 είς
2696 2977 2808 3050 πῦρ
2835 2977 3107 3049 ἐμϐαλὼν,
3138 2978 3350 3032 κελεύοι
3391 2978 3466 3051 μὴ
3494 2979 3744 3034 καίεσθαι
3775 2979 3886 3034 ύπδ

2208 3067 2302 3121 τοῦ
2329 3068 2520 3140 πυρὸς,
2547 3068 2684 3124 ἀλλά
2705 3068 2988 3123 σϐεννύναι
3035 3068 3096 3122 τὸ
3134 3067 3264 3140 πῦρ.
3322 3068 3482 3122 Ἀλλά
3520 3069 3593 3141 μὴ
3637 3069 3883 3140 θορυϐώ-

2212 3155 2386 3226 μεθα·
2447 3157 2542 3210 καὶ
2586 3155 2696 3228 γὰρ
2735 3159 2777 3190 ³³
2808 3155 2968 3228 ἐξέϐη
3016 3155 3209 3222 ταῦτα,
3251 3157 3347 3210 καὶ
3375 3157 3526 3222 τέλος
3575 3155 3753 3221 ἔλαϐε,
3785 3158 3884 3211 καὶ

2209 3243 2296 3296 ἐπ’
2321 3242 2499 3297 αὐτῶν
2531 3243 2742 3316 ἐδείχθη
2774 3244 2884 3298 τῶν
2911 3244 3108 3316 ἔργων,
3159 3245 3255 3300 καὶ
3299 3245 3552 3316 φρόνιμοι
3592 3245 3882 3314 γεγόνασιν

2205 3328 2282 3392 ὡς
2305 3330 2355 3382 οί
2390 3329 2563 3397 ὄφεις,
2600 3330 2695 3384 καὶ
2713 3330 2962 3400 ἀκέραιοι
2999 3328 3074 3393 ὡς
3102 3330 3160 3383 αἱ
3199 3330 3557 3401 περιστεραί·
3586 3330 3684 3383 οὑκ
3712 3329 3880 3399 ἄλλης

2206 3418 2358 3483 ὄντες
2392 3418 2625 3489 φύσεως,
2655 3418 2792 3472 ἀλλά
2818 3421 2917 3490 τῆς
2945 3420 3114 3489 αὐτῆς
3138 3421 3293 3490 ἡμῖν.
3323 3419 3414 3489 Μή
3439 3420 3617 3473 τοίνυν
3645 3420 3882 3475 ἀδύνατα

2206 3506 2473 3579 νομιζέτω
2503 3524 2588 3570 τις
2627 3501 2765 3560 εῖναι
2791 3507 2859 3560 τά
2885 3507 3255 3576 ἐπιτάγματα.
3286 3507 3397 3576 Πρὸ
3425 3507 3534 3578 γὰρ
3572 3508 3681 3560 τῶν
3705 3507 3881 3565 ἀλλων

2205 3596 2464 3650 ἁπάντων
2502 3596 2665 3660 αὐτὸς
2706 3590 2815 3649 οἵδε
2852 3595 2951 3666 τὴν
2990 3596 3097 3649 τῶν
3133 3597 3473 3667 πραγμάτων
3503 3597 3692 3666 φύσιν·
3740 3596 3880 3654 οἶδεν

2205 3685 2288 3738 ὅτι
2322 3683 2597 3756 θρασύτης
2627 3685 2687 3738 ού
2719 3683 3017 3757 θρασύτητι
3055 3683 3229 3756 [580],
3267 3684 3384 3739 ἀλλ’
3422 3687 3690 3759 ἐπιεικείᾳ
3723 3687 3876 3742 σϐένο

2205 3791 2382 3827 νυται.
2435 3774 2497 3826 El
2533 3773 2591 3827 δὲ
2621 3775 2714 3827 καὶ
2757 3773 2849 3826 ἐπὶ
2879 3772 2987 3826 τῶν
3013 3773 3354 3844 πραγμάτων
3397 3773 3554 3827 τοῦτο
3596 3775 3881 3844 γινόμενον

2209 3859 2334 3914 ίδεῖν
2355 3857 2581 3928 ἐθέλοιςξ
2618 3861 2892 3930 ἀνάγνωθι
2914 3859 3022 3913 τῶν
3056 3860 3317 3932 Πράξεων
3337 3859 3446 3914 τῶν
3474 3861 3788 3915 ἀποστόλων
3810 3861 3880 3917 τὸ

2207 3947 2429 4020 βιϐλίον,
2488 3951 2583 4003 καὶ
2625 3949 2748 4020 ὄψει
2799 3949 3031 4012 ποσάκις
3081 3948 3177 4003 τοῦ
3218 3949 3389 4022 δήμου
3434 3948 3545 4003 τῶν
3609 3951 3879 4005 Ἰουδαίων

2204 4037 2702 4101 κατεξαναστάντος
2731 4038 2825 4090 καὶ
2862 4037 2986 4100 τοὺς
3026 4036 3247 4101 ὀδόντας
3277 4037 3554 4108 θήγοντος,
3589 4038 3688 4108 τὴν
3723 4055 3880 4111 περι-

2203 4122 2402 4194 στερὰν
2423 4118 2566 4177 οὗτοι
2595 4121 2940 4194 μιμούμενοι,
2971 4122 3066 4176 καὶ⁵
3087 4122 3227 4193 μετά
3241 4123 3340 4193 τῆς
3364 4121 3680 4194 πρεπούσης
3705 4123 3882 4178 ἐπιει-

2203 4210 2358 4274 κείας
2414 4209 2858 4281 ἀποκρινόμενοι,
2913 4209 3215 4263 κατέλυσαν
3273 4211 3365 4262 τὸν
3413 4207 3637 4263 ἐκείνων
3669 4209 3877 4281 θυμὸν,

2201 4298 2433 4352 ἔσϐεσαν
2453 4298 2552 4370 τὴν
2587 4297 2802 4370 μανίαν,
2838 4295 3097 4362 ὲξέλυσαν
3145 4295 3244 4367 τὴν
3273 4297 3473 4369 ὁρμήν.
3517 4295 3735 4369 Ἐπειδὴ
3762 4298 3878 4370 γὰρ

2198 4385 2384 4455 ἔλεγον
2407 4403 2420 4418 ·
2454 4388 2535 4440 Οὐ
2565 4386 2936 4456 παραγγελία
2969 4385 3453 4455 παρηγγείλαμεν
3479 4385 3625 4454 ὑμῖν
3645 4384 3731 4454 μὴ
3759 4388 3877 4439 λα-

2196 4473 2330 4528 λεῖν
2365 4474 2435 4527 ἐν
2469 4472 2550 4538 τῷ
2587 4473 2830 4542 ὀνόματι
2876 4473 3100 4537 τούτφ;
3144 4470 3320 4526 καίτοι
3380 4470 3548 4544 μυρία
3583 4471 3874 4542 δυνάμενοι

2197 4558 2650 4632 θαυματουργεῖν,
2671 4560 2846 4630 τραχὺ
2879 4560 2977 4630 μὲν
2999 4559 3152 4613 οὐδὲν
3178 4557 3302 4612 οὔτε
3328 4553 3502 4624 εἶπον,
3537 4555 3661 4612 οὔτε
3688 4559 3877 4633 ἐποίη-

2197 4664 2316 4715 σαν,
2353 4647 2490 4718 μετά
2517 4648 2823 4719 πραότητος
2853 4647 2912 4700 δέ
2959 4647 3141 4717 πάσης
3179 4644 3545 4712 ἀπελογοῦντο
3581 4644 3832 4714 λέγοντες
3853 4664 3870 4678 ·

2194 4737 2266 4790 El
2283 4734 2521 4790 δίκαιόν
2545 4735 2718 4789 ἐστιν
2742 4733 2912 4804 ὑμῶν
2941 4735 3188 4789 ἀκούειν
3205 4731 3449 4803 μᾶλλον
3474 4733 3512 4801 ἢ
3550 4733 3658 4787 τοῦ
3697 4731 3870 4799 Θεοῦ,

2193 4824 2456 4892 κρίνατε.
2486 4818 2640 4885 Εἶδες
2663 4823 2724 4877 τὸ
2749 4822 3010 4894 ἀκέραιον
3051 4823 3149 4892 τῆς
3181 4821 3541 4893 περιστερᾶς;
3597 4820 3765 4890 βλέπε
3804 4821 3870 4875 τὸ

2194 4911 2458 4982 φρόνιμον
2512 4909 2606 4962 τοῦ
2673 4909 2881 4979 ὄφεως·
2953 4908 3142 4978 Ἡμεῖς
3191 4909 3300 4978 γὰρ
3351 4909 3423 4961 οὐ
3466 4906 3770 4976 δυνάμεθα
3827 4908 3869 4963 (ι

2192 4999 2440 5069 οἴδαμεν
2453 4999 2496 5030 ’³
2515 4999 2614 5051 καὶ
2635 4998 2986 5066 ἠκούσαμεν
3003 4996 3089 5066 μὴ
3106 4997 3336 5051 λαλεῖν.
3362 4991 3516 5057 Εἶδες
3527 4995 3645 5058 πῶς
3661 5011 3869 5049 παντα-

2191 5086 2348 5158 χόθεν
2390 5085 2806 5158 ἠκριϐωμένους
2845 5080 2986 5137 εἶναι
3032 5083 3160 5155 χρὴ,
3199 5081 3340 5136 ὥστε
3391 5081 3466 5154 μὴ
3499 5083 3544 5114 ιι
3599 5082 3704 5135 ὑπὸ
3750 5099 3869 5135 κιν-

2193 5174 2364 5228 δύνων
2408 5172 2822 5239 ταπεινοῦσθαι,
2877 5171 3012 5243 μηδέ
3058 5171 3162 5224 ύπὺ
3209 5169 3383 5240 θυμοῦ
3421 5168 3863 5239 παροξύνεσθαις

2191 5262 2291 5316 Διά
2313 5261 2468 5317 τοῦτο
2501 5261 2598 5316 καὶ
2638 5261 2821 5330 ἔλεγε·
2858 5260 3189 5328 Προσέχετε
3221 5259 3336 5313 ἀπὸ
3363 5257 3483 5312 τῶν
3503 5259 3865 5325 ἀνθρώπων·

2191 5350 2619 5420 παραδώσουσι
2661 5350 2772 5419 γὰρ
2810 5347 2966 5417 ὑμᾶς
3006 5349 3093 5413 είς
3133 5345 3440 5415 συνέδρια,
3483 5345 3579 5400 καί
3618 5347 3688 5399 ὲν
3730 5343 3867 5410 ταῖς

2189 5437 2568 5508 συναγωγαῖς
2603 5436 2803 5491 αὐτῶν
2836 5433 3327 5505 μαστιγώσουσιν
3379 5432 3536 5506 ὑμᾶς
3554 5448 3569 5465 ·
3609 5433 3706 5486 καί
3759 5431 3863 5485 ἐπὶ

2189 5526 2489 5596 ἡγεμόνας
2514 5526 2612 5579 καὶ
2634 5522 2912 5589 βασιλεῖς
2940 5519 3283 5590 ἀχθήσεσθε
3317 5519 3528 5573 ἕνεκεν
3565 5518 3735 5587 ἐμοῦ,
3771 5519 3862 5583 εἰς

473 5656 530 5694 ⁸⁸
559 5660 631 5730 μή
665 5675 779 5732 urg.
897 5658 959 5713 F.
1035 5657 1273 5732 ”_bv1_a;
1298 5654 1434 5711 Edd.
1514 5659 1650 5732 ’_xa_£
1679 5656 1876 5732 οηξιΒ.
1907 5657 1994 5732 F._
2044 5661 2102 5732 ξι

2205 5656 2379 5732 τοθεν]
2403 5656 2527 5732 add.
2558 5655 2794 5732 §v1‘e;_F.
2875 5657 2895 5689 ⁸
2927 5656 3080 5732 ἴσως]
3111 5657 3204 5711 καὶ
3238 5653 3453 5732 ἴσως-Ε.
3492 5653 3604 5732 ἀλλ’
3627 5651 3856 5732 ἔσως’-Ρ.

413 5727 692 5798 ῐσωςοιῐι.
726 5728 790 5784 Β.
815 5728 1067 5784 Nostram
1097 5728 1380 5798 lectionem
1422 5729 1580 5798 verljt
1605 5727 1700 5783 Ge.
1747 5727 1880 5798 Mog
1913 5730 2006 5782 καὶ
2039 5729 2102 5782 δα

2205 5747 2298 5789 νας
2327 5727 2390 5781 Ε.

1102 5799 1122 5829 ⁷
1147 5796 1303 5869 ὅσονλ
1321 5797 1379 5861 ὃς
1404 5799 1498 5851 ἐάν
1529 5796 1589 5850 Β.
1627 5798 1698 5869 ὡς
1726 5798 1820 5851 ἐάν
1842 5796 1902 5850 F.
1937 5796 2143 5854 Deindé
2171 5800 2430 5869 ἀκέραιος
2457 5797 2533 5862 ὡς
2563 5801 2597 5869 ἡ

413 5801 434 5831 ⁶
457 5801 564 5868 γάρ
583 5796 822 5868 deesljn
857 5798 989 5864 Edd‘.

412 5871 482 5953 τὰ
517 5867 726 5953 μεγάλα
745 5867 881 5921 Edd.
910 5935 928 5953 _‘
955 5870 997 5953 "
1021 5868 1198 5953 Ἐκείη

415 5935 483 5988 ἂν
510 5935 558 5989 εί
589 5937 647 5990 F.
680 5952 733 6005 p.
762 5952 816 6004 ι).
845 5935 1059 5999 κελεύει
1083 5939 1146 5991 Α.
1189 5935 1250 5992 Β.
1286 5936 1345 5991 F.
1381 5936 1452 5990 κεί

421 6005 467 6037 ’δ
501 6007 642 6079 μὴ...
675 6005 834 6072 μηδέ]
866 6009 1066 6074 μήτε...
1104 6008 1238 6078 μήτε
1259 6005 1320 6062 F.
1352 6005 1452 6076 Ep.

1309 5905 1325 5940 ε
1353 5876 1407 5922 ει
1439 5869 1644 5940 εἰς.εάἒ
1662 5868 1789 5940 sav.
1868 5869 1911 5900 ¹⁰
1933 5869 2260 5940 ἀμύνασθαι
2276 5867 2491 5940 [ἰάψει
2524 5867 2606 5940 ρι’.
2647 5867 2833 5940 DJ_“

1237 5935 1579 6011 ,ἐζ-κελεύῃ
1606 5936 1668 5995 C.
1703 5939 1766 5993 ι).
1847 5940 1887 5972 ⁸³
1929 5935 2037 6011 γὰρ
2071 5953 2182 5998 om.
2218 5937 2284 5997 E.

2503 5728 2524 5760 δ
2553 5727 2658 5798 ὅτιι
2703 5729 2832 5780 ὅταν
2869 5721 3087 5798 codicéé
3133 5723 3419 5798 prgtcrAE.
3471 5728 3518 5798 _'
3546 5723 3713 5798 μηδέν
3755 5721 3858 5791 Ep.

2629 5793 2755 5871 τεερο
2789 5797 2944 5871 Αιβ-
3046 5801 3070 5833 ³
3105 5793 3229 5871 μέν]
3255 5795 3379 5871 δεξιάς
3417 5795 3526 5871 γάρ
3553 5793 3683 5871 βξίδ-
3712 5807 3766 5862 P-
3795 5809 3859 5871 P-

2864 5869 3076 5942 Ὠσπερ
3105 5863 3312 5942 ’γάῤ-εί
3352 5865 3417 5919 Α.
3460 5863 3859 5942 Καθάπερῌγάρ

2394 5939 2438 5973 ³³
2477 5932 2688 6011 εἴδομεν
2732 5936 2797 5996 F.
2835 5939 3002 5999 Paulo
3034 5932 3160 5998 iml'e
3191 5932 3358 6009 βλέπε
3399 5932 3591 6011 καὶ-τά
3628 5932 3690 5991 Fc
3723 5932 3853 5989 Si";
