  <div class='ocr_page' id='page_1' title='image "/cluster/home/n/w/nwhite01/storage/ocr_20150623/57:no.7:pt.1/coo.31924054869577/318.png"; bbox 0 0 4118 6450; ppageno 0'>
   <div class='ocr_carea' id='block_1_1' title="bbox 421 427 526 486">
    <p class='ocr_par' dir='ltr' id='par_1_1' title="bbox 421 427 526 486">
     <span class='ocr_line' id='line_1_1' title="bbox 421 427 526 486; baseline -0.019 0"><span class='ocrx_word' id='word_1_1' title='bbox 421 427 526 486; x_wconf 71' lang='grc'><strong>339</strong></span> 
     </span>
    </p>
   </div>
   <div class='ocr_carea' id='block_1_2' title="bbox 419 530 2002 608">
    <p class='ocr_par' dir='ltr' id='par_1_2' title="bbox 419 530 2002 608">
     <span class='ocr_line' id='line_1_2' title="bbox 419 530 2002 608; baseline -0.006 -9"><span class='ocrx_word' id='word_1_2' title='bbox 419 547 667 600; x_wconf 76' lang='lat' dir='ltr'><strong>Attamen</strong></span> <span class='ocrx_word' id='word_1_3' title='bbox 702 539 771 596; x_wconf 86' lang='lat' dir='ltr'><strong>de</strong></span> <span class='ocrx_word' id='word_1_4' title='bbox 812 553 871 595; x_wconf 89' lang='lat' dir='ltr'><strong>se</strong></span> <span class='ocrx_word' id='word_1_5' title='bbox 907 537 1038 593; x_wconf 83' lang='lat' dir='ltr'><strong>nihil</strong></span> <span class='ocrx_word' id='word_1_6' title='bbox 1083 537 1255 593; x_wconf 89' lang='lat' dir='ltr'><strong>adhuc</strong></span> <span class='ocrx_word' id='word_1_7' title='bbox 1291 530 1460 602; x_wconf 78' lang='lat' dir='ltr'><strong>dicit,</strong></span> <span class='ocrx_word' id='word_1_8' title='bbox 1489 551 1681 608; x_wconf 84' lang='lat' dir='ltr'><strong>nempe</strong></span> <span class='ocrx_word' id='word_1_9' title='bbox 1710 537 1854 607; x_wconf 87' lang='lat' dir='ltr'><strong>quod</strong></span> <span class='ocrx_word' id='word_1_10' title='bbox 1887 537 2002 593; x_wconf 82' lang='lat' dir='ltr'><strong>vin-</strong></span> 
     </span>
    </p>
   </div>
   <div class='ocr_carea' id='block_1_3' title="bbox 418 629 2005 702">
    <p class='ocr_par' dir='ltr' id='par_1_3' title="bbox 418 629 2005 702">
     <span class='ocr_line' id='line_1_3' title="bbox 418 629 2005 702; baseline -0.004 -10"><span class='ocrx_word' id='word_1_11' title='bbox 418 634 642 692; x_wconf 84' lang='lat' dir='ltr'><strong>ciendus</strong></span> <span class='ocrx_word' id='word_1_12' title='bbox 665 641 836 699; x_wconf 86' lang='lat' dir='ltr'><strong>esset,</strong></span> <span class='ocrx_word' id='word_1_13' title='bbox 865 631 1213 702; x_wconf 82' lang='lat' dir='ltr'><strong>ﬂagellandus</strong></span> <span class='ocrx_word' id='word_1_14' title='bbox 1237 671 1252 692; x_wconf 91' lang='lat'><strong>,</strong></span> <span class='ocrx_word' id='word_1_15' title='bbox 1285 629 1647 694; x_wconf 90' lang='lat' dir='ltr'><strong>occidendus,</strong></span> <span class='ocrx_word' id='word_1_16' title='bbox 1691 645 1759 685; x_wconf 91' lang='lat' dir='ltr'><strong>ne</strong></span> <span class='ocrx_word' id='word_1_17' title='bbox 1799 629 1877 684; x_wconf 89' lang='lat' dir='ltr'><strong>sic</strong></span> <span class='ocrx_word' id='word_1_18' title='bbox 1912 645 2005 685; x_wconf 86' lang='lat' dir='ltr'><strong>eo-</strong></span> 
     </span>
    </p>
   </div>
   <div class='ocr_carea' id='block_1_4' title="bbox 419 723 2006 798">
    <p class='ocr_par' dir='ltr' id='par_1_4' title="bbox 419 723 2006 798">
     <span class='ocr_line' id='line_1_4' title="bbox 419 723 2006 798; baseline -0.005 -14"><span class='ocrx_word' id='word_1_19' title='bbox 419 745 540 784; x_wconf 83' lang='lat' dir='ltr'><strong>rum</strong></span> <span class='ocrx_word' id='word_1_20' title='bbox 565 726 899 798; x_wconf 90' lang='lat' dir='ltr'><strong>perturbaret</strong></span> <span class='ocrx_word' id='word_1_21' title='bbox 922 725 1150 788; x_wconf 88' lang='lat' dir='ltr'><strong>animos,</strong></span> <span class='ocrx_word' id='word_1_22' title='bbox 1178 723 1272 779; x_wconf 88' lang='lat' dir='ltr'><strong>sed</strong></span> <span class='ocrx_word' id='word_1_23' title='bbox 1300 723 1511 778; x_wconf 89' lang='lat' dir='ltr'><strong>interim</strong></span> <span class='ocrx_word' id='word_1_24' title='bbox 1535 737 1654 794; x_wconf 73' lang='lat' dir='ltr'><strong>qua:</strong></span> <span class='ocrx_word' id='word_1_25' title='bbox 1683 723 1814 792; x_wconf 88' lang='lat' dir='ltr'><strong>ipsis</strong></span> <span class='ocrx_word' id='word_1_26' title='bbox 1839 738 2006 780; x_wconf 83' lang='lat' dir='ltr'><strong>even-</strong></span> 
     </span>
    </p>
   </div>
   <div class='ocr_carea' id='block_1_5' title="bbox 381 814 2010 888">
    <p class='ocr_par' dir='ltr' id='par_1_5' title="bbox 381 814 2010 888">
     <span class='ocr_line' id='line_1_5' title="bbox 381 814 2010 888; baseline -0.005 -12"><span class='ocrx_word' id='word_1_27' title='bbox 381 873 384 877; x_wconf 80' lang='lat'><strong>.</strong></span> <span class='ocrx_word' id='word_1_28' title='bbox 421 829 536 875; x_wconf 87' lang='lat' dir='ltr'><strong>tura</strong></span> <span class='ocrx_word' id='word_1_29' title='bbox 571 821 682 874; x_wconf 89' lang='lat' dir='ltr'><strong>sint</strong></span> <span class='ocrx_word' id='word_1_30' title='bbox 717 816 1058 888; x_wconf 78' lang='lat' dir='ltr'><strong>praenuntiat.</strong></span> <span class='ocrx_word' id='word_1_31' title='bbox 1090 815 1290 872; x_wconf 83' lang='lat' dir='ltr'><strong>Deinde</strong></span> <span class='ocrx_word' id='word_1_32' title='bbox 1317 823 1377 870; x_wconf 90' lang='lat' dir='ltr'><strong>ut</strong></span> <span class='ocrx_word' id='word_1_33' title='bbox 1405 814 1635 878; x_wconf 90' lang='lat' dir='ltr'><strong>discant,</strong></span> <span class='ocrx_word' id='word_1_34' title='bbox 1665 829 1856 868; x_wconf 74' lang='lat' dir='ltr'><strong>noram</strong></span> <span class='ocrx_word' id='word_1_35' title='bbox 1887 828 2010 868; x_wconf 82' lang='lat' dir='ltr'><strong>esse</strong></span> 
     </span>
    </p>
   </div>
   <div class='ocr_carea' id='block_1_6' title="bbox 421 905 2007 980">
    <p class='ocr_par' dir='ltr' id='par_1_6' title="bbox 421 905 2007 980">
     <span class='ocr_line' id='line_1_6' title="bbox 421 905 2007 980; baseline -0.003 -16"><span class='ocrx_word' id='word_1_36' title='bbox 421 910 557 965; x_wconf 91' lang='lat' dir='ltr'><strong>hanc</strong></span> <span class='ocrx_word' id='word_1_37' title='bbox 581 909 811 965; x_wconf 83' lang='lat' dir='ltr'><strong>bellandi</strong></span> <span class='ocrx_word' id='word_1_38' title='bbox 835 909 1028 980; x_wconf 83' lang='lat' dir='ltr'><strong>legem,</strong></span> <span class='ocrx_word' id='word_1_39' title='bbox 1053 916 1106 962; x_wconf 89' lang='lat' dir='ltr'><strong>et</strong></span> <span class='ocrx_word' id='word_1_40' title='bbox 1132 907 1427 962; x_wconf 89' lang='lat' dir='ltr'><strong>inauditum</strong></span> <span class='ocrx_word' id='word_1_41' title='bbox 1456 905 1588 960; x_wconf 81' lang='lat' dir='ltr'><strong>aciei</strong></span> <span class='ocrx_word' id='word_1_42' title='bbox 1618 905 1855 960; x_wconf 85' lang='lat' dir='ltr'><strong>modum.</strong></span> <span class='ocrx_word' id='word_1_43' title='bbox 1883 919 2007 960; x_wconf 89' lang='lat' dir='ltr'><strong>eum</strong></span> 
     </span>
    </p>
   </div>
   <div class='ocr_carea' id='block_1_7' title="bbox 421 997 2011 1066">
    <p class='ocr_par' dir='ltr' id='par_1_7' title="bbox 421 997 2011 1066">
     <span class='ocr_line' id='line_1_7' title="bbox 421 997 2011 1066; baseline -0.004 -8"><span class='ocrx_word' id='word_1_44' title='bbox 421 1003 593 1058; x_wconf 92' lang='lat' dir='ltr'><strong>nudos</strong></span> <span class='ocrx_word' id='word_1_45' title='bbox 621 1003 826 1066; x_wconf 84' lang='lat' dir='ltr'><strong>mittat,</strong></span> <span class='ocrx_word' id='word_1_46' title='bbox 855 1017 958 1055; x_wconf 89' lang='lat' dir='ltr'><strong>una</strong></span> <span class='ocrx_word' id='word_1_47' title='bbox 987 1001 1203 1055; x_wconf 90' lang='lat' dir='ltr'><strong>indutos</strong></span> <span class='ocrx_word' id='word_1_48' title='bbox 1231 1000 1405 1054; x_wconf 92' lang='lat' dir='ltr'><strong>tunica</strong></span> <span class='ocrx_word' id='word_1_49' title='bbox 1432 1040 1446 1062; x_wconf 95' lang='lat'><strong>,</strong></span> <span class='ocrx_word' id='word_1_50' title='bbox 1483 998 1602 1053; x_wconf 84' lang='lat' dir='ltr'><strong>sine</strong></span> <span class='ocrx_word' id='word_1_51' title='bbox 1631 998 1827 1052; x_wconf 83' lang='lat' dir='ltr'><strong>calceis</strong></span> <span class='ocrx_word' id='word_1_52' title='bbox 1847 1038 1862 1063; x_wconf 92' lang='lat'><strong>,</strong></span> <span class='ocrx_word' id='word_1_53' title='bbox 1895 997 2011 1052; x_wconf 87' lang='lat' dir='ltr'><strong>sine</strong></span> 
     </span>
    </p>
   </div>
   <div class='ocr_carea' id='block_1_8' title="bbox 365 1073 2011 1167">
    <p class='ocr_par' dir='ltr' id='par_1_8' title="bbox 365 1073 2011 1167">
     <span class='ocr_line' id='line_1_8' title="bbox 365 1073 2011 1167; baseline -0.005 -15"><span class='ocrx_word' id='word_1_54' title='bbox 365 1076 373 1129; x_wconf 58' lang='grc' dir='ltr'><strong>ἶ</strong></span> <span class='ocrx_word' id='word_1_55' title='bbox 422 1099 586 1167; x_wconf 80' lang='lat' dir='ltr'><strong>virga,</strong></span> <span class='ocrx_word' id='word_1_56' title='bbox 632 1096 750 1151; x_wconf 83' lang='lat' dir='ltr'><strong>sine</strong></span> <span class='ocrx_word' id='word_1_57' title='bbox 787 1094 1001 1165; x_wconf 81' lang='lat' dir='ltr'><strong>cingqu</strong></span> <span class='ocrx_word' id='word_1_58' title='bbox 1029 1093 1112 1149; x_wconf 93' lang='lat' dir='ltr'><strong>vel</strong></span> <span class='ocrx_word' id='word_1_59' title='bbox 1145 1107 1299 1163; x_wconf 88' lang='lat' dir='ltr'><strong>pera,</strong></span> <span class='ocrx_word' id='word_1_60' title='bbox 1334 1107 1466 1163; x_wconf 77' lang='lat' dir='ltr'><strong>quos</strong></span> <span class='ocrx_word' id='word_1_61' title='bbox 1498 1091 1568 1145; x_wconf 82' lang='lat' dir='ltr'><strong>ali</strong></span> <span class='ocrx_word' id='word_1_62' title='bbox 1593 1090 1744 1160; x_wconf 86' lang='lat' dir='ltr'><strong>jubet</strong></span> <span class='ocrx_word' id='word_1_63' title='bbox 1769 1089 1837 1143; x_wconf 85' lang='lat' dir='ltr'><strong>ab</strong></span> <span class='ocrx_word' id='word_1_64' title='bbox 1869 1073 2011 1144; x_wconf 76' lang='lat' dir='ltr'><strong>exci-</strong></span> 
     </span>
    </p>
   </div>
   <div class='ocr_carea' id='block_1_9' title="bbox 421 1181 2009 1260">
    <p class='ocr_par' dir='ltr' id='par_1_9' title="bbox 421 1181 2009 1260">
     <span class='ocr_line' id='line_1_9' title="bbox 421 1181 2009 1260; baseline -0.004 -19"><span class='ocrx_word' id='word_1_65' title='bbox 421 1188 720 1260; x_wconf 88' lang='lat' dir='ltr'><strong>pientibus,</strong></span> <span class='ocrx_word' id='word_1_66' title='bbox 750 1201 854 1240; x_wconf 92' lang='lat' dir='ltr'><strong>non</strong></span> <span class='ocrx_word' id='word_1_67' title='bbox 879 1185 965 1241; x_wconf 89' lang='lat' dir='ltr'><strong>hic</strong></span> <span class='ocrx_word' id='word_1_68' title='bbox 987 1184 1147 1239; x_wconf 89' lang='lat' dir='ltr'><strong>linem</strong></span> <span class='ocrx_word' id='word_1_69' title='bbox 1175 1182 1387 1238; x_wconf 85' lang='lat' dir='ltr'><strong>dicendi</strong></span> <span class='ocrx_word' id='word_1_70' title='bbox 1423 1182 1546 1237; x_wconf 82' lang='lat' dir='ltr'><strong>l‘acit</strong></span> <span class='ocrx_word' id='word_1_71' title='bbox 1567 1221 1582 1248; x_wconf 93' lang='lat'><strong>,</strong></span> <span class='ocrx_word' id='word_1_72' title='bbox 1614 1181 1706 1236; x_wconf 91' lang='lat' dir='ltr'><strong>sed</strong></span> <span class='ocrx_word' id='word_1_73' title='bbox 1737 1195 1888 1235; x_wconf 89' lang='lat' dir='ltr'><strong>suam</strong></span> <span class='ocrx_word' id='word_1_74' title='bbox 1919 1196 2009 1235; x_wconf 78' lang='lat' dir='ltr'><strong>os-</strong></span> 
     </span>
    </p>
   </div>
   <div class='ocr_carea' id='block_1_10' title="bbox 421 1274 2012 1348">
    <p class='ocr_par' dir='ltr' id='par_1_10' title="bbox 421 1274 2012 1348">
     <span class='ocr_line' id='line_1_10' title="bbox 421 1274 2012 1348; baseline -0.004 -12"><span class='ocrx_word' id='word_1_75' title='bbox 421 1281 650 1337; x_wconf 85' lang='lat' dir='ltr'><strong>tendens</strong></span> <span class='ocrx_word' id='word_1_76' title='bbox 684 1278 1006 1335; x_wconf 73' lang='lat' dir='ltr'><strong>ineﬂ‘abilcm</strong></span> <span class='ocrx_word' id='word_1_77' title='bbox 1047 1277 1341 1348; x_wconf 84' lang='lat' dir='ltr'><strong>potentiam</strong></span> <span class='ocrx_word' id='word_1_78' title='bbox 1387 1276 1515 1330; x_wconf 89' lang='lat' dir='ltr'><strong>dicit</strong></span> <span class='ocrx_word' id='word_1_79' title='bbox 1558 1293 1570 1329; x_wconf 93' lang='lat'>:</span> <span class='ocrx_word' id='word_1_80' title='bbox 1615 1275 1704 1330; x_wconf 90' lang='lat' dir='ltr'><strong>Sic</strong></span> <span class='ocrx_word' id='word_1_81' title='bbox 1752 1274 2012 1330; x_wconf 89' lang='lat' dir='ltr'><strong>abeuntes</strong></span> 
     </span>
    </p>
   </div>
   <div class='ocr_carea' id='block_1_11' title="bbox 418 1368 2012 1435">
    <p class='ocr_par' dir='ltr' id='par_1_11' title="bbox 418 1368 2012 1435">
     <span class='ocr_line' id='line_1_11' title="bbox 418 1368 2012 1435; baseline -0.003 -7"><span class='ocrx_word' id='word_1_82' title='bbox 418 1375 598 1428; x_wconf 80' lang='lat' dir='ltr'><strong>ovium</strong></span> <span class='ocrx_word' id='word_1_83' title='bbox 635 1371 1096 1429; x_wconf 87' lang='lat' dir='ltr'><strong>mansuetudinem</strong></span> <span class='ocrx_word' id='word_1_84' title='bbox 1144 1370 1413 1435; x_wconf 78' lang='lat' dir='ltr'><strong>exhibete,</strong></span> <span class='ocrx_word' id='word_1_85' title='bbox 1443 1369 1654 1425; x_wconf 88' lang='lat' dir='ltr'><strong>etiamsi</strong></span> <span class='ocrx_word' id='word_1_86' title='bbox 1690 1380 1876 1424; x_wconf 88' lang='lat' dir='ltr'><strong>contra</strong></span> <span class='ocrx_word' id='word_1_87' title='bbox 1926 1368 2012 1423; x_wconf 76' lang='lat' dir='ltr'><strong>lu~</strong></span> 
     </span>
    </p>
   </div>
   <div class='ocr_carea' id='block_1_12' title="bbox 420 1461 2012 1537">
    <p class='ocr_par' dir='ltr' id='par_1_12' title="bbox 420 1461 2012 1537">
     <span class='ocr_line' id='line_1_12' title="bbox 420 1461 2012 1537; baseline -0.003 -16"><span class='ocrx_word' id='word_1_88' title='bbox 420 1485 517 1537; x_wconf 83' lang='lat' dir='ltr'><strong>pos</strong></span> <span class='ocrx_word' id='word_1_89' title='bbox 548 1467 706 1532; x_wconf 90' lang='lat' dir='ltr'><strong>ituri;</strong></span> <span class='ocrx_word' id='word_1_90' title='bbox 735 1481 834 1522; x_wconf 90' lang='lat' dir='ltr'><strong>nec</strong></span> <span class='ocrx_word' id='word_1_91' title='bbox 848 1465 1008 1520; x_wconf 88' lang='lat' dir='ltr'><strong>modo</strong></span> <span class='ocrx_word' id='word_1_92' title='bbox 1029 1473 1216 1521; x_wconf 89' lang='lat' dir='ltr'><strong>contra</strong></span> <span class='ocrx_word' id='word_1_93' title='bbox 1245 1463 1422 1534; x_wconf 88' lang='lat' dir='ltr'><strong>lupos,</strong></span> <span class='ocrx_word' id='word_1_94' title='bbox 1451 1462 1546 1519; x_wconf 78' lang='lat' dir='ltr'><strong>sed</strong></span> <span class='ocrx_word' id='word_1_95' title='bbox 1573 1463 1734 1518; x_wconf 85' lang='lat' dir='ltr'><strong>etiam</strong></span> <span class='ocrx_word' id='word_1_96' title='bbox 1761 1461 1827 1517; x_wconf 83' lang='lat' dir='ltr'><strong>In</strong></span> <span class='ocrx_word' id='word_1_97' title='bbox 1849 1463 2012 1517; x_wconf 84' lang='lat' dir='ltr'><strong>medio</strong></span> 
     </span>
    </p>
   </div>
   <div class='ocr_carea' id='block_1_13' title="bbox 419 1555 2014 1631">
    <p class='ocr_par' dir='ltr' id='par_1_13' title="bbox 419 1555 2014 1631">
     <span class='ocr_line' id='line_1_13' title="bbox 419 1555 2014 1631; baseline -0.001 -17"><span class='ocrx_word' id='word_1_98' title='bbox 419 1561 674 1631; x_wconf 85' lang='lat' dir='ltr'><strong>luporum.</strong></span> <span class='ocrx_word' id='word_1_99' title='bbox 705 1558 890 1630; x_wconf 89' lang='lat' dir='ltr'><strong>Neque</strong></span> <span class='ocrx_word' id='word_1_100' title='bbox 927 1566 1132 1613; x_wconf 85' lang='lat' dir='ltr'><strong>tantum</strong></span> <span class='ocrx_word' id='word_1_101' title='bbox 1166 1557 1344 1614; x_wconf 85' lang='lat' dir='ltr'><strong>ovium</strong></span> <span class='ocrx_word' id='word_1_102' title='bbox 1378 1555 1838 1611; x_wconf 87' lang='lat' dir='ltr'><strong>mansuetudinem</strong></span> <span class='ocrx_word' id='word_1_103' title='bbox 1862 1555 2014 1625; x_wconf 86' lang='lat' dir='ltr'><strong>jubet</strong></span> 
     </span>
    </p>
   </div>
   <div class='ocr_carea' id='block_1_14' title="bbox 419 1648 2014 1720">
    <p class='ocr_par' dir='ltr' id='par_1_14' title="bbox 419 1648 2014 1720">
     <span class='ocr_line' id='line_1_14' title="bbox 419 1648 2014 1720; baseline -0.001 -14"><span class='ocrx_word' id='word_1_104' title='bbox 419 1652 652 1719; x_wconf 88' lang='lat' dir='ltr'><strong>habere,</strong></span> <span class='ocrx_word' id='word_1_105' title='bbox 683 1651 780 1708; x_wconf 89' lang='lat' dir='ltr'><strong>sed</strong></span> <span class='ocrx_word' id='word_1_106' title='bbox 809 1653 972 1707; x_wconf 91' lang='lat' dir='ltr'><strong>etiam</strong></span> <span class='ocrx_word' id='word_1_107' title='bbox 1000 1650 1397 1720; x_wconf 87' lang='lat' dir='ltr'><strong>simplicitatem</strong></span> <span class='ocrx_word' id='word_1_108' title='bbox 1432 1650 1716 1706; x_wconf 84' lang='lat' dir='ltr'><strong>columbae.</strong></span> <span class='ocrx_word' id='word_1_109' title='bbox 1753 1648 1843 1706; x_wconf 90' lang='lat' dir='ltr'><strong>Sic</strong></span> <span class='ocrx_word' id='word_1_110' title='bbox 1877 1665 2014 1720; x_wconf 71' lang='lat' dir='ltr'><strong>pra:-</strong></span> 
     </span>
    </p>
   </div>
   <div class='ocr_carea' id='block_1_15' title="bbox 418 1741 2014 1812">
    <p class='ocr_par' dir='ltr' id='par_1_15' title="bbox 418 1741 2014 1812">
     <span class='ocr_line' id='line_1_15' title="bbox 418 1741 2014 1812; baseline -0.001 -16"><span class='ocrx_word' id='word_1_111' title='bbox 418 1744 604 1798; x_wconf 89' lang='lat' dir='ltr'><strong>sertim</strong></span> <span class='ocrx_word' id='word_1_112' title='bbox 644 1757 817 1797; x_wconf 87' lang='lat' dir='ltr'><strong>meam</strong></span> <span class='ocrx_word' id='word_1_113' title='bbox 857 1741 1136 1798; x_wconf 80' lang='lat' dir='ltr'><strong>ostendam</strong></span> <span class='ocrx_word' id='word_1_114' title='bbox 1156 1741 1550 1807; x_wconf 78' lang='lat' dir='ltr'><strong>fortitudinem,</strong></span> <span class='ocrx_word' id='word_1_115' title='bbox 1572 1757 1692 1798; x_wconf 89' lang='lat' dir='ltr'><strong>cum</strong></span> <span class='ocrx_word' id='word_1_116' title='bbox 1714 1757 1842 1797; x_wconf 87' lang='lat' dir='ltr'><strong>oves</strong></span> <span class='ocrx_word' id='word_1_117' title='bbox 1859 1741 2014 1812; x_wconf 89' lang='lat' dir='ltr'><strong>lupos</strong></span> 
     </span>
    </p>
   </div>
   <div class='ocr_carea' id='block_1_16' title="bbox 417 1832 2013 1905">
    <p class='ocr_par' dir='ltr' id='par_1_16' title="bbox 417 1832 2013 1905">
     <span class='ocr_line' id='line_1_16' title="bbox 417 1832 2013 1905; baseline -0.001 -16"><span class='ocrx_word' id='word_1_118' title='bbox 417 1834 661 1899; x_wconf 81' lang='lat' dir='ltr'><strong>vicerint,</strong></span> <span class='ocrx_word' id='word_1_119' title='bbox 697 1833 906 1889; x_wconf 87' lang='lat' dir='ltr'><strong>etiamsi</strong></span> <span class='ocrx_word' id='word_1_120' title='bbox 934 1834 989 1888; x_wconf 91' lang='lat' dir='ltr'><strong>in</strong></span> <span class='ocrx_word' id='word_1_121' title='bbox 1014 1833 1191 1890; x_wconf 88' lang='lat' dir='ltr'><strong>medio</strong></span> <span class='ocrx_word' id='word_1_122' title='bbox 1219 1833 1466 1905; x_wconf 88' lang='lat' dir='ltr'><strong>luporum</strong></span> <span class='ocrx_word' id='word_1_123' title='bbox 1490 1833 1618 1900; x_wconf 88' lang='lat' dir='ltr'><strong>sint,</strong></span> <span class='ocrx_word' id='word_1_124' title='bbox 1641 1841 1695 1889; x_wconf 92' lang='lat' dir='ltr'><strong>et</strong></span> <span class='ocrx_word' id='word_1_125' title='bbox 1719 1832 2013 1888; x_wconf 88' lang='lat' dir='ltr'><strong>innumeris</strong></span> 
     </span>
    </p>
   </div>
   <div class='ocr_carea' id='block_1_17' title="bbox 419 1922 2011 1991">
    <p class='ocr_par' dir='ltr' id='par_1_17' title="bbox 419 1922 2011 1991">
     <span class='ocr_line' id='line_1_17' title="bbox 419 1922 2011 1991; baseline -0.001 -12"><span class='ocrx_word' id='word_1_126' title='bbox 419 1924 692 1980; x_wconf 84' lang='lat' dir='ltr'><strong>morsibus</strong></span> <span class='ocrx_word' id='word_1_127' title='bbox 731 1924 1055 1991; x_wconf 84' lang='lat' dir='ltr'><strong>lacerentur,</strong></span> <span class='ocrx_word' id='word_1_128' title='bbox 1088 1939 1190 1979; x_wconf 90' lang='lat' dir='ltr'><strong>nec</strong></span> <span class='ocrx_word' id='word_1_129' title='bbox 1234 1923 1396 1979; x_wconf 90' lang='lat' dir='ltr'><strong>modo</strong></span> <span class='ocrx_word' id='word_1_130' title='bbox 1436 1939 1542 1980; x_wconf 83' lang='lat' dir='ltr'><strong>non</strong></span> <span class='ocrx_word' id='word_1_131' title='bbox 1582 1923 1881 1988; x_wconf 86' lang='lat' dir='ltr'><strong>deleantur,</strong></span> <span class='ocrx_word' id='word_1_132' title='bbox 1914 1922 2011 1978; x_wconf 87' lang='lat' dir='ltr'><strong>sed</strong></span> 
     </span>
    </p>
   </div>
   <div class='ocr_carea' id='block_1_18' title="bbox 419 2016 2008 2087">
    <p class='ocr_par' dir='ltr' id='par_1_18' title="bbox 419 2016 2008 2087">
     <span class='ocr_line' id='line_1_18' title="bbox 419 2016 2008 2087; baseline -0.001 -15"><span class='ocrx_word' id='word_1_133' title='bbox 419 2017 580 2072; x_wconf 89' lang='lat' dir='ltr'><strong>etiam</strong></span> <span class='ocrx_word' id='word_1_134' title='bbox 613 2017 768 2086; x_wconf 87' lang='lat' dir='ltr'><strong>lupos</strong></span> <span class='ocrx_word' id='word_1_135' title='bbox 809 2025 1155 2082; x_wconf 87' lang='lat' dir='ltr'><strong>convertant;</strong></span> <span class='ocrx_word' id='word_1_136' title='bbox 1187 2016 1331 2087; x_wconf 91' lang='lat' dir='ltr'><strong>quod</strong></span> <span class='ocrx_word' id='word_1_137' title='bbox 1363 2016 1521 2086; x_wconf 86' lang='lat' dir='ltr'><strong>longe</strong></span> <span class='ocrx_word' id='word_1_138' title='bbox 1560 2016 1860 2072; x_wconf 87' lang='lat' dir='ltr'><strong>mirabilius</strong></span> <span class='ocrx_word' id='word_1_139' title='bbox 1904 2027 2008 2084; x_wconf 87' lang='lat' dir='ltr'><strong>est,</strong></span> 
     </span>
    </p>
   </div>
   <div class='ocr_carea' id='block_1_19' title="bbox 420 2106 2011 2178">
    <p class='ocr_par' dir='ltr' id='par_1_19' title="bbox 420 2106 2011 2178">
     <span class='ocr_line' id='line_1_19' title="bbox 420 2106 2011 2178; baseline -0.003 -14"><span class='ocrx_word' id='word_1_140' title='bbox 420 2117 475 2164; x_wconf 91' lang='lat' dir='ltr'><strong>et</strong></span> <span class='ocrx_word' id='word_1_141' title='bbox 505 2108 678 2177; x_wconf 87' lang='lat' dir='ltr'><strong>majus</strong></span> <span class='ocrx_word' id='word_1_142' title='bbox 705 2122 864 2178; x_wconf 91' lang='lat' dir='ltr'><strong>quam</strong></span> <span class='ocrx_word' id='word_1_143' title='bbox 904 2107 950 2162; x_wconf 91' lang='lat' dir='ltr'><strong>si</strong></span> <span class='ocrx_word' id='word_1_144' title='bbox 981 2106 1314 2175; x_wconf 89' lang='lat' dir='ltr'><strong>occiderent,</strong></span> <span class='ocrx_word' id='word_1_145' title='bbox 1342 2107 1387 2162; x_wconf 91' lang='lat' dir='ltr'><strong>si</strong></span> <span class='ocrx_word' id='word_1_146' title='bbox 1415 2122 1610 2178; x_wconf 89' lang='lat' dir='ltr'><strong>nempe</strong></span> <span class='ocrx_word' id='word_1_147' title='bbox 1648 2106 1860 2161; x_wconf 92' lang='lat' dir='ltr'><strong>illorum</strong></span> <span class='ocrx_word' id='word_1_148' title='bbox 1891 2123 2011 2161; x_wconf 82' lang='lat' dir='ltr'><strong>mu-</strong></span> 
     </span>
    </p>
   </div>
   <div class='ocr_carea' id='block_1_20' title="bbox 420 2197 2015 2269">
    <p class='ocr_par' dir='ltr' id='par_1_20' title="bbox 420 2197 2015 2269">
     <span class='ocr_line' id='line_1_20' title="bbox 420 2197 2015 2269; baseline -0.002 -15"><span class='ocrx_word' id='word_1_149' title='bbox 420 2208 536 2255; x_wconf 90' lang='lat' dir='ltr'><strong>tent</strong></span> <span class='ocrx_word' id='word_1_150' title='bbox 564 2199 890 2254; x_wconf 84' lang='lat' dir='ltr'><strong>voluntatem</strong></span> <span class='ocrx_word' id='word_1_151' title='bbox 917 2239 932 2266; x_wconf 92' lang='lat'><strong>,</strong></span> <span class='ocrx_word' id='word_1_152' title='bbox 963 2199 1306 2269; x_wconf 89' lang='lat' dir='ltr'><strong>animumque</strong></span> <span class='ocrx_word' id='word_1_153' title='bbox 1347 2197 1734 2254; x_wconf 84' lang='lat' dir='ltr'><strong>translorment</strong></span> <span class='ocrx_word' id='word_1_154' title='bbox 1763 2215 1776 2252; x_wconf 92' lang='lat'><strong>:</strong></span> <span class='ocrx_word' id='word_1_155' title='bbox 1807 2206 1862 2252; x_wconf 90' lang='lat' dir='ltr'><strong>et</strong></span> <span class='ocrx_word' id='word_1_156' title='bbox 1897 2197 2015 2251; x_wconf 72' lang='lat' dir='ltr'><strong>hzec</strong></span> 
     </span>
    </p>
   </div>
   <div class='ocr_carea' id='block_1_21' title="bbox 419 2289 2014 2360">
    <p class='ocr_par' dir='ltr' id='par_1_21' title="bbox 419 2289 2014 2360">
     <span class='ocr_line' id='line_1_21' title="bbox 419 2289 2014 2360; baseline 0 -14"><span class='ocrx_word' id='word_1_157' title='bbox 419 2306 542 2346; x_wconf 92' lang='lat' dir='ltr'><strong>cum</strong></span> <span class='ocrx_word' id='word_1_158' title='bbox 564 2291 639 2346; x_wconf 92' lang='lat' dir='ltr'><strong>illi</strong></span> <span class='ocrx_word' id='word_1_159' title='bbox 665 2291 947 2347; x_wconf 88' lang='lat' dir='ltr'><strong>duodecim</strong></span> <span class='ocrx_word' id='word_1_160' title='bbox 976 2299 1158 2347; x_wconf 85' lang='lat' dir='ltr'><strong>essent</strong></span> <span class='ocrx_word' id='word_1_161' title='bbox 1185 2299 1390 2346; x_wconf 90' lang='lat' dir='ltr'><strong>tantum</strong></span> <span class='ocrx_word' id='word_1_162' title='bbox 1415 2332 1430 2357; x_wconf 96' lang='lat'><strong>,</strong></span> <span class='ocrx_word' id='word_1_163' title='bbox 1459 2299 1514 2346; x_wconf 90' lang='lat' dir='ltr'><strong>et</strong></span> <span class='ocrx_word' id='word_1_164' title='bbox 1535 2299 1679 2346; x_wconf 89' lang='lat' dir='ltr'><strong>totus</strong></span> <span class='ocrx_word' id='word_1_165' title='bbox 1701 2289 1846 2345; x_wconf 91' lang='lat' dir='ltr'><strong>orbis</strong></span> <span class='ocrx_word' id='word_1_166' title='bbox 1874 2289 2014 2360; x_wconf 86' lang='lat' dir='ltr'><strong>lupis</strong></span> 
     </span>
    </p>
   </div>
   <div class='ocr_carea' id='block_1_22' title="bbox 418 2384 798 2454">
    <p class='ocr_par' dir='ltr' id='par_1_22' title="bbox 418 2384 798 2454">
     <span class='ocr_line' id='line_1_22' title="bbox 418 2384 798 2454; baseline -0.008 -14"><span class='ocrx_word' id='word_1_167' title='bbox 418 2393 563 2440; x_wconf 88' lang='lat' dir='ltr'><strong>esset</strong></span> <span class='ocrx_word' id='word_1_168' title='bbox 589 2384 798 2454; x_wconf 89' lang='lat' dir='ltr'><strong>plenus.</strong></span> 
     </span>
    </p>
   </div>
   <div class='ocr_carea' id='block_1_23' title="bbox 494 2471 2014 2544">
    <p class='ocr_par' dir='ltr' id='par_1_23' title="bbox 494 2471 2014 2544">
     <span class='ocr_line' id='line_1_23' title="bbox 494 2471 2014 2544; baseline -0.001 -15"><span class='ocrx_word' id='word_1_169' title='bbox 494 2475 623 2530; x_wconf 75' lang='lat' dir='ltr'><strong>Oves</strong></span> <span class='ocrx_word' id='word_1_170' title='bbox 664 2475 852 2531; x_wconf 79' lang='lat' dir='ltr'><strong>Christi</strong></span> <span class='ocrx_word' id='word_1_171' title='bbox 884 2477 1121 2541; x_wconf 79' lang='lat' dir='ltr'><strong>vincunt,</strong></span> <span class='ocrx_word' id='word_1_172' title='bbox 1167 2477 1277 2544; x_wconf 87' lang='lat' dir='ltr'><strong>lupi</strong></span> <span class='ocrx_word' id='word_1_173' title='bbox 1306 2476 1593 2530; x_wconf 78' lang='lat' dir='ltr'><strong>uincuntur.</strong></span> <span class='ocrx_word' id='word_1_174' title='bbox 1621 2504 1691 2514; x_wconf 89' lang='lat'><strong>-—</strong></span> <span class='ocrx_word' id='word_1_175' title='bbox 1717 2471 2014 2529; x_wconf 84' lang='lat' dir='ltr'><strong>Erubesca-</strong></span> 
     </span>
    </p>
   </div>
   <div class='ocr_carea' id='block_1_24' title="bbox 419 2565 2010 2638">
    <p class='ocr_par' dir='ltr' id='par_1_24' title="bbox 419 2565 2010 2638">
     <span class='ocr_line' id='line_1_24' title="bbox 419 2565 2010 2638; baseline -0.001 -18"><span class='ocrx_word' id='word_1_176' title='bbox 419 2581 540 2621; x_wconf 91' lang='lat' dir='ltr'><strong>mus</strong></span> <span class='ocrx_word' id='word_1_177' title='bbox 569 2567 750 2637; x_wconf 77' lang='lat' dir='ltr'><strong>igitur,</strong></span> <span class='ocrx_word' id='word_1_178' title='bbox 777 2567 865 2638; x_wconf 90' lang='lat' dir='ltr'><strong>qui</strong></span> <span class='ocrx_word' id='word_1_179' title='bbox 899 2577 1083 2622; x_wconf 90' lang='lat' dir='ltr'><strong>contra</strong></span> <span class='ocrx_word' id='word_1_180' title='bbox 1113 2566 1405 2632; x_wconf 79' lang='lat' dir='ltr'><strong>facientes,</strong></span> <span class='ocrx_word' id='word_1_181' title='bbox 1437 2567 1586 2636; x_wconf 89' lang='lat' dir='ltr'><strong>quasi</strong></span> <span class='ocrx_word' id='word_1_182' title='bbox 1620 2565 1728 2635; x_wconf 89' lang='lat' dir='ltr'><strong>lupi</strong></span> <span class='ocrx_word' id='word_1_183' title='bbox 1761 2565 2010 2620; x_wconf 87' lang='lat' dir='ltr'><strong>inimicos</strong></span> 
     </span>
    </p>
   </div>
   <div class='ocr_carea' id='block_1_25' title="bbox 419 2649 2012 2719">
    <p class='ocr_par' dir='ltr' id='par_1_25' title="bbox 419 2649 2012 2719">
     <span class='ocr_line' id='line_1_25' title="bbox 419 2649 2012 2719; baseline 0 -15"><span class='ocrx_word' id='word_1_184' title='bbox 419 2650 739 2706; x_wconf 84' lang='lat' dir='ltr'><strong>invadimus.</strong></span> <span class='ocrx_word' id='word_1_185' title='bbox 795 2651 1060 2719; x_wconf 85' lang='lat' dir='ltr'><strong>Quamdiu</strong></span> <span class='ocrx_word' id='word_1_186' title='bbox 1111 2651 1253 2706; x_wconf 90' lang='lat' dir='ltr'><strong>enim</strong></span> <span class='ocrx_word' id='word_1_187' title='bbox 1285 2665 1416 2706; x_wconf 86' lang='lat' dir='ltr'><strong>oves</strong></span> <span class='ocrx_word' id='word_1_188' title='bbox 1455 2663 1678 2716; x_wconf 88' lang='lat' dir='ltr'><strong>sumus,</strong></span> <span class='ocrx_word' id='word_1_189' title='bbox 1725 2649 2012 2715; x_wconf 88' lang='lat' dir='ltr'><strong>vincimus,</strong></span> 
     </span>
    </p>
   </div>
   <div class='ocr_carea' id='block_1_26' title="bbox 417 2741 2011 2815">
    <p class='ocr_par' dir='ltr' id='par_1_26' title="bbox 417 2741 2011 2815">
     <span class='ocr_line' id='line_1_26' title="bbox 417 2741 2011 2815; baseline -0.003 -17"><span class='ocrx_word' id='word_1_190' title='bbox 417 2753 578 2815; x_wconf 88' lang='lat' dir='ltr'><strong>atque</strong></span> <span class='ocrx_word' id='word_1_191' title='bbox 617 2743 718 2799; x_wconf 89' lang='lat' dir='ltr'><strong>etsi</strong></span> <span class='ocrx_word' id='word_1_192' title='bbox 741 2743 1035 2800; x_wconf 88' lang='lat' dir='ltr'><strong>innumeris</strong></span> <span class='ocrx_word' id='word_1_193' title='bbox 1056 2744 1371 2799; x_wconf 88' lang='lat' dir='ltr'><strong>circumdati</strong></span> <span class='ocrx_word' id='word_1_194' title='bbox 1417 2743 1554 2812; x_wconf 89' lang='lat' dir='ltr'><strong>lupis</strong></span> <span class='ocrx_word' id='word_1_195' title='bbox 1579 2755 1934 2812; x_wconf 87' lang='lat' dir='ltr'><strong>superamus;</strong></span> <span class='ocrx_word' id='word_1_196' title='bbox 1967 2741 2011 2796; x_wconf 87' lang='lat' dir='ltr'><strong>si</strong></span> 
     </span>
    </p>
   </div>
   <div class='ocr_carea' id='block_1_27' title="bbox 419 2831 2010 2904">
    <p class='ocr_par' dir='ltr' id='par_1_27' title="bbox 419 2831 2010 2904">
     <span class='ocr_line' id='line_1_27' title="bbox 419 2831 2010 2904; baseline -0.001 -16"><span class='ocrx_word' id='word_1_197' title='bbox 419 2849 550 2892; x_wconf 85' lang='lat' dir='ltr'><strong>vero</strong></span> <span class='ocrx_word' id='word_1_198' title='bbox 574 2835 684 2904; x_wconf 92' lang='lat' dir='ltr'><strong>lupi</strong></span> <span class='ocrx_word' id='word_1_199' title='bbox 704 2833 1020 2900; x_wconf 86' lang='lat' dir='ltr'><strong>elliciamur,</strong></span> <span class='ocrx_word' id='word_1_200' title='bbox 1045 2835 1307 2890; x_wconf 86' lang='lat' dir='ltr'><strong>vincimur</strong></span> <span class='ocrx_word' id='word_1_201' title='bbox 1333 2853 1346 2889; x_wconf 88' lang='lat'><strong>:</strong></span> <span class='ocrx_word' id='word_1_202' title='bbox 1378 2833 1605 2904; x_wconf 89' lang='lat' dir='ltr'><strong>pastoris</strong></span> <span class='ocrx_word' id='word_1_203' title='bbox 1633 2833 1831 2903; x_wconf 87' lang='lat' dir='ltr'><strong>quippe</strong></span> <span class='ocrx_word' id='word_1_204' title='bbox 1859 2831 2010 2888; x_wconf 85' lang='lat' dir='ltr'><strong>auxi-</strong></span> 
     </span>
    </p>
   </div>
   <div class='ocr_carea' id='block_1_28' title="bbox 419 2921 2012 2996">
    <p class='ocr_par' dir='ltr' id='par_1_28' title="bbox 419 2921 2012 2996">
     <span class='ocr_line' id='line_1_28' title="bbox 419 2921 2012 2996; baseline -0.001 -18"><span class='ocrx_word' id='word_1_205' title='bbox 419 2926 492 2980; x_wconf 94' lang='lat' dir='ltr'><strong>lio</strong></span> <span class='ocrx_word' id='word_1_206' title='bbox 519 2925 881 2982; x_wconf 91' lang='lat' dir='ltr'><strong>destituimur.</strong></span> <span class='ocrx_word' id='word_1_207' title='bbox 901 2923 1014 2983; x_wconf 84' lang='lat' dir='ltr'><strong>Non</strong></span> <span class='ocrx_word' id='word_1_208' title='bbox 1038 2925 1182 2980; x_wconf 89' lang='lat' dir='ltr'><strong>enim</strong></span> <span class='ocrx_word' id='word_1_209' title='bbox 1213 2925 1302 2981; x_wconf 89' lang='lat' dir='ltr'><strong>ille</strong></span> <span class='ocrx_word' id='word_1_210' title='bbox 1325 2924 1500 2996; x_wconf 89' lang='lat' dir='ltr'><strong>lupos,</strong></span> <span class='ocrx_word' id='word_1_211' title='bbox 1528 2923 1623 2978; x_wconf 89' lang='lat' dir='ltr'><strong>sed</strong></span> <span class='ocrx_word' id='word_1_212' title='bbox 1652 2938 1781 2978; x_wconf 88' lang='lat' dir='ltr'><strong>oves</strong></span> <span class='ocrx_word' id='word_1_213' title='bbox 1801 2921 2012 2994; x_wconf 83' lang='lat' dir='ltr'><strong>pascit;</strong></span> 
     </span>
    </p>
   </div>
   <div class='ocr_carea' id='block_1_29' title="bbox 419 3015 2016 3087">
    <p class='ocr_par' dir='ltr' id='par_1_29' title="bbox 419 3015 2016 3087">
     <span class='ocr_line' id='line_1_29' title="bbox 419 3015 2016 3087; baseline 0.001 -15"><span class='ocrx_word' id='word_1_214' title='bbox 419 3025 547 3073; x_wconf 90' lang='lat' dir='ltr'><strong>tunc</strong></span> <span class='ocrx_word' id='word_1_215' title='bbox 585 3023 761 3072; x_wconf 88' lang='lat' dir='ltr'><strong>autem</strong></span> <span class='ocrx_word' id='word_1_216' title='bbox 807 3026 862 3074; x_wconf 90' lang='lat' dir='ltr'><strong>te</strong></span> <span class='ocrx_word' id='word_1_217' title='bbox 909 3017 1164 3087; x_wconf 88' lang='lat' dir='ltr'><strong>relinquit</strong></span> <span class='ocrx_word' id='word_1_218' title='bbox 1188 3031 1253 3072; x_wconf 88' lang='lat' dir='ltr'><strong>ac</strong></span> <span class='ocrx_word' id='word_1_219' title='bbox 1290 3015 1556 3072; x_wconf 91' lang='lat' dir='ltr'><strong>discedit:</strong></span> <span class='ocrx_word' id='word_1_220' title='bbox 1587 3015 1712 3086; x_wconf 91' lang='lat' dir='ltr'><strong>quia</strong></span> <span class='ocrx_word' id='word_1_221' title='bbox 1746 3030 1852 3071; x_wconf 92' lang='lat' dir='ltr'><strong>non</strong></span> <span class='ocrx_word' id='word_1_222' title='bbox 1882 3015 2016 3074; x_wconf 77' lang='lat' dir='ltr'><strong>sinis</strong></span> 
     </span>
    </p>
   </div>
   <div class='ocr_carea' id='block_1_30' title="bbox 420 3107 2015 3165">
    <p class='ocr_par' dir='ltr' id='par_1_30' title="bbox 420 3107 2015 3165">
     <span class='ocr_line' id='line_1_30' title="bbox 420 3107 2015 3165; baseline -0.001 -1"><span class='ocrx_word' id='word_1_223' title='bbox 420 3107 568 3164; x_wconf 93' lang='lat' dir='ltr'><strong>illum</strong></span> <span class='ocrx_word' id='word_1_224' title='bbox 595 3108 844 3165; x_wconf 88' lang='lat' dir='ltr'><strong>virtutem</strong></span> <span class='ocrx_word' id='word_1_225' title='bbox 870 3123 1020 3165; x_wconf 89' lang='lat' dir='ltr'><strong>suam</strong></span> <span class='ocrx_word' id='word_1_226' title='bbox 1045 3108 1348 3165; x_wconf 87' lang='lat' dir='ltr'><strong>ostendere.</strong></span> <span class='ocrx_word' id='word_1_227' title='bbox 1373 3108 1428 3164; x_wconf 91' lang='lat' dir='ltr'><strong>Si</strong></span> <span class='ocrx_word' id='word_1_228' title='bbox 1455 3108 1597 3164; x_wconf 90' lang='lat' dir='ltr'><strong>enim</strong></span> <span class='ocrx_word' id='word_1_229' title='bbox 1625 3117 1844 3165; x_wconf 83' lang='lat' dir='ltr'><strong>vexatus</strong></span> <span class='ocrx_word' id='word_1_230' title='bbox 1860 3123 2015 3164; x_wconf 90' lang='lat' dir='ltr'><strong>man-</strong></span> 
     </span>
    </p>
   </div>
   <div class='ocr_carea' id='block_1_31' title="bbox 419 3200 2013 3273">
    <p class='ocr_par' dir='ltr' id='par_1_31' title="bbox 419 3200 2013 3273">
     <span class='ocr_line' id='line_1_31' title="bbox 419 3200 2013 3273; baseline 0 -17"><span class='ocrx_word' id='word_1_231' title='bbox 419 3200 758 3273; x_wconf 79' lang='lat' dir='ltr'><strong>suetudinem</strong></span> <span class='ocrx_word' id='word_1_232' title='bbox 787 3202 1065 3268; x_wconf 80' lang='lat' dir='ltr'><strong>exhibeas,</strong></span> <span class='ocrx_word' id='word_1_233' title='bbox 1087 3202 1185 3273; x_wconf 92' lang='lat' dir='ltr'><strong>ipsi</strong></span> <span class='ocrx_word' id='word_1_234' title='bbox 1211 3211 1377 3257; x_wconf 92' lang='lat' dir='ltr'><strong>totum</strong></span> <span class='ocrx_word' id='word_1_235' title='bbox 1403 3201 1710 3257; x_wconf 87' lang='lat' dir='ltr'><strong>attribuitur</strong></span> <span class='ocrx_word' id='word_1_236' title='bbox 1731 3211 2013 3272; x_wconf 65' lang='lat' dir='ltr'><strong>troprum;</strong></span> 
     </span>
    </p>
   </div>
   <div class='ocr_carea' id='block_1_32' title="bbox 422 3291 2015 3364">
    <p class='ocr_par' dir='ltr' id='par_1_32' title="bbox 422 3291 2015 3364">
     <span class='ocr_line' id='line_1_32' title="bbox 422 3291 2015 3364; baseline 0.001 -16"><span class='ocrx_word' id='word_1_237' title='bbox 422 3293 505 3348; x_wconf 84' lang='lat' dir='ltr'><strong>sin</strong></span> <span class='ocrx_word' id='word_1_238' title='bbox 533 3293 728 3350; x_wconf 86' lang='lat' dir='ltr'><strong>exieris</strong></span> <span class='ocrx_word' id='word_1_239' title='bbox 770 3295 1237 3364; x_wconf 87' lang='lat' dir='ltr'><strong>pugnaverisque,.</strong></span> <span class='ocrx_word' id='word_1_240' title='bbox 1277 3293 1558 3349; x_wconf 88' lang='lat' dir='ltr'><strong>victoriam</strong></span> <span class='ocrx_word' id='word_1_241' title='bbox 1609 3291 1885 3347; x_wconf 88' lang='lat' dir='ltr'><strong>obscuras.</strong></span> <span class='ocrx_word' id='word_1_242' title='bbox 1935 3291 2015 3350; x_wconf 89' lang='lat' dir='ltr'><strong>Tu</strong></span> 
     </span>
    </p>
   </div>
   <div class='ocr_carea' id='block_1_33' title="bbox 419 3380 2011 3454">
    <p class='ocr_par' dir='ltr' id='par_1_33' title="bbox 419 3380 2011 3454">
     <span class='ocr_line' id='line_1_33' title="bbox 419 3380 2011 3454; baseline 0 -17"><span class='ocrx_word' id='word_1_243' title='bbox 419 3397 550 3439; x_wconf 89' lang='lat' dir='ltr'><strong>vero</strong></span> <span class='ocrx_word' id='word_1_244' title='bbox 592 3383 720 3439; x_wconf 89' lang='lat' dir='ltr'><strong>mihi</strong></span> <span class='ocrx_word' id='word_1_245' title='bbox 765 3384 1044 3440; x_wconf 88' lang='lat' dir='ltr'><strong>considera</strong></span> <span class='ocrx_word' id='word_1_246' title='bbox 1088 3386 1304 3454; x_wconf 86' lang='lat' dir='ltr'><strong>quinam</strong></span> <span class='ocrx_word' id='word_1_247' title='bbox 1351 3383 1458 3437; x_wconf 89' lang='lat' dir='ltr'><strong>sint</strong></span> <span class='ocrx_word' id='word_1_248' title='bbox 1501 3381 1559 3448; x_wconf 91' lang='lat' dir='ltr'><strong>ii,</strong></span> <span class='ocrx_word' id='word_1_249' title='bbox 1600 3382 1692 3452; x_wconf 93' lang='lat' dir='ltr'><strong>qui</strong></span> <span class='ocrx_word' id='word_1_250' title='bbox 1734 3380 1851 3436; x_wconf 67' lang='lat' dir='ltr'><strong>haec</strong></span> <span class='ocrx_word' id='word_1_251' title='bbox 1875 3380 2011 3437; x_wconf 89' lang='lat' dir='ltr'><strong>dura</strong></span> 
     </span>
    </p>
   </div>
   <div class='ocr_carea' id='block_1_34' title="bbox 421 3471 2010 3547">
    <p class='ocr_par' dir='ltr' id='par_1_34' title="bbox 421 3471 2010 3547">
     <span class='ocr_line' id='line_1_34' title="bbox 421 3471 2010 3547; baseline -0.002 -17"><span class='ocrx_word' id='word_1_252' title='bbox 421 3475 794 3546; x_wconf 88' lang='lat' dir='ltr'><strong>Iaboriosaque</strong></span> <span class='ocrx_word' id='word_1_253' title='bbox 817 3485 1080 3547; x_wconf 67' lang='lat' dir='ltr'><strong>praecepta</strong></span> <span class='ocrx_word' id='word_1_254' title='bbox 1097 3474 1318 3530; x_wconf 90' lang='lat' dir='ltr'><strong>audiunt</strong></span> <span class='ocrx_word' id='word_1_255' title='bbox 1341 3492 1354 3528; x_wconf 76' lang='grc' dir='ltr'>ε</span> <span class='ocrx_word' id='word_1_256' title='bbox 1379 3473 1710 3529; x_wconf 80' lang='lat' dir='ltr'><strong>formidolosi</strong></span> <span class='ocrx_word' id='word_1_257' title='bbox 1741 3471 2010 3537; x_wconf 88' lang='lat' dir='ltr'><strong>homines,</strong></span> 
     </span>
    </p>
   </div>
   <div class='ocr_carea' id='block_1_35' title="bbox 423 3564 2034 3638">
    <p class='ocr_par' dir='ltr' id='par_1_35' title="bbox 423 3564 2034 3638">
     <span class='ocr_line' id='line_1_35' title="bbox 423 3564 2034 3638; baseline -0.002 -15"><span class='ocrx_word' id='word_1_258' title='bbox 423 3567 643 3633; x_wconf 62' lang='lat' dir='ltr'><strong>idiotas;</strong></span> <span class='ocrx_word' id='word_1_259' title='bbox 693 3569 926 3624; x_wconf 89' lang='lat' dir='ltr'><strong>illiterati</strong></span> <span class='ocrx_word' id='word_1_260' title='bbox 947 3610 962 3634; x_wconf 97' lang='lat'><strong>,</strong></span> <span class='ocrx_word' id='word_1_261' title='bbox 994 3576 1050 3623; x_wconf 92' lang='lat' dir='ltr'><strong>et</strong></span> <span class='ocrx_word' id='word_1_262' title='bbox 1087 3567 1286 3623; x_wconf 91' lang='lat' dir='ltr'><strong>indocti</strong></span> <span class='ocrx_word' id='word_1_263' title='bbox 1318 3583 1336 3634; x_wconf 91' lang='lat'><strong>;</strong></span> <span class='ocrx_word' id='word_1_264' title='bbox 1381 3580 1600 3638; x_wconf 88' lang='lat' dir='ltr'><strong>prorsus</strong></span> <span class='ocrx_word' id='word_1_265' title='bbox 1630 3564 1845 3620; x_wconf 88' lang='lat' dir='ltr'><strong>obscuri</strong></span> <span class='ocrx_word' id='word_1_266' title='bbox 1871 3582 1886 3630; x_wconf 87' lang='lat'><strong>;</strong></span> <span class='ocrx_word' id='word_1_267' title='bbox 1914 3565 2034 3635; x_wconf 67' lang='lat' dir='ltr'><strong>qui~</strong></span> 
     </span>
    </p>
   </div>
   <div class='ocr_carea' id='block_1_36' title="bbox 426 3655 2016 3731">
    <p class='ocr_par' dir='ltr' id='par_1_36' title="bbox 426 3655 2016 3731">
     <span class='ocr_line' id='line_1_36' title="bbox 426 3655 2016 3731; baseline -0.003 -16"><span class='ocrx_word' id='word_1_268' title='bbox 426 3669 742 3716; x_wconf 83' lang='lat' dir='ltr'><strong>exterorum</strong></span> <span class='ocrx_word' id='word_1_269' title='bbox 788 3661 934 3731; x_wconf 80' lang='lat' dir='ltr'><strong>leges</strong></span> <span class='ocrx_word' id='word_1_270' title='bbox 973 3658 1322 3731; x_wconf 83' lang='lat' dir='ltr'><strong>ignorabant,</strong></span> <span class='ocrx_word' id='word_1_271' title='bbox 1355 3657 1444 3728; x_wconf 87' lang='lat' dir='ltr'><strong>qui</strong></span> <span class='ocrx_word' id='word_1_272' title='bbox 1473 3671 1578 3712; x_wconf 90' lang='lat' dir='ltr'><strong>non</strong></span> <span class='ocrx_word' id='word_1_273' title='bbox 1620 3656 1672 3710; x_wconf 93' lang='lat' dir='ltr'><strong>in</strong></span> <span class='ocrx_word' id='word_1_274' title='bbox 1712 3655 1888 3711; x_wconf 82' lang='lat' dir='ltr'><strong>forum</strong></span> <span class='ocrx_word' id='word_1_275' title='bbox 1921 3655 2016 3710; x_wconf 87' lang='lat' dir='ltr'><strong>de-</strong></span> 
     </span>
    </p>
   </div>
   <div class='ocr_carea' id='block_1_37' title="bbox 422 3745 2016 3822">
    <p class='ocr_par' dir='ltr' id='par_1_37' title="bbox 422 3745 2016 3822">
     <span class='ocr_line' id='line_1_37' title="bbox 422 3745 2016 3822; baseline -0.004 -16"><span class='ocrx_word' id='word_1_276' title='bbox 422 3751 784 3816; x_wconf 87' lang='lat' dir='ltr'><strong>sccnderant;</strong></span> <span class='ocrx_word' id='word_1_277' title='bbox 816 3752 1132 3822; x_wconf 88' lang='lat' dir='ltr'><strong>piscatores,</strong></span> <span class='ocrx_word' id='word_1_278' title='bbox 1162 3749 1450 3821; x_wconf 86' lang='lat' dir='ltr'><strong>publicani,</strong></span> <span class='ocrx_word' id='word_1_279' title='bbox 1490 3747 1542 3802; x_wconf 91' lang='lat' dir='ltr'><strong>in</strong></span> <span class='ocrx_word' id='word_1_280' title='bbox 1570 3745 1821 3801; x_wconf 89' lang='lat' dir='ltr'><strong>omnibus</strong></span> <span class='ocrx_word' id='word_1_281' title='bbox 1848 3745 2016 3800; x_wconf 87' lang='lat' dir='ltr'><strong>imbe-</strong></span> 
     </span>
    </p>
   </div>
   <div class='ocr_carea' id='block_1_38' title="bbox 424 3837 2018 3913">
    <p class='ocr_par' dir='ltr' id='par_1_38' title="bbox 424 3837 2018 3913">
     <span class='ocr_line' id='line_1_38' title="bbox 424 3837 2018 3913; baseline -0.004 -15"><span class='ocrx_word' id='word_1_282' title='bbox 424 3843 598 3898; x_wconf 83' lang='lat' dir='ltr'><strong>cilles.</strong></span> <span class='ocrx_word' id='word_1_283' title='bbox 625 3841 779 3909; x_wconf 86' lang='lat' dir='ltr'><strong>Quod</strong></span> <span class='ocrx_word' id='word_1_284' title='bbox 816 3842 860 3897; x_wconf 90' lang='lat' dir='ltr'><strong>si</strong></span> <span class='ocrx_word' id='word_1_285' title='bbox 905 3843 1021 3896; x_wconf 75' lang='lat' dir='ltr'><strong>haec</strong></span> <span class='ocrx_word' id='word_1_286' title='bbox 1065 3842 1147 3898; x_wconf 85' lang='lat' dir='ltr'><strong>vel</strong></span> <span class='ocrx_word' id='word_1_287' title='bbox 1191 3855 1384 3913; x_wconf 87' lang='lat' dir='ltr'><strong>magno</strong></span> <span class='ocrx_word' id='word_1_288' title='bbox 1414 3837 1670 3910; x_wconf 59' lang='lat' dir='ltr'><strong>praeditos</strong></span> <span class='ocrx_word' id='word_1_289' title='bbox 1711 3837 1925 3908; x_wconf 89' lang='lat' dir='ltr'><strong>ingenio</strong></span> <span class='ocrx_word' id='word_1_290' title='bbox 1961 3844 2018 3892; x_wconf 90' lang='lat' dir='ltr'><strong>et</strong></span> 
     </span>
    </p>
   </div>
   <div class='ocr_carea' id='block_1_39' title="bbox 424 3928 2014 4002">
    <p class='ocr_par' dir='ltr' id='par_1_39' title="bbox 424 3928 2014 4002">
     <span class='ocr_line' id='line_1_39' title="bbox 424 3928 2014 4002; baseline -0.004 -15"><span class='ocrx_word' id='word_1_291' title='bbox 424 3933 606 3987; x_wconf 87' lang='lat' dir='ltr'><strong>animo</strong></span> <span class='ocrx_word' id='word_1_292' title='bbox 627 3933 770 3986; x_wconf 87' lang='lat' dir='ltr'><strong>viros</strong></span> <span class='ocrx_word' id='word_1_293' title='bbox 791 3932 1004 3988; x_wconf 90' lang='lat' dir='ltr'><strong>turbare</strong></span> <span class='ocrx_word' id='word_1_294' title='bbox 1024 3940 1268 4002; x_wconf 89' lang='lat' dir='ltr'><strong>possunt,</strong></span> <span class='ocrx_word' id='word_1_295' title='bbox 1292 3928 1563 4001; x_wconf 89' lang='lat' dir='ltr'><strong>quomodo</strong></span> <span class='ocrx_word' id='word_1_296' title='bbox 1584 3944 1690 3984; x_wconf 93' lang='lat' dir='ltr'><strong>non</strong></span> <span class='ocrx_word' id='word_1_297' title='bbox 1714 3928 2014 3998; x_wconf 85' lang='lat' dir='ltr'><strong>potuissent</strong></span> 
     </span>
    </p>
   </div>
   <div class='ocr_carea' id='block_1_40' title="bbox 426 4018 2017 4096">
    <p class='ocr_par' dir='ltr' id='par_1_40' title="bbox 426 4018 2017 4096">
     <span class='ocr_line' id='line_1_40' title="bbox 426 4018 2017 4096; baseline -0.006 -16"><span class='ocrx_word' id='word_1_298' title='bbox 426 4024 703 4096; x_wconf 90' lang='lat' dir='ltr'><strong>imperitos</strong></span> <span class='ocrx_word' id='word_1_299' title='bbox 730 4024 1101 4094; x_wconf 85' lang='lat' dir='ltr'><strong>homines,qui</strong></span> <span class='ocrx_word' id='word_1_300' title='bbox 1129 4023 1260 4078; x_wconf 86' lang='lat' dir='ltr'><strong>nihil</strong></span> <span class='ocrx_word' id='word_1_301' title='bbox 1281 4020 1530 4094; x_wconf 77' lang='lat' dir='ltr'><strong>generosi</strong></span> <span class='ocrx_word' id='word_1_302' title='bbox 1558 4034 1808 4088; x_wconf 86' lang='lat' dir='ltr'><strong>umquam</strong></span> <span class='ocrx_word' id='word_1_303' title='bbox 1837 4018 2017 4073; x_wconf 92' lang='lat' dir='ltr'><strong>animo</strong></span> 
     </span>
    </p>
   </div>
   <div class='ocr_carea' id='block_1_41' title="bbox 425 4107 2014 4186">
    <p class='ocr_par' dir='ltr' id='par_1_41' title="bbox 425 4107 2014 4186">
     <span class='ocr_line' id='line_1_41' title="bbox 425 4107 2014 4186; baseline -0.006 -14"><span class='ocrx_word' id='word_1_304' title='bbox 425 4124 800 4186; x_wconf 86' lang='lat' dir='ltr'><strong>conceperant,</strong></span> <span class='ocrx_word' id='word_1_305' title='bbox 823 4116 1060 4185; x_wconf 84' lang='lat' dir='ltr'><strong>dejicere</strong></span> <span class='ocrx_word' id='word_1_306' title='bbox 1088 4123 1246 4184; x_wconf 87' lang='lat' dir='ltr'><strong>atque</strong></span> <span class='ocrx_word' id='word_1_307' title='bbox 1274 4109 1611 4183; x_wconf 88' lang='lat' dir='ltr'><strong>pereellere?</strong></span> <span class='ocrx_word' id='word_1_308' title='bbox 1637 4109 1706 4164; x_wconf 85' lang='lat' dir='ltr'><strong>At</strong></span> <span class='ocrx_word' id='word_1_309' title='bbox 1731 4123 1838 4163; x_wconf 90' lang='lat' dir='ltr'><strong>non</strong></span> <span class='ocrx_word' id='word_1_310' title='bbox 1862 4107 2014 4176; x_wconf 88' lang='lat' dir='ltr'><strong>deje-</strong></span> 
     </span>
    </p>
   </div>
   <div class='ocr_carea' id='block_1_42' title="bbox 426 4199 2018 4278">
    <p class='ocr_par' dir='ltr' id='par_1_42' title="bbox 426 4199 2018 4278">
     <span class='ocr_line' id='line_1_42' title="bbox 426 4199 2018 4278; baseline -0.004 -15"><span class='ocrx_word' id='word_1_311' title='bbox 426 4224 572 4266; x_wconf 89' lang='lat' dir='ltr'><strong>eere.</strong></span> <span class='ocrx_word' id='word_1_312' title='bbox 601 4208 764 4276; x_wconf 90' lang='lat' dir='ltr'><strong>quue</strong></span> <span class='ocrx_word' id='word_1_313' title='bbox 783 4208 904 4278; x_wconf 89' lang='lat' dir='ltr'><strong>jure</strong></span> <span class='ocrx_word' id='word_1_314' title='bbox 936 4205 1162 4274; x_wconf 89' lang='lat' dir='ltr'><strong>merito,</strong></span> <span class='ocrx_word' id='word_1_315' title='bbox 1187 4205 1330 4261; x_wconf 91' lang='lat' dir='ltr'><strong>dicet</strong></span> <span class='ocrx_word' id='word_1_316' title='bbox 1359 4204 1496 4260; x_wconf 81' lang='lat' dir='ltr'><strong>forte</strong></span> <span class='ocrx_word' id='word_1_317' title='bbox 1523 4201 1786 4273; x_wconf 84' lang='lat' dir='ltr'><strong>quispiam</strong></span> <span class='ocrx_word' id='word_1_318' title='bbox 1817 4219 1831 4254; x_wconf 90' lang='lat'>:</span> <span class='ocrx_word' id='word_1_319' title='bbox 1865 4199 2018 4256; x_wconf 87' lang='lat' dir='ltr'><strong>dedit</strong></span> 
     </span>
    </p>
   </div>
   <div class='ocr_carea' id='block_1_43' title="bbox 428 4291 2016 4369">
    <p class='ocr_par' dir='ltr' id='par_1_43' title="bbox 428 4291 2016 4369">
     <span class='ocr_line' id='line_1_43' title="bbox 428 4291 2016 4369; baseline -0.008 -14"><span class='ocrx_word' id='word_1_320' title='bbox 428 4301 568 4356; x_wconf 84' lang='lat' dir='ltr'><strong>enim</strong></span> <span class='ocrx_word' id='word_1_321' title='bbox 597 4299 699 4354; x_wconf 91' lang='lat' dir='ltr'><strong>illis</strong></span> <span class='ocrx_word' id='word_1_322' title='bbox 725 4307 1040 4369; x_wconf 89' lang='lat' dir='ltr'><strong>potestatem</strong></span> <span class='ocrx_word' id='word_1_323' title='bbox 1072 4297 1348 4352; x_wconf 75' lang='lat' dir='ltr'><strong>dzemonas</strong></span> <span class='ocrx_word' id='word_1_324' title='bbox 1367 4291 1612 4364; x_wconf 91' lang='lat' dir='ltr'><strong>ejiciendi</strong></span> <span class='ocrx_word' id='word_1_325' title='bbox 1631 4334 1646 4358; x_wconf 93' lang='lat'><strong>,</strong></span> <span class='ocrx_word' id='word_1_326' title='bbox 1678 4306 1740 4346; x_wconf 90' lang='lat' dir='ltr'><strong>ac</strong></span> <span class='ocrx_word' id='word_1_327' title='bbox 1772 4292 2016 4361; x_wconf 89' lang='lat' dir='ltr'><strong>leprosos</strong></span> 
     </span>
    </p>
   </div>
   <div class='ocr_carea' id='block_1_44' title="bbox 428 4382 2018 4462">
    <p class='ocr_par' dir='ltr' id='par_1_44' title="bbox 428 4382 2018 4462">
     <span class='ocr_line' id='line_1_44' title="bbox 428 4382 2018 4462; baseline -0.008 -14"><span class='ocrx_word' id='word_1_328' title='bbox 428 4391 740 4448; x_wconf 88' lang='lat' dir='ltr'><strong>mundandi.</strong></span> <span class='ocrx_word' id='word_1_329' title='bbox 775 4391 888 4462; x_wconf 86' lang='lat' dir='ltr'><strong>Ego</strong></span> <span class='ocrx_word' id='word_1_330' title='bbox 915 4400 1092 4446; x_wconf 90' lang='lat' dir='ltr'><strong>autem</strong></span> <span class='ocrx_word' id='word_1_331' title='bbox 1136 4387 1362 4444; x_wconf 81' lang='lat' dir='ltr'><strong>dixerim</strong></span> <span class='ocrx_word' id='word_1_332' title='bbox 1383 4429 1398 4453; x_wconf 92' lang='lat'><strong>,</strong></span> <span class='ocrx_word' id='word_1_333' title='bbox 1438 4385 1541 4440; x_wconf 89' lang='lat' dir='ltr'><strong>hoc</strong></span> <span class='ocrx_word' id='word_1_334' title='bbox 1578 4384 1752 4454; x_wconf 89' lang='lat' dir='ltr'><strong>ipsum</strong></span> <span class='ocrx_word' id='word_1_335' title='bbox 1779 4382 2018 4437; x_wconf 84' lang='lat' dir='ltr'><strong>maxime</strong></span> 
     </span>
    </p>
   </div>
   <div class='ocr_carea' id='block_1_45' title="bbox 427 4473 2014 4551">
    <p class='ocr_par' dir='ltr' id='par_1_45' title="bbox 427 4473 2014 4551">
     <span class='ocr_line' id='line_1_45' title="bbox 427 4473 2014 4551; baseline -0.008 -13"><span class='ocrx_word' id='word_1_336' title='bbox 427 4484 548 4538; x_wconf 90' lang='lat' dir='ltr'><strong>illos</strong></span> <span class='ocrx_word' id='word_1_337' title='bbox 575 4482 790 4537; x_wconf 87' lang='lat' dir='ltr'><strong>turbare</strong></span> <span class='ocrx_word' id='word_1_338' title='bbox 820 4480 1080 4551; x_wconf 88' lang='lat' dir='ltr'><strong>potuisse,</strong></span> <span class='ocrx_word' id='word_1_339' title='bbox 1103 4477 1246 4550; x_wconf 94' lang='lat' dir='ltr'><strong>quod</strong></span> <span class='ocrx_word' id='word_1_340' title='bbox 1273 4477 1375 4532; x_wconf 87' lang='lat' dir='ltr'><strong>etsi</strong></span> <span class='ocrx_word' id='word_1_341' title='bbox 1397 4485 1640 4531; x_wconf 91' lang='lat' dir='ltr'><strong>mortuos</strong></span> <span class='ocrx_word' id='word_1_342' title='bbox 1668 4473 2014 4539; x_wconf 87' lang='lat' dir='ltr'><strong>suscitarent,</strong></span> 
     </span>
    </p>
   </div>
   <div class='ocr_carea' id='block_1_46' title="bbox 427 4562 2014 4640">
    <p class='ocr_par' dir='ltr' id='par_1_46' title="bbox 427 4562 2014 4640">
     <span class='ocr_line' id='line_1_46' title="bbox 427 4562 2014 4640; baseline -0.009 -12"><span class='ocrx_word' id='word_1_343' title='bbox 427 4575 546 4629; x_wconf 75' lang='lat' dir='ltr'><strong>haec</strong></span> <span class='ocrx_word' id='word_1_344' title='bbox 594 4584 772 4629; x_wconf 91' lang='lat' dir='ltr'><strong>tamen</strong></span> <span class='ocrx_word' id='word_1_345' title='bbox 819 4570 1173 4627; x_wconf 89' lang='lat' dir='ltr'><strong>intolerabilia</strong></span> <span class='ocrx_word' id='word_1_346' title='bbox 1217 4567 1427 4640; x_wconf 88' lang='lat' dir='ltr'><strong>passuri</strong></span> <span class='ocrx_word' id='word_1_347' title='bbox 1475 4573 1671 4630; x_wconf 89' lang='lat' dir='ltr'><strong>erant;</strong></span> <span class='ocrx_word' id='word_1_348' title='bbox 1712 4562 2014 4627; x_wconf 86' lang='lat' dir='ltr'><strong>tribunalia,</strong></span> 
     </span>
    </p>
   </div>
   <div class='ocr_carea' id='block_1_47' title="bbox 425 4657 2016 4728">
    <p class='ocr_par' dir='ltr' id='par_1_47' title="bbox 425 4657 2016 4728">
     <span class='ocr_line' id='line_1_47' title="bbox 425 4657 2016 4728; baseline -0.008 -8"><span class='ocrx_word' id='word_1_349' title='bbox 425 4665 776 4721; x_wconf 86' lang='lat' dir='ltr'><strong>abductiones</strong></span> <span class='ocrx_word' id='word_1_350' title='bbox 796 4662 864 4719; x_wconf 91' lang='lat' dir='ltr'><strong>ad</strong></span> <span class='ocrx_word' id='word_1_351' title='bbox 891 4677 1102 4728; x_wconf 89' lang='lat' dir='ltr'><strong>necem,</strong></span> <span class='ocrx_word' id='word_1_352' title='bbox 1125 4659 1322 4716; x_wconf 91' lang='lat' dir='ltr'><strong>bellum</strong></span> <span class='ocrx_word' id='word_1_353' title='bbox 1349 4657 1606 4714; x_wconf 86' lang='lat' dir='ltr'><strong>adversus</strong></span> <span class='ocrx_word' id='word_1_354' title='bbox 1625 4670 1837 4720; x_wconf 90' lang='lat' dir='ltr'><strong>omnes,</strong></span> <span class='ocrx_word' id='word_1_355' title='bbox 1868 4669 2016 4709; x_wconf 90' lang='lat' dir='ltr'><strong>com-</strong></span> 
     </span>
    </p>
   </div>
   <div class='ocr_carea' id='block_1_48' title="bbox 428 4747 2020 4818">
    <p class='ocr_par' dir='ltr' id='par_1_48' title="bbox 428 4747 2020 4818">
     <span class='ocr_line' id='line_1_48' title="bbox 428 4747 2020 4818; baseline -0.009 -4"><span class='ocrx_word' id='word_1_356' title='bbox 428 4774 589 4814; x_wconf 87' lang='lat' dir='ltr'><strong>mune</strong></span> <span class='ocrx_word' id='word_1_357' title='bbox 619 4757 783 4813; x_wconf 89' lang='lat' dir='ltr'><strong>totius</strong></span> <span class='ocrx_word' id='word_1_358' title='bbox 810 4755 959 4810; x_wconf 90' lang='lat' dir='ltr'><strong>orbis</strong></span> <span class='ocrx_word' id='word_1_359' title='bbox 995 4753 1178 4808; x_wconf 89' lang='lat' dir='ltr'><strong>odium</strong></span> <span class='ocrx_word' id='word_1_360' title='bbox 1199 4793 1214 4818; x_wconf 93' lang='lat'><strong>,</strong></span> <span class='ocrx_word' id='word_1_361' title='bbox 1237 4761 1293 4808; x_wconf 92' lang='lat' dir='ltr'><strong>et</strong></span> <span class='ocrx_word' id='word_1_362' title='bbox 1322 4751 1437 4805; x_wconf 65' lang='lat' dir='ltr'><strong>huic</strong></span> <span class='ocrx_word' id='word_1_363' title='bbox 1472 4749 1598 4805; x_wconf 89' lang='lat' dir='ltr'><strong>dum</strong></span> <span class='ocrx_word' id='word_1_364' title='bbox 1630 4747 1885 4804; x_wconf 90' lang='lat' dir='ltr'><strong>miracula</strong></span> <span class='ocrx_word' id='word_1_365' title='bbox 1927 4761 2020 4816; x_wconf 83' lang='lat' dir='ltr'><strong>pa-</strong></span> 
     </span>
    </p>
   </div>
   <div class='ocr_carea' id='block_1_49' title="bbox 430 4837 2018 4915">
    <p class='ocr_par' dir='ltr' id='par_1_49' title="bbox 430 4837 2018 4915">
     <span class='ocr_line' id='line_1_49' title="bbox 430 4837 2018 4915; baseline -0.008 -12"><span class='ocrx_word' id='word_1_366' title='bbox 430 4858 654 4904; x_wconf 88' lang='lat' dir='ltr'><strong>trarent.</strong></span> <span class='ocrx_word' id='word_1_367' title='bbox 686 4848 816 4915; x_wconf 80' lang='lat' dir='ltr'><strong>Qua:</strong></span> <span class='ocrx_word' id='word_1_368' title='bbox 857 4844 1158 4902; x_wconf 90' lang='lat' dir='ltr'><strong>consolatio</strong></span> <span class='ocrx_word' id='word_1_369' title='bbox 1205 4844 1344 4898; x_wconf 89' lang='lat' dir='ltr'><strong>inter</strong></span> <span class='ocrx_word' id='word_1_370' title='bbox 1396 4849 1475 4898; x_wconf 91' lang='lat' dir='ltr'><strong>tot</strong></span> <span class='ocrx_word' id='word_1_371' title='bbox 1523 4849 1778 4911; x_wconf 85' lang='lat' dir='ltr'><strong>tantaque</strong></span> <span class='ocrx_word' id='word_1_372' title='bbox 1833 4837 2018 4893; x_wconf 89' lang='lat' dir='ltr'><strong>mala?</strong></span> 
     </span>
    </p>
   </div>
   <div class='ocr_carea' id='block_1_50' title="bbox 431 4929 2015 5010">
    <p class='ocr_par' dir='ltr' id='par_1_50' title="bbox 431 4929 2015 5010">
     <span class='ocr_line' id='line_1_50' title="bbox 431 4929 2015 5010; baseline -0.009 -14"><span class='ocrx_word' id='word_1_373' title='bbox 431 4942 688 4996; x_wconf 83' lang='lat' dir='ltr'><strong>Mittentis</strong></span> <span class='ocrx_word' id='word_1_374' title='bbox 721 4938 975 5010; x_wconf 88' lang='lat' dir='ltr'><strong>potentia.</strong></span> <span class='ocrx_word' id='word_1_375' title='bbox 1005 4935 1210 4992; x_wconf 91' lang='lat' dir='ltr'><strong>Idcirco</strong></span> <span class='ocrx_word' id='word_1_376' title='bbox 1239 4935 1355 4990; x_wconf 85' lang='lat' dir='ltr'><strong>haec</strong></span> <span class='ocrx_word' id='word_1_377' title='bbox 1379 4932 1641 5004; x_wconf 67' lang='lat' dir='ltr'><strong>praemisit</strong></span> <span class='ocrx_word' id='word_1_378' title='bbox 1669 4930 1787 4984; x_wconf 89' lang='lat' dir='ltr'><strong>aliis</strong></span> <span class='ocrx_word' id='word_1_379' title='bbox 1807 4929 2015 4992; x_wconf 89' lang='lat' dir='ltr'><strong>dicens,</strong></span> 
     </span>
    </p>
   </div>
   <div class='ocr_carea' id='block_1_51' title="bbox 433 5021 2019 5104">
    <p class='ocr_par' dir='ltr' id='par_1_51' title="bbox 433 5021 2019 5104">
     <span class='ocr_line' id='line_1_51' title="bbox 433 5021 2019 5104; baseline -0.009 -16"><span class='ocrx_word' id='word_1_380' title='bbox 433 5035 566 5089; x_wconf 80' lang='lat' dir='ltr'><strong>Ecce</strong></span> <span class='ocrx_word' id='word_1_381' title='bbox 585 5051 675 5104; x_wconf 83' lang='lat' dir='ltr'><strong>ego</strong></span> <span class='ocrx_word' id='word_1_382' title='bbox 705 5033 847 5086; x_wconf 84' lang='lat' dir='ltr'><strong>mitto</strong></span> <span class='ocrx_word' id='word_1_383' title='bbox 873 5046 982 5086; x_wconf 76' lang='lat' dir='ltr'><strong>vos.</strong></span> <span class='ocrx_word' id='word_1_384' title='bbox 1014 5028 1128 5083; x_wconf 80' lang='lat' dir='ltr'><strong>Hoc</strong></span> <span class='ocrx_word' id='word_1_385' title='bbox 1155 5026 1307 5082; x_wconf 92' lang='lat' dir='ltr'><strong>vobis</strong></span> <span class='ocrx_word' id='word_1_386' title='bbox 1336 5025 1402 5081; x_wconf 92' lang='lat' dir='ltr'><strong>ad</strong></span> <span class='ocrx_word' id='word_1_387' title='bbox 1431 5023 1859 5080; x_wconf 88' lang='lat' dir='ltr'><strong>consolationem</strong></span> <span class='ocrx_word' id='word_1_388' title='bbox 1886 5021 2019 5075; x_wconf 90' lang='lat' dir='ltr'><strong>satis</strong></span> 
     </span>
    </p>
   </div>
   <div class='ocr_carea' id='block_1_52' title="bbox 432 5115 2020 5194">
    <p class='ocr_par' dir='ltr' id='par_1_52' title="bbox 432 5115 2020 5194">
     <span class='ocr_line' id='line_1_52' title="bbox 432 5115 2020 5194; baseline -0.009 -12"><span class='ocrx_word' id='word_1_389' title='bbox 432 5135 516 5182; x_wconf 83' lang='lat' dir='ltr'><strong>est</strong></span> <span class='ocrx_word' id='word_1_390' title='bbox 538 5168 551 5190; x_wconf 94' lang='lat'><strong>,</strong></span> <span class='ocrx_word' id='word_1_391' title='bbox 590 5124 894 5194; x_wconf 80' lang='lat' dir='ltr'><strong>sufiicitque</strong></span> <span class='ocrx_word' id='word_1_392' title='bbox 918 5121 986 5176; x_wconf 89' lang='lat' dir='ltr'><strong>ad</strong></span> <span class='ocrx_word' id='word_1_393' title='bbox 1014 5119 1260 5175; x_wconf 79' lang='lat' dir='ltr'><strong>ﬁduciam</strong></span> <span class='ocrx_word' id='word_1_394' title='bbox 1285 5116 1601 5174; x_wconf 88' lang='lat' dir='ltr'><strong>sumendam</strong></span> <span class='ocrx_word' id='word_1_395' title='bbox 1646 5115 2020 5182; x_wconf 86' lang='lat' dir='ltr'><strong>neminemque</strong></span> 
     </span>
    </p>
   </div>
   <div class='ocr_carea' id='block_1_53' title="bbox 433 5210 1343 5273">
    <p class='ocr_par' dir='ltr' id='par_1_53' title="bbox 433 5210 1343 5273">
     <span class='ocr_line' id='line_1_53' title="bbox 433 5210 1343 5273; baseline -0.008 -3"><span class='ocrx_word' id='word_1_396' title='bbox 433 5217 862 5273; x_wconf 80' lang='lat' dir='ltr'><strong>adversariorum</strong></span> <span class='ocrx_word' id='word_1_397' title='bbox 891 5210 1285 5268; x_wconf 80' lang='lat' dir='ltr'><strong>formidandum</strong></span> <span class='ocrx_word' id='word_1_398' title='bbox 1303 5211 1343 5263; x_wconf 76' lang='lat'><strong>&#39;.</strong></span> 
     </span>
    </p>
   </div>
   <div class='ocr_carea' id='block_1_54' title="bbox 504 5297 2018 5376">
    <p class='ocr_par' dir='ltr' id='par_1_54' title="bbox 504 5297 2018 5376">
     <span class='ocr_line' id='line_1_54' title="bbox 504 5297 2018 5376; baseline -0.009 -13"><span class='ocrx_word' id='word_1_399' title='bbox 504 5309 560 5363; x_wconf 72' lang='lat'><strong>‘2.</strong></span> <span class='ocrx_word' id='word_1_400' title='bbox 581 5308 750 5376; x_wconf 87' lang='lat' dir='ltr'><strong>Quare</strong></span> <span class='ocrx_word' id='word_1_401' title='bbox 761 5305 988 5360; x_wconf 83' lang='lat' dir='ltr'><strong>Christus</strong></span> <span class='ocrx_word' id='word_1_402' title='bbox 1003 5303 1246 5374; x_wconf 86' lang='lat' dir='ltr'><strong>apostolis</strong></span> <span class='ocrx_word' id='word_1_403' title='bbox 1257 5301 1422 5355; x_wconf 85' lang='lat' dir='ltr'><strong>ovium</strong></span> <span class='ocrx_word' id='word_1_404' title='bbox 1434 5299 1777 5367; x_wconf 79' lang='lat' dir='ltr'><strong>infirmitatem</strong></span> <span class='ocrx_word' id='word_1_405' title='bbox 1798 5297 2018 5366; x_wconf 83' lang='lat' dir='ltr'><strong>reliquit.</strong></span> 
     </span>
    </p>
   </div>
   <div class='ocr_carea' id='block_1_55' title="bbox 436 5386 2024 5464">
    <p class='ocr_par' dir='ltr' id='par_1_55' title="bbox 436 5386 2024 5464">
     <span class='ocr_line' id='line_1_55' title="bbox 436 5386 2024 5464; baseline -0.007 -11"><span class='ocrx_word' id='word_1_406' title='bbox 436 5399 721 5456; x_wconf 82' lang='lat' dir='ltr'><strong>Prudentia</strong></span> <span class='ocrx_word' id='word_1_407' title='bbox 745 5395 989 5464; x_wconf 82' lang='lat' dir='ltr'><strong>serpentis</strong></span> <span class='ocrx_word' id='word_1_408' title='bbox 1008 5409 1138 5464; x_wconf 72' lang='lat' dir='ltr'><strong>qute.</strong></span> <span class='ocrx_word' id='word_1_409' title='bbox 1161 5422 1233 5433; x_wconf 91' lang='lat'><strong>-——</strong></span> <span class='ocrx_word' id='word_1_410' title='bbox 1251 5391 1414 5447; x_wconf 78' lang='lat' dir='ltr'><strong>Vides</strong></span> <span class='ocrx_word' id='word_1_411' title='bbox 1441 5386 1849 5445; x_wconf 87' lang='lat' dir='ltr'><strong>auctoritatem?</strong></span> <span class='ocrx_word' id='word_1_412' title='bbox 1874 5386 2024 5442; x_wconf 90' lang='lat' dir='ltr'><strong>vides</strong></span> 
     </span>
    </p>
   </div>
   <div class='ocr_carea' id='block_1_56' title="bbox 438 5475 2025 5561">
    <p class='ocr_par' dir='ltr' id='par_1_56' title="bbox 438 5475 2025 5561">
     <span class='ocr_line' id='line_1_56' title="bbox 438 5475 2025 5561; baseline -0.009 -15"><span class='ocrx_word' id='word_1_413' title='bbox 438 5487 774 5561; x_wconf 78' lang='lat' dir='ltr'><strong>potentiam?</strong></span> <span class='ocrx_word' id='word_1_414' title='bbox 820 5485 968 5541; x_wconf 88' lang='lat' dir='ltr'><strong>vides</strong></span> <span class='ocrx_word' id='word_1_415' title='bbox 1005 5485 1255 5539; x_wconf 87' lang='lat' dir='ltr'><strong>virtutem</strong></span> <span class='ocrx_word' id='word_1_416' title='bbox 1307 5477 1819 5552; x_wconf 77' lang='lat' dir='ltr'><strong>inexpugnabilem?</strong></span> <span class='ocrx_word' id='word_1_417' title='bbox 1869 5475 2025 5544; x_wconf 86' lang='lat' dir='ltr'><strong>Quod</strong></span> 
     </span>
    </p>
   </div>
   <div class='ocr_carea' id='block_1_57' title="bbox 435 5567 2020 5646">
    <p class='ocr_par' dir='ltr' id='par_1_57' title="bbox 435 5567 2020 5646">
     <span class='ocr_line' id='line_1_57' title="bbox 435 5567 2020 5646; baseline -0.009 -9"><span class='ocrx_word' id='word_1_418' title='bbox 435 5591 615 5636; x_wconf 89' lang='lat' dir='ltr'><strong>autem</strong></span> <span class='ocrx_word' id='word_1_419' title='bbox 660 5578 818 5642; x_wconf 89' lang='lat' dir='ltr'><strong>dicit,</strong></span> <span class='ocrx_word' id='word_1_420' title='bbox 855 5574 1158 5646; x_wconf 79' lang='lat' dir='ltr'><strong>huiusmodi</strong></span> <span class='ocrx_word' id='word_1_421' title='bbox 1200 5582 1283 5630; x_wconf 88' lang='lat' dir='ltr'><strong>est</strong></span> <span class='ocrx_word' id='word_1_422' title='bbox 1310 5591 1325 5626; x_wconf 91' lang='lat'><strong>:</strong></span> <span class='ocrx_word' id='word_1_423' title='bbox 1357 5573 1435 5628; x_wconf 86' lang='lat' dir='ltr'><strong>Ne</strong></span> <span class='ocrx_word' id='word_1_424' title='bbox 1470 5569 1758 5626; x_wconf 84' lang='lat' dir='ltr'><strong>turbemini</strong></span> <span class='ocrx_word' id='word_1_425' title='bbox 1779 5610 1794 5634; x_wconf 96' lang='lat'><strong>,</strong></span> <span class='ocrx_word' id='word_1_426' title='bbox 1826 5567 2020 5638; x_wconf 89' lang='lat' dir='ltr'><strong>inquit,</strong></span> 
     </span>
    </p>
   </div>
   <div class='ocr_carea' id='block_1_58' title="bbox 435 5659 2024 5742">
    <p class='ocr_par' dir='ltr' id='par_1_58' title="bbox 435 5659 2024 5742">
     <span class='ocr_line' id='line_1_58' title="bbox 435 5659 2024 5742; baseline -0.009 -15"><span class='ocrx_word' id='word_1_427' title='bbox 435 5671 580 5742; x_wconf 88' lang='lat' dir='ltr'><strong>quod</strong></span> <span class='ocrx_word' id='word_1_428' title='bbox 600 5685 721 5727; x_wconf 89' lang='lat' dir='ltr'><strong>cum</strong></span> <span class='ocrx_word' id='word_1_429' title='bbox 739 5685 833 5726; x_wconf 88' lang='lat' dir='ltr'><strong>vos</strong></span> <span class='ocrx_word' id='word_1_430' title='bbox 853 5669 991 5725; x_wconf 88' lang='lat' dir='ltr'><strong>inter</strong></span> <span class='ocrx_word' id='word_1_431' title='bbox 1013 5669 1164 5739; x_wconf 90' lang='lat' dir='ltr'><strong>lupos</strong></span> <span class='ocrx_word' id='word_1_432' title='bbox 1187 5666 1418 5727; x_wconf 85' lang='lat' dir='ltr'><strong>mittam,</strong></span> <span class='ocrx_word' id='word_1_433' title='bbox 1439 5673 1496 5719; x_wconf 93' lang='lat' dir='ltr'><strong>ut</strong></span> <span class='ocrx_word' id='word_1_434' title='bbox 1510 5679 1638 5718; x_wconf 90' lang='lat' dir='ltr'><strong>oves</strong></span> <span class='ocrx_word' id='word_1_435' title='bbox 1666 5671 1718 5716; x_wconf 89' lang='lat' dir='ltr'><strong>et</strong></span> <span class='ocrx_word' id='word_1_436' title='bbox 1739 5669 1797 5715; x_wconf 92' lang='lat' dir='ltr'><strong>ut</strong></span> <span class='ocrx_word' id='word_1_437' title='bbox 1817 5659 2024 5714; x_wconf 88' lang='lat' dir='ltr'><strong>colum-</strong></span> 
     </span>
    </p>
   </div>
   <div class='ocr_carea' id='block_1_59' title="bbox 437 5761 2022 5833">
    <p class='ocr_par' dir='ltr' id='par_1_59' title="bbox 437 5761 2022 5833">
     <span class='ocr_line' id='line_1_59' title="bbox 437 5761 2022 5833; baseline -0.01 -9"><span class='ocrx_word' id='word_1_438' title='bbox 437 5766 536 5824; x_wconf 89' lang='lat' dir='ltr'><strong>bas</strong></span> <span class='ocrx_word' id='word_1_439' title='bbox 557 5779 678 5821; x_wconf 81' lang='lat' dir='ltr'><strong>esse</strong></span> <span class='ocrx_word' id='word_1_440' title='bbox 695 5763 930 5833; x_wconf 78' lang='lat' dir='ltr'><strong>iubeam.</strong></span> <span class='ocrx_word' id='word_1_441' title='bbox 959 5761 1299 5818; x_wconf 82' lang='lat' dir='ltr'><strong>Contrarium</strong></span> <span class='ocrx_word' id='word_1_442' title='bbox 1331 5767 1584 5829; x_wconf 59' lang='lat' dir='ltr'><strong>praestare</strong></span> <span class='ocrx_word' id='word_1_443' title='bbox 1608 5764 1869 5826; x_wconf 85' lang='lat' dir='ltr'><strong>poteram,</strong></span> <span class='ocrx_word' id='word_1_444' title='bbox 1897 5765 2022 5808; x_wconf 83' lang='lat' dir='ltr'><strong>vos-</strong></span> 
     </span>
    </p>
   </div>
   <div class='ocr_carea' id='block_1_60' title="bbox 507 5907 1930 6000">
    <p class='ocr_par' dir='ltr' id='par_1_60' title="bbox 507 5907 1930 6000">
     <span class='ocr_line' id='line_1_60' title="bbox 507 5907 1930 6000; baseline -0.011 -27"><span class='ocrx_word' id='word_1_445' title='bbox 507 5921 524 5956; x_wconf 75' lang='lat'><strong><em>‘</em></strong></span> <span class='ocrx_word' id='word_1_446' title='bbox 554 5919 752 5981; x_wconf 71' lang='lat' dir='ltr'><strong>quidam</strong></span> <span class='ocrx_word' id='word_1_447' title='bbox 767 5917 981 6000; x_wconf 52' lang='lat' dir='ltr'><strong>habent,</strong></span> <span class='ocrx_word' id='word_1_448' title='bbox 983 5915 1197 5980; x_wconf 75' lang='lat' dir='ltr'><strong>nihilque</strong></span> <span class='ocrx_word' id='word_1_449' title='bbox 1219 5916 1534 5968; x_wconf 69' lang='lat' dir='ltr'><strong>adversortan‘</strong></span> <span class='ocrx_word' id='word_1_450' title='bbox 1548 5907 1930 5978; x_wconf 77' lang='lat' dir='ltr'><strong>formidandum.</strong></span> 
     </span>
    </p>
   </div>
   <div class='ocr_carea' id='block_1_61' title="bbox 1295 420 2074 479">
    <p class='ocr_par' dir='ltr' id='par_1_61' title="bbox 1295 420 2074 479">
     <span class='ocr_line' id='line_1_61' title="bbox 1295 420 2074 479; baseline 0.004 -3"><span class='ocrx_word' id='word_1_451' title='bbox 1295 421 1362 478; x_wconf 82' lang='lat' dir='ltr'><strong>IN</strong></span> <span class='ocrx_word' id='word_1_452' title='bbox 1399 420 1805 479; x_wconf 71' lang='lat' dir='ltr'><strong>MATTllASUM</strong></span> <span class='ocrx_word' id='word_1_453' title='bbox 1846 421 2074 479; x_wconf 75' lang='lat' dir='ltr'><strong>HOMIL.</strong></span> 
     </span>
    </p>
   </div>
   <div class='ocr_carea' id='block_1_62' title="bbox 2118 421 3705 483">
    <p class='ocr_par' dir='ltr' id='par_1_62' title="bbox 2118 421 3705 483">
     <span class='ocr_line' id='line_1_62' title="bbox 2118 421 3705 483; baseline 0 -5"><span class='ocrx_word' id='word_1_454' title='bbox 2118 421 2335 478; x_wconf 75' lang='lat' dir='ltr'><strong>XXXIII</strong></span> <span class='ocrx_word' id='word_1_455' title='bbox 2347 462 2359 483; x_wconf 88' lang='lat'><strong>,</strong></span> <span class='ocrx_word' id='word_1_456' title='bbox 2397 425 2469 480; x_wconf 87' lang='lat' dir='ltr'><strong>al.</strong></span> <span class='ocrx_word' id='word_1_457' title='bbox 2513 424 2756 482; x_wconf 76' lang='lat' dir='ltr'><strong>XXXIV.</strong></span> <span class='ocrx_word' id='word_1_458' title='bbox 3602 425 3705 479; x_wconf 68' lang='lat'><strong>390</strong></span> 
     </span>
    </p>
   </div>
   <div class='ocr_carea' id='block_1_63' title="bbox 2119 529 3710 617">
    <p class='ocr_par' dir='ltr' id='par_1_63' title="bbox 2119 529 3710 617">
     <span class='ocr_line' id='line_1_63' title="bbox 2119 529 3710 617; baseline 0.008 -27"><span class='ocrx_word' id='word_1_459' title='bbox 2119 553 2223 608; x_wconf 89' lang='lat' dir='ltr'><strong>que</strong></span> <span class='ocrx_word' id='word_1_460' title='bbox 2261 539 2470 595; x_wconf 88' lang='lat' dir='ltr'><strong>mittere</strong></span> <span class='ocrx_word' id='word_1_461' title='bbox 2507 540 2638 594; x_wconf 88' lang='lat' dir='ltr'><strong>nihil</strong></span> <span class='ocrx_word' id='word_1_462' title='bbox 2683 555 2937 610; x_wconf 77' lang='lat' dir='ltr'><strong>passuros</strong></span> <span class='ocrx_word' id='word_1_463' title='bbox 2975 542 3099 596; x_wconf 85' lang='lat' dir='ltr'><strong>mali</strong></span> <span class='ocrx_word' id='word_1_464' title='bbox 3126 585 3140 606; x_wconf 90' lang='lat'><strong>,</strong></span> <span class='ocrx_word' id='word_1_465' title='bbox 3172 558 3268 598; x_wconf 82' lang='lat' dir='ltr'><strong>nec</strong></span> <span class='ocrx_word' id='word_1_466' title='bbox 3310 553 3365 598; x_wconf 92' lang='lat' dir='ltr'><strong>nt</strong></span> <span class='ocrx_word' id='word_1_467' title='bbox 3402 559 3532 601; x_wconf 81' lang='lat' dir='ltr'><strong>oves</strong></span> <span class='ocrx_word' id='word_1_468' title='bbox 3570 529 3710 617; x_wconf 80' lang='lat' dir='ltr'><strong>lupis</strong></span> 
     </span>
    </p>
   </div>
   <div class='ocr_carea' id='block_1_64' title="bbox 2116 631 3710 706">
    <p class='ocr_par' dir='ltr' id='par_1_64' title="bbox 2116 631 3710 706">
     <span class='ocr_line' id='line_1_64' title="bbox 2116 631 3710 706; baseline 0.007 -21"><span class='ocrx_word' id='word_1_469' title='bbox 2116 631 2380 700; x_wconf 83' lang='lat' dir='ltr'><strong>subjicere</strong></span> <span class='ocrx_word' id='word_1_470' title='bbox 2401 675 2416 699; x_wconf 96' lang='lat'><strong>,</strong></span> <span class='ocrx_word' id='word_1_471' title='bbox 2446 633 2542 687; x_wconf 71' lang='lat' dir='ltr'><strong>5rd</strong></span> <span class='ocrx_word' id='word_1_472' title='bbox 2577 634 2816 689; x_wconf 88' lang='lat' dir='ltr'><strong>leonibus</strong></span> <span class='ocrx_word' id='word_1_473' title='bbox 2845 634 3298 691; x_wconf 82' lang='lat' dir='ltr'><strong>formidabiliores</strong></span> <span class='ocrx_word' id='word_1_474' title='bbox 3325 636 3586 706; x_wconf 84' lang='lat' dir='ltr'><strong>reddere;</strong></span> <span class='ocrx_word' id='word_1_475' title='bbox 3613 640 3710 696; x_wconf 84' lang='lat' dir='ltr'><strong>sed</strong></span> 
     </span>
    </p>
   </div>
   <div class='ocr_carea' id='block_1_65' title="bbox 2119 724 3708 796">
    <p class='ocr_par' dir='ltr' id='par_1_65' title="bbox 2119 724 3708 796">
     <span class='ocr_line' id='line_1_65' title="bbox 2119 724 3708 796; baseline 0.007 -20"><span class='ocrx_word' id='word_1_476' title='bbox 2119 724 2188 777; x_wconf 89' lang='lat' dir='ltr'><strong>ita</strong></span> <span class='ocrx_word' id='word_1_477' title='bbox 2219 725 2331 778; x_wconf 86' lang='lat' dir='ltr'><strong>lieri</strong></span> <span class='ocrx_word' id='word_1_478' title='bbox 2373 740 2467 794; x_wconf 81' lang='lat' dir='ltr'><strong>par</strong></span> <span class='ocrx_word' id='word_1_479' title='bbox 2496 735 2578 779; x_wconf 82' lang='lat' dir='ltr'><strong>est</strong></span> <span class='ocrx_word' id='word_1_480' title='bbox 2608 743 2622 780; x_wconf 88' lang='lat'><strong>:</strong></span> <span class='ocrx_word' id='word_1_481' title='bbox 2657 725 2758 781; x_wconf 90' lang='lat' dir='ltr'><strong>hoc</strong></span> <span class='ocrx_word' id='word_1_482' title='bbox 2785 736 2838 781; x_wconf 93' lang='lat' dir='ltr'><strong>et</strong></span> <span class='ocrx_word' id='word_1_483' title='bbox 2868 743 2964 782; x_wconf 87' lang='lat' dir='ltr'><strong>vos</strong></span> <span class='ocrx_word' id='word_1_484' title='bbox 2998 728 3394 796; x_wconf 83' lang='lat' dir='ltr'><strong>splendidiores</strong></span> <span class='ocrx_word' id='word_1_485' title='bbox 3419 729 3620 796; x_wconf 79' lang='lat' dir='ltr'><strong>efﬁcit,</strong></span> <span class='ocrx_word' id='word_1_486' title='bbox 3653 745 3708 789; x_wconf 88' lang='lat' dir='ltr'><strong>et</strong></span> 
     </span>
    </p>
   </div>
   <div class='ocr_carea' id='block_1_66' title="bbox 2118 814 3710 886">
    <p class='ocr_par' dir='ltr' id='par_1_66' title="bbox 2118 814 3710 886">
     <span class='ocr_line' id='line_1_66' title="bbox 2118 814 3710 886; baseline 0.009 -20"><span class='ocrx_word' id='word_1_487' title='bbox 2118 814 2408 882; x_wconf 89' lang='lat' dir='ltr'><strong>potentiam</strong></span> <span class='ocrx_word' id='word_1_488' title='bbox 2455 830 2628 870; x_wconf 91' lang='lat' dir='ltr'><strong>meam</strong></span> <span class='ocrx_word' id='word_1_489' title='bbox 2669 815 2940 886; x_wconf 65' lang='lat' dir='ltr'><strong>praedicat.</strong></span> <span class='ocrx_word' id='word_1_490' title='bbox 2989 817 3102 873; x_wconf 88' lang='lat' dir='ltr'><strong>Hoc</strong></span> <span class='ocrx_word' id='word_1_491' title='bbox 3140 828 3195 873; x_wconf 90' lang='lat' dir='ltr'><strong>et</strong></span> <span class='ocrx_word' id='word_1_492' title='bbox 3238 819 3403 874; x_wconf 81' lang='lat' dir='ltr'><strong>Paulo</strong></span> <span class='ocrx_word' id='word_1_493' title='bbox 3449 819 3710 882; x_wconf 85' lang='lat' dir='ltr'><strong>dicebat:</strong></span> 
     </span>
    </p>
   </div>
   <div class='ocr_carea' id='block_1_67' title="bbox 2093 907 3713 983">
    <p class='ocr_par' dir='ltr' id='par_1_67' title="bbox 2093 907 3713 983">
     <span class='ocr_line' id='line_1_67' title="bbox 2093 907 3713 983; baseline 0.006 -22"><span class='ocrx_word' id='word_1_494' title='bbox 2093 907 2311 977; x_wconf 79' lang='lat' dir='ltr'><strong>‘Su/ﬁcit</strong></span> <span class='ocrx_word' id='word_1_495' title='bbox 2343 909 2429 961; x_wconf 85' lang='lat' dir='ltr'><strong>tibi</strong></span> <span class='ocrx_word' id='word_1_496' title='bbox 2453 909 2619 977; x_wconf 87' lang='lat' dir='ltr'><strong>gratia</strong></span> <span class='ocrx_word' id='word_1_497' title='bbox 2641 925 2752 963; x_wconf 87' lang='lat' dir='ltr'><strong>mea</strong></span> <span class='ocrx_word' id='word_1_498' title='bbox 2773 925 2794 975; x_wconf 86' lang='lat'><strong>;</strong></span> <span class='ocrx_word' id='word_1_499' title='bbox 2819 926 2938 963; x_wconf 85' lang='lat' dir='ltr'><strong>naut</strong></span> <span class='ocrx_word' id='word_1_500' title='bbox 2972 910 3128 965; x_wconf 81' lang='lat' dir='ltr'><strong>virtus</strong></span> <span class='ocrx_word' id='word_1_501' title='bbox 3170 929 3281 966; x_wconf 91' lang='lat' dir='ltr'><strong>mea</strong></span> <span class='ocrx_word' id='word_1_502' title='bbox 3325 913 3376 966; x_wconf 86' lang='lat' dir='ltr'><strong>in</strong></span> <span class='ocrx_word' id='word_1_503' title='bbox 3417 914 3713 983; x_wconf 78' lang='lat' dir='ltr'><strong>inﬁmitate</strong></span> 
     </span>
    </p>
   </div>
   <div class='ocr_carea' id='block_1_68' title="bbox 2118 999 3707 1074">
    <p class='ocr_par' dir='ltr' id='par_1_68' title="bbox 2118 999 3707 1074">
     <span class='ocr_line' id='line_1_68' title="bbox 2118 999 3707 1074; baseline 0.006 -20"><span class='ocrx_word' id='word_1_504' title='bbox 2118 1000 2377 1069; x_wconf 81' lang='lat' dir='ltr'><strong>per/icitur</strong></span> <span class='ocrx_word' id='word_1_505' title='bbox 2395 1000 2470 1070; x_wconf 70' lang='lat'><strong>(2.</strong></span> <span class='ocrx_word' id='word_1_506' title='bbox 2501 999 2620 1056; x_wconf 84' lang='lat' dir='ltr'><strong>Cor.</strong></span> <span class='ocrx_word' id='word_1_507' title='bbox 2653 1000 2740 1056; x_wconf 73' lang='lat'><strong>12.</strong></span> <span class='ocrx_word' id='word_1_508' title='bbox 2761 1001 2842 1074; x_wconf 91' lang='lat'><strong>9).</strong></span> <span class='ocrx_word' id='word_1_509' title='bbox 2869 1002 2980 1074; x_wconf 85' lang='lat' dir='ltr'><strong>Ego</strong></span> <span class='ocrx_word' id='word_1_510' title='bbox 3007 1003 3186 1072; x_wconf 87' lang='lat' dir='ltr'><strong>itaque</strong></span> <span class='ocrx_word' id='word_1_511' title='bbox 3213 1005 3290 1059; x_wconf 88' lang='lat' dir='ltr'><strong>sic</strong></span> <span class='ocrx_word' id='word_1_512' title='bbox 3316 1021 3412 1060; x_wconf 87' lang='lat' dir='ltr'><strong>vos</strong></span> <span class='ocrx_word' id='word_1_513' title='bbox 3432 1008 3707 1063; x_wconf 85' lang='lat' dir='ltr'><strong>constitui.</strong></span> 
     </span>
    </p>
   </div>
   <div class='ocr_carea' id='block_1_69' title="bbox 2116 1091 3705 1164">
    <p class='ocr_par' dir='ltr' id='par_1_69' title="bbox 2116 1091 3705 1164">
     <span class='ocr_line' id='line_1_69' title="bbox 2116 1091 3705 1164; baseline 0.004 -18"><span class='ocrx_word' id='word_1_514' title='bbox 2116 1091 2249 1146; x_wconf 82' lang='lat' dir='ltr'><strong>Cum</strong></span> <span class='ocrx_word' id='word_1_515' title='bbox 2279 1092 2420 1146; x_wconf 89' lang='lat' dir='ltr'><strong>enim</strong></span> <span class='ocrx_word' id='word_1_516' title='bbox 2451 1091 2600 1158; x_wconf 89' lang='lat' dir='ltr'><strong>dicit,</strong></span> <span class='ocrx_word' id='word_1_517' title='bbox 2637 1091 2746 1164; x_wconf 76' lang='lat' dir='ltr'><strong>Ego</strong></span> <span class='ocrx_word' id='word_1_518' title='bbox 2777 1093 2922 1148; x_wconf 86' lang='lat' dir='ltr'><strong>mitto</strong></span> <span class='ocrx_word' id='word_1_519' title='bbox 2949 1110 3035 1149; x_wconf 87' lang='lat' dir='ltr'><strong>vos</strong></span> <span class='ocrx_word' id='word_1_520' title='bbox 3061 1095 3192 1149; x_wconf 86' lang='lat' dir='ltr'><strong>sicut</strong></span> <span class='ocrx_word' id='word_1_521' title='bbox 3217 1111 3350 1161; x_wconf 83' lang='lat' dir='ltr'><strong>oves,</strong></span> <span class='ocrx_word' id='word_1_522' title='bbox 3387 1095 3488 1151; x_wconf 89' lang='lat' dir='ltr'><strong>hoc</strong></span> <span class='ocrx_word' id='word_1_523' title='bbox 3513 1098 3705 1153; x_wconf 90' lang='lat' dir='ltr'><strong>subin-</strong></span> 
     </span>
    </p>
   </div>
   <div class='ocr_carea' id='block_1_70' title="bbox 2117 1181 3712 1254">
    <p class='ocr_par' dir='ltr' id='par_1_70' title="bbox 2117 1181 3712 1254">
     <span class='ocr_line' id='line_1_70' title="bbox 2117 1181 3712 1254; baseline 0.006 -19"><span class='ocrx_word' id='word_1_524' title='bbox 2117 1181 2259 1236; x_wconf 89' lang='lat' dir='ltr'><strong>dicat</strong></span> <span class='ocrx_word' id='word_1_525' title='bbox 2289 1199 2304 1237; x_wconf 91' lang='lat'><strong>:</strong></span> <span class='ocrx_word' id='word_1_526' title='bbox 2345 1181 2424 1238; x_wconf 83' lang='lat' dir='ltr'><strong>Nc</strong></span> <span class='ocrx_word' id='word_1_527' title='bbox 2470 1183 2648 1253; x_wconf 90' lang='lat' dir='ltr'><strong>itaque</strong></span> <span class='ocrx_word' id='word_1_528' title='bbox 2677 1183 2858 1239; x_wconf 90' lang='lat' dir='ltr'><strong>animo</strong></span> <span class='ocrx_word' id='word_1_529' title='bbox 2883 1183 3143 1240; x_wconf 87' lang='lat' dir='ltr'><strong>deliciatis</strong></span> <span class='ocrx_word' id='word_1_530' title='bbox 3171 1203 3183 1239; x_wconf 93' lang='lat'><strong>:</strong></span> <span class='ocrx_word' id='word_1_531' title='bbox 3216 1187 3336 1240; x_wconf 87' lang='lat' dir='ltr'><strong>novi</strong></span> <span class='ocrx_word' id='word_1_532' title='bbox 3371 1186 3513 1242; x_wconf 91' lang='lat' dir='ltr'><strong>enim</strong></span> <span class='ocrx_word' id='word_1_533' title='bbox 3538 1227 3556 1254; x_wconf 94' lang='lat'><strong>,</strong></span> <span class='ocrx_word' id='word_1_534' title='bbox 3586 1190 3712 1246; x_wconf 91' lang='lat' dir='ltr'><strong>novi</strong></span> 
     </span>
    </p>
   </div>
   <div class='ocr_carea' id='block_1_71' title="bbox 2119 1275 3710 1347">
    <p class='ocr_par' dir='ltr' id='par_1_71' title="bbox 2119 1275 3710 1347">
     <span class='ocr_line' id='line_1_71' title="bbox 2119 1275 3710 1347; baseline 0.004 -18"><span class='ocrx_word' id='word_1_535' title='bbox 2119 1276 2320 1346; x_wconf 90' lang='lat' dir='ltr'><strong>utique,</strong></span> <span class='ocrx_word' id='word_1_536' title='bbox 2357 1291 2453 1329; x_wconf 78' lang='lat' dir='ltr'><strong>vos</strong></span> <span class='ocrx_word' id='word_1_537' title='bbox 2477 1275 2555 1330; x_wconf 89' lang='lat' dir='ltr'><strong>sic</strong></span> <span class='ocrx_word' id='word_1_538' title='bbox 2587 1276 2834 1331; x_wconf 90' lang='lat' dir='ltr'><strong>omnibus</strong></span> <span class='ocrx_word' id='word_1_539' title='bbox 2865 1277 3302 1347; x_wconf 82' lang='lat' dir='ltr'><strong>inexpugnabiles</strong></span> <span class='ocrx_word' id='word_1_540' title='bbox 3321 1278 3452 1334; x_wconf 90' lang='lat' dir='ltr'><strong>lore.</strong></span> <span class='ocrx_word' id='word_1_541' title='bbox 3487 1279 3710 1347; x_wconf 91' lang='lat' dir='ltr'><strong>Deinde,</strong></span> 
     </span>
    </p>
   </div>
   <div class='ocr_carea' id='block_1_72' title="bbox 2118 1364 3711 1442">
    <p class='ocr_par' dir='ltr' id='par_1_72' title="bbox 2118 1364 3711 1442">
     <span class='ocr_line' id='line_1_72' title="bbox 2118 1364 3711 1442; baseline 0.004 -23"><span class='ocrx_word' id='word_1_542' title='bbox 2118 1373 2175 1419; x_wconf 91' lang='lat' dir='ltr'><strong>ut</strong></span> <span class='ocrx_word' id='word_1_543' title='bbox 2203 1364 2473 1435; x_wconf 87' lang='lat' dir='ltr'><strong>quidpiam</strong></span> <span class='ocrx_word' id='word_1_544' title='bbox 2503 1365 2601 1438; x_wconf 89' lang='lat' dir='ltr'><strong>ipsi</strong></span> <span class='ocrx_word' id='word_1_545' title='bbox 2625 1381 2690 1421; x_wconf 83' lang='lat' dir='ltr'><strong>ex</strong></span> <span class='ocrx_word' id='word_1_546' title='bbox 2721 1381 2780 1422; x_wconf 89' lang='lat' dir='ltr'><strong>se</strong></span> <span class='ocrx_word' id='word_1_547' title='bbox 2795 1366 3128 1436; x_wconf 78' lang='lat' dir='ltr'><strong>proferrent,</strong></span> <span class='ocrx_word' id='word_1_548' title='bbox 3160 1383 3262 1422; x_wconf 84' lang='lat' dir='ltr'><strong>nec</strong></span> <span class='ocrx_word' id='word_1_549' title='bbox 3286 1371 3464 1424; x_wconf 86' lang='lat' dir='ltr'><strong>omnia</strong></span> <span class='ocrx_word' id='word_1_550' title='bbox 3487 1387 3556 1425; x_wconf 83' lang='lat' dir='ltr'><strong>ex</strong></span> <span class='ocrx_word' id='word_1_551' title='bbox 3584 1388 3711 1442; x_wconf 84' lang='lat' dir='ltr'><strong>gra-</strong></span> 
     </span>
    </p>
   </div>
   <div class='ocr_carea' id='block_1_73' title="bbox 2119 1458 3711 1530">
    <p class='ocr_par' dir='ltr' id='par_1_73' title="bbox 2119 1458 3711 1530">
     <span class='ocr_line' id='line_1_73' title="bbox 2119 1458 3711 1530; baseline 0.006 -19"><span class='ocrx_word' id='word_1_552' title='bbox 2119 1459 2190 1511; x_wconf 90' lang='lat' dir='ltr'><strong>tia</strong></span> <span class='ocrx_word' id='word_1_553' title='bbox 2220 1458 2481 1528; x_wconf 90' lang='lat' dir='ltr'><strong>prolicisci</strong></span> <span class='ocrx_word' id='word_1_554' title='bbox 2513 1458 2858 1527; x_wconf 86' lang='lat' dir='ltr'><strong>viderentur,</strong></span> <span class='ocrx_word' id='word_1_555' title='bbox 2892 1476 3064 1530; x_wconf 91' lang='lat' dir='ltr'><strong>neque</strong></span> <span class='ocrx_word' id='word_1_556' title='bbox 3109 1461 3224 1515; x_wconf 89' lang='lat' dir='ltr'><strong>sine</strong></span> <span class='ocrx_word' id='word_1_557' title='bbox 3253 1477 3412 1516; x_wconf 83' lang='lat' dir='ltr'><strong>causa</strong></span> <span class='ocrx_word' id='word_1_558' title='bbox 3461 1465 3711 1520; x_wconf 80' lang='lat' dir='ltr'><strong>coronari</strong></span> 
     </span>
    </p>
   </div>
   <div class='ocr_carea' id='block_1_74' title="bbox 2119 1550 3711 1625">
    <p class='ocr_par' dir='ltr' id='par_1_74' title="bbox 2119 1550 3711 1625">
     <span class='ocr_line' id='line_1_74' title="bbox 2119 1550 3711 1625; baseline 0.004 -20"><span class='ocrx_word' id='word_1_559' title='bbox 2119 1560 2450 1620; x_wconf 86' lang='lat' dir='ltr'><strong>putarentur,</strong></span> <span class='ocrx_word' id='word_1_560' title='bbox 2482 1550 2556 1606; x_wconf 87' lang='lat' dir='ltr'><strong>ait</strong></span> <span class='ocrx_word' id='word_1_561' title='bbox 2579 1573 2591 1607; x_wconf 88' lang='lat'><strong>:</strong></span> <span class='ocrx_word' id='word_1_562' title='bbox 2618 1550 2792 1605; x_wconf 86' lang='lat' dir='ltr'><strong>Estote</strong></span> <span class='ocrx_word' id='word_1_563' title='bbox 2820 1569 2939 1623; x_wconf 86' lang='lat' dir='ltr'><strong>ergo</strong></span> <span class='ocrx_word' id='word_1_564' title='bbox 2967 1553 3237 1622; x_wconf 83' lang='lat' dir='ltr'><strong>prudentes</strong></span> <span class='ocrx_word' id='word_1_565' title='bbox 3262 1554 3392 1607; x_wconf 83' lang='lat' dir='ltr'><strong>sicut</strong></span> <span class='ocrx_word' id='word_1_566' title='bbox 3420 1565 3673 1624; x_wconf 75' lang='lat' dir='ltr'><strong>serpentes</strong></span> <span class='ocrx_word' id='word_1_567' title='bbox 3693 1599 3711 1625; x_wconf 92' lang='lat'><strong>,</strong></span> 
     </span>
    </p>
   </div>
   <div class='ocr_carea' id='block_1_75' title="bbox 2118 1642 3710 1715">
    <p class='ocr_par' dir='ltr' id='par_1_75' title="bbox 2118 1642 3710 1715">
     <span class='ocr_line' id='line_1_75' title="bbox 2118 1642 3710 1715; baseline 0.004 -19"><span class='ocrx_word' id='word_1_568' title='bbox 2118 1651 2163 1696; x_wconf 88' lang='lat' dir='ltr'><strong>et</strong></span> <span class='ocrx_word' id='word_1_569' title='bbox 2202 1642 2458 1712; x_wconf 82' lang='lat' dir='ltr'><strong>simplices</strong></span> <span class='ocrx_word' id='word_1_570' title='bbox 2484 1642 2616 1697; x_wconf 83' lang='lat' dir='ltr'><strong>sicut</strong></span> <span class='ocrx_word' id='word_1_571' title='bbox 2647 1643 2910 1698; x_wconf 64' lang='lat' dir='ltr'><strong>columbae.</strong></span> <span class='ocrx_word' id='word_1_572' title='bbox 2942 1644 3010 1699; x_wconf 85' lang='lat' dir='ltr'><strong>Et</strong></span> <span class='ocrx_word' id='word_1_573' title='bbox 3040 1644 3167 1715; x_wconf 89' lang='lat' dir='ltr'><strong>quid</strong></span> <span class='ocrx_word' id='word_1_574' title='bbox 3206 1646 3484 1715; x_wconf 88' lang='lat' dir='ltr'><strong>prudentia</strong></span> <span class='ocrx_word' id='word_1_575' title='bbox 3525 1658 3710 1704; x_wconf 87' lang='lat' dir='ltr'><strong>nostra</strong></span> 
     </span>
    </p>
   </div>
   <div class='ocr_carea' id='block_1_76' title="bbox 2117 1733 3712 1810">
    <p class='ocr_par' dir='ltr' id='par_1_76' title="bbox 2117 1733 3712 1810">
     <span class='ocr_line' id='line_1_76' title="bbox 2117 1733 3712 1810; baseline 0.005 -22"><span class='ocrx_word' id='word_1_576' title='bbox 2117 1733 2319 1802; x_wconf 88' lang='lat' dir='ltr'><strong>possit,</strong></span> <span class='ocrx_word' id='word_1_577' title='bbox 2353 1733 2638 1804; x_wconf 91' lang='lat' dir='ltr'><strong>inquiunt,</strong></span> <span class='ocrx_word' id='word_1_578' title='bbox 2669 1735 2720 1788; x_wconf 92' lang='lat' dir='ltr'><strong>in</strong></span> <span class='ocrx_word' id='word_1_579' title='bbox 2753 1745 2826 1790; x_wconf 88' lang='lat' dir='ltr'><strong>tot</strong></span> <span class='ocrx_word' id='word_1_580' title='bbox 2868 1736 3156 1804; x_wconf 86' lang='lat' dir='ltr'><strong>periculis?</strong></span> <span class='ocrx_word' id='word_1_581' title='bbox 3181 1738 3449 1808; x_wconf 92' lang='lat' dir='ltr'><strong>quomodo</strong></span> <span class='ocrx_word' id='word_1_582' title='bbox 3476 1740 3712 1810; x_wconf 83' lang='lat' dir='ltr'><strong>pruden-</strong></span> 
     </span>
    </p>
   </div>
   <div class='ocr_carea' id='block_1_77' title="bbox 2119 1825 3718 1900">
    <p class='ocr_par' dir='ltr' id='par_1_77' title="bbox 2119 1825 3718 1900">
     <span class='ocr_line' id='line_1_77' title="bbox 2119 1825 3718 1900; baseline 0.007 -21"><span class='ocrx_word' id='word_1_583' title='bbox 2119 1826 2244 1880; x_wconf 91' lang='lat' dir='ltr'><strong>tiam</strong></span> <span class='ocrx_word' id='word_1_584' title='bbox 2270 1825 2469 1882; x_wconf 88' lang='lat' dir='ltr'><strong>habere</strong></span> <span class='ocrx_word' id='word_1_585' title='bbox 2496 1827 2810 1896; x_wconf 86' lang='lat' dir='ltr'><strong>poterimus,</strong></span> <span class='ocrx_word' id='word_1_586' title='bbox 2835 1835 2915 1882; x_wconf 88' lang='lat' dir='ltr'><strong>tot</strong></span> <span class='ocrx_word' id='word_1_587' title='bbox 2943 1829 3123 1898; x_wconf 80' lang='lat' dir='ltr'><strong>agitati</strong></span> <span class='ocrx_word' id='word_1_588' title='bbox 3157 1828 3404 1886; x_wconf 90' lang='lat' dir='ltr'><strong>lluctibus</strong></span> <span class='ocrx_word' id='word_1_589' title='bbox 3426 1831 3451 1884; x_wconf 92' lang='lat'><strong>?</strong></span> <span class='ocrx_word' id='word_1_590' title='bbox 3476 1832 3718 1900; x_wconf 84' lang='lat' dir='ltr'><strong>Quanta-</strong></span> 
     </span>
    </p>
   </div>
   <div class='ocr_carea' id='block_1_78' title="bbox 2117 1918 3715 1994">
    <p class='ocr_par' dir='ltr' id='par_1_78' title="bbox 2117 1918 3715 1994">
     <span class='ocr_line' id='line_1_78' title="bbox 2117 1918 3715 1994; baseline 0.005 -21"><span class='ocrx_word' id='word_1_591' title='bbox 2117 1933 2347 1989; x_wconf 90' lang='lat' dir='ltr'><strong>cumque</strong></span> <span class='ocrx_word' id='word_1_592' title='bbox 2385 1918 2664 1988; x_wconf 89' lang='lat' dir='ltr'><strong>prudentia</strong></span> <span class='ocrx_word' id='word_1_593' title='bbox 2708 1921 2776 1974; x_wconf 90' lang='lat' dir='ltr'><strong>sit</strong></span> <span class='ocrx_word' id='word_1_594' title='bbox 2821 1919 3041 1989; x_wconf 77' lang='lat' dir='ltr'><strong>prredita</strong></span> <span class='ocrx_word' id='word_1_595' title='bbox 3065 1921 3215 1988; x_wconf 80' lang='lat' dir='ltr'><strong>oris,</strong></span> <span class='ocrx_word' id='word_1_596' title='bbox 3246 1935 3367 1976; x_wconf 90' lang='lat' dir='ltr'><strong>cum</strong></span> <span class='ocrx_word' id='word_1_597' title='bbox 3396 1922 3535 1978; x_wconf 89' lang='lat' dir='ltr'><strong>inter</strong></span> <span class='ocrx_word' id='word_1_598' title='bbox 3559 1925 3715 1994; x_wconf 85' lang='lat' dir='ltr'><strong>lupos</strong></span> 
     </span>
    </p>
   </div>
   <div class='ocr_carea' id='block_1_79' title="bbox 2118 2011 3713 2086">
    <p class='ocr_par' dir='ltr' id='par_1_79' title="bbox 2118 2011 3713 2086">
     <span class='ocr_line' id='line_1_79' title="bbox 2118 2011 3713 2086; baseline 0.004 -22"><span class='ocrx_word' id='word_1_599' title='bbox 2118 2011 2206 2077; x_wconf 90' lang='lat' dir='ltr'><strong>sit,</strong></span> <span class='ocrx_word' id='word_1_600' title='bbox 2234 2019 2289 2066; x_wconf 91' lang='lat' dir='ltr'><strong>et</strong></span> <span class='ocrx_word' id='word_1_601' title='bbox 2319 2021 2520 2065; x_wconf 88' lang='lat' dir='ltr'><strong>tantum</strong></span> <span class='ocrx_word' id='word_1_602' title='bbox 2551 2012 2800 2082; x_wconf 86' lang='lat' dir='ltr'><strong>luporum</strong></span> <span class='ocrx_word' id='word_1_603' title='bbox 2835 2027 3148 2077; x_wconf 88' lang='lat' dir='ltr'><strong>numerum,</strong></span> <span class='ocrx_word' id='word_1_604' title='bbox 3176 2013 3302 2083; x_wconf 92' lang='lat' dir='ltr'><strong>quid</strong></span> <span class='ocrx_word' id='word_1_605' title='bbox 3333 2015 3526 2083; x_wconf 87' lang='lat' dir='ltr'><strong>poterit</strong></span> <span class='ocrx_word' id='word_1_606' title='bbox 3551 2017 3713 2086; x_wconf 82' lang='lat' dir='ltr'><strong>perli-</strong></span> 
     </span>
    </p>
   </div>
   <div class='ocr_carea' id='block_1_80' title="bbox 2118 2103 3713 2178">
    <p class='ocr_par' dir='ltr' id='par_1_80' title="bbox 2118 2103 3713 2178">
     <span class='ocr_line' id='line_1_80' title="bbox 2118 2103 3713 2178; baseline 0.003 -21"><span class='ocrx_word' id='word_1_607' title='bbox 2118 2104 2279 2158; x_wconf 84' lang='lat' dir='ltr'><strong>cere?</strong></span> <span class='ocrx_word' id='word_1_608' title='bbox 2317 2111 2748 2174; x_wconf 87' lang='lat' dir='ltr'><strong>quantacumque</strong></span> <span class='ocrx_word' id='word_1_609' title='bbox 2791 2104 2860 2158; x_wconf 89' lang='lat' dir='ltr'><strong>sit</strong></span> <span class='ocrx_word' id='word_1_610' title='bbox 2901 2103 3164 2158; x_wconf 74' lang='lat' dir='ltr'><strong>columbae</strong></span> <span class='ocrx_word' id='word_1_611' title='bbox 3203 2105 3558 2175; x_wconf 85' lang='lat' dir='ltr'><strong>simplicitas,</strong></span> <span class='ocrx_word' id='word_1_612' title='bbox 3585 2107 3713 2178; x_wconf 91' lang='lat' dir='ltr'><strong>quid</strong></span> 
     </span>
    </p>
   </div>
   <div class='ocr_carea' id='block_1_81' title="bbox 2120 2193 3716 2266">
    <p class='ocr_par' dir='ltr' id='par_1_81' title="bbox 2120 2193 3716 2266">
     <span class='ocr_line' id='line_1_81' title="bbox 2120 2193 3716 2266; baseline 0.004 -19"><span class='ocrx_word' id='word_1_613' title='bbox 2120 2193 2192 2248; x_wconf 93' lang='lat' dir='ltr'><strong>illi</strong></span> <span class='ocrx_word' id='word_1_614' title='bbox 2215 2194 2457 2264; x_wconf 89' lang='lat' dir='ltr'><strong>juvabit,</strong></span> <span class='ocrx_word' id='word_1_615' title='bbox 2495 2204 2571 2249; x_wconf 89' lang='lat' dir='ltr'><strong>tot</strong></span> <span class='ocrx_word' id='word_1_616' title='bbox 2607 2196 2928 2250; x_wconf 88' lang='lat' dir='ltr'><strong>instantibus</strong></span> <span class='ocrx_word' id='word_1_617' title='bbox 2967 2195 3351 2266; x_wconf 89' lang='lat' dir='ltr'><strong>accipitribus?</strong></span> <span class='ocrx_word' id='word_1_618' title='bbox 3379 2195 3435 2251; x_wconf 88' lang='lat' dir='ltr'><strong>In</strong></span> <span class='ocrx_word' id='word_1_619' title='bbox 3465 2197 3546 2252; x_wconf 92' lang='lat' dir='ltr'><strong>bis</strong></span> <span class='ocrx_word' id='word_1_620' title='bbox 3569 2208 3716 2253; x_wconf 91' lang='lat' dir='ltr'><strong>certe</strong></span> 
     </span>
    </p>
   </div>
   <div class='ocr_carea' id='block_1_82' title="bbox 2119 2285 3713 2359">
    <p class='ocr_par' dir='ltr' id='par_1_82' title="bbox 2119 2285 3713 2359">
     <span class='ocr_line' id='line_1_82' title="bbox 2119 2285 3713 2359; baseline 0.003 -19"><span class='ocrx_word' id='word_1_621' title='bbox 2119 2285 2574 2340; x_wconf 90' lang='lat' dir='ltr'><strong>irrationabilibus</strong></span> <span class='ocrx_word' id='word_1_622' title='bbox 2603 2287 2758 2352; x_wconf 90' lang='lat' dir='ltr'><strong>nihil,</strong></span> <span class='ocrx_word' id='word_1_623' title='bbox 2788 2286 2839 2342; x_wconf 91' lang='lat' dir='ltr'><strong>in</strong></span> <span class='ocrx_word' id='word_1_624' title='bbox 2863 2286 3012 2342; x_wconf 92' lang='lat' dir='ltr'><strong>vobis</strong></span> <span class='ocrx_word' id='word_1_625' title='bbox 3040 2296 3219 2342; x_wconf 89' lang='lat' dir='ltr'><strong>autem</strong></span> <span class='ocrx_word' id='word_1_626' title='bbox 3248 2289 3469 2342; x_wconf 90' lang='lat' dir='ltr'><strong>multum</strong></span> <span class='ocrx_word' id='word_1_627' title='bbox 3484 2289 3713 2359; x_wconf 90' lang='lat' dir='ltr'><strong>juvabit.</strong></span> 
     </span>
    </p>
   </div>
   <div class='ocr_carea' id='block_1_83' title="bbox 2117 2375 3706 2450">
    <p class='ocr_par' dir='ltr' id='par_1_83' title="bbox 2117 2375 3706 2450">
     <span class='ocr_line' id='line_1_83' title="bbox 2117 2375 3706 2450; baseline 0.003 -18"><span class='ocrx_word' id='word_1_628' title='bbox 2117 2375 2222 2432; x_wconf 86' lang='lat' dir='ltr'><strong>Sed</strong></span> <span class='ocrx_word' id='word_1_629' title='bbox 2245 2377 2522 2432; x_wconf 88' lang='lat' dir='ltr'><strong>videamus</strong></span> <span class='ocrx_word' id='word_1_630' title='bbox 2551 2393 2708 2446; x_wconf 89' lang='lat' dir='ltr'><strong>quam</strong></span> <span class='ocrx_word' id='word_1_631' title='bbox 2737 2377 2822 2432; x_wconf 88' lang='lat' dir='ltr'><strong>hic</strong></span> <span class='ocrx_word' id='word_1_632' title='bbox 2841 2377 3176 2448; x_wconf 85' lang='lat' dir='ltr'><strong>prudentiam</strong></span> <span class='ocrx_word' id='word_1_633' title='bbox 3195 2378 3392 2450; x_wconf 76' lang='lat' dir='ltr'><strong>exigat.</strong></span> <span class='ocrx_word' id='word_1_634' title='bbox 3415 2379 3706 2450; x_wconf 89' lang='lat' dir='ltr'><strong>Serpentis.</strong></span> 
     </span>
    </p>
   </div>
   <div class='ocr_carea' id='block_1_84' title="bbox 2119 2467 3718 2538">
    <p class='ocr_par' dir='ltr' id='par_1_84' title="bbox 2119 2467 3718 2538">
     <span class='ocr_line' id='line_1_84' title="bbox 2119 2467 3718 2538; baseline 0.004 -18"><span class='ocrx_word' id='word_1_635' title='bbox 2119 2467 2308 2538; x_wconf 84' lang='lat' dir='ltr'><strong>inquit.</strong></span> <span class='ocrx_word' id='word_1_636' title='bbox 2334 2467 2794 2535; x_wconf 83' lang='lat' dir='ltr'><strong>Quemadmodum</strong></span> <span class='ocrx_word' id='word_1_637' title='bbox 2826 2468 2917 2523; x_wconf 89' lang='lat' dir='ltr'><strong>ille</strong></span> <span class='ocrx_word' id='word_1_638' title='bbox 2943 2469 3121 2524; x_wconf 90' lang='lat' dir='ltr'><strong>omnia</strong></span> <span class='ocrx_word' id='word_1_639' title='bbox 3153 2469 3333 2534; x_wconf 88' lang='lat' dir='ltr'><strong>tradit,</strong></span> <span class='ocrx_word' id='word_1_640' title='bbox 3361 2472 3569 2526; x_wconf 87' lang='lat' dir='ltr'><strong>etiamsi</strong></span> <span class='ocrx_word' id='word_1_641' title='bbox 3590 2487 3718 2527; x_wconf 84' lang='lat' dir='ltr'><strong>cor-</strong></span> 
     </span>
    </p>
   </div>
   <div class='ocr_carea' id='block_1_85' title="bbox 2120 2560 3716 2633">
    <p class='ocr_par' dir='ltr' id='par_1_85' title="bbox 2120 2560 3716 2633">
     <span class='ocr_line' id='line_1_85' title="bbox 2120 2560 3716 2633; baseline 0.002 -18"><span class='ocrx_word' id='word_1_642' title='bbox 2120 2575 2219 2630; x_wconf 90' lang='lat' dir='ltr'><strong>pus</strong></span> <span class='ocrx_word' id='word_1_643' title='bbox 2261 2560 2421 2615; x_wconf 91' lang='lat' dir='ltr'><strong>incidi</strong></span> <span class='ocrx_word' id='word_1_644' title='bbox 2465 2570 2747 2630; x_wconf 85' lang='lat' dir='ltr'><strong>oporteat,</strong></span> <span class='ocrx_word' id='word_1_645' title='bbox 2798 2575 2906 2615; x_wconf 90' lang='lat' dir='ltr'><strong>non</strong></span> <span class='ocrx_word' id='word_1_646' title='bbox 2948 2560 3238 2616; x_wconf 87' lang='lat' dir='ltr'><strong>admodum</strong></span> <span class='ocrx_word' id='word_1_647' title='bbox 3267 2563 3716 2633; x_wconf 89' lang='lat' dir='ltr'><strong>repugnat,dum</strong></span> 
     </span>
    </p>
   </div>
   <div class='ocr_carea' id='block_1_86' title="bbox 2117 2651 3713 2724">
    <p class='ocr_par' dir='ltr' id='par_1_86' title="bbox 2117 2651 3713 2724">
     <span class='ocr_line' id='line_1_86' title="bbox 2117 2651 3713 2724; baseline 0.001 -16"><span class='ocrx_word' id='word_1_648' title='bbox 2117 2661 2279 2724; x_wconf 85' lang='lat' dir='ltr'><strong>caput</strong></span> <span class='ocrx_word' id='word_1_649' title='bbox 2302 2661 2553 2707; x_wconf 84' lang='lat' dir='ltr'><strong>servetur</strong></span> <span class='ocrx_word' id='word_1_650' title='bbox 2583 2671 2597 2706; x_wconf 88' lang='lat'>:</span> <span class='ocrx_word' id='word_1_651' title='bbox 2627 2652 2708 2708; x_wconf 91' lang='lat' dir='ltr'><strong>sic</strong></span> <span class='ocrx_word' id='word_1_652' title='bbox 2728 2660 2782 2707; x_wconf 89' lang='lat' dir='ltr'><strong>et</strong></span> <span class='ocrx_word' id='word_1_653' title='bbox 2813 2660 2892 2718; x_wconf 90' lang='lat' dir='ltr'><strong>tu,</strong></span> <span class='ocrx_word' id='word_1_654' title='bbox 2923 2651 3113 2722; x_wconf 89' lang='lat' dir='ltr'><strong>inquit,</strong></span> <span class='ocrx_word' id='word_1_655' title='bbox 3143 2661 3364 2722; x_wconf 89' lang='lat' dir='ltr'><strong>excepta</strong></span> <span class='ocrx_word' id='word_1_656' title='bbox 3387 2653 3512 2718; x_wconf 89' lang='lat' dir='ltr'><strong>lide,</strong></span> <span class='ocrx_word' id='word_1_657' title='bbox 3535 2655 3713 2710; x_wconf 71' lang='lat' dir='ltr'><strong>enini:</strong></span> 
     </span>
    </p>
   </div>
   <div class='ocr_carea' id='block_1_87' title="bbox 2121 2744 3716 2816">
    <p class='ocr_par' dir='ltr' id='par_1_87' title="bbox 2121 2744 3716 2816">
     <span class='ocr_line' id='line_1_87' title="bbox 2121 2744 3716 2816; baseline 0.001 -16"><span class='ocrx_word' id='word_1_658' title='bbox 2121 2746 2272 2802; x_wconf 90' lang='lat' dir='ltr'><strong>trade</strong></span> <span class='ocrx_word' id='word_1_659' title='bbox 2294 2787 2308 2811; x_wconf 94' lang='lat'><strong>,</strong></span> <span class='ocrx_word' id='word_1_660' title='bbox 2355 2746 2644 2816; x_wconf 88' lang='lat' dir='ltr'><strong>pecunias,</strong></span> <span class='ocrx_word' id='word_1_661' title='bbox 2687 2759 2882 2816; x_wconf 89' lang='lat' dir='ltr'><strong>corpus</strong></span> <span class='ocrx_word' id='word_1_662' title='bbox 2903 2785 2918 2810; x_wconf 95' lang='lat'><strong>,</strong></span> <span class='ocrx_word' id='word_1_663' title='bbox 2945 2745 3052 2798; x_wconf 91' lang='lat' dir='ltr'><strong>imo</strong></span> <span class='ocrx_word' id='word_1_664' title='bbox 3075 2744 3243 2814; x_wconf 91' lang='lat' dir='ltr'><strong>ipsam</strong></span> <span class='ocrx_word' id='word_1_665' title='bbox 3270 2745 3522 2800; x_wconf 82' lang='lat' dir='ltr'><strong>animam.</strong></span> <span class='ocrx_word' id='word_1_666' title='bbox 3557 2745 3716 2801; x_wconf 84' lang='lat' dir='ltr'><strong>Fides</strong></span> 
     </span>
    </p>
   </div>
   <div class='ocr_carea' id='block_1_88' title="bbox 2119 2836 3706 2908">
    <p class='ocr_par' dir='ltr' id='par_1_88' title="bbox 2119 2836 3706 2908">
     <span class='ocr_line' id='line_1_88' title="bbox 2119 2836 3706 2908; baseline -0.002 -13"><span class='ocrx_word' id='word_1_667' title='bbox 2119 2838 2263 2895; x_wconf 91' lang='lat' dir='ltr'><strong>enim</strong></span> <span class='ocrx_word' id='word_1_668' title='bbox 2306 2847 2467 2908; x_wconf 92' lang='lat' dir='ltr'><strong>caput</strong></span> <span class='ocrx_word' id='word_1_669' title='bbox 2513 2846 2596 2894; x_wconf 89' lang='lat' dir='ltr'><strong>est</strong></span> <span class='ocrx_word' id='word_1_670' title='bbox 2639 2845 2693 2893; x_wconf 93' lang='lat' dir='ltr'><strong>et</strong></span> <span class='ocrx_word' id='word_1_671' title='bbox 2736 2837 2929 2892; x_wconf 82' lang='lat' dir='ltr'><strong>radix:</strong></span> <span class='ocrx_word' id='word_1_672' title='bbox 2961 2836 3156 2906; x_wconf 88' lang='lat' dir='ltr'><strong>illaque</strong></span> <span class='ocrx_word' id='word_1_673' title='bbox 3199 2846 3405 2892; x_wconf 85' lang='lat' dir='ltr'><strong>servata</strong></span> <span class='ocrx_word' id='word_1_674' title='bbox 3431 2878 3447 2904; x_wconf 94' lang='lat'><strong>,</strong></span> <span class='ocrx_word' id='word_1_675' title='bbox 3496 2838 3706 2892; x_wconf 86' lang='lat' dir='ltr'><strong>etiamsi</strong></span> 
     </span>
    </p>
   </div>
   <div class='ocr_carea' id='block_1_89' title="bbox 2119 2927 3713 3000">
    <p class='ocr_par' dir='ltr' id='par_1_89' title="bbox 2119 2927 3713 3000">
     <span class='ocr_line' id='line_1_89' title="bbox 2119 2927 3713 3000; baseline 0 -16"><span class='ocrx_word' id='word_1_676' title='bbox 2119 2929 2299 2985; x_wconf 89' lang='lat' dir='ltr'><strong>omnia</strong></span> <span class='ocrx_word' id='word_1_677' title='bbox 2341 2929 2588 2984; x_wconf 90' lang='lat' dir='ltr'><strong>amiseris</strong></span> <span class='ocrx_word' id='word_1_678' title='bbox 2612 2971 2628 2996; x_wconf 93' lang='lat'><strong>,</strong></span> <span class='ocrx_word' id='word_1_679' title='bbox 2672 2929 2850 2983; x_wconf 90' lang='lat' dir='ltr'><strong>omnia</strong></span> <span class='ocrx_word' id='word_1_680' title='bbox 2881 2936 3067 2999; x_wconf 88' lang='lat' dir='ltr'><strong>postea</strong></span> <span class='ocrx_word' id='word_1_681' title='bbox 3097 2927 3456 2984; x_wconf 88' lang='lat' dir='ltr'><strong>abundantius</strong></span> <span class='ocrx_word' id='word_1_682' title='bbox 3483 2944 3713 3000; x_wconf 86' lang='lat' dir='ltr'><strong>recupe-</strong></span> 
     </span>
    </p>
   </div>
   <div class='ocr_carea' id='block_1_90' title="bbox 2120 3019 3709 3092">
    <p class='ocr_par' dir='ltr' id='par_1_90' title="bbox 2120 3019 3709 3092">
     <span class='ocr_line' id='line_1_90' title="bbox 2120 3019 3709 3092; baseline -0.001 -16"><span class='ocrx_word' id='word_1_683' title='bbox 2120 3022 2285 3077; x_wconf 87' lang='lat' dir='ltr'><strong>rabis.</strong></span> <span class='ocrx_word' id='word_1_684' title='bbox 2334 3019 2460 3076; x_wconf 91' lang='lat' dir='ltr'><strong>Ideo</strong></span> <span class='ocrx_word' id='word_1_685' title='bbox 2490 3036 2595 3075; x_wconf 90' lang='lat' dir='ltr'><strong>non</strong></span> <span class='ocrx_word' id='word_1_686' title='bbox 2624 3020 2919 3090; x_wconf 90' lang='lat' dir='ltr'><strong>simplicem</strong></span> <span class='ocrx_word' id='word_1_687' title='bbox 2969 3030 3171 3074; x_wconf 88' lang='lat' dir='ltr'><strong>tantmn</strong></span> <span class='ocrx_word' id='word_1_688' title='bbox 3198 3062 3213 3087; x_wconf 92' lang='lat'><strong>,</strong></span> <span class='ocrx_word' id='word_1_689' title='bbox 3247 3035 3348 3076; x_wconf 92' lang='lat' dir='ltr'><strong>nec</strong></span> <span class='ocrx_word' id='word_1_690' title='bbox 3394 3021 3709 3092; x_wconf 90' lang='lat' dir='ltr'><strong>prudentem</strong></span> 
     </span>
    </p>
   </div>
   <div class='ocr_carea' id='block_1_91' title="bbox 2121 3110 3717 3182">
    <p class='ocr_par' dir='ltr' id='par_1_91' title="bbox 2121 3110 3717 3182">
     <span class='ocr_line' id='line_1_91' title="bbox 2121 3110 3717 3182; baseline 0.001 -13"><span class='ocrx_word' id='word_1_691' title='bbox 2121 3113 2296 3169; x_wconf 81' lang='lat' dir='ltr'><strong>solum</strong></span> <span class='ocrx_word' id='word_1_692' title='bbox 2324 3127 2445 3168; x_wconf 86' lang='lat' dir='ltr'><strong>esse</strong></span> <span class='ocrx_word' id='word_1_693' title='bbox 2471 3111 2726 3182; x_wconf 73' lang='lat' dir='ltr'><strong>przeccpit</strong></span> <span class='ocrx_word' id='word_1_694' title='bbox 2749 3153 2766 3178; x_wconf 94' lang='lat'><strong>,</strong></span> <span class='ocrx_word' id='word_1_695' title='bbox 2811 3111 2906 3166; x_wconf 92' lang='lat' dir='ltr'><strong>sed</strong></span> <span class='ocrx_word' id='word_1_696' title='bbox 2937 3110 3052 3167; x_wconf 75' lang='lat' dir='ltr'><strong>ha-c</strong></span> <span class='ocrx_word' id='word_1_697' title='bbox 3082 3111 3239 3166; x_wconf 89' lang='lat' dir='ltr'><strong>ambo</strong></span> <span class='ocrx_word' id='word_1_698' title='bbox 3267 3113 3520 3179; x_wconf 89' lang='lat' dir='ltr'><strong>miscuit;</strong></span> <span class='ocrx_word' id='word_1_699' title='bbox 3553 3115 3624 3170; x_wconf 91' lang='lat' dir='ltr'><strong>ita</strong></span> <span class='ocrx_word' id='word_1_700' title='bbox 3656 3126 3717 3171; x_wconf 88' lang='lat' dir='ltr'><strong>ut</strong></span> 
     </span>
    </p>
   </div>
   <div class='ocr_carea' id='block_1_92' title="bbox 2120 3203 3712 3276">
    <p class='ocr_par' dir='ltr' id='par_1_92' title="bbox 2120 3203 3712 3276">
     <span class='ocr_line' id='line_1_92' title="bbox 2120 3203 3712 3276; baseline 0.001 -17"><span class='ocrx_word' id='word_1_701' title='bbox 2120 3204 2238 3260; x_wconf 65' lang='lat' dir='ltr'><strong>huic</strong></span> <span class='ocrx_word' id='word_1_702' title='bbox 2286 3205 2456 3259; x_wconf 91' lang='lat' dir='ltr'><strong>virtus</strong></span> <span class='ocrx_word' id='word_1_703' title='bbox 2522 3218 2652 3259; x_wconf 90' lang='lat' dir='ltr'><strong>vere</strong></span> <span class='ocrx_word' id='word_1_704' title='bbox 2720 3203 2880 3268; x_wconf 91' lang='lat' dir='ltr'><strong>sint;</strong></span> <span class='ocrx_word' id='word_1_705' title='bbox 2945 3203 3390 3274; x_wconf 86' lang='lat' dir='ltr'><strong>prudentiamque</strong></span> <span class='ocrx_word' id='word_1_706' title='bbox 3452 3209 3712 3276; x_wconf 86' lang='lat' dir='ltr'><strong>serpentis</strong></span> 
     </span>
    </p>
   </div>
   <div class='ocr_carea' id='block_1_93' title="bbox 2119 3295 3716 3369">
    <p class='ocr_par' dir='ltr' id='par_1_93' title="bbox 2119 3295 3716 3369">
     <span class='ocr_line' id='line_1_93' title="bbox 2119 3295 3716 3369; baseline -0.001 -16"><span class='ocrx_word' id='word_1_707' title='bbox 2119 3298 2428 3369; x_wconf 89' lang='lat' dir='ltr'><strong>assumpsit,</strong></span> <span class='ocrx_word' id='word_1_708' title='bbox 2463 3306 2519 3351; x_wconf 90' lang='lat' dir='ltr'><strong>ut</strong></span> <span class='ocrx_word' id='word_1_709' title='bbox 2548 3311 2615 3351; x_wconf 91' lang='lat' dir='ltr'><strong>ne</strong></span> <span class='ocrx_word' id='word_1_710' title='bbox 2643 3296 2819 3352; x_wconf 86' lang='lat' dir='ltr'><strong>letalia</strong></span> <span class='ocrx_word' id='word_1_711' title='bbox 2849 3295 3073 3350; x_wconf 89' lang='lat' dir='ltr'><strong>vulnera</strong></span> <span class='ocrx_word' id='word_1_712' title='bbox 3098 3296 3369 3366; x_wconf 82' lang='lat' dir='ltr'><strong>accipias;</strong></span> <span class='ocrx_word' id='word_1_713' title='bbox 3401 3297 3716 3368; x_wconf 83' lang='lat' dir='ltr'><strong>simplicita-</strong></span> 
     </span>
    </p>
   </div>
   <div class='ocr_carea' id='block_1_94' title="bbox 2121 3386 3714 3454">
    <p class='ocr_par' dir='ltr' id='par_1_94' title="bbox 2121 3386 3714 3454">
     <span class='ocr_line' id='line_1_94' title="bbox 2121 3386 3714 3454; baseline -0.001 -8"><span class='ocrx_word' id='word_1_714' title='bbox 2121 3399 2228 3447; x_wconf 87' lang='lat' dir='ltr'><strong>tem</strong></span> <span class='ocrx_word' id='word_1_715' title='bbox 2257 3404 2388 3444; x_wconf 88' lang='lat' dir='ltr'><strong>vero</strong></span> <span class='ocrx_word' id='word_1_716' title='bbox 2413 3388 2695 3454; x_wconf 78' lang='lat' dir='ltr'><strong>columbze,</strong></span> <span class='ocrx_word' id='word_1_717' title='bbox 2730 3395 2788 3442; x_wconf 87' lang='lat' dir='ltr'><strong>ut</strong></span> <span class='ocrx_word' id='word_1_718' title='bbox 2817 3403 2884 3442; x_wconf 90' lang='lat' dir='ltr'><strong>ne</strong></span> <span class='ocrx_word' id='word_1_719' title='bbox 2912 3386 3167 3442; x_wconf 84' lang='lat' dir='ltr'><strong>laedentes</strong></span> <span class='ocrx_word' id='word_1_720' title='bbox 3190 3396 3241 3442; x_wconf 92' lang='lat' dir='ltr'><strong>te</strong></span> <span class='ocrx_word' id='word_1_721' title='bbox 3262 3386 3554 3454; x_wconf 84' lang='lat' dir='ltr'><strong>ulciscaris,</strong></span> <span class='ocrx_word' id='word_1_722' title='bbox 3579 3404 3714 3444; x_wconf 81' lang='lat' dir='ltr'><strong>neve</strong></span> 
     </span>
    </p>
   </div>
   <div class='ocr_carea' id='block_1_95' title="bbox 2121 3477 3712 3550">
    <p class='ocr_par' dir='ltr' id='par_1_95' title="bbox 2121 3477 3712 3550">
     <span class='ocr_line' id='line_1_95' title="bbox 2121 3477 3712 3550; baseline -0.003 -14"><span class='ocrx_word' id='word_1_723' title='bbox 2121 3481 2434 3538; x_wconf 89' lang='lat' dir='ltr'><strong>insidiantes</strong></span> <span class='ocrx_word' id='word_1_724' title='bbox 2456 3494 2553 3550; x_wconf 89' lang='lat' dir='ltr'><strong>per</strong></span> <span class='ocrx_word' id='word_1_725' title='bbox 2581 3478 2866 3533; x_wconf 89' lang='lat' dir='ltr'><strong>vindictam</strong></span> <span class='ocrx_word' id='word_1_726' title='bbox 2893 3491 3150 3532; x_wconf 82' lang='lat' dir='ltr'><strong>amoveas</strong></span> <span class='ocrx_word' id='word_1_727' title='bbox 3177 3497 3190 3532; x_wconf 91' lang='lat'><strong>:</strong></span> <span class='ocrx_word' id='word_1_728' title='bbox 3218 3477 3351 3532; x_wconf 87' lang='lat' dir='ltr'><strong>nihil</strong></span> <span class='ocrx_word' id='word_1_729' title='bbox 3380 3478 3522 3532; x_wconf 90' lang='lat' dir='ltr'><strong>enim</strong></span> <span class='ocrx_word' id='word_1_730' title='bbox 3552 3479 3712 3549; x_wconf 82' lang='lat' dir='ltr'><strong>prod-</strong></span> 
     </span>
    </p>
   </div>
   <div class='ocr_carea' id='block_1_96' title="bbox 2118 3568 3710 3644">
    <p class='ocr_par' dir='ltr' id='par_1_96' title="bbox 2118 3568 3710 3644">
     <span class='ocr_line' id='line_1_96' title="bbox 2118 3568 3710 3644; baseline -0.006 -14"><span class='ocrx_word' id='word_1_731' title='bbox 2118 3583 2202 3630; x_wconf 91' lang='lat' dir='ltr'><strong>est</strong></span> <span class='ocrx_word' id='word_1_732' title='bbox 2226 3571 2525 3644; x_wconf 90' lang='lat' dir='ltr'><strong>prudentia,</strong></span> <span class='ocrx_word' id='word_1_733' title='bbox 2547 3570 2651 3626; x_wconf 85' lang='lat' dir='ltr'><strong>nisi</strong></span> <span class='ocrx_word' id='word_1_734' title='bbox 2673 3569 2775 3626; x_wconf 87' lang='lat' dir='ltr'><strong>hoc</strong></span> <span class='ocrx_word' id='word_1_735' title='bbox 2795 3569 2952 3624; x_wconf 86' lang='lat' dir='ltr'><strong>adsit.</strong></span> <span class='ocrx_word' id='word_1_736' title='bbox 2977 3568 3114 3637; x_wconf 87' lang='lat' dir='ltr'><strong>Quid</strong></span> <span class='ocrx_word' id='word_1_737' title='bbox 3141 3583 3268 3640; x_wconf 87' lang='lat' dir='ltr'><strong>ergo</strong></span> <span class='ocrx_word' id='word_1_738' title='bbox 3293 3568 3462 3638; x_wconf 87' lang='lat' dir='ltr'><strong>magis</strong></span> <span class='ocrx_word' id='word_1_739' title='bbox 3487 3568 3710 3623; x_wconf 86' lang='lat' dir='ltr'><strong>arduum</strong></span> 
     </span>
    </p>
   </div>
   <div class='ocr_carea' id='block_1_97' title="bbox 2120 3660 3715 3734">
    <p class='ocr_par' dir='ltr' id='par_1_97' title="bbox 2120 3660 3715 3734">
     <span class='ocr_line' id='line_1_97' title="bbox 2120 3660 3715 3734; baseline -0.003 -15"><span class='ocrx_word' id='word_1_740' title='bbox 2120 3665 2204 3721; x_wconf 81' lang='lat' dir='ltr'><strong>his</strong></span> <span class='ocrx_word' id='word_1_741' title='bbox 2253 3663 2572 3734; x_wconf 64' lang='lat' dir='ltr'><strong>prasceptis?</strong></span> <span class='ocrx_word' id='word_1_742' title='bbox 2624 3660 2739 3717; x_wconf 85' lang='lat' dir='ltr'><strong>Non</strong></span> <span class='ocrx_word' id='word_1_743' title='bbox 2791 3661 2936 3716; x_wconf 91' lang='lat' dir='ltr'><strong>enim</strong></span> <span class='ocrx_word' id='word_1_744' title='bbox 2988 3660 3120 3715; x_wconf 88' lang='lat' dir='ltr'><strong>satis</strong></span> <span class='ocrx_word' id='word_1_745' title='bbox 3161 3668 3278 3714; x_wconf 88' lang='lat' dir='ltr'><strong>erat</strong></span> <span class='ocrx_word' id='word_1_746' title='bbox 3322 3660 3460 3714; x_wconf 85' lang='lat' dir='ltr'><strong>mala</strong></span> <span class='ocrx_word' id='word_1_747' title='bbox 3489 3661 3715 3715; x_wconf 83' lang='lat' dir='ltr'><strong>subire?</strong></span> 
     </span>
    </p>
   </div>
   <div class='ocr_carea' id='block_1_98' title="bbox 2121 3753 3714 3831">
    <p class='ocr_par' dir='ltr' id='par_1_98' title="bbox 2121 3753 3714 3831">
     <span class='ocr_line' id='line_1_98' title="bbox 2121 3753 3714 3831; baseline -0.005 -13"><span class='ocrx_word' id='word_1_748' title='bbox 2121 3761 2274 3830; x_wconf 83' lang='lat' dir='ltr'><strong>Non,</strong></span> <span class='ocrx_word' id='word_1_749' title='bbox 2303 3760 2475 3831; x_wconf 89' lang='lat' dir='ltr'><strong>inquit</strong></span> <span class='ocrx_word' id='word_1_750' title='bbox 2495 3759 2622 3826; x_wconf 91' lang='lat' dir='ltr'><strong>ille;</strong></span> <span class='ocrx_word' id='word_1_751' title='bbox 2663 3757 2759 3814; x_wconf 88' lang='lat' dir='ltr'><strong>sed</strong></span> <span class='ocrx_word' id='word_1_752' title='bbox 2787 3759 2947 3813; x_wconf 89' lang='lat' dir='ltr'><strong>etiam</strong></span> <span class='ocrx_word' id='word_1_753' title='bbox 2978 3771 3046 3811; x_wconf 91' lang='lat' dir='ltr'><strong>ne</strong></span> <span class='ocrx_word' id='word_1_754' title='bbox 3073 3755 3363 3826; x_wconf 79' lang='lat' dir='ltr'><strong>indigneris</strong></span> <span class='ocrx_word' id='word_1_755' title='bbox 3407 3761 3548 3809; x_wconf 82' lang='lat' dir='ltr'><strong>veto.</strong></span> <span class='ocrx_word' id='word_1_756' title='bbox 3599 3753 3714 3810; x_wconf 73' lang='lat' dir='ltr'><strong>IIuC</strong></span> 
     </span>
    </p>
   </div>
   <div class='ocr_carea' id='block_1_99' title="bbox 2121 3846 3712 3921">
    <p class='ocr_par' dir='ltr' id='par_1_99' title="bbox 2121 3846 3712 3921">
     <span class='ocr_line' id='line_1_99' title="bbox 2121 3846 3712 3921; baseline -0.006 -10"><span class='ocrx_word' id='word_1_757' title='bbox 2121 3855 2266 3911; x_wconf 90' lang='lat' dir='ltr'><strong>enim</strong></span> <span class='ocrx_word' id='word_1_758' title='bbox 2297 3852 2364 3908; x_wconf 91' lang='lat' dir='ltr'><strong>ad</strong></span> <span class='ocrx_word' id='word_1_759' title='bbox 2392 3851 2695 3908; x_wconf 90' lang='lat' dir='ltr'><strong>columbam</strong></span> <span class='ocrx_word' id='word_1_760' title='bbox 2724 3851 2976 3921; x_wconf 89' lang='lat' dir='ltr'><strong>pertinet.</strong></span> <span class='ocrx_word' id='word_1_761' title='bbox 3023 3851 3101 3904; x_wconf 87' lang='lat' dir='ltr'><strong>Ac</strong></span> <span class='ocrx_word' id='word_1_762' title='bbox 3145 3847 3192 3903; x_wconf 91' lang='lat' dir='ltr'><strong>si</strong></span> <span class='ocrx_word' id='word_1_763' title='bbox 3221 3848 3342 3918; x_wconf 90' lang='lat' dir='ltr'><strong>quis</strong></span> <span class='ocrx_word' id='word_1_764' title='bbox 3366 3846 3628 3902; x_wconf 89' lang='lat' dir='ltr'><strong>calamum</strong></span> <span class='ocrx_word' id='word_1_765' title='bbox 3658 3847 3712 3901; x_wconf 94' lang='lat' dir='ltr'><strong>in</strong></span> 
     </span>
    </p>
   </div>
   <div class='ocr_carea' id='block_1_100' title="bbox 2121 3938 3708 4019">
    <p class='ocr_par' dir='ltr' id='par_1_100' title="bbox 2121 3938 3708 4019">
     <span class='ocr_line' id='line_1_100' title="bbox 2121 3938 3708 4019; baseline -0.007 -15"><span class='ocrx_word' id='word_1_766' title='bbox 2121 3952 2298 4019; x_wconf 88' lang='lat' dir='ltr'><strong>ignem</strong></span> <span class='ocrx_word' id='word_1_767' title='bbox 2336 3947 2558 4002; x_wconf 89' lang='lat' dir='ltr'><strong>mittens</strong></span> <span class='ocrx_word' id='word_1_768' title='bbox 2580 3983 2598 4011; x_wconf 94' lang='lat'><strong>,</strong></span> <span class='ocrx_word' id='word_1_769' title='bbox 2639 3943 2850 4014; x_wconf 85' lang='lat' dir='ltr'><strong>juberet</strong></span> <span class='ocrx_word' id='word_1_770' title='bbox 2895 3957 2999 3996; x_wconf 90' lang='lat' dir='ltr'><strong>non</strong></span> <span class='ocrx_word' id='word_1_771' title='bbox 3027 3940 3108 3995; x_wconf 92' lang='lat' dir='ltr'><strong>uri</strong></span> <span class='ocrx_word' id='word_1_772' title='bbox 3135 3939 3204 3996; x_wconf 88' lang='lat' dir='ltr'><strong>ab</strong></span> <span class='ocrx_word' id='word_1_773' title='bbox 3231 3940 3373 4010; x_wconf 87' lang='lat' dir='ltr'><strong>igne,</strong></span> <span class='ocrx_word' id='word_1_774' title='bbox 3407 3938 3501 3994; x_wconf 91' lang='lat' dir='ltr'><strong>sed</strong></span> <span class='ocrx_word' id='word_1_775' title='bbox 3531 3939 3708 4009; x_wconf 82' lang='lat' dir='ltr'><strong>ignem</strong></span> 
     </span>
    </p>
   </div>
   <div class='ocr_carea' id='block_1_101' title="bbox 2120 4029 3713 4106">
    <p class='ocr_par' dir='ltr' id='par_1_101' title="bbox 2120 4029 3713 4106">
     <span class='ocr_line' id='line_1_101' title="bbox 2120 4029 3713 4106; baseline -0.006 -14"><span class='ocrx_word' id='word_1_776' title='bbox 2120 4037 2480 4106; x_wconf 79' lang='lat' dir='ltr'><strong>exstinguere.</strong></span> <span class='ocrx_word' id='word_1_777' title='bbox 2508 4033 2708 4088; x_wconf 82' lang='lat' dir='ltr'><strong>Verum</strong></span> <span class='ocrx_word' id='word_1_778' title='bbox 2735 4047 2801 4087; x_wconf 91' lang='lat' dir='ltr'><strong>ne</strong></span> <span class='ocrx_word' id='word_1_779' title='bbox 2831 4031 3107 4086; x_wconf 90' lang='lat' dir='ltr'><strong>turbemur</strong></span> <span class='ocrx_word' id='word_1_780' title='bbox 3134 4046 3148 4082; x_wconf 92' lang='lat'><strong>:</strong></span> <span class='ocrx_word' id='word_1_781' title='bbox 3179 4029 3295 4084; x_wconf 60' lang='lat' dir='ltr'><strong>haec</strong></span> <span class='ocrx_word' id='word_1_782' title='bbox 3319 4036 3368 4083; x_wconf 93' lang='lat' dir='ltr'><strong>et</strong></span> <span class='ocrx_word' id='word_1_783' title='bbox 3399 4037 3713 4095; x_wconf 87' lang='lat' dir='ltr'><strong>evenerunt,</strong></span> 
     </span>
    </p>
   </div>
   <div class='ocr_carea' id='block_1_102' title="bbox 2121 4121 3715 4196">
    <p class='ocr_par' dir='ltr' id='par_1_102' title="bbox 2121 4121 3715 4196">
     <span class='ocr_line' id='line_1_102' title="bbox 2121 4121 3715 4196; baseline -0.005 -11"><span class='ocrx_word' id='word_1_784' title='bbox 2121 4139 2176 4185; x_wconf 91' lang='lat' dir='ltr'><strong>et</strong></span> <span class='ocrx_word' id='word_1_785' title='bbox 2198 4132 2357 4183; x_wconf 88' lang='lat' dir='ltr'><strong>linem</strong></span> <span class='ocrx_word' id='word_1_786' title='bbox 2383 4135 2726 4196; x_wconf 77' lang='lat' dir='ltr'><strong>acceperunt,</strong></span> <span class='ocrx_word' id='word_1_787' title='bbox 2757 4125 2990 4195; x_wconf 88' lang='lat' dir='ltr'><strong>ipsisque</strong></span> <span class='ocrx_word' id='word_1_788' title='bbox 3011 4123 3262 4193; x_wconf 88' lang='lat' dir='ltr'><strong>operibus</strong></span> <span class='ocrx_word' id='word_1_789' title='bbox 3285 4121 3526 4176; x_wconf 87' lang='lat' dir='ltr'><strong>exhibita</strong></span> <span class='ocrx_word' id='word_1_790' title='bbox 3548 4131 3673 4176; x_wconf 82' lang='lat' dir='ltr'><strong>sunt</strong></span> <span class='ocrx_word' id='word_1_791' title='bbox 3701 4141 3715 4177; x_wconf 94' lang='lat'><strong>:</strong></span> 
     </span>
    </p>
   </div>
   <div class='ocr_carea' id='block_1_103' title="bbox 2126 4214 3720 4292">
    <p class='ocr_par' dir='ltr' id='par_1_103' title="bbox 2126 4214 3720 4292">
     <span class='ocr_line' id='line_1_103' title="bbox 2126 4214 3720 4292; baseline -0.004 -17"><span class='ocrx_word' id='word_1_792' title='bbox 2126 4219 2417 4292; x_wconf 88' lang='lat' dir='ltr'><strong>prudentes</strong></span> <span class='ocrx_word' id='word_1_793' title='bbox 2443 4218 2586 4273; x_wconf 88' lang='lat' dir='ltr'><strong>enim</strong></span> <span class='ocrx_word' id='word_1_794' title='bbox 2609 4215 2826 4272; x_wconf 84' lang='lat' dir='ltr'><strong>luerunt</strong></span> <span class='ocrx_word' id='word_1_795' title='bbox 2853 4216 2994 4270; x_wconf 88' lang='lat' dir='ltr'><strong>sicut</strong></span> <span class='ocrx_word' id='word_1_796' title='bbox 3021 4223 3304 4286; x_wconf 88' lang='lat' dir='ltr'><strong>serpentes</strong></span> <span class='ocrx_word' id='word_1_797' title='bbox 3327 4255 3342 4278; x_wconf 93' lang='lat'><strong>,</strong></span> <span class='ocrx_word' id='word_1_798' title='bbox 3373 4223 3428 4268; x_wconf 91' lang='lat' dir='ltr'><strong>et</strong></span> <span class='ocrx_word' id='word_1_799' title='bbox 3447 4214 3720 4284; x_wconf 85' lang='lat' dir='ltr'><strong>simplices</strong></span> 
     </span>
    </p>
   </div>
   <div class='ocr_carea' id='block_1_104' title="bbox 2125 4312 3714 4384">
    <p class='ocr_par' dir='ltr' id='par_1_104' title="bbox 2125 4312 3714 4384">
     <span class='ocr_line' id='line_1_104' title="bbox 2125 4312 3714 4384; baseline -0.004 -11"><span class='ocrx_word' id='word_1_800' title='bbox 2125 4319 2262 4373; x_wconf 89' lang='lat' dir='ltr'><strong>sicut</strong></span> <span class='ocrx_word' id='word_1_801' title='bbox 2287 4315 2548 4370; x_wconf 63' lang='lat' dir='ltr'><strong>columbae</strong></span> <span class='ocrx_word' id='word_1_802' title='bbox 2579 4332 2591 4368; x_wconf 94' lang='lat'>:</span> <span class='ocrx_word' id='word_1_803' title='bbox 2625 4329 2730 4369; x_wconf 93' lang='lat' dir='ltr'><strong>non</strong></span> <span class='ocrx_word' id='word_1_804' title='bbox 2757 4312 2898 4384; x_wconf 90' lang='lat' dir='ltr'><strong>quod</strong></span> <span class='ocrx_word' id='word_1_805' title='bbox 2927 4328 2993 4368; x_wconf 87' lang='lat' dir='ltr'><strong>ex</strong></span> <span class='ocrx_word' id='word_1_806' title='bbox 3019 4312 3120 4366; x_wconf 89' lang='lat' dir='ltr'><strong>alia</strong></span> <span class='ocrx_word' id='word_1_807' title='bbox 3149 4319 3336 4367; x_wconf 87' lang='lat' dir='ltr'><strong>natura</strong></span> <span class='ocrx_word' id='word_1_808' title='bbox 3368 4320 3550 4366; x_wconf 89' lang='lat' dir='ltr'><strong>essent</strong></span> <span class='ocrx_word' id='word_1_809' title='bbox 3570 4351 3585 4376; x_wconf 93' lang='lat'><strong>,</strong></span> <span class='ocrx_word' id='word_1_810' title='bbox 3617 4312 3714 4366; x_wconf 90' lang='lat' dir='ltr'><strong>sed</strong></span> 
     </span>
    </p>
   </div>
   <div class='ocr_carea' id='block_1_105' title="bbox 2124 4405 3720 4479">
    <p class='ocr_par' dir='ltr' id='par_1_105' title="bbox 2124 4405 3720 4479">
     <span class='ocr_line' id='line_1_105' title="bbox 2124 4405 3720 4479; baseline -0.003 -13"><span class='ocrx_word' id='word_1_811' title='bbox 2124 4427 2190 4466; x_wconf 86' lang='lat' dir='ltr'><strong>ex</strong></span> <span class='ocrx_word' id='word_1_812' title='bbox 2235 4410 2422 4466; x_wconf 91' lang='lat' dir='ltr'><strong>eadem</strong></span> <span class='ocrx_word' id='word_1_813' title='bbox 2477 4424 2579 4479; x_wconf 89' lang='lat' dir='ltr'><strong>qua</strong></span> <span class='ocrx_word' id='word_1_814' title='bbox 2622 4423 2721 4464; x_wconf 93' lang='lat' dir='ltr'><strong>nos</strong></span> <span class='ocrx_word' id='word_1_815' title='bbox 2766 4417 2938 4463; x_wconf 90' lang='lat' dir='ltr'><strong>erant.</strong></span> <span class='ocrx_word' id='word_1_816' title='bbox 2980 4405 3058 4462; x_wconf 88' lang='lat' dir='ltr'><strong>Ne</strong></span> <span class='ocrx_word' id='word_1_817' title='bbox 3105 4407 3227 4476; x_wconf 89' lang='lat' dir='ltr'><strong>quis</strong></span> <span class='ocrx_word' id='word_1_818' title='bbox 3269 4420 3398 4476; x_wconf 87' lang='lat' dir='ltr'><strong>ergo</strong></span> <span class='ocrx_word' id='word_1_819' title='bbox 3425 4414 3574 4475; x_wconf 91' lang='lat' dir='ltr'><strong>putet</strong></span> <span class='ocrx_word' id='word_1_820' title='bbox 3601 4405 3720 4462; x_wconf 69' lang='lat' dir='ltr'><strong>haec</strong></span> 
     </span>
    </p>
   </div>
   <div class='ocr_carea' id='block_1_106' title="bbox 2123 4495 3719 4573">
    <p class='ocr_par' dir='ltr' id='par_1_106' title="bbox 2123 4495 3719 4573">
     <span class='ocr_line' id='line_1_106' title="bbox 2123 4495 3719 4573; baseline -0.006 -16"><span class='ocrx_word' id='word_1_821' title='bbox 2123 4511 2389 4573; x_wconf 81' lang='lat' dir='ltr'><strong>praecepta</strong></span> <span class='ocrx_word' id='word_1_822' title='bbox 2416 4499 2624 4569; x_wconf 90' lang='lat' dir='ltr'><strong>impleri</strong></span> <span class='ocrx_word' id='word_1_823' title='bbox 2652 4513 2757 4553; x_wconf 91' lang='lat' dir='ltr'><strong>non</strong></span> <span class='ocrx_word' id='word_1_824' title='bbox 2785 4511 2961 4568; x_wconf 90' lang='lat' dir='ltr'><strong>posse.</strong></span> <span class='ocrx_word' id='word_1_825' title='bbox 2992 4496 3109 4551; x_wconf 87' lang='lat' dir='ltr'><strong>Prae</strong></span> <span class='ocrx_word' id='word_1_826' title='bbox 3133 4497 3382 4550; x_wconf 92' lang='lat' dir='ltr'><strong>omnibus</strong></span> <span class='ocrx_word' id='word_1_827' title='bbox 3409 4495 3554 4549; x_wconf 92' lang='lat' dir='ltr'><strong>enim</strong></span> <span class='ocrx_word' id='word_1_828' title='bbox 3596 4495 3719 4549; x_wconf 86' lang='lat' dir='ltr'><strong>aliis</strong></span> 
     </span>
    </p>
   </div>
   <div class='ocr_carea' id='block_1_107' title="bbox 2126 4585 3722 4667">
    <p class='ocr_par' dir='ltr' id='par_1_107' title="bbox 2126 4585 3722 4667">
     <span class='ocr_line' id='line_1_107' title="bbox 2126 4585 3722 4667; baseline -0.008 -16"><span class='ocrx_word' id='word_1_829' title='bbox 2126 4596 2240 4667; x_wconf 89' lang='lat' dir='ltr'><strong>ipse</strong></span> <span class='ocrx_word' id='word_1_830' title='bbox 2265 4593 2413 4648; x_wconf 88' lang='lat' dir='ltr'><strong>novit</strong></span> <span class='ocrx_word' id='word_1_831' title='bbox 2441 4606 2619 4647; x_wconf 88' lang='lat' dir='ltr'><strong>rerum</strong></span> <span class='ocrx_word' id='word_1_832' title='bbox 2651 4599 2894 4644; x_wconf 87' lang='lat' dir='ltr'><strong>naturam</strong></span> <span class='ocrx_word' id='word_1_833' title='bbox 2927 4607 2941 4643; x_wconf 90' lang='lat'><strong>:</strong></span> <span class='ocrx_word' id='word_1_834' title='bbox 2983 4588 3128 4643; x_wconf 91' lang='lat' dir='ltr'><strong>novit</strong></span> <span class='ocrx_word' id='word_1_835' title='bbox 3153 4587 3407 4642; x_wconf 72' lang='lat' dir='ltr'><strong>ferociam</strong></span> <span class='ocrx_word' id='word_1_836' title='bbox 3443 4599 3551 4640; x_wconf 91' lang='lat' dir='ltr'><strong>non</strong></span> <span class='ocrx_word' id='word_1_837' title='bbox 3579 4585 3722 4639; x_wconf 80' lang='lat' dir='ltr'><strong>fero-</strong></span> 
     </span>
    </p>
   </div>
   <div class='ocr_carea' id='block_1_108' title="bbox 2124 4676 3724 4751">
    <p class='ocr_par' dir='ltr' id='par_1_108' title="bbox 2124 4676 3724 4751">
     <span class='ocr_line' id='line_1_108' title="bbox 2124 4676 3724 4751; baseline -0.008 -10"><span class='ocrx_word' id='word_1_838' title='bbox 2124 4687 2228 4751; x_wconf 91' lang='lat' dir='ltr'><strong>eia,</strong></span> <span class='ocrx_word' id='word_1_839' title='bbox 2280 4683 2376 4740; x_wconf 86' lang='lat' dir='ltr'><strong>sed</strong></span> <span class='ocrx_word' id='word_1_840' title='bbox 2421 4681 2789 4738; x_wconf 87' lang='lat' dir='ltr'><strong>moderatione</strong></span> <span class='ocrx_word' id='word_1_841' title='bbox 2842 4679 3118 4749; x_wconf 82' lang='lat' dir='ltr'><strong>restingui.</strong></span> <span class='ocrx_word' id='word_1_842' title='bbox 3170 4677 3321 4744; x_wconf 89' lang='lat' dir='ltr'><strong>Quod</strong></span> <span class='ocrx_word' id='word_1_843' title='bbox 3367 4677 3410 4731; x_wconf 90' lang='lat' dir='ltr'><strong>si</strong></span> <span class='ocrx_word' id='word_1_844' title='bbox 3453 4676 3629 4744; x_wconf 83' lang='lat' dir='ltr'><strong>reipsa</strong></span> <span class='ocrx_word' id='word_1_845' title='bbox 3669 4684 3724 4729; x_wconf 91' lang='lat' dir='ltr'><strong>et</strong></span> 
     </span>
    </p>
   </div>
   <div class='ocr_carea' id='block_1_109' title="bbox 2125 4775 3724 4853">
    <p class='ocr_par' dir='ltr' id='par_1_109' title="bbox 2125 4775 3724 4853">
     <span class='ocr_line' id='line_1_109' title="bbox 2125 4775 3724 4853; baseline -0.007 -15"><span class='ocrx_word' id='word_1_846' title='bbox 2125 4797 2290 4853; x_wconf 85' lang='lat' dir='ltr'><strong>opere</strong></span> <span class='ocrx_word' id='word_1_847' title='bbox 2334 4780 2388 4836; x_wconf 91' lang='lat' dir='ltr'><strong>id</strong></span> <span class='ocrx_word' id='word_1_848' title='bbox 2413 4779 2597 4836; x_wconf 86' lang='lat' dir='ltr'><strong>videre</strong></span> <span class='ocrx_word' id='word_1_849' title='bbox 2624 4779 2777 4843; x_wconf 89' lang='lat' dir='ltr'><strong>velis,</strong></span> <span class='ocrx_word' id='word_1_850' title='bbox 2809 4778 2924 4848; x_wconf 85' lang='lat' dir='ltr'><strong>lege</strong></span> <span class='ocrx_word' id='word_1_851' title='bbox 2966 4777 3160 4830; x_wconf 88' lang='lat' dir='ltr'><strong>librum</strong></span> <span class='ocrx_word' id='word_1_852' title='bbox 3191 4776 3418 4830; x_wconf 82' lang='lat' dir='ltr'><strong>Actuuni</strong></span> <span class='ocrx_word' id='word_1_853' title='bbox 3448 4775 3724 4844; x_wconf 82' lang='lat' dir='ltr'><strong>apostolo-</strong></span> 
     </span>
    </p>
   </div>
   <div class='ocr_carea' id='block_1_110' title="bbox 2125 4865 3724 4942">
    <p class='ocr_par' dir='ltr' id='par_1_110' title="bbox 2125 4865 3724 4942">
     <span class='ocr_line' id='line_1_110' title="bbox 2125 4865 3724 4942; baseline -0.006 -14"><span class='ocrx_word' id='word_1_854' title='bbox 2125 4889 2280 4941; x_wconf 86' lang='lat' dir='ltr'><strong>rum,</strong></span> <span class='ocrx_word' id='word_1_855' title='bbox 2330 4872 2644 4942; x_wconf 88' lang='lat' dir='ltr'><strong>videbisque</strong></span> <span class='ocrx_word' id='word_1_856' title='bbox 2691 4869 2902 4941; x_wconf 90' lang='lat' dir='ltr'><strong>quoties</strong></span> <span class='ocrx_word' id='word_1_857' title='bbox 2951 4866 3150 4922; x_wconf 85' lang='lat' dir='ltr'><strong>Judaeis</strong></span> <span class='ocrx_word' id='word_1_858' title='bbox 3199 4865 3613 4937; x_wconf 70' lang='lat' dir='ltr'><strong>insurgentibus,</strong></span> <span class='ocrx_word' id='word_1_859' title='bbox 3671 4875 3724 4919; x_wconf 76' lang='grc' dir='ltr'><strong>(ιι</strong></span> 
     </span>
    </p>
   </div>
   <div class='ocr_carea' id='block_1_111' title="bbox 2126 4956 3722 5028">
    <p class='ocr_par' dir='ltr' id='par_1_111' title="bbox 2126 4956 3722 5028">
     <span class='ocr_line' id='line_1_111' title="bbox 2126 4956 3722 5028; baseline -0.008 -7"><span class='ocrx_word' id='word_1_860' title='bbox 2126 4965 2315 5021; x_wconf 88' lang='lat' dir='ltr'><strong>dentes</strong></span> <span class='ocrx_word' id='word_1_861' title='bbox 2358 4964 2674 5020; x_wconf 90' lang='lat' dir='ltr'><strong>acuentibus</strong></span> <span class='ocrx_word' id='word_1_862' title='bbox 2698 5001 2714 5028; x_wconf 92' lang='lat'><strong>,</strong></span> <span class='ocrx_word' id='word_1_863' title='bbox 2755 4959 2810 5015; x_wconf 89' lang='lat' dir='ltr'><strong>bi</strong></span> <span class='ocrx_word' id='word_1_864' title='bbox 2848 4957 3148 5014; x_wconf 90' lang='lat' dir='ltr'><strong>columbam</strong></span> <span class='ocrx_word' id='word_1_865' title='bbox 3181 4956 3483 5022; x_wconf 86' lang='lat' dir='ltr'><strong>imitantes,</strong></span> <span class='ocrx_word' id='word_1_866' title='bbox 3516 4966 3572 5010; x_wconf 90' lang='lat' dir='ltr'><strong>et</strong></span> <span class='ocrx_word' id='word_1_867' title='bbox 3600 4971 3722 5010; x_wconf 91' lang='lat' dir='ltr'><strong>cum</strong></span> 
     </span>
    </p>
   </div>
   <div class='ocr_carea' id='block_1_112' title="bbox 2127 5049 3720 5121">
    <p class='ocr_par' dir='ltr' id='par_1_112' title="bbox 2127 5049 3720 5121">
     <span class='ocr_line' id='line_1_112' title="bbox 2127 5049 3720 5121; baseline -0.008 -7"><span class='ocrx_word' id='word_1_868' title='bbox 2127 5057 2497 5114; x_wconf 84' lang='lat' dir='ltr'><strong>moderatione</strong></span> <span class='ocrx_word' id='word_1_869' title='bbox 2537 5054 2719 5110; x_wconf 90' lang='lat' dir='ltr'><strong>debita</strong></span> <span class='ocrx_word' id='word_1_870' title='bbox 2758 5051 3061 5121; x_wconf 88' lang='lat' dir='ltr'><strong>loquentes,</strong></span> <span class='ocrx_word' id='word_1_871' title='bbox 3096 5049 3308 5102; x_wconf 88' lang='lat' dir='ltr'><strong>illorum</strong></span> <span class='ocrx_word' id='word_1_872' title='bbox 3340 5049 3574 5102; x_wconf 77' lang='lat' dir='ltr'><strong>furorem</strong></span> <span class='ocrx_word' id='word_1_873' title='bbox 3622 5063 3720 5102; x_wconf 81' lang='lat' dir='ltr'><strong>ex-</strong></span> 
     </span>
    </p>
   </div>
   <div class='ocr_carea' id='block_1_113' title="bbox 2127 5139 3718 5218">
    <p class='ocr_par' dir='ltr' id='par_1_113' title="bbox 2127 5139 3718 5218">
     <span class='ocr_line' id='line_1_113' title="bbox 2127 5139 3718 5218; baseline -0.009 -11"><span class='ocrx_word' id='word_1_874' title='bbox 2127 5151 2433 5216; x_wconf 85' lang='lat' dir='ltr'><strong>stinxerint,</strong></span> <span class='ocrx_word' id='word_1_875' title='bbox 2481 5149 2614 5203; x_wconf 86' lang='lat' dir='ltr'><strong>iram</strong></span> <span class='ocrx_word' id='word_1_876' title='bbox 2658 5145 2957 5218; x_wconf 85' lang='lat' dir='ltr'><strong>placarint,</strong></span> <span class='ocrx_word' id='word_1_877' title='bbox 3009 5143 3264 5212; x_wconf 87' lang='lat' dir='ltr'><strong>impetum</strong></span> <span class='ocrx_word' id='word_1_878' title='bbox 3296 5139 3552 5196; x_wconf 84' lang='lat' dir='ltr'><strong>sedarint.</strong></span> <span class='ocrx_word' id='word_1_879' title='bbox 3587 5140 3718 5194; x_wconf 84' lang='lat' dir='ltr'><strong>Nam</strong></span> 
     </span>
    </p>
   </div>
   <div class='ocr_carea' id='block_1_114' title="bbox 2128 5233 3726 5309">
    <p class='ocr_par' dir='ltr' id='par_1_114' title="bbox 2128 5233 3726 5309">
     <span class='ocr_line' id='line_1_114' title="bbox 2128 5233 3726 5309; baseline -0.007 -11"><span class='ocrx_word' id='word_1_880' title='bbox 2128 5259 2251 5299; x_wconf 90' lang='lat' dir='ltr'><strong>cum</strong></span> <span class='ocrx_word' id='word_1_881' title='bbox 2276 5243 2517 5298; x_wconf 85' lang='lat' dir='ltr'><strong>dicerent</strong></span> <span class='ocrx_word' id='word_1_882' title='bbox 2541 5257 2554 5292; x_wconf 88' lang='lat'><strong>:</strong></span> <span class='ocrx_word' id='word_1_883' title='bbox 2587 5239 2773 5294; x_wconf 87' lang='lat' dir='ltr'><strong>Nonne</strong></span> <span class='ocrx_word' id='word_1_884' title='bbox 2801 5236 3130 5309; x_wconf 76' lang='lat' dir='ltr'><strong>prwcepimus</strong></span> <span class='ocrx_word' id='word_1_885' title='bbox 3154 5236 3291 5290; x_wconf 82' lang='lat' dir='ltr'><strong>vobis</strong></span> <span class='ocrx_word' id='word_1_886' title='bbox 3317 5251 3379 5288; x_wconf 88' lang='lat' dir='ltr'><strong>ne</strong></span> <span class='ocrx_word' id='word_1_887' title='bbox 3400 5233 3726 5304; x_wconf 85' lang='lat' dir='ltr'><strong>loqueremini</strong></span> 
     </span>
    </p>
   </div>
   <div class='ocr_carea' id='block_1_115' title="bbox 2129 5324 3828 5402">
    <p class='ocr_par' dir='ltr' id='par_1_115' title="bbox 2129 5324 3828 5402">
     <span class='ocr_line' id='line_1_115' title="bbox 2129 5324 3828 5402; baseline -0.01 -11"><span class='ocrx_word' id='word_1_888' title='bbox 2129 5339 2182 5391; x_wconf 89' lang='lat' dir='ltr'><strong>in</strong></span> <span class='ocrx_word' id='word_1_889' title='bbox 2229 5335 2430 5388; x_wconf 87' lang='lat' dir='ltr'><strong>nomine</strong></span> <span class='ocrx_word' id='word_1_890' title='bbox 2465 5333 2563 5386; x_wconf 88' lang='lat' dir='ltr'><strong>isto</strong></span> <span class='ocrx_word' id='word_1_891' title='bbox 2593 5332 2729 5402; x_wconf 79' lang='lat' dir='ltr'><strong>(Act.</strong></span> <span class='ocrx_word' id='word_1_892' title='bbox 2778 5329 2833 5384; x_wconf 83' lang='lat'><strong>5.</strong></span> <span class='ocrx_word' id='word_1_893' title='bbox 2861 5325 3010 5399; x_wconf 73' lang='lat'><strong>28)?</strong></span> <span class='ocrx_word' id='word_1_894' title='bbox 3035 5326 3136 5383; x_wconf 88' lang='lat' dir='ltr'><strong>etsi</strong></span> <span class='ocrx_word' id='word_1_895' title='bbox 3166 5325 3418 5381; x_wconf 89' lang='lat' dir='ltr'><strong>miracula</strong></span> <span class='ocrx_word' id='word_1_896' title='bbox 3445 5324 3723 5378; x_wconf 87' lang='lat' dir='ltr'><strong>innumera</strong></span> <span class='ocrx_word' id='word_1_897' title='bbox 3823 5373 3828 5380; x_wconf 35' lang='lat'><strong>,</strong></span> 
     </span>
    </p>
   </div>
   <div class='ocr_carea' id='block_1_116' title="bbox 2131 5409 3723 5501">
    <p class='ocr_par' dir='ltr' id='par_1_116' title="bbox 2131 5409 3723 5501">
     <span class='ocr_line' id='line_1_116' title="bbox 2131 5409 3723 5501; baseline -0.013 -16"><span class='ocrx_word' id='word_1_898' title='bbox 2131 5440 2346 5501; x_wconf 88' lang='lat' dir='ltr'><strong>patrare</strong></span> <span class='ocrx_word' id='word_1_899' title='bbox 2372 5431 2610 5497; x_wconf 89' lang='lat' dir='ltr'><strong>possent,</strong></span> <span class='ocrx_word' id='word_1_900' title='bbox 2645 5418 2777 5477; x_wconf 90' lang='lat' dir='ltr'><strong>nihil</strong></span> <span class='ocrx_word' id='word_1_901' title='bbox 2802 5432 3051 5490; x_wconf 88' lang='lat' dir='ltr'><strong>asperum</strong></span> <span class='ocrx_word' id='word_1_902' title='bbox 3077 5417 3161 5472; x_wconf 90' lang='lat' dir='ltr'><strong>vel</strong></span> <span class='ocrx_word' id='word_1_903' title='bbox 3187 5414 3435 5471; x_wconf 82' lang='lat' dir='ltr'><strong>dixerunt</strong></span> <span class='ocrx_word' id='word_1_904' title='bbox 3461 5411 3544 5467; x_wconf 86' lang='lat' dir='ltr'><strong>vel</strong></span> <span class='ocrx_word' id='word_1_905' title='bbox 3573 5409 3723 5466; x_wconf 76' lang='lat' dir='ltr'><strong>lece-</strong></span> 
     </span>
    </p>
   </div>
   <div class='ocr_carea' id='block_1_117' title="bbox 2130 5502 3724 5588">
    <p class='ocr_par' dir='ltr' id='par_1_117' title="bbox 2130 5502 3724 5588">
     <span class='ocr_line' id='line_1_117' title="bbox 2130 5502 3724 5588; baseline -0.014 -11"><span class='ocrx_word' id='word_1_906' title='bbox 2130 5528 2279 5588; x_wconf 88' lang='lat' dir='ltr'><strong>runt,</strong></span> <span class='ocrx_word' id='word_1_907' title='bbox 2305 5517 2400 5574; x_wconf 86' lang='lat' dir='ltr'><strong>sed</strong></span> <span class='ocrx_word' id='word_1_908' title='bbox 2423 5530 2545 5572; x_wconf 90' lang='lat' dir='ltr'><strong>cum</strong></span> <span class='ocrx_word' id='word_1_909' title='bbox 2572 5512 2716 5568; x_wconf 90' lang='lat' dir='ltr'><strong>omni</strong></span> <span class='ocrx_word' id='word_1_910' title='bbox 2748 5524 2870 5567; x_wconf 88' lang='lat' dir='ltr'><strong>sese</strong></span> <span class='ocrx_word' id='word_1_911' title='bbox 2895 5506 3305 5566; x_wconf 89' lang='lat' dir='ltr'><strong>mansuetudine</strong></span> <span class='ocrx_word' id='word_1_912' title='bbox 3330 5510 3624 5576; x_wconf 75' lang='lat' dir='ltr'><strong>purgarunt</strong></span> <span class='ocrx_word' id='word_1_913' title='bbox 3645 5502 3724 5556; x_wconf 90' lang='lat' dir='ltr'><strong>di-</strong></span> 
     </span>
    </p>
   </div>
   <div class='ocr_carea' id='block_1_118' title="bbox 2133 5593 3726 5675">
    <p class='ocr_par' dir='ltr' id='par_1_118' title="bbox 2133 5593 3726 5675">
     <span class='ocr_line' id='line_1_118' title="bbox 2133 5593 3726 5675; baseline -0.014 -7"><span class='ocrx_word' id='word_1_914' title='bbox 2133 5621 2317 5668; x_wconf 86' lang='lat' dir='ltr'><strong>centes</strong></span> <span class='ocrx_word' id='word_1_915' title='bbox 2354 5626 2368 5663; x_wconf 92' lang='lat'><strong>:</strong></span> <span class='ocrx_word' id='word_1_916' title='bbox 2401 5607 2461 5663; x_wconf 84' lang='lat' dir='ltr'><strong>Si</strong></span> <span class='ocrx_word' id='word_1_917' title='bbox 2493 5607 2691 5675; x_wconf 84' lang='lat' dir='ltr'><strong>justum</strong></span> <span class='ocrx_word' id='word_1_918' title='bbox 2715 5611 2788 5658; x_wconf 85' lang='lat' dir='ltr'><strong>est</strong></span> <span class='ocrx_word' id='word_1_919' title='bbox 2823 5617 2908 5656; x_wconf 82' lang='lat' dir='ltr'><strong>vos</strong></span> <span class='ocrx_word' id='word_1_920' title='bbox 2938 5599 3116 5655; x_wconf 88' lang='lat' dir='ltr'><strong>audire</strong></span> <span class='ocrx_word' id='word_1_921' title='bbox 3145 5607 3313 5669; x_wconf 76' lang='lat' dir='ltr'><strong>potius</strong></span> <span class='ocrx_word' id='word_1_922' title='bbox 3345 5611 3495 5666; x_wconf 89' lang='lat' dir='ltr'><strong>quam</strong></span> <span class='ocrx_word' id='word_1_923' title='bbox 3524 5593 3689 5649; x_wconf 84' lang='lat' dir='ltr'><strong>Deum</strong></span> <span class='ocrx_word' id='word_1_924' title='bbox 3710 5631 3726 5656; x_wconf 94' lang='lat'><strong>,</strong></span> 
     </span>
    </p>
   </div>
   <div class='ocr_carea' id='block_1_119' title="bbox 2124 5681 3725 5778">
    <p class='ocr_par' dir='ltr' id='par_1_119' title="bbox 2124 5681 3725 5778">
     <span class='ocr_line' id='line_1_119' title="bbox 2124 5681 3725 5778; baseline -0.016 -19"><span class='ocrx_word' id='word_1_925' title='bbox 2124 5703 2352 5778; x_wconf 80' lang='lat' dir='ltr'><strong>judicate</strong></span> <span class='ocrx_word' id='word_1_926' title='bbox 2381 5696 2540 5770; x_wconf 79' lang='lat' dir='ltr'><strong>(Ibid.</strong></span> <span class='ocrx_word' id='word_1_927' title='bbox 2562 5697 2612 5753; x_wconf 66' lang='grc'><strong>4.</strong></span> <span class='ocrx_word' id='word_1_928' title='bbox 2636 5695 2749 5763; x_wconf 85' lang='lat' dir='ltr'><strong>I9).</strong></span> <span class='ocrx_word' id='word_1_929' title='bbox 2777 5691 2967 5748; x_wconf 83' lang='lat' dir='ltr'><strong>Vidisti</strong></span> <span class='ocrx_word' id='word_1_930' title='bbox 2990 5689 3388 5760; x_wconf 86' lang='lat' dir='ltr'><strong>simplicitatem</strong></span> <span class='ocrx_word' id='word_1_931' title='bbox 3413 5682 3675 5778; x_wconf 52' lang='lat' dir='ltr'><strong>columbae</strong></span> <span class='ocrx_word' id='word_1_932' title='bbox 3699 5681 3725 5734; x_wconf 84' lang='lat'><strong>?</strong></span> 
     </span>
    </p>
   </div>
   <div class='ocr_carea' id='block_1_120' title="bbox 2139 5772 3723 5863">
    <p class='ocr_par' dir='ltr' id='par_1_120' title="bbox 2139 5772 3723 5863">
     <span class='ocr_line' id='line_1_120' title="bbox 2139 5772 3723 5863; baseline -0.016 -11"><span class='ocrx_word' id='word_1_933' title='bbox 2139 5794 2267 5852; x_wconf 80' lang='lat' dir='ltr'><strong>Vide</strong></span> <span class='ocrx_word' id='word_1_934' title='bbox 2297 5789 2629 5863; x_wconf 89' lang='lat' dir='ltr'><strong>prudentiam</strong></span> <span class='ocrx_word' id='word_1_935' title='bbox 2670 5784 2959 5856; x_wconf 87' lang='lat' dir='ltr'><strong>serpentis.</strong></span> <span class='ocrx_word' id='word_1_936' title='bbox 3003 5779 3125 5836; x_wconf 84' lang='lat' dir='ltr'><strong>Non</strong></span> <span class='ocrx_word' id='word_1_937' title='bbox 3147 5780 3277 5834; x_wconf 89' lang='lat' dir='ltr'><strong>enim</strong></span> <span class='ocrx_word' id='word_1_938' title='bbox 3304 5791 3607 5850; x_wconf 82' lang='lat' dir='ltr'><strong>possumus,</strong></span> <span class='ocrx_word' id='word_1_939' title='bbox 3639 5772 3723 5827; x_wconf 37' lang='lat' dir='ltr'><strong>ins</strong></span> 
     </span>
    </p>
   </div>
   <div class='ocr_carea' id='block_1_121' title="bbox 2138 5863 3726 5959">
    <p class='ocr_par' dir='ltr' id='par_1_121' title="bbox 2138 5863 3726 5959">
     <span class='ocr_line' id='line_1_121' title="bbox 2138 5863 3726 5959; baseline -0.015 -15"><span class='ocrx_word' id='word_1_940' title='bbox 2138 5887 2344 5959; x_wconf 88' lang='lat' dir='ltr'><strong>quiunt,</strong></span> <span class='ocrx_word' id='word_1_941' title='bbox 2363 5897 2472 5955; x_wconf 73' lang='lat' dir='ltr'><strong>qua</strong></span> <span class='ocrx_word' id='word_1_942' title='bbox 2493 5880 2705 5936; x_wconf 75' lang='lat' dir='ltr'><strong>vidimus</strong></span> <span class='ocrx_word' id='word_1_943' title='bbox 2720 5888 2765 5935; x_wconf 85' lang='lat' dir='ltr'><strong>et</strong></span> <span class='ocrx_word' id='word_1_944' title='bbox 2781 5876 3062 5933; x_wconf 73' lang='lat' dir='ltr'><strong>audivimus</strong></span> <span class='ocrx_word' id='word_1_945' title='bbox 3081 5889 3178 5929; x_wconf 82' lang='lat' dir='ltr'><strong>non</strong></span> <span class='ocrx_word' id='word_1_946' title='bbox 3198 5871 3335 5942; x_wconf 86' lang='lat' dir='ltr'><strong>loqui</strong></span> <span class='ocrx_word' id='word_1_947' title='bbox 3356 5867 3516 5942; x_wconf 80' lang='lat' dir='ltr'><strong>(Ibid.</strong></span> <span class='ocrx_word' id='word_1_948' title='bbox 3540 5881 3588 5922; x_wconf 72' lang='grc' dir='ltr'><strong>ι’.</strong></span> <span class='ocrx_word' id='word_1_949' title='bbox 3606 5863 3726 5938; x_wconf 72' lang='lat'><strong>20).</strong></span> 
     </span>
    </p>
   </div>
  </div>
