4118 6456
402 459 507 516 395

405 574 582 628 rieles.
611 571 805 627 Verum
832 567 948 623 haec
978 576 1262 636 puerorum
1289 559 1452 628 inepti
1478 556 1588 613 ludi
1615 565 1761 621 sunt,
1791 553 1836 609 si
1855 567 1982 608 cum.

407 666 727 736 piscatorum
765 656 928 730 gestis
967 661 1362 723 comparentur.
1405 648 1543 717 Quid
1569 648 1712 703 enim
1741 645 1808 701 de
1839 644 1979 700 The-

406 752 649 809 mistocle
675 747 910 804 dixeris?
948 743 1100 814 Quod
1139 740 1550 797 Atheniensibus
1577 745 1635 792 ut
1664 751 1828 791 naves
1854 750 1983 790 con-

406 841 728 898 scenderent
757 835 1015 900 suaserit,
1052 849 1173 889 cum
1206 831 1409 886 Xerxes
1437 827 1694 885 Graeciam
1723 826 1862 882 bello
1889 828 1986 878 im—

407 931 650 1004 peteret?
680 927 775 982 Hic
799 940 958 996 porro
985 939 1088 978 non
1114 922 1289 976 Xerxe
1319 919 1627 988 impetente,
1654 915 1746 969 sed
1777 912 1988 968 diabolo

329 1054 332 1056 η
408 1037 532 1078 cum
566 1019 695 1074 orbe
738 1025 852 1072 toto
884 1022 938 1068 et
975 1012 1128 1067 turba
1168 1010 1470 1064 dmmonum
1497 1007 1774 1060 innumera
1804 1011 1989 1058 contra

409 1112 694 1170 duodecim
725 1109 845 1163 illos
870 1106 1140 1168 irruente;
1169 1117 1274 1156 non
1301 1099 1446 1155 brevi
1474 1107 1711 1166 tempore
1730 1138 1745 1162 ,
1778 1094 1871 1150 sed
1899 1109 1992 1164 per

413 1216 584 1260 totum
607 1203 728 1258 vitae
749 1198 976 1270 spatium
997 1196 1238 1250 vicerunt
1266 1191 1341 1247 illi
1365 1199 1418 1246 et
1437 1197 1757 1260 superarunt
1785 1204 1798 1240 :
1826 1185 1994 1257 quod—

409 1313 520 1368 que
566 1296 758 1349 mirum
796 1297 898 1355 est,
927 1303 1034 1343 non
1071 1286 1225 1341 caesis
1263 1283 1526 1357 hostibus,
1561 1279 1657 1335 sed
1701 1277 1918 1333 mutatis
1942 1283 1997 1332 et

412 1385 714 1444 conversis.
758 1381 890 1438 Illud
933 1380 1076 1435 enim
1117 1375 1348 1432 maxime
1385 1374 1578 1443 ubique
1606 1369 1995 1427 observandum

414 1489 534 1546 est,
580 1479 726 1548 ipsos
769 1488 868 1528 nec
910 1470 1169 1527 occidisse
1213 1482 1310 1522 nec
1354 1465 1618 1520 delevisse
1662 1461 2000 1518 insidiatores

416 1586 579 1640 suos,
610 1569 702 1626 sed
732 1583 852 1623 cum
882 1567 1002 1621 illos
1026 1561 1357 1620 daemonibus
1390 1573 1544 1625 pares
1573 1557 1872 1626 cepissent,
1905 1568 2000 1607 au-

418 1668 554 1738 gelis
579 1663 808 1735 aequales
835 1661 1043 1724 fecisse,
1065 1657 1352 1712 humanam
1376 1661 1617 1708 naturam
1641 1651 1738 1704 hac
1763 1647 2002 1718 improba

422 1755 703 1828 tyrannide
733 1752 1044 1815 Iiberantes,
1075 1748 1194 1802 illos
1219 1753 1396 1800 autem
1427 1743 1682 1798 scelestos
1707 1738 1999 1804 daemones,

419 1847 514 1917 qui
541 1844 718 1900 omnia
749 1840 1168 1904 conturbabant,
1196 1853 1225 1891 a
1252 1835 1428 1891 medio
1458 1834 1572 1889 foro
1596 1841 1649 1888 et
1669 1847 1698 1885 a
1725 1829 2003 1894 domibus,

423 1939 539 1994 imo
572 1938 734 1993 etiam
775 1950 804 1989 a
852 1934 1067 1989 deserto
1107 1930 1443 2001 expulerunt.
1472 1924 1850 1981 Testificantur
1878 1917 2008 1974 illud

424 2028 583 2084 chori
613 2024 1018 2086 monachorum,
1047 2023 1136 2092 qui
1168 2020 1360 2089 ubique
1391 2015 1607 2088 plantati
1634 2025 1788 2080 sunt,
1822 2023 1877 2066 et
1903 2024 2008 2064 non

426 2120 589 2176 modo
613 2119 900 2174 habitatam
932 2125 1148 2178 terram,
1179 2113 1271 2169 sed
1293 2123 1345 2168 et
1369 2127 1474 2166 non
1503 2108 1790 2163 habitatam
1813 2120 2011 2173 expur-

423 2221 640 2284 garum.
682 2211 940 2281 Quodque
987 2207 1278 2263 mirabilius
1317 2211 1419 2270 est,
1451 2217 1558 2258 non
1598 2202 1856 2256 instructa
1899 2197 2013 2252 acie

429 2305 536 2359 hoc
560 2303 845 2370 faciebant,
873 2300 968 2356 sed
1001 2299 1140 2354 male
1162 2297 1330 2353 habiti
1358 2293 1652 2364 implebant
1677 2290 1876 2346 omnia.
1910 2287 2014 2342 lla-

428 2395 632 2450 bebant
655 2395 797 2450 enim
827 2394 879 2447 in
906 2389 1083 2446 medio
1113 2388 1315 2460 positos
1337 2386 1456 2442 illos
1477 2384 1672 2440 infimae
1693 2377 2012 2436 conditionis

429 2489 600 2554 viros,
622 2501 756 2559 quos
779 2484 1032 2557 ligabant,
1047 2480 1418 2546 verberabant,
1443 2473 1895 2545 circumagebant,
1916 2483 2016 2524 nec

431 2590 684 2652 poterant
706 2592 888 2635 eorum
912 2591 1004 2632 ora
1032 2573 1282 2630 claudere
1307 2588 1322 2625 :
1353 2569 1446 2627 sed
1473 2569 1612 2623 sicut
1639 2565 1847 2621 radium
1887 2561 2017 2616 solis

435 2675 640 2729 vincire
677 2686 836 2728 nemo
879 2677 1087 2741 potest,
1126 2668 1203 2722 sic
1230 2680 1336 2720 non
1367 2670 1608 2734 poterant
1648 2660 1882 2728 ipsorum
1914 2654 2018 2709 litt-

434 2780 595 2836 guam
620 2763 858 2833 alligare.
899 2758 1061 2829 Cujus
1091 2757 1168 2813 rei
1197 2769 1355 2811 causa
1387 2761 1502 2810 erat
1526 2792 1540 2816 ,
1564 2766 1670 2804 non
1703 2750 1776 2803 illi
1804 2745 2018 2818 quidem

438 2855 531 2926 qui
575 2853 960 2924 loquebantur,
1008 2848 1103 2905 sed
1147 2846 1374 2916 Spiritus
1416 2843 1607 2897 virtus.
1651 2838 1740 2895 Sic
1778 2838 1937 2906 igitur
1967 2843 2022 2890 et

440 2925 637 3004 l’aulus
668 2947 792 3000 vicit
814 2944 1099 3013 Agrippam
1123 2981 1138 3004 ,
1162 2948 1216 2994 et
1240 2937 1329 3008 qui
1354 2935 1554 2992 scelere
1581 2931 1824 2986 vincebat
1852 2925 2026 2981 homi-

441 3054 540 3093 nes
563 3051 748 3093 onmes
773 3035 1038 3090 Neronem
1071 3050 1082 3085 :
1111 3029 1363 3085 Dominus
1386 3027 1519 3081 enim
1548 3023 1670 3079 mihi
1694 3021 1906 3086 adstitit,
1939 3017 2022 3072 in-

445 3131 596 3199 quit,
636 3141 682 3183 et
727 3126 1025 3196 confortavit
1081 3141 1197 3190 me,
1244 3131 1290 3175 et
1338 3118 1466 3175 eruit
1509 3133 1587 3170 me
1628 3114 1691 3169 de
1731 3129 1818 3170 ore
1868 3110 2026 3165 leonis

449 3225 526 3286 (2.
559 3222 692 3277 Tim.
723 3222 774 3276 ι.
802 3221 914 3289 17).
940 3219 1019 3272 'l‘u
1044 3231 1170 3270 vero
1199 3215 1413 3276 mirare,
1436 3206 1705 3280 quomodo
1726 3204 2024 3268 audientes,

449 3315 628 3370 Nolite
653 3312 858 3368 solliciti
883 3326 1005 3374 esse,
1031 3317 1085 3362 et
1108 3303 1470 3367 crediderunt,
1497 3309 1550 3355 et
1570 3299 2025 3365 obtemperarunt,

449 3409 687 3477 nihilque
716 3420 785 3462 ex
819 3401 1142 3458 terribilibus
1165 3405 1423 3451 terrorem
1454 3391 1583 3460 ipsis
1605 3387 1847 3443 incussit.
1875 3383 2031 3451 Quod

449 3503 498 3558 si
525 3475 671 3556 dicas
696 3541 710 3566 ,
749 3497 993 3552 idoneam
1022 3492 1151 3562 ipsis
1172 3485 1590 3544 consolationem
1625 3479 1837 3536 dedisse
1872 3475 2032 3534 Citri-

450 3605 592 3650 stum
614 3605 734 3648 cum
757 3587 910 3654 dixit,
935 3584 1159 3656 Spiritus
1183 3578 1354 3633 Patris
1377 3575 1522 3631 vestri
1543 3573 1635 3628 erit
1663 3571 1748 3642 qui
1769 3570 1996 3641 loquetur
2011 3582 2034 3622 .°

452 3694 509 3741 ct
538 3683 658 3738 ideo
684 3676 916 3736 maxime
942 3684 1132 3744 stupeo
1156 3713 1171 3738 ,
1213 3667 1351 3741 quod
1381 3681 1481 3723 nec
1509 3663 1902 3728 dubitaverint,
1934 3673 2033 3715 nec

453 3774 668 3834 liberari
694 3789 725 3830 a
745 3771 900 3827 malis
926 3765 1228 3838 rogaverint
1257 3779 1270 3816 :
1297 3769 1351 3818 et
1371 3760 1505 3824 lucc,
1538 3772 1644 3811 non
1675 3753 1883 3810 duobus
1905 3793 1920 3819 ,
1946 3751 2034 3808 vel

455 3871 627 3927 tritus
651 3867 805 3921 annis
829 3867 928 3919 ista
957 3860 1183 3932 passuri,
1226 3855 1320 3914 sed
1358 3871 1453 3927 per
1493 3861 1654 3909 totam
1676 3852 1860 3906 vitam.
1901 3846 2038 3902 Illud

458 3963 601 4018 enim
627 3959 848 4020 dictum,
878 3953 978 4022 Qui
1001 3960 1168 4005 autem
1193 3943 1577 4019 perseveraverit
1601 3955 1757 4010 usque
1779 3940 1834 3994 in
1860 3939 2034 4008 finem,

457 4055 540 4107 hic
582 4049 750 4106 salvus
790 4045 916 4113 erit,
957 4043 1058 4097 hoc
1100 4037 1420 4095 subindicat.
1450 4034 1573 4088 Vult
1597 4032 1736 4087 enim
1770 4030 1910 4085 Deus
1931 4043 2039 4083 non

457 4159 554 4200 sua
584 4149 784 4196 tantum
813 4151 946 4207 ope,
992 4132 1086 4188 sed
1125 4133 1358 4200 ipsorum
1395 4124 1667 4197 proposito
1704 4135 1867 4192 opera
1901 4120 2040 4174 bona

461 4235 598 4291 fieri.
629 4228 908 4301 Perpende
935 4228 1108 4294 itaque
1139 4224 1190 4278 in
1211 4216 1577 4291 superioribus
1598 4257 1612 4280 ,
1645 4213 1912 4285 quomodo
1938 4212 2040 4267 alia

462 4329 593 4390 Dei,
623 4325 723 4380 alia
753 4320 1132 4390 discipulorum
1163 4315 1284 4368 sint.
1320 4311 1450 4367 Nam
1480 4310 1631 4380 signa
1657 4306 1834 4361 facere
1853 4345 1869 4372 ,
1900 4303 2043 4358 illius

462 4431 616 4490 sunt;
650 4419 780 4475 nihil
809 4415 1099 4487 possidere,
1124 4408 1525 4480 discipulorum.
1560 4405 1787 4458 Rursum
1810 4445 1825 4470 ,
1854 4401 2046 4457 domos

464 4528 654 4570 omnes
681 4509 920 4581 aperire,
948 4519 1190 4576 supernae
1218 4500 1401 4572 gratiae
1429 4507 1540 4563 est;
1574 4495 1702 4549 nihil
1731 4503 1923 4565 praeter
1951 4507 2047 4547 ne-

466 4603 698 4662 cessaria
722 4610 921 4671 petere,
938 4595 1316 4666 discipulorum
1343 4588 1724 4662 philosophia;
1755 4586 1948 4655 Dignus
1977 4591 2048 4639 est

468 4699 603 4752 enim
630 4693 892 4767 aperarius
916 4689 1142 4744 mercede
1160 4703 1274 4742 sua.
1308 4686 1497 4740 Pacem
1523 4682 1652 4737 dare
1671 4723 1686 4748 ,
1730 4680 1821 4735 Dei
1849 4679 2046 4733 donum

468 4797 584 4853 est;
611 4785 800 4856 dignos
823 4796 1095 4853 quterere,
1128 4793 1225 4834 nec
1249 4789 1436 4831 omnes
1466 4771 1927 4829 indiseriminatim
1956 4769 2051 4824 ad-

471 4881 572 4946 ire,
596 4878 830 4947 ipsorum
859 4870 1222 4941 temperantia:
1242 4877 1343 4924 est.
1375 4866 1499 4921 Illos
1519 4865 1608 4936 qui
1628 4864 1916 4933 discipulos
1941 4877 2048 4917 non

472 4969 738 5041 recipiunt
772 4963 990 5027 ulcisci,
1024 4962 1117 5016 Dei
1147 4969 1223 5016 est
1258 4979 1270 5014 :
1302 4975 1421 5015 cum
1453 4957 1711 5013 modestia
1734 4954 2008 5010 discedere
2032 4995 2048 5018 ,

475 5062 623 5116 nullo
651 5058 847 5128 injecto
869 5055 1084 5125 probro,
1108 5053 1189 5108 vel
1215 5049 1556 5114 contumelia,
1579 5047 1882 5118 apostolicae
1905 5061 2055 5100 man-

475 5151 795 5211 suetudinis.
825 5149 1076 5217 Spiritum
1107 5145 1253 5210 dare,
1284 5152 1338 5198 et
1364 5141 1774 5197 sollicitudinem
1797 5138 2052 5203 adimere,

478 5245 889 5303 mittentis-erat
915 5257 930 5296 :
957 5253 1084 5294 oves
1113 5247 1166 5293 et
1206 5235 1480 5291 columbas
1519 5231 1746 5295 Imitari,
1787 5240 1842 5284 ct
1879 5229 2054 5285 omnia

481 5339 688 5394 fortiter
717 5334 856 5388 ferre
876 5372 891 5398 ,
928 5330 993 5384 ad
1035 5329 1244 5383 illorum
1270 5326 1620 5381 constantiam
1642 5333 1695 5377 et
1726 5321 2056 5392 prudentiam

480 5426 803 5501 pertinebat.
850 5422 985 5478 0dio
1027 5419 1242 5484 haberi,
1286 5433 1383 5472 nec
1409 5416 1587 5470 animo
1615 5412 1896 5468 concidere
1919 5455 1934 5478 ,
1966 5412 2058 5467 sed

483 5530 849 5592 perseverare,
879 5514 1114 5583 ipsorum
1143 5519 1289 5573 crat;
1321 5515 1724 5579 perseverantes
1763 5505 1939 5559 salvos
1979 5503 2059 5557 fa-

484 5585 630 5676 cere,
660 5609 935 5664 mittentis.
960 5604 1084 5658 Ideo
1109 5601 1337 5663 dicebat,
1373 5598 1474 5667 Qui
1493 5585 1658 5652 autem
1680 5596 2063 5669 perseveraverit

486 5717 644 5775 usque
661 5701 714 5755 in
741 5699 912 5770 ﬁnem,
935 5697 1016 5750 hic
1039 5694 1208 5748 salvus
1228 5693 1340 5747 erit.

559 5796 612 5852 5.
647 5789 766 5848 Non
787 5793 954 5866 fervor
979 5787 1236 5860 fugitivus,
1265 5783 1353 5838 sed
1382 5783 1744 5854 perseverantia
1773 5779 2067 5850 prodest.—

492 5887 628 5943 Nam
665 5881 787 5953 quia
827 5879 1000 5936 solent
1027 5877 1178 5934 multi
1211 5876 1359 5932 initio
1389 5875 1653 5932 ferventes
1694 5889 1812 5931 esse
1833 5913 1847 5940 ,
1880 5880 2066 5941 postea

1357 445 1419 500 IN
1459 438 1876 500 MATTlIEUlIl.
1907 436 2138 493 BOMIL.
2179 434 2422 492 XXXIII.
2457 438 2534 494 al.
2575 433 2813 492 XXXIV.

3575 434 3682 491 594

2105 564 2232 604 vero
2261 548 2452 604 resolvi
2497 562 2559 604 ac
2592 547 2769 618 dcjici,
2798 547 2918 602 ideo
2947 547 3051 614 ait,
3085 547 3277 603 Finem
3303 563 3502 619 qmrro.
3545 551 3681 618 Qllld

2096 642 2238 695 enim
2277 655 2408 710 opus
2449 649 2529 694 est
2567 640 2857 694 seminibus
2886 639 3037 694 initio
3061 639 3263 694 floridis
3283 683 3298 708 ,
3325 641 3469 697 brevi
3495 657 3676 702 autem

2099 739 2282 798 postea
2310 729 2705 784 arescentibus?
2732 728 2855 784 Ideo
2880 740 3307 798 perseverantem
3337 733 3404 786 ab
3431 733 3561 802 ipsis
3586 750 3677 802 pa-

2101 822 2339 877 tientiam
2369 821 2547 890 exigit.
2579 820 2656 874 Ne
2683 821 2802 890 quis
2829 820 2968 874 enim
3000 821 3237 883 diceret,
3265 821 3332 874 ab
3366 822 3480 892 ipso
3515 832 3684 880 totum

2101 914 2293 969 factum
2320 928 2439 968 esse
2458 954 2473 980 ,
2504 912 2958 983 nihilque-mirum
2983 927 3100 966 esse
3121 953 3134 977 ,
3167 913 3296 968 tales
3328 913 3489 969 fuisse
3521 916 3641 970 illos
3663 957 3678 982 ,

2101 1007 2190 1077 qui
2218 1004 2347 1060 nihil
2374 1004 2583 1059 onerosi
2608 1002 2900 1073 passisint,
2933 1003 3130 1057 idcirco
3157 1003 3283 1057 dicit
3311 1003 3434 1068 illis,
3460 1004 3675 1060 Patien—

2105 1097 2174 1151 tia
2202 1096 2352 1150 vobis
2387 1110 2520 1164 opus
2549 1103 2648 1157 est.
2692 1094 2908 1148 Etiamsi
2942 1093 3087 1148 enim
3113 1109 3204 1148 vos
3234 1111 3262 1150 a
3293 1095 3566 1164 prioribus
3589 1112 3680 1166 pc-

2105 1188 2286 1242 riculis
2312 1201 2516 1250 eruam,
2538 1184 2871 1255 gravioribus
2903 1200 2994 1239 vos
3019 1199 3255 1250 reservo,
3284 1201 3401 1254 qua:
3427 1187 3587 1240 etiam
3604 1187 3683 1240 .ah

2105 1280 2224 1335 aliis
2257 1279 2586 1350 excipientur
2613 1297 2626 1332 :
2655 1293 2754 1333 nec
2789 1278 2906 1332 finis
2944 1279 3045 1333 erit
3084 1279 3390 1333 insidiarum
3423 1296 3590 1350 usque
3617 1282 3702 1334 ad.

2107 1383 2403 1428 extremum
2426 1370 2664 1426 halitum.
2689 1370 2800 1426 lloc
2814 1371 2954 1426 enim
2980 1370 3349 1437 subindicavit,
3371 1388 3490 1426 cum
3514 1373 3646 1427 dixit
3673 1391 3684 1425 :

2110 1462 2210 1529 Qui
2228 1472 2393 1517 autem
2420 1463 2799 1533 perseveraverit
2827 1479 2982 1533 usque
3008 1464 3058 1516 in
3079 1465 3251 1532 ﬁnem,
3277 1464 3356 1516 hic
3381 1465 3552 1518 salvus
3572 1467 3686 1519 erit.

2109 1554 2230 1610 Ideo
2261 1554 2352 1624 qui
2381 1553 2527 1615 dicit.
2561 1552 2644 1606 Ne
2667 1553 2889 1607 solliciti
2933 1554 3040 1606 sitis
3077 1554 3198 1621 quid
3237 1554 3531 1624 loquamini,
3560 1555 3695 1609 alibi.

2109 1647 2183 1700 ait
2213 1665 2226 1701 :
2257 1644 2438 1699 Parati
2467 1655 2618 1699 estote
2642 1645 2708 1699 ad
2731 1645 3135 1715 respondendum
3161 1647 3298 1699 omni
3330 1646 3515 1716 petenti
3541 1664 3574 1700 a
3598 1663 3688 1701 vo.-

2112 1739 2185 1794 bfs
2209 1739 2454 1794 rationem
2480 1738 2543 1792 de
2565 1755 2654 1809 spe
2676 1749 2838 1793 vestra
2867 1737 2886 1810 (
2909 1740 2959 1794 1.
2990 1738 3130 1792 Petr.
3155 1740 3207 1794 5.
3242 1741 3308 1796 15
3331 1737 3368 1798 1.
3399 1741 3532 1795 Nam
3569 1757 3712 1797 cunt-

2112 1845 2286 1900 pugna
2311 1830 2451 1884 inter
2477 1831 2677 1884 amicos
2701 1839 2804 1897 est,
2827 1845 2924 1884 nos
2942 1829 3094 1900 jubet
3117 1831 3370 1885 sollicitos
3396 1847 3543 1897 esse;
3567 1849 3686 1887 cum

2113 1930 2291 1975 autem
2315 1921 2565 1989 tribunal,
2589 1921 2823 1976 furentes
2851 1922 3049 1992 populi,
3080 1922 3238 1977 timor
3259 1923 3512 1994 undique,
3541 1940 3694 1979 suam

2116 2011 2320 2081 praebet
2345 2013 2591 2082 gratiam,
2609 2023 2665 2067 ut
2687 2012 2912 2068 fidenter
2931 2014 3230 2084 loquamur,
3255 2029 3354 2069 nec
3379 2024 3692 2081 terreamur,

2116 2100 2200 2155 vel
2241 2101 2498 2170 justitiam
2544 2103 2850 2171 prodamus.
2896 2103 3002 2157 Res
3043 2104 3224 2174 utique
3271 2120 3478 2174 magna,
3523 2107 3695 2162 virum

2117 2191 2259 2247 circa
2299 2201 2484 2262 stagna
2515 2193 2718 2247 versari
2760 2194 2971 2248 solitum
2998 2234 3012 2258 ,
3050 2195 3189 2250 circa
3228 2196 3399 2266 pelles
3427 2206 3480 2250 et
3515 2197 3696 2251 telonii

2119 2302 2380 2352 mensam,
2409 2285 2715 2342 sedentibus
2741 2287 2995 2358 tyrannis,
3028 2296 3082 2343 et
3117 2290 3342 2359 satrapis
3367 2289 3700 2360 adstantibus

2119 2385 2174 2433 et
2201 2377 2518 2432 satellitibus
2542 2418 2557 2443 ,
2589 2378 2784 2432 strictis
2821 2379 3009 2447 gladiis
3031 2421 3046 2446 ,
3076 2380 3556 2452 assistentibusque
3582 2361 3700 2436 aliis

2121 2469 2367 2525 omnibus
2392 2484 2514 2525 cum
2541 2469 2666 2538 illis,
2691 2472 2862 2525 solum
2891 2471 3209 2541 ingressum,
3243 2473 3501 2544 ligatum,
3533 2492 3701 2544 prono

2122 2564 2316 2633 capite,
2347 2563 2584 2632 potuisse
2615 2563 2700 2617 vel
2725 2578 2785 2617 os
2811 2563 3040 2633 aperire.
3068 2563 3276 2620 Etenim
3302 2565 3560 2620 doctrina:
3588 2583 3702 2622 sua:

2123 2668 2282 2709 causa
2314 2669 2381 2708 ne
2409 2653 2704 2709 defensioni
2735 2655 2948 2724 quidem
2983 2655 3158 2710 locum
3186 2656 3404 2724 dabant,
3437 2658 3530 2712 sed
3561 2659 3702 2728 ipsos

2124 2744 2274 2816 quasi
2301 2760 2611 2801 communes
2637 2746 2782 2801 orbis
2809 2758 3149 2817 corruptores
3176 2749 3453 2804 tormentis
3482 2749 3704 2820 deputa-

2125 2837 2273 2893 bant.
2295 2837 2444 2892 Nunc
2476 2838 2576 2906 Qui
2596 2839 2763 2892 orbem
2789 2848 3032 2893 terrarum
3053 2839 3361 2909 perturbant,
3396 2841 3449 2894 Ιιί
3468 2852 3602 2909 sunt,
3629 2845 3706 2896 in-

2127 2929 2260 3000 quit,
2285 2937 2331 2982 et
2359 2930 2439 2985 hic
2463 2930 2647 2983 adsunt
2671 2945 2690 2984 :
2710 2939 2763 2984 et
2802 2944 3004 2994 rursus,
3032 2931 3282 2985 Adversus
3303 2933 3466 2986 edicta
3493 2931 3707 2988 Ctesaris

2127 3020 2183 3075 Ιιὶ
2209 3021 2508 3092 pradicant,
2532 3021 2748 3076 dicentes
2770 3021 3027 3076 Christum
3051 3021 3229 3077 Iesum
3254 3041 3359 3080 esse
3383 3039 3550 3095 regem
3572 3025 3704 3096 (Act.

2131 3110 2219 3167 I7.
2250 3110 2396 3181 6.7).
2437 3111 2642 3183 Ubique
2690 3112 2971 3168 tribunalia
3019 3112 3326 3183 hujusmodi
3370 3115 3710 3184 opinionibus

2132 3211 2501 3272 praeoccupate
2543 3210 2718 3268 erant,
2744 3212 2792 3257 et
2825 3203 3024 3257 auxilio
3059 3217 3293 3272 superno
3319 3205 3543 3259 multant
3575 3221 3712 3276 ege-

2132 3290 2282 3358 bant,
2309 3299 2369 3346 ut
2416 3291 2517 3347 hoc
2556 3301 2843 3364 utrumque
2882 3293 3188 3363 probarent,
3232 3304 3283 3350 et
3321 3294 3534 3367 dogma,
3574 3298 3714 3368 quod

2135 3383 2510 3455 praedieabant,
2531 3400 2715 3440 verum
2743 3400 2881 3449 esse,
2908 3394 2962 3440 et
2984 3386 3354 3442 communibus
3379 3387 3584 3457 legibus
3610 3404 3714 3442 non
3740 3369 3741 3372 η

2137 3476 2427 3543 adversari,
2446 3485 2608 3548 utque
2627 3477 2751 3531 dum
2773 3477 3114 3547 loquerentur
3129 3477 3194 3533 de
3208 3477 3470 3548 dogmate,
3487 3494 3553 3534 ne
3572 3481 3717 3535 vide-

2136 3577 2322 3624 rentur
2349 3569 2491 3640 leges
2517 3569 2829 3625 subvertere
2851 3611 2872 3638 ,
2900 3585 2962 3624 ac
2991 3584 3174 3626 rursus
3199 3571 3323 3626 dum
3350 3571 3718 3629 demonstrare

2138 3668 2462 3714 conarentur
2485 3701 2500 3725 ,
2543 3674 2602 3714 se
2643 3659 2947 3715 communia
2994 3668 3192 3716 statuta
3223 3678 3327 3716 non
3357 3662 3556 3719 violare
3577 3705 3590 3729 ,
3623 3664 3717 3718 do-

2139 3761 2373 3824 gmatum
2405 3753 2690 3822 puritatem
2722 3767 2788 3807 ne
2811 3763 3212 3823 corrumperent
3242 3772 3256 3809 :
3289 3771 3405 3825 qum
3434 3755 3611 3809 omnia
3639 3757 3720 3809 vi-

2142 3844 2294 3900 debis
2330 3852 2386 3899 et
2422 3860 2451 3898 a
2493 3845 2673 3910 Petro,
2705 3854 2757 3899 et
2799 3860 2827 3898 a
2879 3846 3071 3911 Paulo,
3098 3855 3152 3900 et
3178 3862 3206 3899 a
3238 3847 3445 3901 czeteris
3477 3846 3722 3902 omnibus

2143 3937 2433 4007 prudenter
2453 3937 2722 3992 observari
2743 3946 2793 3991 et
2815 3936 2975 3992 effici.
3008 3937 3217 3992 Etenim
3239 3947 3297 3991 ut
3325 3939 3527 3994 factiosi
3549 3947 3602 3996 et
3622 3955 3722 3994 no-

2145 4035 2356 4080 vatorcs
2381 4025 2574 4095 ubique
2595 4035 2880 4082 terrrarum
2899 4025 3282 4080 accusabantur
3302 4045 3313 4079 :
3333 4036 3564 4083 attamen
3587 4028 3724 4082 hanc

2145 4117 2220 4171 illi
2248 4117 2603 4186 suspicionem
2635 4117 2960 4184 repulerunt,
2985 4126 3037 4172 et
3065 4119 3384 4171 contrariam
3416 4118 3516 4174 sibi
3543 4121 3738 4174 conci-

2148 4209 2344 4264 liarunt
2367 4249 2382 4274 ,
2411 4208 2563 4278 quasi
2589 4217 2890 4263 servatores
2916 4249 2930 4273 ,
2960 4217 3235 4264 curatores
3255 4225 3316 4263 ac
3343 4209 3562 4266 benefici
3585 4211 3727 4280 apud.

2148 4319 2336 4360 omnes
2365 4302 2635 4358 celebrati.
2668 4301 2790 4356 llaec
2819 4310 2993 4356 autem
3016 4302 3191 4356 omnia
3221 4317 3283 4356 ex
3314 4302 3510 4372 ingenti
3534 4305 3728 4372 patien-

2150 4397 2220 4451 tia
2257 4393 2634 4464 operabantur.
2667 4391 3020 4460 Quamobrem
3049 4391 3256 4447 dicebat
3286 4392 3480 4448 Paulus
3505 4413 3517 4447 :
3545 4394 3728 4460 Quoti-

2152 4488 2233 4541 die
2258 4486 2444 4540 morior
2474 4483 2550 4557 (1.
2579 4483 2697 4539 Cor.
2734 4484 2820 4538 15.
2849 4484 2970 4554 Si);
2999 4493 3053 4539 et
3082 4499 3251 4554 usque
3277 4485 3327 4540 in
3359 4485 3520 4540 finem
3549 4487 3599 4540 in
3633 4504 3720 4556 per

2153 4579 2334 4634 riculis
2375 4577 2752 4648 perseveravit.
2793 4576 2904 4645 Qua
2951 4577 3108 4648 igitur
3137 4578 3288 4632 venia
3327 4578 3472 4649 digiti
3522 4596 3730 4642 sumus.

2153 4674 2243 4745 qui
2271 4680 2347 4728 tot
2371 4671 2612 4740 exempla
2643 4669 2900 4724 habentes
2920 4671 3078 4725 etiam
3105 4671 3156 4723 in
3188 4686 3318 4740 pace
3338 4671 3568 4726 molliter
3594 4674 3728 4727 vivi-

2156 4781 2272 4820 mus
2299 4779 2360 4818 ac
2385 4761 2695 4832 dejicimttr?
2723 4759 2944 4814 Nemine
2959 4760 3154 4828 quippe
3173 4758 3730 4831 bellanteoceidimur,

2157 4858 2367 4914 nemine
2384 4861 2735 4927 persequente
2752 4852 3119 4908 dissolvimur:
3136 4853 3186 4906 in
3206 4869 3333 4920 pace
3353 4853 3506 4908 saluti
3525 4853 3733 4927 advigi-

2159 4948 2592 5015 larejubemuret
2607 4943 2905 5013 nequimus.
2923 4942 3024 5009 Illi,
3040 4943 3257 4997 incenso
3275 4945 3488 5008 orbe,et
3502 4961 3630 5017 rogo
3643 4964 3737 5019 per

2161 5051 2322 5096 totam
2353 5049 2548 5095 terram
2576 5036 2793 5092 ardente
2813 5076 2828 5101 ,
2859 5035 2910 5088 in
2943 5033 3208 5090 flammam
3239 5036 3461 5106 ingressi
3480 5081 3496 5104 ,
3524 5055 3616 5094 eos
3643 5043 3735 5110 qui

2161 5128 2611 5185 comburebantur
2631 5125 2752 5179 inde
2777 5123 3156 5191 extraltebant;
3190 5133 3243 5180 tu
3262 5143 3389 5182 vero
3415 5144 3482 5183 nc
3509 5130 3735 5197 teipsum
3759 5180 3762 5183 Α

2161 5224 2377 5297 quidem
2407 5235 2622 5277 servare
2649 5227 2816 5288 potes.
2851 5217 2978 5283 Qnre
3019 5217 3174 5287 igitur
3202 5217 3352 5273 nobis
3381 5221 3482 5274 erit
3509 5221 3699 5274 fiducia
3719 5225 3763 5274 ?‘

2164 5335 2281 5389 qua:
2309 5315 2504 5371 venia?
2554 5313 2664 5367 Non
2711 5311 2930 5365 verbera
2972 5310 3268 5373 imminent,
3310 5326 3414 5365 non
3455 5326 3739 5378 carceres,

2167 5426 2270 5464 non
2317 5406 2604 5477 principes,
2647 5417 2750 5455 non
2794 5415 3095 5472 synagogae,
3142 5417 3245 5456 non
3287 5401 3429 5456 aliud
3467 5402 3764 5472 quidpiam.

2170 5496 2472 5571 hujusmodi
2494 5535 2509 5562 ,
2550 5493 2644 5549 sed
2675 5501 2862 5546 contra
2893 5506 3110 5560 prorsus
3135 5533 3149 5556 ,
3192 5507 3290 5546 nos
3328 5491 3666 5549 dominamur
3693 5505 3767 5550 ct-

2169 5593 2508 5662 imperamus.
2555 5586 2910 5656 Imperatores
2947 5585 3087 5638 enim
3132 5585 3269 5652 piam
3307 5585 3487 5639 colunt
3532 5587 3747 5655 religio-
3817 5616 3820 5618 η

2169 5699 2311 5746 nem,
2335 5678 2618 5736 Christiani
2649 5676 2827 5731 mulus
2851 5677 3096 5730 fruuntur
3126 5674 3438 5740 honoribus,
3472 5677 3756 5746 praefecto--

2170 5777 2266 5839 ris,
2307 5773 2472 5845 gloria
2499 5813 2514 5837 ,
2564 5767 2941 5840 tranquillitate
2971 5786 2983 5821 :
3014 5783 3187 5838 neque
3215 5768 3293 5822 sic
3319 5777 3495 5823 tamen
3528 5785 3758 5839 supera~

2174 5882 2313 5922 ntus.
2342 5863 2446 5922 Sed
2479 5864 2552 5919 illi
2575 5863 2932 5934 quidemcum
2953 5859 3332 5917 adcruciatum
3356 5877 3475 5917 cum
3501 5863 3606 5919 reis
3622 5877 3756 5932 quo«
