4118 6500
431 474 536 531 595

432 588 563 644 tidie
585 587 927 646 ducerentur,
954 593 1057 636 tatu
1083 582 1352 647 doctores,
1381 595 1539 651 quam
1569 577 1840 648 discipuli,
1872 575 2020 631 mille

432 682 696 738 vibicibus
721 686 776 734 et
804 676 985 733 multis
1009 676 1187 733 onuSti
1215 675 1548 739 vulneribus,
1570 672 1773 743 majore
1792 684 1952 742 quam
1986 669 2020 723 ii

431 776 523 847 qui
555 777 607 830 in
638 772 886 845 paradiso
927 779 1052 828 sunt
1078 771 1352 842 voluptate
1386 769 1699 824 fruebantur
1728 788 1740 824 :
1768 780 1867 821 nos
1896 778 2023 819 vero

430 868 521 938 qui
548 882 616 922 ne
638 867 691 921 in
722 866 927 920 somnis
951 864 1170 936 quidem
1203 864 1310 918 tale
1339 860 1611 933 quidpiam
1637 856 1987 915 sustinuimus
2006 897 2022 922 ,

431 978 556 1019 cera
584 960 860 1016 molliores
891 974 1096 1015 sumus.
1140 959 1209 1011 At
1251 956 1349 1023 illi,
1377 955 1608 1025 inquies,
1640 951 1897 1007 miracula
1928 964 2023 1020 pa-

434 1054 668 1109 trabaut.
714 1054 795 1107 An
839 1052 959 1106 ideo
995 1066 1101 1105 non
1139 1047 1597 1105 verberabantur?
1623 1061 1691 1099 an
1720 1059 1827 1099 non
1855 1042 2026 1113 pelle-

432 1145 662 1200 bantur?
692 1143 902 1199 Etenim
931 1152 986 1198 et
1012 1141 1137 1196 illud
1162 1155 1376 1211 quoque
1406 1136 1726 1208 stupendum
1747 1144 1850 1201 est,
1881 1133 2025 1205 quod

432 1251 576 1307 stepe
605 1236 672 1291 ab
698 1236 763 1290 iis
789 1250 925 1306 quos
954 1233 1215 1289 beneﬁcio
1237 1231 1524 1287 ali‘ecerant
1546 1230 1667 1285 talia
1693 1237 2021 1299 paterentur,

431 1342 532 1383 nec
557 1328 637 1383 sic
663 1336 838 1382 tamen
865 1326 1226 1391 turbarentur,
1253 1323 1381 1378 dum
1408 1322 1545 1377 mala
1578 1335 1674 1391 pro
1698 1320 1854 1376 bonis
1880 1318 2022 1374 rcci-

432 1430 621 1490 perent
650 1438 664 1474 :
700 1429 755 1475 tu
785 1434 933 1487 vero,
966 1418 1011 1473 si
1033 1433 1191 1489 quem
1222 1414 1435 1471 modico
1465 1413 1728 1471 benelicio
1757 1411 2021 1476 alleccris,

430 1511 733 1582 deindeque
759 1510 1023 1566 molestia:
1048 1508 1319 1580 quidpiam
1356 1506 1425 1561 ab
1454 1506 1545 1560 illo
1575 1504 1847 1575 acceperis
1867 1545 1882 1570 ,
1913 1511 2022 1557 tur-

428 1605 599 1673 baris,
628 1618 692 1660 ac
720 1612 773 1660 te
801 1602 982 1659 collati
1014 1600 1257 1656 beneﬁcii
1286 1599 1527 1670 poenitet.

501 1696 554 1751 6.
594 1695 651 1751 Si
695 1694 873 1763 itaque
918 1693 1193 1756 acciderit,
1242 1690 1387 1761 quod
1441 1704 1509 1744 ne
1553 1687 1760 1742 accidat
1813 1700 2021 1755 precor,

430 1788 626 1843 bellum
658 1786 714 1841 in
746 1785 1000 1841 Ecclesiis
1029 1782 1232 1839 moveri
1261 1789 1316 1836 et
1339 1779 1826 1851 persequutionem,
1852 1776 2024 1846 cogita

430 1880 548 1950 quis
575 1879 785 1933 futurus
804 1876 875 1931 sit
911 1876 1074 1943 risus,
1102 1889 1223 1945 qum
1252 1872 1558 1943 opprobria.
1586 1870 1655 1925 Et
1681 1869 1874 1923 merito
1908 1868 2027 1938 qui-

431 1975 555 2029 dem
595 1986 760 2028 :cum
788 1971 932 2026 enim
950 1969 1002 2023 in
1038 1968 1281 2039 palmstra
1326 1980 1483 2020 nemo
1504 1974 1839 2030 exerceatur,
1888 1976 2025 2033 quo-

433 2064 595 2120 modo
634 2062 829 2134 aliquis
881 2062 934 2116 in
990 2057 1371 2115 certaminibus
1418 2056 1522 2112 erit
1576 2053 1842 2125 insignis?
1894 2052 2025 2120 Quis

431 2156 575 2212 enim
624 2154 854 2220 athleta,
913 2152 1003 2223 qui
1055 2148 1405 2220 paidotribam
1457 2145 1662 2201 nullum
1708 2143 1941 2211 noverit,
1969 2143 2023 2201 in

430 2245 815 2303 certaminibus
867 2241 1162 2314 Olympicis
1235 2238 1429 2310 poterit
1485 2236 1742 2292 adversus
1800 2234 2025 2289 alterum

430 2340 704 2413 quidpiam
758 2352 1007 2408 magnum
1052 2334 1137 2390 vel
1180 2343 1455 2389 strenuum
1496 2330 1793 2386 exhibere?
1832 2330 2024 2384 Annon

435 2441 706 2506 oporteret
738 2446 837 2487 nos
885 2427 1124 2501 quotidie
1171 2440 1408 2499 pugnare
1428 2466 1443 2491 ,
1487 2433 1697 2482 certare
1720 2464 1736 2489 ,
1767 2423 2027 2478 currere?

428 2525 618 2585 Nonne
644 2522 841 2578 videtis
862 2522 915 2575 iu
945 2520 1181 2591 quinque
1206 2516 1592 2573 certaminibus
1619 2515 1696 2586 (a)
1715 2555 1729 2579 ,
1758 2529 1881 2570 cum
1902 2512 2026 2567 nul-

430 2619 540 2672 lum
568 2615 729 2672 habet
755 2616 874 2684 quis
899 2611 1264 2667 adversarium
1292 2651 1307 2674 ,
1334 2607 1603 2680 quomodo
1624 2621 1838 2665 saccum
1864 2620 2027 2663 arena

432 2709 598 2765 multa
635 2706 897 2778 repletum
951 2703 1316 2775 suspendant,
1362 2701 1577 2771 illicque
1626 2699 1792 2755 robur
1857 2708 2028 2757 totum

431 2806 719 2856 exerceant
747 2815 759 2851 :
779 2796 1019 2867 iuniores
1042 2803 1221 2850 autem
1242 2808 1364 2849 cum
1390 2791 1695 2861 junioribus
1719 2805 1841 2847 sese
1865 2806 2024 2847 exer-

434 2899 595 2948 ceant
639 2889 707 2945 ad
752 2903 983 2960 pugnam
1011 2902 1134 2942 cum
1180 2885 1501 2941 adversariis
1552 2883 2029 2944 committendam?

434 2984 544 3040 llos
575 2992 631 3039 et
669 2991 725 3038 tu
754 2982 980 3047 imitare,
1011 2988 1066 3037 et
1095 2980 1148 3035 in
1186 2978 1537 3057 philosophia:
1572 2977 1955 3034 certaminibus
1977 2986 2030 3032 te

432 3091 645 3135 exerce.
670 3074 821 3130 Multi
861 3083 1009 3133 certe
1033 3072 1098 3127 ad
1129 3072 1264 3126 iram
1289 3071 1589 3135 concitant,
1611 3069 1764 3125 multi
1808 3068 1875 3126 ad
1902 3084 2030 3125 cou-

422 3169 815 3247 cuplscentlam
841 3166 1107 3238 injiciunt,
1141 3178 1495 3235 magnamque
1517 3161 1848 3219 succendunt
1875 3162 2027 3217 ﬁam-

432 3279 599 3322 mam.
631 3261 725 3319 Sta
753 3261 915 3338 igitur
954 3267 1139 3314 contra
1170 3271 1437 3315 terumnas
1458 3299 1472 3322 ,
1506 3256 1585 3311 fer
1614 3265 1834 3313 strenue
1863 3256 2027 3311 animi

432 3356 672 3423 dolores,
695 3362 754 3411 ut
776 3353 1018 3424 corporis
1042 3365 1256 3423 quoque
1278 3349 1490 3405 labores
1512 3348 1653 3405 ferre
1676 3349 1867 3420 possis.
1887 3349 2025 3407 Bea-

431 3460 515 3505 tus
541 3448 737 3520 quippe
752 3445 873 3514 Job,
906 3444 1009 3500 nisi
1029 3443 1197 3515 probe
1220 3452 1345 3497 ante
1370 3441 1662 3498 certamina
1692 3443 2025 3498 exercitatus

432 3542 639 3609 fuisset,
689 3554 797 3594 non
846 3546 950 3592 tam
981 3534 1340 3611 splenduissct
1376 3534 1427 3588 in
1468 3534 1849 3589 certaminibus
1880 3550 1893 3586 :
1926 3532 2027 3586 nisi

432 3635 721 3690 meditatus
776 3630 964 3685 fuisset
1002 3644 1106 3699 qua
1142 3628 1350 3683 ratione
1396 3643 1686 3683 maerorem
1733 3642 1951 3682 omnem
2006 3628 2023 3657 ¹

431 3726 689 3796 abigeret,
706 3723 883 3778 audita
902 3720 1130 3776 ﬁliorum
1152 3727 1342 3783 morte,
1364 3718 1565 3789 aliquid
1588 3718 1839 3773 audacter
1865 3718 2027 3773 dixis-

434 3828 518 3875 set
542 3837 554 3873 :
584 3818 677 3873 sed
700 3817 765 3872 ad
794 3813 973 3871 omnia
998 3812 1291 3871 certamina
1314 3811 1463 3867 stetit
1509 3811 1735 3877 fortiter,
1764 3811 1831 3866 ad
1867 3826 2027 3880 pecu-

438 3913 646 3966 niarum
673 3918 1049 3976 tantorumque
1076 3904 1340 3961 bonorum
1366 3903 1630 3973 iacturam
1656 3944 1673 3971 ,
1701 3903 1766 3958 ad
1796 3903 2030 3958 ﬁliorum

450 4004 746 4073 interitum,
788 4001 856 4056 ad
902 4001 1080 4054 uxoris
1120 3997 1367 4053 aﬂ‘ectum
1417 4012 1661 4067 pravum,
1695 3998 1761 4052 ad
1790 3998 2030 4069 corporis

431 4099 676 4165 vulnera,
719 4095 787 4150 ad
808 4093 1100 4151 amicorum
1128 4090 1413 4164 opprobria
1435 4132 1450 4158 ,
1482 4091 1548 4145 ad
1574 4091 1813 4153 convicia
1836 4091 2025 4147 dome-

433 4193 713 4250 sticorum.
760 4187 813 4245 Si
846 4200 1006 4258 porro
1052 4183 1181 4239 velis
1219 4183 1629 4238 exercitationes
1657 4184 1773 4254 ejus
1807 4183 2025 4254 conSpi-

433 4300 578 4351 cere,
598 4282 723 4339 audi
750 4282 922 4351 ipsum
947 4278 1234 4342 dicentem,
1261 4286 1517 4347 quantum
1535 4279 1812 4347 pecuniam
1842 4278 2025 4349 despi-

428 4383 578 4431 ceret
605 4391 619 4427 :
651 4373 714 4428 Si
750 4372 903 4426 etiam
932 4370 1137 4424 (artatus
1168 4383 1278 4421 sum
1300 4409 1313 4434 ,
1347 4368 1516 4423 multis
1546 4369 1669 4422 mihi
1712 4369 2025 4439 aﬂluentibus

428 4466 619 4521 divitiis
648 4464 724 4519 :si
746 4480 845 4517 non
861 4462 1032 4532 putavi
1052 4474 1235 4514 aurum
1256 4459 1532 4529 pulverem,
1560 4461 1674 4515 siin
1706 4462 1875 4532 lapide
1903 4480 2021 4534 prec

427 4562 554 4614 :ioso
581 4557 824 4627 ﬁduciam
866 4553 1021 4607 habui
1072 4552 1194 4623 (Job
1230 4551 1320 4606 51.
1348 4551 1438 4606 25.
1467 4551 1595 4623 24).
1642 4552 1767 4614 ideo
1797 4570 1864 4609 ne
1894 4556 2023 4625 ipsis

428 4650 645 4723 quidem
683 4649 920 4719 abreptis
946 4648 1261 4709 turbabatur
1283 4689 1299 4713 ,
1328 4648 1417 4718 qui
1451 4649 1790 4719 praesentium
1818 4651 2022 4719 cupidi-

430 4753 538 4800 tate
575 4759 681 4800 non
715 4742 1015 4797 tenebatur.
1062 4741 1201 4799 Audi
1244 4741 1403 4797 etiam
1431 4741 1698 4811 quomodo
1724 4756 1784 4797 ea
1813 4759 1931 4811 qua:
1955 4742 2021 4797 ad

428 4837 569 4891 ﬁlios
591 4834 904 4906 Spectabant
929 4842 1198 4901 tractaret,
1228 4849 1336 4890 non
1366 4834 1595 4889 molliter
1611 4834 1727 4904 plus
1753 4850 1911 4905 quam
1941 4835 2021 4893 fas

428 4930 500 4984 sit
520 4943 703 4999 agens,
736 4935 794 4983 nt
817 4942 935 4994 nos,
968 4925 1063 4982 sed
1090 4941 1303 4982 omnem
1322 4925 1389 4981 ab
1415 4925 1521 4981 illis
1544 4926 1876 4996 diligentiam
1906 4927 2019 4985 cxi-

428 5035 580 5091 gens.
614 5019 750 5074 Nam
778 5019 866 5089 qui
890 5033 988 5090 pro
1016 5018 1243 5074 occultis
1268 5018 1588 5073 sacriﬁcium
1621 5018 1900 5085 oll‘erebat,
1928 5034 2019 5073 co-

425 5113 532 5183 gita
577 5125 737 5181 quam
786 5118 978 5165 exacte
1019 5109 1087 5165 de
1125 5108 1425 5164 manifestis
1460 5107 1744 5179 judicaret.
1792 5108 1943 5175 Quod
1973 5110 2020 5165 si

427 5204 563 5261 velis
589 5202 705 5272 ejus
733 5200 801 5256 de
831 5200 1075 5255 castitate
1111 5214 1387 5256 sermones
1414 5199 1602 5255 audire
1625 5240 1641 5267 ,
1691 5198 1816 5254 audi
1867 5198 2017 5256 illum

426 5299 695 5354 dicentem
721 5314 733 5349 :
758 5294 942 5365 Pepigi
970 5294 1134 5363 [tedas
1160 5311 1276 5348 cum
1296 5292 1456 5347 oculis
1492 5294 1635 5361 ineis,
1668 5301 1722 5346 ut
1747 5308 1808 5346 ne
1829 5293 2019 5363 cogita-

422 5407 528 5445 rent
566 5389 770 5459 quidem
799 5386 863 5440 de
886 5385 1077 5457 virgine
1102 5383 1261 5453 (Ibid.
1292 5402 1337 5440 υ.
1372 5382 1460 5457 1).
1491 5384 1693 5441 Idcirco
1730 5384 1877 5440 illum
1909 5402 2013 5441 non

423 5480 582 5552 fregit
608 5495 744 5536 uxor
775 5495 789 5533 :
817 5477 964 5539 illam
987 5475 1186 5546 quippe
1209 5485 1362 5530 antea
1393 5476 1626 5543 amabat,
1655 5484 1711 5530 et
1742 5492 1845 5531 non
1876 5476 2012 5531 ultra

424 5574 664 5640 modum,
687 5572 781 5628 sed
802 5580 861 5627 ut
876 5569 1129 5627 convenit
1144 5583 1365 5625 uxorem
1387 5569 1631 5639 diligere.
1654 5571 2011 5638 Quamobrem

422 5666 554 5721 mihi
578 5664 759 5720 mirari
799 5664 962 5729 subit,
995 5677 1091 5718 cur
1121 5662 1171 5716 in
1204 5676 1440 5714 ammum
1473 5661 1739 5716 induxerit
1766 5662 2013 5718 diabolus

792 5760 818 5771 ,4

482 5811 496 5839 ¹
530 5805 649 5869 Alii,
674 5804 985 5869 cupiditatem
1007 5818 1211 5869 omnem.

482 5868 552 5926 (a)
602 5870 671 5917 De
711 5867 966 5929 pentathlo
1008 5867 1116 5917 sive
1158 5868 1479 5930 quinqucrtio
1529 5873 1689 5919 actum
1739 5873 1817 5918 est
1859 5868 2000 5919 Auti-

424 5933 625 5991 quitutts
666 5931 941 5999 explanata:
966 5930 1021 5979 'l‘.
1049 5930 1108 5991 V,
1138 5929 1182 5979 1-⁷
1206 5932 1251 5992 5,
1282 5944 1327 5991 p.
1365 5929 1472 5979 291.

1177 468 1232 521 S.
1273 462 1550 520 JOANNIS
1576 454 2051 517 CHRYSOSTOMI
2106 455 2423 514 ARCHIEP.
2458 460 2994 519 CONSTANTINOP.

3616 474 3723 531 596

2131 579 2427 634 certamina
2456 590 2641 635 contra
2667 582 2839 647 ipsum
2863 598 3099 649 movere,
3123 585 3211 655 qui
3239 586 3355 656 ejus
3383 591 3724 646 exercitatio-

2131 684 2227 725 nes
2263 681 2508 727 noverat.
2552 672 2661 729 Cur
2687 688 2815 745 ergo
2841 675 2892 729 id
2930 676 3003 730 illi
3034 676 3086 731 itt
3115 687 3348 734 mentem
3375 681 3561 736 venit?
3586 683 3725 738 Mala

2130 773 2213 818 est
2256 764 2427 819 bestia
2472 780 2570 821 nec
2597 782 2850 839 umquam
2889 768 3179 840 desperat;
3209 771 3260 827 id
3288 773 3430 844 quod
3456 786 3601 831 certe
3624 792 3728 832 nos

2132 859 2364 914 maxime
2389 858 2647 925 damnat,
2696 860 2836 931 quod
2866 876 2987 917 cum
3033 863 3124 920 ille
3156 880 3443 937 numquam
3471 867 3725 939 desperet

2132 952 2198 1006 de
2220 952 2454 1021 pernicie
2484 953 2638 1008 nobis
2678 954 2952 1010 inferenda
2978 998 2993 1023 ,
3023 971 3120 1012 nos
3145 957 3500 1029 desperemus
3526 960 3593 1016 de
3617 978 3719 1015 no-

2131 1055 2241 1098 stra
2264 1044 2454 1100 salute.
2486 1045 2591 1101 Sed
2616 1045 2737 1103 vide
2765 1048 2927 1103 etiam
2969 1050 3239 1119 quomodo
3267 1053 3508 1121 corporis
3549 1054 3723 1109 labem

2130 1145 2185 1189 et
2209 1137 2413 1191 saniem
2434 1147 2558 1193 ante
2580 1138 2866 1195 meditatus
2886 1141 2976 1196 sit.
3000 1141 3135 1209 Quia
3158 1142 3300 1198 enim
3322 1144 3454 1199 nihil
3469 1159 3721 1216 umquam

2135 1226 2238 1282 tale
2260 1241 2451 1298 passus
2480 1227 2672 1294 fuerat,
2715 1229 2808 1285 sed
2836 1230 2887 1284 in
2915 1230 3134 1298 divitiis,
3164 1232 3434 1303 voluptate
3461 1250 3523 1290 ac
3542 1237 3726 1305 splen-

2130 1318 2261 1374 dore
2298 1319 2459 1373 vitam
2489 1328 2842 1389 transegerat,
2895 1322 3099 1378 alienas
3129 1324 3461 1380 calamitates
3483 1327 3723 1395 quotidie

2131 1412 2310 1467 animo
2340 1413 2605 1467 versabat.
2656 1412 2724 1467 Et
2753 1413 2855 1468 hoc
2876 1413 3159 1471 declarans
3188 1415 3400 1472 dicebat
3431 1436 3445 1472 :
3475 1417 3615 1472 Nam
3660 1421 3723 1473 ti-

2131 1519 2262 1569 mor,
2289 1520 2440 1572 quem
2487 1503 2741 1573 timebam,
2772 1508 2932 1560 evenit
2969 1506 3112 1573 milti,
3140 1517 3188 1561 et
3213 1525 3361 1578 quem
3384 1510 3720 1579 trepidabant,

2132 1598 2348 1651 occurrit
2369 1597 2493 1651 mihi
2528 1596 2648 1668 (Job
2676 1599 2728 1653 5.
2758 1598 2829 1655 25
2850 1600 2888 1669 ).
2922 1600 2988 1655 Et
3013 1616 3197 1656 rursus
3229 1622 3243 1656 :
3270 1602 3380 1673 Ego
3412 1620 3527 1657 vero
3570 1622 3724 1675 super

2131 1691 2269 1744 omni
2296 1691 2546 1745 imbecillo
2584 1692 2781 1761 ploravi
2799 1733 2812 1754 ,
2843 1702 2889 1746 et
2916 1692 3135 1763 ingemui
3170 1694 3344 1749 videns
3372 1696 3531 1749 virum
3553 1696 3605 1748 in
3635 1713 3724 1750 ne-

2131 1783 2443 1839 cessitatibus
2486 1784 2505 1855 (
2528 1782 2613 1838 Id.
2650 1784 2737 1839 50.
2765 1784 2835 1838 25
2854 1782 2895 1855 ).
2934 1784 3057 1839 ideo
3082 1786 3224 1840 nulla
3250 1802 3315 1840 ex
3343 1786 3448 1841 illis
3475 1787 3726 1841 intolera-

2132 1876 2332 1932 bilibus
2356 1875 2749 1933 calamitatibus
2801 1876 2950 1931 illum
2978 1877 3342 1945 perturbabat.
3373 1876 3451 1931 Ne
3478 1877 3603 1930 mihi
3634 1894 3722 1933 το-

2132 1971 2327 2042 spicies
2377 1970 2722 2041 pecuniarum
2768 1971 3075 2039 jacturam,
3130 1970 3357 2025 ﬁliorum
3424 1971 3720 2037 interitum,

2133 2065 2343 2136 plagam
2392 2064 2538 2119 illam
2568 2062 2913 2120 incurabilem
2935 2103 2949 2127 ,
2984 2062 3168 2117 uxoris
3213 2061 3471 2128 insidias;
3504 2063 3595 2118 sed
3642 2064 3724 2118 his

2134 2157 2290 2228 longe
2311 2156 2578 2227 graviora.
2606 2154 2675 2209 Et
2694 2154 2817 2225 quid
2839 2153 3078 2224 gravius,
3109 2154 3335 2224 inquies,
3360 2153 3461 2211 Job
3482 2157 3723 2223 accepit?

2138 2248 2209 2303 ab
2236 2247 2459 2309 historia
2486 2256 2636 2302 certe
2661 2247 2791 2302 nihil
2822 2245 2968 2302 aliud
2994 2246 3269 2302 discimus.
3302 2246 3435 2313 Quia
3459 2248 3718 2302 dormita-

2134 2354 2255 2394 tnus
2281 2379 2297 2405 ,
2328 2353 2433 2393 non
2462 2338 2717 2394 discimus
2768 2355 2782 2391 ε
2814 2339 2906 2393 sed
2954 2337 3045 2409 qui
3075 2338 3359 2409 diligenter
3386 2339 3649 2409 explorat,
3673 2350 3727 2394 ct

2134 2431 2474 2503 margaritam
2498 2432 2663 2503 probe
2689 2430 2899 2502 qumrit,
2936 2429 3099 2484 multo
3117 2430 3265 2500 plura
3285 2431 3437 2487 sciet.
3467 2430 3722 2489 Graviora

2135 2525 2355 2596 quippe,
2384 2538 2503 2594 qua:
2544 2522 2802 2593 majorem
2844 2521 3299 2593 perturbationem
3332 2521 3526 2581 inferre
3571 2532 3723 2591 pote-

2135 2627 2278 2685 rant,
2307 2617 2414 2672 alia
2456 2625 2632 2671 erant.
2665 2614 2867 2679 Primo,
2896 2613 3036 2685 quod
3078 2614 3207 2669 nihil
3253 2614 3415 2670 sciret
3460 2614 3527 2669 de
3558 2630 3723 2684 regno
3762 2610 3767 2617 ⁴

2135 2712 2392 2766 caelorum
2422 2720 2476 2766 et
2501 2710 2569 2765 de
2604 2708 2999 2769 resurrectione
3026 2706 3101 2781 (a)
3135 2708 3314 2780 :quod
3345 2709 3503 2767 etiam
3532 2709 3719 2779 lugens

2136 2802 2346 2859 dicebat
2374 2820 2387 2856 :
2417 2799 2541 2856 Non
2595 2802 2727 2861 enim
2756 2801 2808 2854 in
2837 2809 3081 2856 attentum
3110 2799 3295 2867 vivam,
3325 2811 3381 2855 ut
3420 2802 3723 2871 longaniutis

2136 2897 2232 2950 sim
2260 2893 2387 2967 (Id.
2426 2896 2477 2949 7.
2518 2892 2644 2965 l6).
2684 2893 2954 2961 Secundo,
2994 2892 3135 2963 quod
3175 2893 3463 2948 multorum
3492 2894 3589 2948 sibi
3622 2893 3723 2947 bo-

2137 3004 2328 3051 norum
2355 2987 2602 3043 conscius
2623 2996 2784 3043 esset.
2811 2987 3013 3042 Tertio.
3043 2985 3184 3057 quod
3212 2986 3409 3042 nullius
3431 2997 3568 3042 esset
3587 3001 3689 3041 con
3708 3018 3722 3029 -

2138 3081 2280 3139 scius
2307 3079 2454 3136 mali.
2485 3079 2707 3147 Quarto,
2732 3079 2876 3150 quod
2915 3079 3015 3133 sibi
3045 3093 3074 3131 a
3117 3078 3226 3133 Deo
3255 3088 3465 3150 putaret
3495 3078 3606 3132 haec
3637 3079 3721 3132 in-

2138 3170 2265 3225 ferri
2289 3171 2425 3226 mala
2453 3189 2465 3225 :
2510 3170 2652 3240 quod
2684 3171 2726 3229 si
2753 3171 2912 3226 etiam
2950 3154 2985 3224 ά
3013 3169 3228 3225 diabolo
3252 3210 3266 3234 ,
3293 3170 3394 3224 hoc
3422 3170 3493 3223 illi
3520 3178 3725 3240 poterat

2138 3264 2461 3322 oﬁ‘endiculo
2506 3277 2643 3319 esse.
2690 3262 2917 3330 Quinto,
2951 3262 3091 3333 quod
3117 3262 3325 3316 audiret
3344 3261 3543 3317 amicos
3572 3276 3628 3316 se
3654 3260 3726 3317 de

2138 3356 2372 3427 nequitia
2400 3357 2742 3411 incusantes:
2769 3354 2891 3411 Non
2928 3356 3060 3408 enim
3094 3355 3371 3425 condignas
3394 3395 3408 3418 ,
3439 3342 3722 3420 dicebant,

2138 3450 2355 3521 peccatis
2378 3450 2476 3503 tuis
2494 3449 2672 3519 plagas
2691 3448 2878 3518 accipis
2899 3445 3010 3518 (Id.
3038 3448 3121 3502 11.
3151 3449 3246 3518 6).
3288 3448 3470 3513 Sexto,
3499 3448 3638 3518 quod
3669 3448 3725 3503 in

2139 3542 2371 3613 nequitia
2382 3541 2619 3596 viventes
2635 3539 2837 3595 videret
2854 3554 3106 3610 prospere
3124 3554 3305 3611 agere,
3317 3548 3438 3597 etse
3455 3538 3723 3596 deridere.

2138 3631 2552 3703 Septimo,quod
2574 3631 2840 3687 nemiuem
2856 3631 3059 3687 videret
3075 3632 3196 3685 talia
3218 3647 3466 3701 umquam
3486 3646 3721 3703 passum.

2208 3726 2263 3779 7.
2291 3722 2375 3778 Ea:
2395 3724 2671 3794 pusillitate
2694 3733 2865 3779 nostra
2884 3733 3127 3794 quantum
3160 3723 3419 3793 splendeat
3438 3721 3554 3778 Jobi
3575 3724 3726 3795 forti-

2138 3816 2280 3871 tudo.
2308 3846 2381 3856 —
2410 3814 2477 3870 Et
2497 3815 2541 3870 si
2568 3815 2777 3871 discere
2810 3814 2942 3869 velis
2969 3822 3165 3884 quanta
3192 3814 3306 3869 haec
3333 3815 3459 3881 sint,
3483 3828 3724 3885 praesen-

2136 3911 2209 3965 tia
2238 3910 2538 3969 considera.
2570 3908 2702 3963 Nam
2732 3909 2776 3963 si
2808 3924 2950 3963 nunc
2977 3950 2992 3975 ,
3021 3923 3145 3963 cum
3176 3923 3396 3978 regnum
3439 3918 3721 3978 exspecta-

2137 4015 2241 4075 tur,
2267 4022 2389 4063 cum
2433 4005 2753 4062 resurrectio
2780 4013 3044 4076 speratur,
3073 4018 3281 4060 necnon
3318 4003 3602 4059 ineffabilia
3631 4004 3723 4060 illa

2135 4103 2294 4168 bona,
2320 4117 2441 4157 cum
2473 4099 2730 4156 malorum
2760 4100 2906 4155 mille
2934 4099 3086 4154 nobis
3114 4098 3315 4155 conscii
3346 4113 3532 4152 sumus
3554 4139 3569 4163 ,
3598 4112 3723 4152 cum

2134 4204 2213 4251 tot
2238 4196 2499 4252 habemus
2524 4193 2769 4264 exempla
2791 4234 2806 4259 ,
2838 4201 2893 4247 et
2931 4199 3129 4247 tantam
3163 4198 3450 4245 tractamus
3479 4189 3721 4258 philoso-

2132 4289 2337 4362 phiam,
2366 4289 2411 4343 si
2438 4287 2651 4358 quidam
2679 4302 2744 4342 ex
2787 4285 2944 4341 nobis
2974 4284 3188 4354 paulum
3216 4284 3333 4339 auri
3357 4283 3718 4354 perdiderint,

2132 4398 2277 4454 stepe
2296 4384 2481 4455 rapina
2507 4390 2735 4452 partum,
2765 4395 2871 4435 non
2902 4379 3115 4435 vitalem
3141 4378 3240 4433 sibi
3268 4377 3428 4433 vitam
3456 4392 3577 4433 esse
3599 4378 3721 4433 exi-

2132 4477 2389 4541 stitnant;
2421 4490 2526 4530 non
2562 4483 2783 4544 urgente
2821 4487 2987 4527 uxore
3010 4512 3026 4539 ,
3076 4486 3182 4526 non
3234 4469 3469 4540 abreptis
3516 4469 3717 4534 liberis,

2132 4586 2238 4629 non
2261 4569 2449 4625 amicis
2475 4565 2922 4637 exprobrantibus
2946 4605 2960 4628 ,
2990 4579 3094 4618 non
3122 4562 3429 4618 domesticis
3458 4561 3717 4616 insultan'

2131 4665 2305 4730 tibus;
2336 4662 2431 4719 sed
2481 4661 2661 4716 multis
2707 4660 2880 4729 ipsum
2910 4657 3332 4725 consolantibus,
3361 4656 3480 4711 sive
3505 4654 3715 4718 verbis,

2130 4756 2243 4812 sive
2266 4756 2424 4810 rebus
2442 4753 2599 4823 ipsis:
2624 4750 2977 4822 quotcoronis
2989 4749 3180 4819 dignus
3195 4750 3286 4803 ille
3308 4763 3414 4803 non
3433 4745 3611 4812 fuerit,
3629 4746 3720 4816 qui

2124 4846 2284 4918 justis
2327 4844 2548 4901 collecta
2596 4843 2697 4898 sibi
2727 4842 3000 4898 laboribus
3018 4840 3152 4895 vidit
3176 4840 3293 4895 sine
3319 4853 3477 4893 causa
3503 4837 3717 4907 abripi,

2127 4946 2325 5009 etpost
2365 4936 2453 4991 illa
2482 4935 2663 4992 omnia
2688 4934 2837 4990 mille
2862 4933 3219 4990 tentatiouum
3243 4946 3438 5002 genera
3463 4938 3717 4999 expertus

2128 5041 2234 5101 est,
2265 5043 2586 5100 semperque
2628 5037 2805 5083 tamen
2839 5028 3095 5082 immotus
3134 5025 3350 5090 mansit,
3406 5033 3461 5078 et
3505 5023 3717 5078 debitas

2129 5125 2228 5181 hac
2247 5124 2316 5180 de
2345 5139 2403 5179 re
2428 5124 2716 5194 gratiarum
2741 5122 2980 5177 actiones
3004 5120 3230 5174 Domino
3251 5118 3431 5181 retulit
3452 5119 3475 5172 ?
3494 5116 3715 5172 Etiamsi

2125 5219 2267 5274 enim
2300 5217 2474 5273 nullus
2503 5216 2640 5275 alius
2670 5215 2771 5286 ipsi
2821 5214 3010 5269 fuisset
3053 5213 3326 5285 loquutus,
3380 5212 3565 5270 uxoris
3594 5220 3715 5265 tau-

2125 5322 2237 5367 tum
2264 5309 2421 5365 verba
2454 5316 2700 5379 poterant
2731 5306 2816 5361 vel
2847 5314 3028 5375 petras
3058 5320 3419 5360 commovere.
3450 5302 3584 5358 Vide
3616 5304 3714 5372 igi-

2122 5414 2208 5461 tur
2227 5403 2367 5459 illius
2394 5401 2667 5457 astutiam.
2695 5399 2814 5458 Non
2839 5406 3103 5455 meruerat
3126 5397 3364 5463 divitias,
3395 5412 3501 5453 non
3532 5411 3716 5452 came-

2120 5501 2224 5567 los,
2251 5512 2357 5553 non
2387 5509 2577 5567 greges
2596 5536 2612 5561 ,
2641 5510 2747 5548 non
2791 5502 3031 5549 armenta
3076 5490 3301 5564 (sciebat
3326 5491 3471 5546 enim
3503 5491 3601 5549 viri
3630 5490 3714 5543 Sui

2120 5592 2203 5648 his
2230 5593 2282 5647 in
2302 5591 2464 5647 rebus
2486 5587 2951 5659 philosophiam),
2983 5586 3078 5642 sed
3118 5584 3259 5656 quod
3279 5584 3527 5640 acerbius
3574 5594 3710 5648 erat,

2120 5684 2348 5739 ﬁliorum
2377 5682 2673 5747 interitum,
2701 5678 3120 5750 tragcndiamque
3146 5677 3407 5743 extendit,
3437 5687 3598 5746 atque
3615 5692 3713 5729 sua

2180 5818 2252 5878 (a)
2285 5815 2414 5874 Quod
2449 5816 2565 5865 dicit
2604 5815 3001 5880 Chrysostomus,
3036 5814 3206 5880 .lohum
3236 5813 3301 5880 de
3331 5822 3714 5880 resurrectione

2116 5876 2242 5951 nihil
2273 5882 2490 5939 novisse,
2530 5893 2626 5927 non
2666 5876 2897 5927 censebat
2942 5891 3049 5925 cum
3089 5876 3277 5940 vulgari
3313 5878 3567 5927 doctorum
3605 5887 3713 5935 opt-

2115 5956 2280 5993 ωυιιυ.
