4118 6440
289 477 398 533 597

287 583 515 640 addidit.
539 579 691 650 Quod
719 577 761 631 si
789 577 875 641 iis,
897 575 988 645 qui
1015 586 1269 644 prospere
1293 585 1406 625 rem
1436 565 1682 638 agebant,
1715 560 1877 617 nihil-

289 690 402 745 que
437 673 701 744 ingratum
730 667 1080 740 patiebantur,
1114 662 1280 718 multa
1300 675 1443 730 stnpe
1468 673 1662 714 uxores
1690 669 1876 710 suaseo

294 774 469 820 runt:
513 761 686 832 cogita
717 775 873 829 quam
930 767 1145 810 strenua
1200 754 1286 808 illa
1333 761 1475 808 esset
1519 750 1719 812 anima,
1759 761 1879 816 qua:

298 869 522 910 uxorem
553 859 632 906 tot
651 850 811 904 armis
838 848 1147 902 instructam
1176 843 1348 914 potttit
1371 841 1650 911 repellere,
1673 849 1727 893 et
1746 839 1881 892 duos

294 945 594 1001 acerrimos
617 940 836 996 allectus
861 938 1104 1001 calcavit,
1134 935 1477 1005 cupiditatem
1506 941 1562 988 et
1581 929 1882 986 misericor—

295 1037 464 1091 diam.
493 1033 638 1088 Multi
661 1032 804 1088 enim
831 1029 923 1101 qui
951 1025 1442 1098 concupiscentiam
1485 1025 1748 1088 vicerant,
1783 1020 1883 1075 mi-

295 1124 592 1182 sericordia
622 1122 805 1178 inﬂexi
857 1129 1001 1176 sunt.
1034 1119 1167 1175 Nam
1215 1117 1534 1173 fortissimus
1561 1113 1651 1169 ille
1679 1109 1882 1181 Josepb

300 1218 626 1288 voluptatem
657 1215 802 1270 illam
846 1213 1175 1284 tyrannieam
1224 1209 1467 1276 calcavit,
1495 1215 1551 1263 et
1592 1205 1880 1262 barbaram

299 1309 448 1363 illam
477 1305 753 1361 mulierem
796 1304 992 1358 multas
1020 1301 1392 1356 admoventem
1416 1297 1691 1353 machinas
1725 1308 1886 1364 repu-

301 1399 388 1463 lit,
415 1398 678 1468 lacrymas
706 1410 839 1451 vero
890 1394 1170 1449 continere
1196 1407 1302 1446 non
1329 1390 1521 1462 potuit,
1551 1387 1646 1444 sed
1699 1385 1887 1440 videns

303 1493 498 1547 fratres
526 1504 653 1545 suos
699 1489 789 1559 qtti
838 1502 1020 1542 secum
1073 1486 1252 1554 inique
1277 1490 1519 1553 egerant,
1549 1479 1652 1535 hoc
1696 1476 1888 1532 allectu

297 1590 491 1652 captus
516 1587 615 1645 est,
649 1589 703 1634 et
731 1579 935 1633 vultum
953 1578 1058 1632 cito
1083 1574 1332 1647 lacrymis
1360 1573 1626 1643 operiens,
1658 1585 1772 1624 rem
1801 1575 1886 1622 to-

306 1682 416 1728 tam
463 1671 730 1741 patefecit.
759 1670 894 1724 Cum
925 1678 1102 1722 autem
1148 1673 1204 1720 et
1249 1679 1382 1719 uxor
1404 1671 1509 1728 est,
1545 1659 1888 1717 commisera-

302 1767 457 1822 tione
479 1764 640 1834 digna
669 1762 932 1827 referens,
982 1775 1143 1830 quam
1174 1766 1470 1828 Opportune
1496 1756 1687 1824 juvant
1728 1752 1888 1808 etiam

303 1867 554 1928 tempus,
581 1855 800 1909 vulnera
822 1893 838 1919 ,
867 1853 1066 1922 plagae,
1097 1858 1153 1904 et
1195 1848 1338 1902 mille
1369 1847 1730 1900 calamitatum
1780 1840 1886 1895 llu-

301 1961 426 2004 ctus
454 1965 468 2003 :
495 1961 601 2016 quo
628 1954 784 2015 pacto
808 1959 912 1998 non
940 1942 1059 2011 jure
1087 1939 1291 1995 dixeris
1315 1939 1548 1992 animam
1579 1949 1699 2005 quat
1721 1947 1891 2004 gene-

303 2059 431 2098 rose
453 2049 650 2096 tantam
681 2039 785 2094 fert
810 2044 1180 2106 tempestatem
1200 2075 1216 2094 ,
1244 2047 1364 2088 esse
1383 2030 1664 2085 adamante
1686 2026 1892 2081 ﬁrmio-

303 2136 460 2190 rem?
487 2134 667 2188 Liceat
695 2130 824 2186 mihi
861 2129 1041 2185 dicere
1077 2127 1229 2182 vobis
1255 2167 1270 2192 ,
1304 2125 1517 2180 beatum
1539 2122 1684 2176 illum
1712 2119 1755 2173 si
1786 2133 1892 2172 non

305 2229 588 2298 majorem,
613 2239 718 2280 non
737 2224 997 2278 minorem
1008 2230 1155 2277 certe
1169 2219 1298 2289 ipsis
1312 2214 1565 2286 apostolis
1582 2212 1764 2268 fuisse.
1782 2208 1891 2265 Illis

306 2335 540 2391 namque
558 2317 854 2374 consolatio
879 2324 1015 2381 erat,
1043 2312 1184 2386 quod
1217 2318 1429 2382 propter
1455 2307 1722 2362 Christum
1746 2314 1893 2374 pate-

305 2423 528 2470 rentur:
547 2412 718 2466 ethoc
737 2410 986 2466 idoneum
1008 2416 1125 2462 erat
1149 2403 1442 2460 remedium
1454 2399 1594 2471 quod
1613 2398 1732 2452 illos
1755 2410 1892 2466 quo-

305 2506 438 2560 tidie
458 2505 686 2575 erigeret
700 2501 859 2572 ,quod
873 2500 1034 2555 etiam
1053 2497 1246 2566 ubique
1264 2493 1593 2564 proponebat
1615 2487 1889 2553 Dominus,

309 2598 532 2668 Propter
557 2613 635 2649 me
659 2637 678 2661 ,
708 2595 888 2648 (licens
912 2635 926 2656 ,
951 2601 1007 2646 et
1030 2633 1044 2654 ,
1070 2590 1132 2645 Si
1153 2605 1231 2641 me
1253 2582 1668 2656 patremfamilias
1699 2578 1892 2632 Beelze-

305 2693 407 2746 bub
423 2697 718 2744 vocaverunt
735 2685 947 2758 (Matth.
973 2685 1054 2739 ιο.
1075 2681 1185 2754 25).
1207 2681 1301 2736 Ille
1317 2695 1441 2732 vero
1459 2677 1555 2730 ista
1569 2687 1764 2729 vacuus
1781 2678 1894 2725 erat

306 2781 678 2837 consolatione
698 2818 712 2843 ,
737 2793 837 2832 nec
868 2791 972 2830 non
1000 2774 1090 2828 illa
1115 2787 1233 2842 quae
1261 2787 1326 2824 ex
1355 2767 1538 2838 signis,
1569 2764 1654 2820 vel
1682 2778 1799 2833 qua:
1825 2776 1891 2816 ex

305 2872 478 2942 gratia
504 2868 954 2942 proﬁciscebatur.
982 2865 1164 2934 Neque
1190 2862 1332 2918 enim
1359 2869 1562 2914 tantam
1584 2854 1764 2910 habuit
1787 2854 1892 2908 vim

309 2963 562 3034 Spiritus.
583 2959 843 3028 Quodque
864 2957 1034 3026 majus
1057 2965 1160 3018 est,
1183 2953 1236 3007 in
1262 2949 1470 3006 deliciis
1493 2946 1675 3001 multis
1690 2944 1888 3001 educa~

313 3065 419 3118 tus,
446 3069 551 3108 non
572 3067 636 3106 ex
667 3052 1008 3120 piscatorum,
1041 3047 1128 3101 vel
1156 3043 1580 3114 publicanorum,
1601 3036 1682 3092 vel
1713 3035 1892 3089 vilium

1206 459 1278 516 IN
1315 451 1722 514 MATTIIEUM
1759 444 1992 506 HOMIL.
2029 444 2274 504 XXXIV.
2309 445 2378 500 al.
2422 443 2643 500 XXXV.

3443 442 3548 501 598

1971 559 2244 631 apostolos
2279 558 2560 614 onerosius
2611 556 2822 611 videtur
2870 554 3068 618 fuisse,
3095 555 3148 610 id
3197 555 3288 610 ille
3340 571 3553 626 quoque

1972 650 2246 716 sustinuit,
2274 649 2342 705 ab
2387 648 2598 711 amicis,
2628 662 2658 701 a
2704 645 3034 713 domesticis,
3065 646 3134 700 ab
3163 647 3395 701 inimicis
3427 647 3556 703 odio

1977 744 2211 806 habitus,
2243 756 2448 798 necnon
2480 742 2547 797 ab
2579 742 2643 796 iis
2687 741 2880 811 quibus
2927 741 3065 796 bene
3101 742 3320 808 fecerat,
3350 755 3451 796 nec
3479 752 3560 796 ta-

1975 852 2097 890 men
2145 836 2236 890 ille
2279 850 2487 890 sacram
2514 847 2789 899 ancoram,
2820 843 2876 888 et
2922 833 3266 902 tranquillutn
3317 845 3554 903 portum,

1976 943 2166 996 nempe
2191 926 2292 981 hoc
2312 925 2453 997 quod
2475 923 2732 994 apostolis
2753 924 2952 979 dictum
2981 924 3179 990 fuerat,
3209 924 3428 993 Propter
3454 942 3554 988 me,

1977 1019 2156 1074 videre
2187 1020 2378 1088 potuit.
2405 1017 2564 1073 Miror
2589 1017 2749 1072 etiam
2779 1024 2888 1072 tres
2917 1030 3134 1086 pueros,
3163 1018 3251 1086 qui
3278 1015 3555 1070 fornacem

1979 1113 2186 1167 fortiter
2213 1111 2462 1166 adierunt
2484 1109 2528 1179 ⁸,
2558 1109 2649 1178 qui
2671 1121 2904 1181 tyranno
2933 1109 3271 1163 resisterunt.
3298 1106 3400 1162 Sed
3434 1104 3557 1162 andi

1975 1202 2100 1273 quid
2131 1201 2306 1256 dicant
2334 1217 2346 1254 :
2373 1199 2508 1257 Deos
2537 1209 2649 1254 tuos
2679 1217 2780 1254 non
2806 1198 3043 1262 colimus,
3067 1206 3115 1253 et
3136 1206 3360 1251 statuam
3393 1207 3554 1259 tuam,

1974 1309 2128 1364 quam
2153 1291 2374 1356 creasti,
2405 1308 2508 1348 non
2526 1291 2804 1346 adoramus
2829 1290 2992 1363 (Dan.
3027 1291 3081 1345 5.
3114 1290 3225 1358 18).
3259 1288 3408 1364 Quod
3431 1287 3562 1356 ipsis

1975 1399 2165 1454 magna
2216 1394 2334 1438 erat
2381 1384 2712 1448 consolatio,
2746 1358 2888 1453 quod
2919 1383 3086 1452 probe
3113 1358 3315 1436 scirent
3343 1395 3403 1435 se
3434 1397 3564 1449 pro-

1979 1487 2094 1544 pter
2123 1477 2288 1530 Deum
2317 1475 2498 1530 omnia
2531 1475 2660 1543 pati.
2693 1475 2788 1530 Hic
2818 1489 2948 1529 vero
2976 1472 3266 1538 nesciebat,
3297 1473 3412 1528 hzec
3440 1487 3563 1528 esse

1976 1567 2269 1620 certamina
2285 1575 2337 1619 et
2353 1565 2546 1620 Iuctam
2566 1582 2582 1630 ;
2606 1564 2654 1621 si
2672 1569 2815 1621 enim
2833 1565 3101 1632 scivisset,
3120 1567 3382 1620 malorum
3400 1579 3565 1621 sensu

1979 1673 2083 1712 non
2115 1658 2186 1712 ita
2216 1657 2438 1712 affectus
2468 1657 2675 1712 fuisset.
2714 1659 2850 1712 Cum
2880 1674 3010 1728 ergo
3051 1658 3316 1727 audisset,
3350 1658 3429 1710 An
3457 1659 3564 1711 alia

1977 1751 2174 1804 ratione
2203 1766 2281 1803 tne
2314 1757 2466 1819 putas
2507 1750 2595 1804 tibi
2621 1750 2965 1819 respondisse,
3005 1767 3155 1817 quam
3188 1761 3242 1805 ut
3262 1753 3438 1821 justus
3466 1767 3564 1816 ap-

1979 1856 2179 1909 pareres
2208 1838 2350 1910 (Job.
2373 1841 2465 1896 40.
2493 1840 2586 1910 3)?
2616 1840 2984 1895 animadverte
3011 1841 3242 1908 qualiter
3265 1842 3568 1909 reSpiravc-

1977 1933 2068 1996 rit,
2097 1933 2196 1986 hac
2223 1931 2454 2002 simplici
2486 1933 2668 1988 audita
2721 1947 2873 1999 voce,
2899 1949 3060 2001 quam
3093 1934 3327 2002 seipsnm
3373 1933 3570 2001 despe-

1977 2023 2448 2092 xeritzquomodo
2488 2039 2553 2078 ne
2597 2038 2812 2092 passum
2864 2023 3080 2094 quidem
3112 2039 3173 2079 se
3205 2025 3474 2092 ριιιθνμτίι
3500 2039 3564 2079 ea

1977 2128 2096 2182 qua:
2125 2127 2312 2182 passus
2333 2122 2501 2178 esset,
2526 2111 2643 2167 haec
2661 2112 2880 2168 dicens:
2901 2112 3005 2168 Cur
3028 2113 3195 2168 adhuc
3221 2115 3448 2184 iudicor,
3472 2115 3566 2166 ad-

1978 2207 2200 2260 monitus
2238 2213 2287 2258 et
2329 2207 2636 2276 redargutus
2665 2222 2697 2257 a
2747 2205 2990 2269 Domino,
3023 2223 3140 2260 cum
3187 2206 3296 2261 hinc
3334 2208 3565 2268 audiam,

1977 2301 2064 2365 qui
2103 2298 2233 2353 nihil
2269 2299 2421 2352 sum?
2459 2299 2525 2352 Et
2555 2313 2768 2353 rursum
2799 2316 2812 2351 :
2844 2300 3036 2352 Auditu
3066 2299 3271 2368 quidem
3301 2301 3444 2353 auris
3471 2315 3569 2351 att-

1979 2390 2174 2444 diebam
2219 2399 2266 2442 te
2311 2389 2494 2457 prius:
2526 2406 2664 2442 nunc
2707 2399 2876 2444 autem
2916 2389 3094 2444 oculus
3138 2406 3279 2442 meus
3309 2391 3437 2444 videt
3477 2401 3566 2443 te:

1975 2491 2284 2553 quapropter
2331 2481 2481 2534 nihili
2528 2480 2666 2552 facio
2695 2483 2964 2551 nteipsum,
3002 2492 3047 2536 et
3079 2482 3388 2552 liquefactus
3417 2495 3564 2533 sum:

1974 2573 2270 2641 cstimoque
2301 2573 2549 2644 meipsum
2594 2586 2783 2628 terram
2809 2581 2855 2626 et
2887 2573 3107 2626 titterem
3148 2569 3265 2645 (Job
3296 2572 3376 2627 η.
3400 2572 3456 2628 5.
3475 2570 3553 2635 (ἶ).

1979 2662 2087 2718 Nos
2108 2664 2292 2731 itaque
2315 2664 2404 2734 qui
2430 2673 2550 2734 post
2579 2665 2747 2735 legem
2766 2673 2820 2718 et
2837 2665 3062 2733 gratiam
3081 2678 3285 2727 sumus,
3308 2665 3444 2718 hanc
3469 2662 3567 2717 fur-

1985 2756 2294 2822 titudinem,
2323 2759 2461 2811 hanc
2489 2755 2955 2812 mansuetudinem
2983 2755 3124 2810 illius
3155 2755 3449 2818 imitemur,
3473 2754 3566 2826 qui

1979 2859 2106 2906 ante
2133 2850 2307 2920 legem
2337 2859 2391 2906 et
2413 2852 2644 2920 gratiam
2668 2850 2787 2914 fuit,
2817 2859 2875 2904 ut
2894 2865 3014 2903 cum
3041 2848 3131 2902 iI'o
3161 2860 3359 2902 aeterna
3393 2849 3570 2902 taber-

1980 2943 2167 2998 nacula
2185 2943 2584 3011 adipiscamur:
2609 2957 2726 3008 qua:
2747 2942 2951 2994 utinam
2975 2954 3364 3007 consequamur
3383 2952 3573 2991 omnes

1980 3034 2152 3108 gratia
2179 3044 2236 3090 et
2265 3034 2592 3105 benignitate
2625 3032 2833 3086 Domini
2867 3031 3041 3086 nostri
3073 3031 3198 3086 Jestt
3230 3031 3455 3093 Christi,
3485 3031 3572 3084 cui

313 3158 660 3216 personarum
689 3154 910 3194 numero
931 3146 1064 3201 erat,
1096 3136 1188 3190 sed
1217 3150 1338 3188 cum
1367 3142 1570 3186 tantum
1597 3141 1895 3196 consequa»
1976 3127 2149 3199 gloria
2178 3136 2232 3182 et
2259 3127 2582 3197 imperium,
2617 3126 2671 3180 in
2702 3125 2897 3180 saecula
2927 3124 3270 3180 seculorum.
3303 3125 3498 3178 Amen.

311 3215 401 3290 tus
428 3233 612 3288 fuisset
637 3231 918 3294 honorem,
963 3227 1079 3281 hare
1107 3224 1422 3294 patiebatur.
1453 3220 1710 3289 Quodque
1754 3215 1893 3286 apud

2047 3220 2062 3250 ⁸
2100 3219 2213 3280 Alii,
2237 3223 2634 3281 coruempseruut.

319 3339 3578 3386 μή-

1434 3430 1772 3493 HOMILIA
1818 3421 2078 3483 XXXIV.
2123 3421 2204 3483 al.
2245 3416 2483 3479 XXXV.

310 3595 438 3650 CAP.
466 3592 552 3648 10.
577 3608 629 3644 v.
655 3591 745 3644 25.
774 3588 897 3643 Cum
924 3595 1090 3641 autem
1115 3590 1470 3654 persequentur
1497 3595 1580 3633 vos
1607 3593 1668 3631 ca:
1694 3575 1787 3628 hac
1815 3571 1891 3625 ci-

385 3691 558 3750 vitate,
605 3684 766 3755 fugite
816 3685 869 3736 in
906 3682 1079 3735 aliam.
1124 3679 1280 3732 Amen
1333 3675 1519 3744 quippe
1562 3671 1675 3725 dico
1719 3665 1888 3730 vobis,

383 3798 487 3834 non
514 3775 922 3832 consummabilis
957 3772 1178 3826 civitates
1199 3768 1385 3834 Israel,
1416 3767 1573 3820 donec
1606 3763 1772 3819 veniat
1796 3756 1893 3811 Fi-

386 3873 483 3926 lius
499 3869 738 3925 hominis.

387 4006 442 4060 1.
474 4002 603 4059 Cum
634 4001 720 4055 illa
772 3996 1025 4053 terribilia
1072 4001 1127 4049 et
1174 3988 1438 4046 horrenda
1478 3985 1718 4047 dixisset,
1777 3991 1897 4048 quat

314 4101 538 4167 possent
561 4092 895 4146 adamantem
922 4088 1166 4155 frangere
1185 4124 1200 4147 ,
1231 4096 1352 4152 qua:
1380 4087 1499 4148 post
1524 4087 1735 4128 crucem
1761 4109 1776 4134 ,
1809 4082 1896 4122 re-

314 4185 704 4242 surrectionem
763 4189 817 4234 et
853 4177 1221 4233 ascensionem
1264 4170 1394 4242 ipsis
1423 4175 1677 4222 eventura
1719 4168 1893 4226 erant,

317 4290 622 4334 sermonem
650 4273 796 4328 ducit
819 4270 884 4325 ad
921 4269 1132 4323 mitiora
1155 4307 1170 4330 ,
1193 4265 1326 4318 dans
1353 4259 1565 4314 athletis
1591 4257 1702 4310 suis
1729 4253 1898 4322 respi-

320 4367 473 4423 randi
503 4368 675 4422 locum
703 4407 717 4430 ,
746 4364 1070 4430 multamque
1121 4357 1362 4428 praebens
1388 4354 1516 4423 ipsis
1547 4347 1900 4418 tranquillita-

319 4469 453 4514 tem.
479 4457 592 4511 Non
622 4457 764 4510 enim
785 4453 945 4523 jussit
968 4465 1090 4504 eum
1136 4443 1583 4519 persequentibus
1621 4437 1896 4508 congredi,

321 4549 420 4605 sed
452 4547 653 4618 fugere.
687 4545 821 4613 Quia
873 4543 987 4597 haec
1013 4541 1187 4595 adhuc
1221 4538 1365 4593 initia
1396 4544 1568 4600 erant,
1597 4543 1900 4587 sermonem

321 4655 480 4695 suum
510 4644 828 4707 attemperat
855 4645 909 4688 et
949 4633 1173 4702 mitigat.
1215 4630 1331 4686 Non
1372 4627 1602 4697 loquitur
1645 4623 1786 4679 enim
1818 4621 1905 4676 hic

323 4731 394 4786 de
416 4727 917 4800 persequutionibus
939 4740 1059 4795 qua:
1097 4732 1279 4794 postea
1308 4720 1494 4774 futurae
1521 4725 1695 4780 erant,
1723 4713 1814 4769 sed
1835 4712 1903 4768 de

323 4821 433 4876 illis
473 4833 592 4890 qua:
657 4831 871 4872 crucem
915 4825 969 4870 et
1013 4815 1316 4886 passionem
1375 4822 1736 4880 praecessere;
1803 4805 1904 4860 hoc

324 4913 469 4968 enim
518 4910 768 4965 indicavit
795 4923 916 4963 cum
948 4907 1080 4962 dixit
1109 4925 1122 4960 :
1159 4905 1280 4960 Non
1315 4905 1448 4959 enim
1495 4900 1904 4956 consummabilis

323 5001 551 5055 civitates
577 4999 764 5064 Israel,
811 4999 968 5052 donec
992 4997 1178 5052 venerit
1205 4995 1371 5050 Filius
1391 4994 1628 5048 hominis.
1656 4990 1731 5046 Ne
1759 4990 1907 5044 dice-

321 5101 449 5153 rent
474 5093 616 5148 enim
647 5111 662 5148 :
692 5091 828 5159 Quid
859 5091 902 5145 si
931 5099 1344 5162 persequutores
1398 5089 1656 5158 fugiamus
1682 5127 1697 5152 ,
1729 5093 1784 5140 et
1826 5083 1905 5137 illi

327 5199 428 5240 nos
457 5185 578 5239 inde
599 5184 758 5239 etiam
787 5183 978 5252 pellant
1001 5183 1024 5235 i
1051 5181 1191 5236 hunc
1207 5191 1404 5236 metum
1429 5181 1544 5247 ipse
1569 5178 1763 5232 tollens
1791 5175 1904 5231 ait:

327 5277 445 5332 Non
465 5273 758 5332 circuibitis
783 5277 798 5308 ⁸
835 5275 1170 5329 Palaestinam
1194 5284 1378 5336 totam,
1408 5287 1527 5325 nam
1547 5286 1646 5340 ego
1674 5284 1766 5324 vos
1798 5277 1909 5323 sta-

330 5368 428 5422 tim
466 5368 744 5438 excipiam.
796 5366 861 5420 Et
905 5365 1176 5435 perpende
1217 5365 1486 5434 quomodo
1516 5377 1622 5416 non
1649 5362 1735 5414 hic
1775 5359 1911 5414 mala

331 5458 503 5526 tollat,
527 5458 618 5512 sed
645 5457 782 5512 adsit
808 5457 860 5510 in
883 5455 1152 5525 periculis.
1175 5454 1290 5508 Non
1321 5454 1455 5509 dixit
1483 5453 1646 5517 enim,
1675 5452 1783 5507 Vos
1808 5450 1912 5504 eri-

333 5550 498 5619 piam,
531 5558 586 5604 et
614 5548 1056 5617 perscquutiones
1081 5546 1316 5603 solvam:
1341 5544 1433 5599 sed
1463 5544 1626 5614 quid?
1663 5541 1780 5596 Non
1800 5557 1913 5594 con-

332 5640 650 5694 sumntabitis
687 5639 907 5693 ciuitates
935 5636 1120 5704 Israel,
1151 5636 1308 5689 donec
1333 5635 1519 5689 venerit
1543 5631 1708 5687 Filius
1749 5633 1915 5685 Itami-

332 5731 431 5786 nis.
459 5731 600 5785 Satis
627 5730 770 5785 enim
798 5738 914 5782 erat
939 5726 1007 5783 ad
1047 5725 1467 5782 consolationem
1497 5723 1706 5778 illorum
1726 5763 1742 5790 ,
1769 5719 1915 5792 quod

401 5861 417 5892 ί
459 5860 563 5923 Alii,
586 5873 679 5912 non
703 5859 925 5911 tintcbitis
946 5858 1310 5910 circumeuntes.

1987 3564 2134 3619 illum
2183 3561 2450 3618 viderent.
2506 3561 2588 3616 Tu
2635 3576 2766 3616 vero
2798 3559 2929 3614 mihi
2970 3559 3253 3615 considera
3300 3559 3574 3629 quomodo

1989 3653 2081 3711 ille
2110 3671 2214 3710 non
2259 3655 2458 3723 ubique
2487 3653 2669 3708 Omnia
2716 3653 2905 3723 gratia:
2935 3651 3155 3718 tribuat,
3180 3651 3273 3706 sed
3303 3650 3576 3721 quidpiam

1988 3750 2056 3804 ab
2101 3749 2207 3804 illis
2259 3748 2440 3805 afferri
2482 3743 2689 3816 iubeat.
2735 3745 2865 3799 Nam
2919 3745 2965 3798 si
3018 3745 3238 3815 timetis,
3269 3744 3462 3814 inquit,
3496 3744 3579 3798 fu—

2004 3829 2146 3898 gite:
2167 3829 2269 3883 hoc
2303 3831 2445 3883 enim
2466 3829 2789 3898 significavit
2819 3829 3028 3893 dicens,
3055 3824 3265 3897 Fugite,
3286 3837 3360 3891 et,
3390 3825 3469 3878 Ne
3505 3827 3574 3878 ti-

1999 3920 2207 3972 meatis.
2235 3919 2420 3990 Neque
2447 3921 2597 3989 ipsos
2615 3921 2821 3989 primos
2842 3920 2996 3989 jubet
3015 3919 3220 3987 fugere,
3260 3917 3350 3971 sed
3383 3917 3571 3985 pulsos

1999 4008 2282 4075 recedere;
2305 4024 2476 4078 neque
2496 4025 2688 4080 magna
2700 4009 2872 4077 spatia
2886 4008 2978 4062 dat
3000 4009 3264 4071 locorum,
3284 4006 3376 4060 sed
3396 4021 3574 4073 quan-

2000 4109 2113 4152 tum
2126 4113 2245 4153 esse
2263 4099 2496 4168 possitin
2515 4099 2902 4154 circumeundo
2914 4100 3160 4154 civitates
3173 4097 3357 4153 Israel.
3377 4095 3579 4150 Deinde

1999 4191 2066 4245 ad
2084 4191 2248 4245 altam
2265 4191 2620 4262 philosophiae
2637 4203 2844 4262 partem
2863 4195 3011 4264 ipsos
3028 4192 3238 4247 invitat.
3261 4190 3465 4252 Primo,
3485 4189 3583 4242 ali-

2002 4293 2310 4338 mentorum
2333 4299 2544 4351 curam,
2561 4285 2820 4351 secundo,
2843 4285 3205 4355 periculorum
3225 4268 3425 4338 uictum
3447 4281 3577 4335 abs-

2003 4375 2163 4441 tulit;
2203 4391 2348 4429 nunc
2390 4389 2518 4430 vero
2560 4375 2972 4430 maledictorum
3003 4385 3204 4429 metum
3247 4372 3450 4428 avellit.
3489 4370 3580 4422 Illa

2003 4467 2147 4521 enim
2170 4467 2532 4523 sollicitudine
2549 4468 2821 4532 liberavit,
2839 4468 3056 4523 dicens:
3090 4468 3287 4538 Dignus
3304 4474 3380 4518 est
3399 4479 3582 4532 opera-

2008 4559 2118 4610 rius
2143 4557 2376 4612 mercede
2391 4574 2488 4612 sua
2512 4558 2666 4629 (Luc.
2705 4560 2794 4614 10.
2817 4560 2892 4628 7),
2918 4560 3233 4630 signiﬁcans
3252 4557 3450 4611 multos
3470 4556 3585 4608 fore

2007 4651 2100 4720 qui
2127 4651 2274 4720 ipsos
2290 4651 2592 4721 excipiant;
2618 4651 2684 4707 de
2702 4651 2960 4720 periculis
2977 4665 3104 4705 vero
3117 4649 3272 4714 dixit,
3298 4647 3476 4701 Nolite
3499 4661 3587 4698 ro-

2008 4743 2452 4812 gitarequomodo
2487 4753 2579 4796 aut
2630 4743 2754 4813 quid
2767 4742 3183 4812 loquamini;et,
3213 4739 3317 4802 Qui
3353 4753 3588 4805 perseve-

2010 4835 2202 4887 raverit
2227 4852 2390 4904 usque
2407 4837 2474 4888 ad
2491 4836 2671 4902 ﬁnem,
2694 4835 2778 4886 hic
2805 4835 2982 4887 salvus
3005 4833 3103 4885 erit
3121 4833 3135 4894 (
3145 4829 3339 4883 Matth.
3368 4827 3452 4881 14.
3471 4827 3584 4894 1⁸5).

2081 4927 2329 4999 Exemplo
2356 4941 2448 4979 suo
2493 4921 2718 4978 Christus
2747 4915 3002 4986 apostolos
3039 4912 3107 4965 ad
3150 4908 3477 4965 contumelias
3509 4907 3586 4974 {e-
3609 4905 3622 4926 "

2009 5022 2192 5078 rendus
2217 5021 2467 5074 hortatur.
2496 5045 2569 5056 —
2591 5013 2724 5081 Quia
2754 5021 2928 5064 autem
2960 5006 3250 5062 verisimile
3277 5011 3393 5058 erat
3441 5002 3586 5072 ipsos

2013 5115 2206 5170 tnalam
2243 5111 2516 5165 habituros
2563 5105 2760 5160 famam
2788 5116 2907 5155 esse
2930 5142 2944 5163 ,
2976 5097 3116 5169 quod
3147 5096 3328 5151 multis
3351 5095 3590 5149 omnium

2012 5202 2443 5260 molestissimum
2471 5213 2590 5253 esse
2624 5194 2830 5250 videtur
2851 5233 2866 5258 ,
2908 5191 3272 5245 animadverte
3301 5203 3406 5256 quo
3434 5193 3591 5255 pacto

2015 5297 2100 5350 hic
2130 5294 2245 5348 illos
2269 5291 2575 5348 consoletur
2598 5329 2612 5352 ,
2643 5303 2707 5342 cx
2741 5285 2804 5340 iis
2849 5283 3050 5338 scilicet
3093 5297 3210 5352 qua:
3250 5279 3316 5332 ad
3359 5281 3594 5348 scipsum

2016 5387 2347 5456 Spectabant,
2381 5393 2435 5440 et
2461 5382 2528 5438 de
2555 5398 2614 5437 se
2642 5379 2782 5434 dicta
2838 5377 3050 5432 fuerant
3079 5394 3092 5429 :
3134 5374 3216 5430 cui
3244 5367 3599 5426 consolationi

2019 5479 2149 5534 nihil
2178 5493 2270 5548 par
2296 5492 2414 5532 esse
2441 5474 2624 5545 possit.
2653 5473 2801 5526 Sicut
2829 5469 2970 5524 enim
3001 5469 3068 5521 ibi
3109 5467 3346 5526 dIXCl'ﬂl,
3376 5459 3442 5515 Et
3463 5457 3604 5512 eritis

2021 5572 2140 5628 odio
2169 5570 2400 5624 omnibus
2426 5583 2445 5630 ;
2485 5575 2539 5621 et
2568 5564 2838 5633 adiecerat
2860 5604 2873 5625 ,
2912 5559 3130 5630 PrOptcr
3160 5571 3337 5610 nomen
3389 5566 3553 5604 nteant
3585 5564 3604 5601 :

2019 5663 2096 5718 sic
2142 5670 2196 5717 et
2233 5659 2334 5715 hoc
2377 5660 2495 5713 loco
2539 5657 2655 5710 illos
2681 5655 2990 5709 consolatur
3015 5694 3029 5715 ,
3078 5650 3301 5703 alterunt
3333 5641 3603 5713 quidpiam

2015 5753 2292 5822 adjiciens.
2325 5750 2601 5818 Quodnam
2626 5746 2799 5800 illud?
2825 5745 2916 5799 2i.
2953 5742 3071 5797 Non
3095 5751 3166 5794 est
3189 5735 3491 5806 discipulus,
3515 5731 3602 5782 in—

2023 5844 2156 5915 quit,
2215 5857 2368 5913 super
2411 5841 2734 5912 magistrum,
2794 5850 2884 5889 nec
2928 5849 3097 5889 servus
3150 5842 3302 5901 super
3323 5822 3602 5879 .domitmm
