4118 6436
584 446 688 502 399

586 575 753 613 suum.
775 557 867 611 23.
893 556 1087 625 Suﬂicit
1117 555 1368 624 discipulo
1388 595 1404 621 ,
1433 563 1488 607 ut
1512 552 1575 607 sit
1599 553 1728 605 sicut
1764 552 2003 620 magister
2028 551 2159 621 ejus,

586 660 631 702 et
653 664 812 712 servo,
838 647 967 701 sicut
995 646 1229 699 dominus
1255 647 1385 715 ejus.
1418 644 1479 699 Si
1514 643 1934 715 patremfamilias
1960 641 2165 696 Beelze-

588 739 684 791 bub
710 747 1030 803 vocaverunt,
1052 747 1239 807 quanto
1275 736 1437 806 magis
1462 735 1759 789 domesticos
1797 734 1945 805 ejus?
1967 735 2057 789 26.
2084 734 2167 789 Ne

584 841 753 898 itaque
777 829 994 883 timeatis
1014 845 1117 882 eos.
1144 828 1277 883 Vide
1303 829 1571 898 quomodo
1602 842 1663 882 se
1703 827 1939 881 omnium
1988 827 2168 882 Domi-

587 936 714 974 num
738 931 791 975 et
820 922 985 975 Deum
1001 930 1056 976 et
1078 930 1375 976 creatorem
1395 936 1513 976 esse
1537 920 1787 975 declarat.
1812 919 1949 987 Quid
1977 920 2167 989 igitur?

1324 439 1379 495 S.
1418 434 1692 494 JOANNIS
1726 431 2189 491 CHRYSOSTOMI
2227 432 2540 490 ARClllEP.
2580 434 3109 493 CONSTANTINOP.

3760 445 3865 499 ιθο

2273 549 2366 603 sed
2399 564 2500 619 per
2523 560 2692 605 totum
2742 552 2928 608 orbem
2981 553 3301 624 pradicate,
3349 563 3544 612 terram
3602 575 3859 631 mareque

2273 652 2637 711 peragrantes.
2666 643 2979 711 habitatam,
3008 662 3112 700 non
3138 646 3424 702 habitatam
3451 667 3463 701 :
3494 664 3557 704 ac
3583 655 3851 723 tyrannis,

2273 734 2504 802 pOpulis,
2536 735 2893 805 philosophis,
2943 737 3250 794 rhetoribus
3285 754 3406 794 cum
3436 757 3625 812 magna
3660 743 3855 800 ﬁducia

2271 828 2449 881 omnia
2477 829 2657 885 dicite.
2692 830 2817 884 ldeo
2845 830 2995 897 dixit,
3032 832 3203 903 Super
3228 843 3376 898 tecta,
3405 844 3479 900 et,
3508 834 3573 890 In
3599 837 3793 891 lumine
3821 879 3835 903 ,

2271 921 2386 975 sine
2408 920 2519 974 ul-lo
2543 921 2875 993 subterfugio
2894 963 2909 989 ,
2955 933 3011 978 et
3036 939 3158 979 cum
3182 926 3329 980 omni
3376 926 3641 983 libertate.
3667 928 3733 983 Et
3757 945 3854 985 cur

590 1010 711 1065 Non
726 1014 1254 1083 estdiscipulussuper
1268 1015 1583 1083 magistrum,
1603 1030 1691 1067 nec
1715 1031 1884 1069 servus
1908 1030 2060 1084 super
2074 1015 2167 1070 do-
2198 994 2378 1065 i‘non
2409 1013 2539 1068 satis
2571 1013 2753 1069 habuit
2780 1014 2961 1070 dicere
2989 1057 3004 1080 ,
3038 1014 3324 1072 Prtedicate
3368 1035 3521 1087 super
3574 1030 3725 1087 tecta,
3756 1032 3851 1085 et,

592 1106 789 1158 mittunt
810 1106 837 1159 Ρ
858 1106 1037 1161 Donec
1062 1108 1164 1161 erit
1187 1115 1279 1160 aut
1297 1108 1585 1177 discipulus
1600 1117 1888 1163 autservus
1906 1151 1921 1175 ,
1942 1124 2046 1162 non
2064 1110 2167 1165 erit

592 1196 765 1265 major
798 1198 1088 1252 secundum
1116 1198 1337 1253 honoris
1364 1199 1627 1255 ordinem.
1656 1199 1734 1255 Ne
1754 1200 1883 1254 mihi
1908 1201 2049 1255 enim
2079 1201 2167 1257 hic

588 1302 705 1342 rara
731 1288 973 1357 qumdam
998 1290 1247 1358 prteferas
1276 1291 1516 1359 exempla
1544 1332 1559 1357 ,
1592 1290 1659 1345 de
1689 1291 1753 1345 iis
1779 1307 1899 1360 qua:
1927 1303 1981 1346 ut
2003 1292 2167 1361 pluri-

589 1391 732 1429 mum
761 1392 882 1432 esse
909 1378 1083 1433 solent
1110 1379 1159 1432 id
1188 1381 1390 1449 accipe.
1424 1381 1531 1436 Nec
1577 1380 1729 1444 dixit,
1758 1382 1966 1449 Quanto
1996 1384 2167 1454 magis

585 1483 790 1535 servos,
814 1470 930 1535 sed,
962 1471 1271 1526 Domesticos
1314 1475 1441 1537 eius,
1481 1489 1671 1543 magna
1721 1489 1847 1544 erga
1872 1475 1989 1532 illos
2015 1493 2164 1531 man-

584 1562 866 1618 suetudine
895 1580 1039 1619 usus.
1068 1565 1202 1620 Alibi
1223 1566 1385 1620 etiam
1413 1566 1543 1620 dicit
1578 1585 1589 1618 :
1625 1566 1743 1620 Non
1769 1568 1906 1621 ultra
1928 1585 2047 1622 voco
2078 1587 2164 1624 vos

585 1670 786 1719 seruos;
812 1644 909 1710 vos
925 1658 1077 1711 amici
1104 1658 1202 1712 mei
1228 1660 1346 1712 estis
1376 1657 1566 1728 (Joan.
1595 1660 1678 1713 15.
1715 1659 1841 1729 15).
1870 1660 1977 1714 Nec
2006 1661 2160 1730 dixit,

587 1746 643 1803 Si
676 1748 1111 1816 patremfamilias
1160 1750 1365 1819 injuriis
1404 1760 1459 1806 et
1510 1752 1806 1807 maledictis
1830 1753 2160 1822 affecerunt;

585 1838 680 1893 sed
712 1840 882 1908 ipsum
905 1840 1244 1896 contumelia:
1274 1842 1490 1897 modum
1513 1842 1792 1913 expressit,
1836 1844 1979 1914 quod
2009 1845 2163 1901 Beel-

2274 1101 2438 1156 Dicite
2459 1104 2513 1157 in
2538 1106 2750 1171 lumine,
2784 1106 2877 1161 sed
2921 1106 3116 1176 adjecit
3143 1108 3302 1164 etiam
3329 1151 3344 1176 ,
3375 1108 3525 1174 Quod
3571 1111 3687 1165 dico
3716 1113 3853 1165 vobis

2270 1195 2322 1248 in
2352 1196 2584 1263 tenebris,
2612 1207 2687 1263 et,
2710 1196 2860 1262 Quod
2878 1199 2930 1251 in
2957 1215 3080 1253 aure
3094 1200 3278 1254 auditis
3301 1202 3326 1255 .9
3354 1200 3421 1256 Ut
3445 1216 3631 1256 eorum
3658 1217 3853 1257 sensus

2271 1287 2460 1355 erigat.
2492 1288 2639 1343 Sicut
2668 1289 2883 1358 quando
2909 1291 3120 1345 dicebat
3146 1310 3167 1345 :-
3190 1290 3291 1357 Qui
3306 1292 3463 1346 credit
3493 1292 3546 1346 in
3566 1309 3665 1357 me,
3696 1310 3851 1363 Opera

2269 1394 2385 1446 qua!
2421 1395 2512 1448 ego
2567 1381 2701 1449 {ario
2742 1390 2789 1434 et
2814 1382 2925 1451 ipse
2960 1383 3131 1452 faciet,
3175 1394 3222 1437 et
3248 1386 3445 1455 majora
3474 1385 3652 1438 horum
3696 1385 3851 1455 faciet

2271 1466 2448 1539 (Joan.
2475 1470 2557 1524 M.
2587 1470 2708 1541 l2):
2734 1472 2812 1526 sic
2854 1482 2911 1526 et
2954 1472 3055 1527 hoc
3085 1474 3202 1527 loco
3226 1516 3239 1536 ,
3270 1475 3557 1529 ostendens
3584 1492 3679 1546 per
3705 1478 3849 1545 ipsos

2270 1561 2448 1614 omnia
2494 1561 2634 1617 efﬁci
2660 1604 2675 1626 ,
2705 1572 2761 1617 et
2783 1564 2929 1633 plura
2960 1580 3129 1633 quam
3148 1581 3242 1635 per
3268 1566 3502 1635 seipsum
3534 1566 3669 1621 facta
3699 1568 3845 1635 sint,

2269 1653 2340 1707 ita
2389 1654 2583 1723 posuit.
2638 1654 2769 1710 Nam
2798 1656 2873 1710 ait
2898 1674 2910 1710 :
2940 1656 3264 1726 Principium
3288 1659 3437 1714 vobis
3464 1674 3573 1729 ego
3597 1667 3651 1714 et
3697 1660 3848 1715 initia

2259 1739 2418 1808 dedi;
2454 1741 2619 1812 plura
2642 1759 2771 1799 vero
2804 1746 2895 1800 illa
2929 1761 3025 1816 per
3052 1762 3152 1802 vos
3183 1749 3397 1819 impleri
3431 1748 3575 1802 volo.
3599 1746 3716 1805 Hoc
3749 1764 3852 1802 au-

2259 1841 2367 1889 tem
2399 1849 2508 1890 non
2542 1837 2703 1893 modo
2753 1840 3121 1910 praecipientis
3164 1850 3282 1905 est,
3329 1841 3425 1896 sed
3455 1842 3618 1897 etiam
3663 1840 3851 1895 futura

586 1928 760 1983 zebuh
799 1932 1058 1986 vocarint.
1092 1932 1294 1988 Deinde
1332 1933 1490 1989 aliam
1518 1933 1618 1990 bac
1648 1951 1754 1990 non
1780 1936 2042 1992 minorem
2073 1938 2160 1993 dat

2265 1926 2603 1992 nuntiantis,
2650 1929 2905 1984 ﬁduciam
2950 1932 3301 2002 inspirantis,
3348 1933 3699 2003 praedicentis
3752 1949 3851 1988 eos

585 2021 1041 2088 consolationem;
1072 2034 1186 2079 erat
1215 2034 1390 2081 tamen
1420 2027 1508 2082 illa
1527 2029 1756 2083 maxima
1778 2045 1792 2095 ;
1812 2031 1905 2084 sed
1927 2032 2045 2100 quia
2074 2032 2161 2098 iis,

586 2110 676 2179 qui
732 2112 965 2168 nondum
1007 2113 1517 2184 philosophabantur
1543 2159 1558 2183 ,
1601 2118 1703 2173 alia
1731 2134 1864 2190 opus
1902 2130 2017 2175 erat
2043 2138 2162 2191 qua:

585 2210 767 2270 posset
801 2202 920 2258 illos
960 2204 1207 2272 afﬁcere,
1236 2205 1373 2263 hanc
1419 2208 1578 2264 etiam
1623 2208 1770 2264 addit
1800 2228 1813 2263 :
1842 2227 1904 2267 ac
1951 2213 2161 2269 dicendi

582 2291 795 2360 quidem
816 2295 1005 2350 modus
1024 2297 1327 2367 generalem
1354 2298 1561 2356 videtur
1588 2300 1781 2359 efferre
1807 2305 2120 2360 sententiam
2144 2325 2165 2373 ς

581 2390 814 2440 attamen
865 2403 969 2441 non
996 2389 1063 2443 de
1088 2390 1334 2447 omnibus
1363 2432 1379 2458 ,
1430 2392 1525 2448 sed
1549 2392 1618 2449 de
1645 2396 1927 2466 propositis
1958 2405 2160 2454 tantmn

581 2473 793 2533 dicitur.
822 2478 958 2546 Quid
998 2483 1140 2539 enim
1164 2484 1281 2538 ait?
1317 2484 1400 2539 Ne
1426 2488 1641 2543 linteatis
1679 2504 1763 2545 eos
1798 2506 1817 2544 :
1864 2492 1992 2547 nihil
2028 2497 2163 2549 enim

581 2579 656 2624 est
680 2582 929 2643 opertum,
948 2577 1084 2645 quod
1107 2593 1207 2631 non
1235 2578 1570 2647 revelabitur;
1596 2597 1685 2635 nec
1730 2585 2004 2649 occultum,
2026 2588 2162 2656 quod

581 2685 681 2725 non
703 2670 905 2724 scietur.
934 2668 1087 2737 Quod
1107 2681 1284 2725 autem
1306 2673 1454 2739 dicit,
1479 2673 1779 2744 bujusmodi
1799 2686 1881 2731 est
1912 2697 1926 2734 :
1955 2678 2162 2736 Sufﬁcit

580 2760 797 2829 quidem
837 2760 987 2816 vobis
1018 2762 1084 2816 ad
1124 2763 1544 2819 consolationem
1570 2807 1585 2833 ,
1617 2767 1661 2821 si
1699 2783 1802 2838 ego
1829 2770 2081 2839 magister
2105 2782 2162 2828 et

585 2852 840 2908 Dominus
867 2867 1091 2909 consors
1119 2854 1219 2910 sim
1237 2857 1618 2913 conviciorum.
1641 2859 1696 2916 Si
1718 2875 1846 2915 vero
1866 2861 2038 2919 adhuc
2062 2864 2161 2920 do-

582 2942 702 2998 letis
741 2944 854 2998 haec
882 2943 1189 3011 audientes,
1241 2946 1369 3003 illud
1398 2963 1611 3019 quoque
1659 2951 1839 3007 animo
1894 2961 2162 3024 reputate,

578 3047 674 3088 vos
701 3049 806 3088 non
854 3036 1079 3090 multum
1112 3045 1295 3106 postea
1322 3037 1391 3093 ab
1429 3039 1528 3093 hac
1554 3038 1859 3108 suspicione
1886 3041 2164 3095 liberatum

581 3124 666 3178 iri.
696 3125 805 3178 (Zur
846 3128 990 3181 enim
1023 3129 1073 3181 id
1104 3143 1247 3196 aegre
1278 3128 1469 3184 fertis?
1500 3130 1623 3198 quia
1668 3130 2085 3203 prmstigiatores
2111 3140 2165 3186 et

584 3216 908 3286 deceptores
963 3234 1063 3273 vos
1110 3223 1339 3275 vocant?
1386 3221 1453 3276 At
1500 3221 1766 3291 paululum
1824 3232 2163 3292 ex3pectate,

577 3317 630 3361 et
661 3318 967 3364 senatores
995 3310 1470 3382 benefactoresque
1496 3313 1643 3367 orbis
1671 3327 1767 3367 vos
1797 3312 2165 3382 przedicabunt

586 3413 795 3455 omnes.
829 3399 897 3453 At
941 3402 1086 3456 enim
1132 3412 1341 3470 tempus
1368 3404 1453 3457 illa
1482 3404 1661 3458 omnia
1689 3418 1809 3474 quae
1832 3400 2164 3459 subobscura

580 3499 735 3543 erant
766 3491 1047 3559 revelabit,
1079 3501 1132 3548 et
1157 3493 1366 3548 illorum
1390 3494 1715 3549 calumniam
1744 3494 1977 3564 deteget,
1999 3497 2166 3550 virtu-

580 3589 793 3648 temque
822 3593 1056 3637 vestram
1085 3586 1431 3653 conspicuam
1477 3585 1687 3640 reddet.
1738 3586 1868 3641 Cum
1908 3586 2048 3641 enim
2089 3599 2157 3640 ex

582 3672 745 3725 relms
774 3672 901 3742 ipsis
942 3675 1422 3743 comprobabimini
1462 3672 1793 3729 salvatores'
1817 3691 1958 3743 esse,
1989 3684 2044 3729 et
2071 3674 2163 3730 be-

583 3762 761 3829 neﬁci,
787 3774 840 3817 et
866 3764 1010 3819 omni
1036 3766 1230 3820 virtute
1256 3766 1552 3837 conspicui,
1580 3768 1792 3821 illorum
1814 3767 1970 3821 dictis
1992 3764 2163 3822 homi-

580 3868 676 3907 nes
721 3869 827 3907 non
877 3856 1154 3910 attondent
1202 3857 1295 3913 sed
1329 3859 1403 3912 rei
1452 3860 1791 3915 veritati:ac
1837 3860 1909 3914 illi
1944 3860 2160 3930 quidem

574 3945 945 4015 sycophanta,
977 3948 1286 4014 mendaces,
1312 3949 1583 4012 maledici,
1612 3966 1705 4005 vos
1735 3967 1863 4006 vero
1904 3951 2019 4022 ipso
2048 3954 2162 4009 sole

577 4035 971 4105 Splendidiores
991 4040 1471 4108 deprehendemini
1497 4059 1510 4093 :
1540 4042 1765 4097 multum
1798 4043 1993 4113 quippe
2021 4054 2159 4099 tem-

579 4128 724 4194 poris
749 4130 981 4196 spatium
1013 4147 1108 4187 vos
1151 4142 1309 4189 notos
1356 4133 1567 4199 reddet,
1595 4135 1922 4205 prtedicabit,
1953 4147 2009 4191 et
2035 4136 2159 4193 tuba

573 4218 860 4274 clariorem
905 4221 1116 4277 emittet
1166 4240 1383 4292 vocem,
1410 4236 1706 4295 vestraeque
1752 4228 1964 4282 virtutis
1996 4239 2161 4285 testes

574 4309 858 4365 universos
905 4313 1152 4369 homines
1208 4315 1505 4370 exhibebit.
1568 4316 1647 4371 Ne
1707 4318 1883 4386 itaque
1929 4334 1993 4373 ea
2042 4335 2161 4390 qua:

575 4415 717 4456 nunc
761 4402 1012 4458 dicuntur
1059 4420 1157 4460 vos
1212 4406 1495 4477 dejiciant,
1543 4408 1640 4463 sed
1682 4425 1810 4480 spes
1860 4412 2158 4466 futurorum

574 4491 836 4548 bonorum
879 4495 1069 4564 erigat.
1111 4495 1226 4551 Non
1272 4506 1501 4566 possunt
1544 4500 1686 4554 enim
1733 4516 1794 4556 ea
1822 4518 1942 4573 qua:
1970 4503 2036 4557 ad
2065 4518 2160 4559 vos

573 4594 819 4657 spectant
842 4590 1120 4643 occultari.

640 4678 696 4733 2.
728 4677 949 4745 Deinde,
983 4690 1258 4750 postquam
1290 4680 1410 4735 illos
1439 4680 1585 4736 omni
1611 4696 1831 4751 angore,
1869 4683 2061 4739 timore
2103 4694 2160 4740 et

569 4772 927 4829 sollicitudine
955 4774 1221 4839 liberavit,
1248 4784 1300 4831 et
1330 4776 1539 4844 probris
1563 4778 1812 4831 omnibus
1841 4780 2155 4848 superiores

568 4864 823 4931 reddidit,
850 4865 1065 4921 demum
1096 4865 1217 4921 illos
1246 4879 1549 4936 opportune
1578 4868 1645 4923 de
1672 4869 1925 4925 libertate
1957 4869 2153 4939 praedi-

567 4955 724 5009 candi
770 4957 1095 5027 alloquitur:
1126 4972 1249 5012 nam
1280 4957 1448 5013 dicit:
1478 4958 1565 5012 27.
1603 4958 1756 5025 Quod
1794 4961 1908 5014 dico
1942 4960 2080 5014 vobis
2102 4962 2157 5015 lu

568 5045 806 5113 tenebris,
825 5048 980 5103 dicite
1003 5049 1056 5103 in
1081 5049 1303 5113 lumine;
1330 5061 1378 5104 et
1403 5051 1541 5118 quod
1568 5050 1621 5103 in
1643 5068 1768 5106 aure
1788 5051 1999 5119 auditis,
2028 5072 2160 5121 pra:-

536 5140 730 5192 ‘dicate
768 5156 918 5208 super
965 5148 1119 5197 tecta.
1160 5140 1494 5211 Quamquam
1544 5157 1650 5197 non
1696 5153 1851 5197 erant
1896 5146 2157 5210 tenebraz,

566 5243 685 5281 cum
722 5227 837 5283 haec
881 5228 1107 5294 diceret,
1138 5245 1310 5301 neque
1343 5230 1413 5285 ad
1456 5246 1639 5287 aurem
1687 5234 2032 5302 loquebatur;
2060 5237 2154 5291 sed

567 5323 683 5376 lucc
711 5320 1056 5394 hyperbolice
1077 5322 1216 5377 dicta
1239 5333 1386 5378 sunt.
1409 5324 1543 5390 Quia
1573 5324 1717 5379 enim
1744 5326 1890 5382 solos
1913 5328 2153 5397 alloque-

568 5413 743 5478 batur,
776 5423 831 5470 et
859 5416 911 5468 in
942 5429 1108 5483 parvo
1149 5413 1445 5470 Palaestinae
1494 5416 1711 5485 angulo,
1740 5415 1862 5472 ideo
1905 5418 2055 5486 dicit,
2086 5418 2153 5473 In

567 5506 805 5569 tenebris,
835 5517 908 5575 et,
939 5504 1006 5560 In
1035 5523 1180 5573 aure,
1217 5505 1360 5561 hunc
1390 5506 1645 5577 loquendi
1679 5509 1897 5563 modum
1929 5525 2149 5581 compa-

566 5611 693 5650 rans
719 5613 839 5651 cutn
872 5597 1123 5667 loquendi
1172 5597 1388 5663 ﬁducia,
1436 5612 1539 5669 qua
1586 5597 1705 5653 illos
1738 5610 1920 5669 postea
1951 5602 2147 5656 instru-

568 5702 756 5745 cturus
783 5707 914 5746 erat.
969 5693 1047 5748 Ne
1078 5694 1131 5748 iu
1163 5708 1287 5758 una,
1316 5692 1521 5748 duabus
1548 5692 1784 5751 tribusve
1824 5695 2143 5764 civitatibus,

627 5888 644 5921 ι
665 5886 782 5945 Alii,
807 5890 1007 5942 Iumina.

2268 2016 2455 2071 omnia
2470 2032 2591 2072 esse
2616 2028 2979 2088 superaturos,
3010 2021 3316 2091 sensimque
3333 2020 3694 2075 subvertentis
3717 2035 3818 2076 oon
3833 2050 3855 2059 ο

2268 2117 2476 2177 ceptam
2506 2110 2648 2164 circa
2697 2111 2976 2167 maledicta
3009 2114 3336 2168 mmstitiam.
3387 2114 3846 2182 Quemadmodum

2270 2201 2411 2254 enim
2439 2199 2554 2255 haac
2581 2202 2908 2272 praedicatio,
2938 2220 3081 2260 nunc
3128 2206 3320 2273 latens,
3351 2207 3527 2260 omnia
3552 2205 3806 2276 pervadet
3825 2246 3843 2273 ,

2267 2292 2345 2347 sic
2371 2292 2510 2346 mala
2534 2293 2619 2347 illa
2639 2292 2944 2349 Iudaeorum
2968 2295 3287 2350 existimatio
3311 2297 3419 2351 cito
3439 2297 3649 2367 peribit.
3676 2297 3843 2352 Dein-

2266 2382 2355 2449 de,
2390 2390 2673 2455 postquam
2697 2386 2905 2441 illorum
2932 2388 3104 2444 erexit
3118 2389 3345 2455 animos,
3372 2405 3581 2445 rursum
3600 2390 3839 2460 pericula

2270 2476 2529 2544 praedicit,
2560 2478 2773 2532 illorum
2824 2489 3056 2534 mentem
3087 2481 3319 2551 erigens,
3352 2481 3704 2553 omnibusque
3748 2497 3844 2537 su-

2268 2567 2546 2625 bliniiores
2574 2571 2823 2626 reddens.
2854 2570 2993 2639 Quid
3028 2575 3171 2628 enim
3209 2573 3324 2627 ait?
3347 2573 3435 2629 28.
3468 2574 3641 2629 Nolite
3667 2576 3845 2630 timere

2266 2678 2349 2715 eos
2369 2663 2454 2731 qui
2478 2664 2711 2717 occidunt
2739 2680 2941 2733 corpus,
2968 2666 3190 2718 animant
3212 2676 3378 2719 autem
3398 2682 3497 2720 non
3525 2677 3733 2735 possunt
3756 2684 3844 2722 oc-

2266 2752 2454 2807 cidere.
2489 2752 2674 2807 Videu‘
2695 2755 2963 2823 quomodo
2994 2755 3114 2810 illos
3134 2756 3383 2810 omnibus
3406 2758 3709 2825 superiores
3720 2759 3844 2814 red-

2264 2841 2377 2909 dat,
2400 2857 2506 2898 non
2530 2859 2687 2899 curas
2715 2845 2910 2912 modo;
2931 2861 3036 2900 non
3078 2847 3376 2911 maledicta,
3414 2849 3642 2918 pericula
3662 2890 3677 2914 ,
3711 2850 3842 2903 insi.-

2265 2933 2403 3001 dias,
2426 2935 2518 2989 sed
2539 2937 2700 2990 etiam
2727 2947 2951 2993 mortem
2980 2941 3217 2993 omnium
3242 2940 3681 2995 terribilissimam
3704 2956 3839 2996 con-

2267 3035 2509 3083 temnere
2573 3028 2811 3085 docens?
2850 3046 3023 3100 neque
3072 3032 3383 3101 simpliciter
3427 3042 3687 3099 mortem,
3740 3035 3839 3089 sed

2265 3119 2425 3173 etiam
2457 3119 2783 3175 violentam?
2808 3120 2991 3191 Neque
3020 3120 3173 3188 dixit,
3201 3121 3552 3189 Occidemini,
3600 3124 3693 3178 sed
3717 3138 3840 3179 eum

2264 3211 2656 3282 magniﬁcentia
2705 3213 3015 3283 congruenti
3061 3221 3245 3267 totum.
3280 3213 3603 3282 declaravit,
3663 3214 3842 3271 Nolite

2264 3304 2456 3368 timere,
2487 3304 2690 3371 dicens,
2709 3308 2772 3360 ab
2800 3307 2869 3360 iis
2887 3307 2983 3376 qui.
2995 3307 3468 3376 occiduntcorpus,
3492 3309 3713 3361 animam
3738 3326 3837 3361 au-

2266 3406 2365 3453 tem
2398 3414 2501 3453 non
2555 3408 2764 3467 possunt
2801 3399 3029 3453 occidere
3055 3415 3074 3452 :
3102 3398 3190 3451 sed
3215 3400 3384 3468 potius
3423 3400 3587 3454 timete
3613 3417 3725 3453 eum
3752 3401 3855 3469 qui:

2264 3498 2428 3560 potest
2456 3498 2505 3545 ct
2553 3492 2776 3544 animam
2815 3499 2861 3545 et
2889 3506 3071 3561 corpus
3102 3490 3308 3559 perdere
3333 3494 3385 3543 in
3432 3491 3747 3561 gehennam:
3776 3493 3831 3547 in

2263 3581 2593 3638 contrarium
2649 3590 2862 3637 vertens
2916 3596 3259 3647 sermonem,
3318 3582 3391 3635 uti
3446 3596 3659 3651 semper
3689 3582 3832 3636 facit:

2265 3674 2403 3743 Quid
2452 3674 2594 3730 enim
2625 3673 2725 3729 sibi
2756 3673 2901 3727 vult?
2931 3674 3150 3728 'l‘imetis
3184 3684 3407 3727 mortem
3432 3714 3446 3737 ,
3502 3674 3730 3743 ideoque
3770 3675 3849 3728 ad

2262 3765 2658 3837 praedicandum
2692 3766 2968 3836 segniores
3009 3765 3179 3819 estis?
3205 3763 3307 3819 Sed
3338 3764 3436 3820 hac
3463 3765 3529 3819 de
3551 3780 3710 3819 causa
3740 3783 3840 3835 po-

2263 3856 2366 3910 tius
2392 3855 2701 3926 prmdicate,
2733 3858 2853 3925 quia
2884 3865 3108 3911 mortem
3143 3857 3361 3912 timetis.
3386 3856 3515 3911 illud
3542 3858 3683 3911 enim
3714 3874 3841 3914 vere

2262 3962 2359 4001 vos
2391 3949 2407 3981 ⁸
2439 3962 2469 4002 a
2498 3958 2669 4003 morte
2693 3948 2901 4016 eripiet.
2932 3947 3065 4002 Nam
3102 3948 3309 4003 etiamsi
3332 3964 3427 4003 vos
3467 3950 3838 4019 iutercmpturi

2261 4048 2428 4105 sunt,
2474 4038 2747 4095 meliorem
2806 4050 2984 4093 tamen
3038 4049 3241 4109 partem
3315 4055 3421 4095 non
3488 4042 3839 4109 superabunt,

2261 4133 2471 4189 etiamsi
2499 4132 2550 4188 id
2574 4134 2697 4188 totis
2724 4134 2923 4188 viribus
2942 4143 3220 4189 conentur.
3250 4134 3371 4189 Ideo
3399 4150 3501 4189 non
3532 4136 3678 4199 dixit,
3705 4136 3842 4190 Aui-

2260 4242 2403 4283 mam
2434 4236 2612 4283 autem
2640 4241 2743 4281 non
2775 4226 3052 4292 occidunt;
3077 4226 3192 4292 sed,
3220 4225 3342 4280 Non
3369 4236 3576 4297 possunt
3593 4228 3837 4282 occidere.

2261 4318 2393 4375 Nam
2414 4318 2623 4374 etiamsi
2653 4318 2834 4384 velint,
2869 4334 2975 4373 non
2998 4319 3341 4390 superabunt.
3374 4317 3551 4388 Itaque
3570 4319 3612 4372 si
3640 4319 3843 4387 suppli-

2260 4413 2402 4469 cium
2430 4413 2605 4477 times,
2632 4412 2762 4468 illud
2793 4413 2949 4484 longe
2974 4416 3189 4483 gravius
3216 4416 3363 4470 time.
3395 4414 3579 4470 Viden’
3608 4432 3838 4486 quomo-

2262 4506 2333 4561 do
2353 4522 2460 4561 non
2494 4506 2771 4576 promittat
2800 4521 2860 4561 se
2887 4506 3009 4561 illos
3037 4521 3068 4561 a
3096 4517 3268 4563 morte
3296 4507 3640 4562 liberaturum
3671 4522 3791 4562 esse
3817 4547 3835 4573 ,

2260 4598 2354 4653 sed
2376 4599 2511 4653 mori
2535 4598 2810 4668 permittit,
2835 4597 3038 4667 majora
3067 4597 3371 4667 largiturus,
3397 4614 3555 4669 quam
3583 4600 3626 4653 si
3654 4599 3706 4654 id
3733 4614 3840 4655 non

2262 4689 2640 4758 permitteret?
2664 4688 2849 4759 Longe
2875 4690 3019 4743 enim
3049 4688 3221 4757 majus
3248 4696 3332 4744 est
3354 4689 3584 4743 suadere
3612 4698 3668 4743 ut
3689 4706 3836 4745 mors

2258 4791 2564 4851 spernatur,
2585 4798 2745 4852 quam
2774 4798 2804 4836 a
2839 4790 3014 4837 morte
3042 4798 3252 4837 eruere.
3280 4781 3395 4836 Non
3419 4782 3599 4852 itaque
3622 4783 3741 4837 illos
3783 4784 3836 4837 in

2259 4873 2494 4943 pericula
2520 4874 2756 4943 conjicit,
2785 4873 2878 4929 sed
2905 4873 3079 4929 reddit
3101 4874 3349 4944 periculis
3366 4875 3689 4944 superiores,
3714 4876 3842 4930 hrc-

2260 4968 2418 5038 vique
2443 4982 2695 5023 sermone
2723 4967 3025 5023 doctrinam
3053 4967 3120 5022 de
3143 4968 3541 5023 immortalitate
3567 4969 3759 5022 anima:
3782 4968 3837 5022 in

2260 5059 2364 5115 illis
2413 5059 2631 5125 inserit,
2662 5074 2726 5114 ac
2758 5058 2967 5114 duobus
3010 5060 3245 5115 tribusve
3299 5059 3479 5114 verbis
3526 5061 3605 5114 sic
3635 5061 3838 5113 inserto

2261 5150 2479 5204 salutari
2509 5149 2778 5219 dogmate,
2802 5150 2922 5211 aliis
2950 5150 3071 5204 illos
3096 5150 3389 5205 ratiociniis
3415 5151 3740 5207 consolatur.
3764 5149 3843 5205 Ne

2262 5242 2404 5297 enim
2427 5250 2676 5311 putarent
2696 5257 2753 5297 se
2783 5242 2953 5296 occidi
2986 5252 3040 5297 ct
3064 5242 3316 5312 jugulari,
3346 5243 3490 5311 quod
3512 5243 3663 5313 quasi
3683 5242 3844 5299 dere-

2263 5333 2375 5389 licti
2413 5336 2541 5400 sint,
2569 5333 2636 5388 de
2664 5334 2995 5402 providentia
3028 5336 3117 5388 Dei
3149 5350 3452 5389 sermonem
3490 5335 3727 5400 inducit,
3763 5335 3848 5391 his

2264 5426 2473 5481 verbis:
2499 5426 2593 5481 9.9.
2639 5424 2827 5481 Nonne
2847 5425 2949 5479 duo
2978 5442 3203 5495 passeres
3246 5442 3360 5480 asse
3379 5437 3607 5486 cenem”,
3644 5435 3689 5478 et
3718 5442 3850 5480 unus

2261 5533 2322 5569 cx
2351 5516 2455 5570 illis
2485 5533 2587 5570 non
2613 5517 2755 5571 cadet
2784 5518 2834 5570 in
2866 5516 3098 5588 laqueum
3124 5517 3233 5569 sine
3272 5514 3428 5570 Patre
3479 5528 3637 5571 vestro
3671 5517 3755 5587 qui
3794 5518 3850 5570 in

2264 5614 2406 5667 cwlis
2434 5622 2505 5667 est
2528 5614 2552 5667 ξ)
2583 5613 2671 5667 50.
2705 5611 2868 5667 Vestri
2892 5622 3061 5665 autem
3088 5610 3261 5681 capilli
3281 5610 3462 5680 capitis
3482 5626 3652 5664 omnes
3673 5626 3850 5665 nume-

2267 5705 2365 5757 rati
2397 5713 2533 5759 sunt.
2589 5703 2725 5771 Quid
2762 5705 2904 5758 enim
2955 5703 3113 5757 vilius
3160 5700 3310 5756 illis?
3364 5700 3578 5770 inquit:
3609 5709 3847 5756 attamen

2269 5810 2577 5865 numquam.
2612 5795 2888 5864 ignorante
2919 5794 3044 5859 Deo,
3077 5792 3372 5863 capientur.
3401 5789 3515 5844 Non
3554 5793 3695 5851 enim
3717 5810 3844 5862 ope-

2333 5908 2348 5936 ¹
2384 5906 2545 5955 more].
2572 5904 2736 5965 habet,
2761 5917 2867 5966 nos;
2890 5907 3030 5955 male.
