4118 6482
298 446 399 502 εοι

302 571 458 618 rante
498 559 607 616 Deo
629 558 827 613 cadere
853 554 983 609 dicit
1014 570 1028 606 :
1058 551 1111 606 id
1138 549 1277 605 enim
1330 545 1604 617 indignum
1648 543 1759 599 Deo
1788 556 1879 598 es-

300 661 422 718 set;
462 650 556 705 sed
582 630 714 703 dixit
749 645 878 700 nihil
927 652 1198 713 gestorum
1228 638 1375 694 illum
1413 638 1601 693 latere.
1656 634 1716 690 Si
1748 648 1878 704 ergo

302 743 439 798 nihil
469 756 654 797 eorum
677 752 795 808 quia
820 735 1066 791 accidunt
1104 732 1347 803 ignorat,
1384 743 1587 798 vosque
1615 727 1881 783 sincerius

301 852 465 906 quam
490 842 641 903 pater
666 838 829 895 amat,
857 836 1013 896 atque
1056 825 1127 880 ita
1157 832 1334 889 amat,
1378 821 1623 878 utetiam
1661 818 1879 889 capillos
1923 844 1926 848 λ

303 936 515 981 vestros
541 921 852 985 numerarit,
884 920 1016 975 nihil
1045 918 1223 988 utique
1254 914 1566 971 timendum.
1599 913 1710 967 Hoc
1754 926 1882 966 vero

302 1016 461 1081 dixit,
485 1029 591 1071 non
613 1013 756 1083 quod
792 1012 935 1066 Deus
960 1009 1187 1080 capillos
1219 1016 1488 1072 numeret,
1516 1004 1611 1060 sed
1645 1013 1705 1059 ut
1723 1018 1881 1059 accu-

303 1118 476 1161 ratam
506 1105 745 1160 notitiam
800 1116 1152 1173 magnamque
1199 1101 1342 1155 circa
1373 1113 1468 1154 eos
1497 1095 1881 1167 providentiam

302 1192 573 1251 ostendat.
605 1194 661 1249 Si
693 1208 820 1262 ergo
865 1192 1043 1246 omnia
1074 1205 1192 1260 quae
1217 1190 1349 1243 ﬁunt
1377 1187 1546 1250 novit,
1574 1186 1619 1240 si
1646 1185 1759 1240 vult
1783 1200 1880 1240 nos

303 1286 485 1340 salvos
514 1284 708 1346 facere.
740 1294 789 1338 ct
815 1283 865 1337 id
893 1291 1087 1351 potest,
1116 1281 1160 1335 si
1186 1279 1310 1349 quid
1343 1277 1637 1349 patiamini,
1670 1294 1738 1333 ne
1761 1293 1884 1332 cre-

303 1379 420 1433 dite
451 1394 543 1432 vos
570 1376 856 1431 derelictos
900 1372 986 1429 illa
1039 1373 1165 1443 pati.
1215 1371 1331 1427 Non
1374 1372 1517 1427 enim
1566 1370 1681 1425 vult
1710 1385 1802 1425 vos
1851 1384 1882 1424 a

307 1471 467 1525 malis
486 1470 714 1539 eripere,
741 1467 835 1523 sed
865 1466 1089 1522 suadere
1112 1476 1165 1520 ut
1185 1465 1322 1519 mala
1344 1464 1700 1519 contemnatis
1726 1480 1738 1516 :
1763 1476 1882 1515 nam

303 1561 425 1616 hinc
446 1576 570 1616 vere
592 1560 833 1615 Iiberatio
858 1566 940 1613 est
961 1574 989 1610 a
1016 1557 1188 1611 malis.
1218 1557 1278 1611 51
1295 1595 1307 1608 .
1341 1554 1516 1609 Nolite
1539 1569 1656 1624 ergo
1678 1554 1884 1606 timere:

302 1652 478 1704 multis
499 1649 780 1720 passeribus
801 1649 1029 1702 meliores
1057 1648 1172 1702 estis
1200 1662 1305 1702 vos.
1330 1645 1519 1701 Viden‘
1539 1645 1657 1701 illos
1682 1644 1791 1713 jam
1820 1643 1887 1698 ti-

303 1756 459 1795 more
503 1749 778 1809 correptos
806 1738 1015 1795 fuisse?
1054 1738 1269 1793 Sciebat
1298 1738 1441 1792 enim
1489 1746 1697 1791 secreta
1731 1751 1880 1790 men-

303 1834 414 1886 tis:
444 1832 563 1886 ideo
619 1831 930 1901 subjunxit,
982 1829 1067 1885 Ne
1110 1847 1228 1901 ergo
1260 1830 1473 1883 timcatis
1512 1846 1614 1883 eos.
1664 1827 1883 1883 Etiamsi

303 1923 450 1978 enim
476 1922 820 1991 praevaleant,
844 1924 895 1977 in
924 1922 1189 1978 minorem
1222 1929 1426 1989 partem
1478 1919 1839 1989 prtevalebunt
1867 1959 1883 1984 ,

303 2014 360 2069 in
383 2028 578 2083 corpus
620 2013 824 2069 scilicet
852 2031 864 2067 :
895 2011 1038 2083 quod
1062 2012 1271 2068 etiamsi
1316 2011 1389 2065 illi
1430 2025 1537 2065 non
1586 2010 1834 2065 occidant
1864 2050 1881 2077 ,

303 2114 494 2160 natura
522 2113 695 2159 tamen
724 2103 988 2159 absumet.

378 2196 433 2250 5.
467 2194 609 2249 Mors
635 2195 1015 2261 contemnenda,
1048 2194 1245 2249 Christo
1282 2193 1414 2248 illud
1440 2210 1527 2262 per
1545 2210 1684 2265 spem
1711 2202 1758 2247 et
1784 2208 1888 2246 me-

303 2293 414 2339 tum
444 2286 704 2340 suadente.
753 2285 853 2352 Qui
908 2287 1176 2354 conﬁtetur
1205 2325 1220 2351 ,
1269 2302 1359 2355 per
1400 2285 1621 2340 divinam
1670 2286 1886 2355 gratiam

305 2378 598 2446 conﬁtetur.
638 2375 773 2432 Deus
820 2376 1053 2432 libentius
1075 2378 1232 2444 bona,
1257 2394 1407 2447 quam
1435 2377 1686 2447 supplicia
1711 2376 1882 2445 infert.

304 2495 379 2511 α·-
406 2468 585 2538 Itaque
626 2484 695 2523 ne
722 2468 775 2523 in
812 2468 911 2523 hoc
939 2468 1152 2538 quidem
1198 2470 1271 2524 illi
1317 2477 1632 2539 potestatem
1666 2469 1883 2535 habent,

306 2581 337 2618 a
361 2573 548 2619 natura
587 2564 782 2634 quippe
814 2562 941 2618 illud
967 2564 1226 2620 obtinent.
1259 2563 1412 2632 Quod
1452 2564 1497 2619 si
1525 2563 1626 2618 hoc
1654 2563 1845 2618 timeas
1868 2602 1884 2629 ,

306 2656 476 2710 multo
500 2654 667 2723 magis
697 2652 989 2709 timendum
1015 2654 1141 2709 illud
1172 2654 1311 2724 quod
1334 2654 1521 2724 majus,
1552 2669 1614 2709 ac
1639 2663 1886 2710 metuen-

304 2746 408 2801 dus
435 2755 515 2800 est
561 2745 651 2802 ille
678 2747 769 2815 qui
815 2752 992 2816 potest
1013 2753 1068 2800 et
1096 2744 1326 2799 animam
1354 2754 1407 2800 et
1434 2760 1630 2815 corpus
1661 2745 1887 2815 perdere

306 2837 362 2892 in
388 2836 708 2908 gehennam.
730 2836 909 2907 Neque
930 2836 1212 2891 manifeste
1237 2836 1364 2891 dicit
1384 2852 1444 2892 se
1475 2837 1623 2891 illum
1654 2852 1777 2893 esse
1793 2838 1886 2907 qui

308 2928 478 2996 possit
500 2936 553 2981 et
582 2928 818 2982 animum
839 2935 893 2981 et
918 2941 1116 2995 corpus
1143 2925 1363 2996 perdere
1390 2943 1402 2991 ;
1428 2926 1523 2982 sed
1557 2943 1652 2997 per
1678 2941 1742 2982 ea
1769 2942 1887 2996 quae

308 3018 556 3086 superius
576 3016 728 3083 dixit,
762 3032 819 3072 se
844 3017 1080 3085 judicem
1107 3031 1225 3072 esse
1262 3018 1601 3071 monstravit.
1646 3019 1717 3072 At
1748 3031 1889 3072 nunc

306 3110 635 3163 contrariqu
658 3110 833 3164 evenit
866 3126 879 3162 :
910 3125 1032 3164 nam
1055 3124 1176 3165 eum
1199 3110 1285 3179 qui
1314 3117 1486 3178 potest
1506 3109 1736 3163 animam
1762 3124 1890 3179 per-

309 3200 458 3269 dere,
491 3202 592 3257 hoc
614 3210 699 3257 est
720 3242 738 3268 ,
768 3202 1027 3271 supplicio
1052 3201 1285 3265 afﬁcere,
1319 3216 1425 3255 non
1459 3201 1741 3267 timemus;
1772 3200 1890 3257 illos

309 3302 488 3348 autem
516 3293 604 3361 qui
623 3306 816 3362 corpus
847 3292 1172 3346 interﬁciunt
1188 3290 1667 3361 perhorrescimus.
1685 3291 1889 3358 Quam-

311 3400 470 3454 quam
518 3386 605 3439 ille
646 3400 749 3439 una
804 3398 925 3438 cum
956 3383 1132 3437 anima
1161 3396 1355 3451 corpus
1384 3383 1544 3435 etiam
1574 3382 1886 3437 ulciscitur:

309 3476 384 3531 illi
415 3490 541 3529 vero
564 3490 670 3529 non
698 3474 855 3529 modo
882 3475 1117 3528 animam
1136 3515 1150 3539 ,
1180 3473 1274 3526 sed
1328 3488 1394 3528 ne
1424 3488 1619 3543 corpus
1675 3473 1890 3543 quidem

310 3575 534 3636 possunt
561 3567 784 3634 punire;
810 3565 933 3619 licet
960 3564 1101 3629 enim
1129 3564 1322 3619 millies
1348 3564 1608 3633 supplicio
1633 3566 1888 3631 afﬁciant,

313 3658 646 3727 splendidius
669 3656 797 3711 illud
822 3656 1043 3713 omnino
1073 3655 1318 3711 reddunt.
1355 3655 1597 3710 Vidistin‘
1622 3657 1891 3728 quomodo

308 3748 601 3803 certamina
628 3748 801 3802 facilia
846 3746 1069 3802 reddat?
1097 3746 1239 3803 Mors
1262 3748 1406 3802 enim
1442 3762 1631 3803 eorum
1659 3750 1889 3805 animam

311 3838 599 3893 admodum
627 3838 951 3908 exagitabat,
1000 3840 1357 3911 terribilisque
1385 3840 1560 3896 adhuc
1579 3850 1718 3908 erat,
1749 3842 1891 3914 quod

310 3932 548 3986 nondum
571 3940 874 4001 expugnatu
907 3930 1078 3986 facilis
1106 3941 1251 3988 esset
1279 3971 1294 3996 ,
1332 3948 1431 3988 nec
1456 3932 1633 3989 adhuc
1661 3934 1892 4004 Spiritus

310 4022 535 4091 gratiam
563 4024 899 4092 accepissent
939 4023 973 4074 ii
1018 4023 1107 4091 qui
1138 4023 1282 4077 illam
1311 4024 1667 4092 contempturi
1714 4035 1888 4081 erant.

310 4114 599 4184 Postquam
632 4128 759 4183 ergo
787 4114 1029 4167 timorem
1051 4121 1107 4167 et
1138 4120 1359 4178 metum,
1391 4112 1480 4182 qui
1509 4114 1743 4182 ipsorum
1771 4114 1889 4170 ani-

310 4221 453 4261 mam
472 4206 792 4276 exagitabat,
823 4204 1109 4259 amovisset
1132 4243 1149 4270 ,
1178 4204 1419 4273 sequenti
1448 4204 1607 4259 etiam
1637 4220 1892 4263 sermone

312 4302 420 4357 illis
442 4300 689 4355 ﬁduciam
720 4299 893 4364 indit;
941 4299 1133 4354 timore
1160 4298 1408 4352 timorem
1438 4296 1665 4369 pellens,
1694 4314 1793 4355 nec
1823 4299 1891 4355 ti-

310 4408 465 4447 more
504 4391 681 4457 modo,
727 4390 821 4446 sed
852 4405 1164 4460 magnorum
1201 4404 1296 4459 spe
1330 4391 1701 4459 praemiorum;
1738 4392 1889 4449 insu-

310 4499 511 4556 perque
527 4498 647 4539 cum
664 4497 850 4553 magna
870 4489 1131 4553 p0testate
1146 4482 1499 4547 comminatur
1517 4497 1533 4537 :
1554 4492 1712 4554 atque
1724 4483 1890 4539 utrin-

309 4592 418 4647 que
437 4576 555 4630 illos
571 4574 813 4630 hortatur
836 4575 901 4631 ad
929 4575 1175 4631 ﬁduciam
1206 4589 1302 4644 pro
1321 4575 1540 4630 veritate
1551 4576 1887 4643 sumendam,

309 4667 427 4724 haec
448 4667 700 4737 adjiciens
723 4683 737 4719 :
767 4667 850 4722 52.
877 4667 1189 4736 Quicumque
1208 4666 1521 4736 conﬁtebitur
1539 4667 1592 4721 in
1618 4684 1695 4721 me
1718 4685 1889 4723 coram

310 4758 614 4825 hominibus,
643 4758 916 4826 confitebor
937 4767 983 4811 et
1003 4774 1093 4829 ego
1105 4759 1156 4811 in
1181 4774 1292 4811 eum
1309 4774 1478 4812 coram
1499 4757 1654 4814 Patre
1678 4777 1786 4814 meo
1803 4761 1889 4831 qui

309 4861 382 4905 est
409 4851 461 4904 in
488 4851 659 4914 catis;
690 4851 775 4905 35.
809 4858 855 4904 et
882 4850 1181 4920 quicumque
1208 4851 1462 4920 negaverit
1490 4867 1568 4904 me
1594 4868 1766 4905 coram
1794 4852 1887 4907 lto-

308 4941 548 5006 minibus,
585 4940 774 5012 negabo
820 4949 865 4994 et
895 4957 987 5011 ego
1024 4957 1138 4995 eum
1168 4956 1338 4995 coram
1374 4938 1530 4995 Patre
1556 4958 1663 4996 meo
1702 4943 1787 5012 qui
1816 4952 1887 4997 est

308 5032 361 5083 in
377 5032 515 5085 ctetis
531 5030 572 5084 ⁸.
598 5030 713 5086 Νοη
739 5031 879 5085 enim
904 5045 933 5083 a
958 5030 1216 5084 bonorum
1243 5044 1338 5100 spe
1359 5036 1587 5097 tantum,
1608 5030 1701 5086 sed
1725 5032 1884 5086 etiam

309 5137 340 5175 a
368 5121 631 5177 malorum
673 5132 815 5176 metu
850 5122 1103 5183 concitat,
1133 5129 1186 5176 et
1216 5123 1267 5174 in
1301 5121 1471 5175 tristia
1494 5120 1711 5176 desinit.
1756 5122 1884 5192 Ejus

308 5220 488 5265 autem
518 5216 912 5267 accurationem
940 5211 1229 5282 perpende.
1260 5210 1375 5265 Non
1404 5210 1564 5276 dixit,
1595 5209 1696 5276 Me,
1747 5211 1840 5266 sed
1866 5252 1881 5278 ,

310 5300 379 5356 In
409 5318 519 5367 me,
571 5302 862 5357 ostendens
889 5318 1011 5358 cum
1052 5301 1143 5373 qui
1170 5301 1478 5369 conﬁtetur,
1534 5316 1639 5356 non
1670 5302 1880 5372 propria

307 5395 530 5460 virtute,
562 5394 657 5450 sed
679 5410 909 5465 superna
951 5395 1117 5465 gratia
1144 5394 1334 5450 fultum
1356 5393 1622 5450 conﬁteri.
1654 5395 1730 5450 De
1783 5409 1881 5450 ne-

307 5496 469 5557 gante
499 5502 605 5541 non
656 5487 809 5554 dixit,
845 5486 899 5540 In
932 5501 1019 5541 me
1046 5526 1063 5553 ,
1093 5485 1212 5554 sed,
1251 5484 1339 5540 Me
1365 5499 1386 5541 :
1410 5501 1531 5540 nam
1577 5500 1699 5541 cum
1739 5484 1884 5539 dono

308 5578 493 5647 gratiae
520 5592 717 5632 vacuus
755 5578 841 5643 sit,
871 5578 939 5631 ita
969 5586 1146 5647 negat.
1181 5576 1287 5632 Cur
1315 5591 1443 5647 ergo
1469 5588 1769 5640 accusatur,
1801 5576 1882 5630 in-

306 5666 494 5737 quies,
525 5666 570 5723 si
602 5667 648 5723 is
686 5668 774 5737 qui
831 5676 1022 5737 negat,
1065 5668 1138 5722 ita
1180 5667 1601 5737 derclinquitur?
1627 5668 1760 5735 Quia
1792 5669 1880 5737 qui

306 5757 715 5827 derelinquitur,
740 5759 893 5828 culpa
924 5774 1019 5813 sua
1047 5758 1456 5828 derelinquitur.
1490 5758 1594 5814 Sed
1634 5774 1730 5814 cur
1773 5773 1877 5815 non

374 5869 392 5903 ι
424 5876 533 5920 Haec
554 5866 764 5921 clausula
787 5869 1033 5934 Evangelii
1056 5876 1155 5923 tota
1174 5869 1348 5924 deerat
1364 5870 1414 5922 in
1435 5867 1603 5922 Morel.

1283 426 1349 483 IN
1385 422 1795 483 MATTliEUM
1833 420 2063 478 ηοιίιι.
2104 421 2342 491 XXXIV,
2382 422 2455 477 al.
2495 421 2712 479 XXXV.

3465 429 3561 487 402

1988 539 2182 598 sufﬁcit
2211 542 2341 597 ﬁdes
2377 542 2431 597 in
2460 543 2661 611 animo,
2703 541 2799 600 sed
2826 542 2937 599 oris
2966 544 3127 600 etiam
3171 544 3562 603 confessionem

1993 635 2256 705 requirit?
2286 635 2352 692 Ut
2400 651 2500 691 nos
2546 638 2730 692 incitet
2750 637 2819 692 ad
2850 636 3093 694 ﬁduciam
3124 649 3178 694 et
3204 640 3271 695 ad
3310 639 3562 710 loquendi

1990 724 2290 789 ‘ibertatem
2318 768 2332 791 ,
2366 743 2572 783 necnon
2600 728 2668 784 ad
2718 732 2980 801 majorem
3022 733 3300 789 caritatem
3329 741 3386 788 et
3432 732 3564 787 aﬁ‘e-

1992 829 2159 888 ttum,
2192 830 2356 890 utque
2378 836 2477 876 nos
2520 822 2787 879 sublimior
2799 839 2859 880 es
2882 825 3097 880 efﬁciat.
3131 824 3364 893 Ideoque
3389 825 3565 879 omni-

1990 912 2091 968 bus
2130 913 2384 983 loquitur,
2442 928 2616 984 neque
2644 915 2792 971 solos
2822 916 3040 985 respicit
3076 915 3403 984 discipulos;
3451 928 3560 970 non

1990 1005 2110 1061 illos
2132 1007 2276 1061 enim
2309 1013 2535 1073 tantum,
2590 1006 2683 1061 sed
2723 1006 2880 1061 etiam
2913 1005 3203 1076 discipulos
3246 1020 3432 1061 eorum
3453 1007 3563 1075 jam

1992 1108 2240 1155 strenuos
2265 1098 2494 1155 reddere
2516 1099 2712 1154 studet.
2741 1099 2874 1153 Nam
2895 1099 2986 1169 qui
3011 1098 3125 1152 haec
3146 1098 3413 1160 did3cerit.
3460 1112 3567 1152 non

1991 1194 2154 1249 modo
2180 1208 2300 1247 cum
2328 1193 2571 1248 libertate
2610 1192 2847 1257 docebit,
2881 1190 2974 1246 sed
3006 1192 3168 1246 etiam
3211 1189 3387 1244 omnia
3414 1189 3569 1243 facile

1991 1294 2045 1339 et
2090 1300 2282 1355 magno
2308 1284 2488 1338 animo
2517 1284 2766 1353 patietur.
2795 1281 2851 1336 Id
2896 1292 3041 1337 certe
3082 1281 3205 1335 fecit
3235 1290 3294 1335 ut
3319 1280 3468 1335 multi
3500 1278 3567 1333 ad

1990 1377 2264 1445 apostolos
2292 1376 2625 1438 accederent,
2659 1373 2801 1445 quod
2854 1373 2978 1428 huic
3012 1372 3157 1427 dicto
3206 1372 3363 1426 ﬁdem
3404 1370 3567 1425 habe-

1990 1480 2127 1525 rent.
2159 1468 2289 1523 Nam
2318 1478 2374 1524 nt
2401 1468 2453 1523 in
2502 1468 2654 1523 malis
2682 1467 2883 1538 majora
2926 1466 3186 1536 supplicia
3231 1473 3565 1534 sequuntur:

1992 1562 2073 1616 sic
2103 1571 2157 1615 et
2186 1560 2238 1614 in
2268 1560 2421 1615 bonis
2449 1559 2621 1627 major
2641 1573 2868 1614 merces.
2896 1557 3027 1625 Quia
3058 1556 3202 1612 enim
3232 1556 3322 1625 qni
3367 1555 3566 1609 bonum

1990 1653 2068 1708 sic
2089 1659 2358 1722 operatur,
2383 1650 2597 1705 divitias
2618 1650 2719 1705 sibi
2751 1658 2919 1720 parat,
2952 1656 3202 1719 peccator
3226 1656 3400 1702 autem
3429 1646 3568 1703 dita.

1993 1744 2137 1797 tione
2163 1741 2408 1810 supplicii
2439 1755 2498 1795 se
2528 1740 2719 1795 lucrari
2752 1740 3045 1804 existimat,
3077 1754 3282 1807 parem,
3310 1738 3417 1793 imo
3445 1737 3569 1792 lon-

1991 1847 2056 1901 ge
2079 1830 2339 1901 majorem
2367 1832 2502 1886 bene
2536 1830 2779 1901 operanti
2804 1830 3011 1884 induxit
3030 1829 3262 1899 copiam,
3291 1844 3386 1885 seu
3423 1844 3566 1899 pra:-

1992 1924 2220 1980 miorum
2247 1923 2692 1979 additamentum.
2726 1923 2873 1978 Ilanc
2893 1922 3323 1993 prmrogativam,
3353 1922 3523 1990 inquit
3549 1963 3565 1989 ,

1992 2017 2178 2082 habes,
2205 2015 2345 2085 quod
2375 2016 2427 2070 in
2456 2031 2541 2071 me
2582 2016 2726 2086 prior
2770 2015 3106 2070 credideris?
3135 2014 3248 2084 Ego
3279 2014 3407 2069 item
3432 2013 3570 2068 hanc

1991 2109 2395 2180 praerogativam
2442 2108 2601 2170 dabo.
2643 2116 2701 2163 ut
2727 2107 2927 2176 majora
2967 2106 3194 2161 tribuam
3221 2146 3236 2169 ,
3265 2105 3374 2159 imo
3411 2105 3568 2175 longe

1990 2201 2194 2271 majora
2229 2220 2243 2257 :
2271 2215 2393 2256 nam
2435 2201 2507 2256 ibi
2533 2209 2585 2256 te
2615 2199 2931 2256 conﬁtebor.
2965 2199 3153 2255 Viden’
3179 2208 3235 2254 et
3263 2198 3349 2253 hic
3376 2206 3431 2253 et
3466 2199 3571 2253 illic

1990 2292 2127 2348 bona
2174 2300 2230 2346 et
2276 2292 2411 2346 mala
2447 2290 2837 2346 recondi?Cnr
2865 2306 2994 2361 ergo
3037 2291 3296 2346 festinas?
3337 2307 3434 2346 cur
3485 2290 3572 2347 hic

1993 2382 2293 2439 mercedem
2330 2382 2545 2452 quarris,
2580 2381 2668 2452 qui
2696 2396 2790 2451 spe
2812 2382 2920 2451 jam
2953 2381 3131 2436 salvus
3166 2384 3262 2436 es?
3284 2382 3489 2436 Idcirco
3515 2383 3567 2437 si

1991 2477 2117 2547 quid
2142 2476 2265 2530 boni
2295 2473 2506 2539 feceris,
2561 2489 2731 2543 neque
2756 2473 2842 2529 hic
2876 2475 3177 2530 mercedem
3208 2474 3435 2542 recipias
3455 2514 3471 2539 ,
3504 2489 3571 2528 ne

1992 2566 2261 2632 turberis;
2300 2580 2421 2620 cum
2468 2565 2832 2621 additamento
2855 2567 2997 2620 enim
3046 2567 3097 2619 in
3130 2564 3308 2620 futuro
3332 2575 3573 2634 tempore

1991 2667 2046 2713 te
2073 2671 2279 2712 merces
2318 2664 2517 2710 manet.
2546 2655 2636 2711 Sin
2658 2656 2929 2726 quidpiam
2954 2656 3076 2709 mali
3105 2655 3317 2720 feceris,
3353 2669 3451 2711 nec
3474 2654 3573 2710 des

1992 2761 2201 2817 poenas,
2231 2762 2297 2801 ne
2328 2746 2449 2801 ideo
2503 2747 2682 2816 segnis
2708 2746 2813 2810 sis;
2848 2746 2955 2800 illic
2980 2746 3121 2800 enim
3155 2753 3207 2800 te
3253 2744 3572 2817 supplicium

1994 2838 2244 2907 excipiet,
2294 2838 2393 2891 nisi
2421 2837 2645 2892 muteris
2676 2846 2729 2892 et
2758 2836 2950 2892 melior
2979 2836 3198 2891 evadas.
3229 2836 3287 2889 Si
3313 2850 3441 2890 vero
3465 2850 3572 2890 non

1992 2929 2187 2994 credis,
2214 2943 2279 2983 ex
2308 2928 2659 2999 prtescntibtts
2684 2928 2845 2983 rebus
2870 2929 3043 2981 futura
3070 2928 3344 2998 conjicito.
3372 2926 3503 2982 Nam
3528 2928 3572 2982 si

1994 3020 2347 3075 certaminum
2380 3030 2620 3088 tempore
2665 3018 2743 3072 sic
2774 3018 3009 3073 illustres
3043 3027 3167 3071 sunt
3211 3018 3244 3072 ii
3275 3018 3365 3085 qui
3401 3017 3575 3071 conﬁ-

1997 3117 2195 3173 tentur,
2237 3106 2508 3178 perpende
2533 3108 2720 3178 quales
2746 3122 3068 3162 coronarum
3116 3115 3357 3175 tempore
3410 3105 3571 3160 futuri

1995 3200 2120 3255 sint.
2170 3199 2226 3255 Si
2286 3200 2486 3254 inimici
2530 3198 2617 3255 hic
2651 3199 2923 3269 plaudunt,
2970 3200 3059 3269 qui
3106 3207 3161 3253 te
3218 3198 3410 3254 affectu
3457 3199 3576 3268 plus

1996 3308 2154 3361 quam
2182 3300 2407 3360 paterno
2446 3290 2634 3358 diligit,
2673 3290 2945 3360 quomodo
2981 3305 3087 3345 non
3122 3300 3174 3345 te
3204 3291 3481 3344 mirabitur
3515 3299 3570 3343 et

1995 3381 2288 3437 celebrabit
2312 3382 2334 3432 ?
2363 3380 2512 3435 Tunc
2530 3382 2671 3434 enim
2701 3389 2861 3435 erunt
2886 3390 2941 3435 et
2968 3379 3226 3434 bonorum
3253 3380 3468 3449 prmmia
3508 3390 3563 3434 et

1996 3472 2259 3526 malorum
2288 3472 2542 3541 supplicia
2570 3489 2584 3536 ;
2616 3472 2685 3525 ita
2716 3481 2773 3524 ut
2820 3471 2907 3540 qui
2935 3470 3245 3539 negaverint
3271 3511 3286 3537 ,
3314 3479 3368 3525 et
3406 3470 3491 3524 hic
3517 3479 3573 3525 et

1996 3564 2106 3619 illic
2150 3563 2467 3634 puniantur;
2499 3561 2585 3617 hic
2625 3576 2747 3616 cum
2773 3561 2909 3616 mala
2936 3560 3262 3615 conscientia
3290 3560 3533 3615 viventes
3552 3599 3570 3627 ,

1996 3657 2085 3727 qui
2138 3664 2626 3726 quantumcumque
2678 3662 2908 3708 mortem
2958 3650 3232 3721 fugerint,
3278 3652 3575 3708 morientur

1998 3748 2246 3814 tandem;
2291 3748 2401 3802 illic
2426 3762 2558 3802 vero
2586 3755 2852 3802 extremas
2876 3744 3081 3801 dabunt
3108 3760 3332 3815 pcenas;
3363 3746 3452 3800 alii
3478 3761 3577 3801 au-

1997 3850 2103 3897 tem
2135 3851 2189 3895 et
2217 3839 2304 3895 hic
2320 3848 2377 3894 et
2397 3839 2505 3893 illic
2525 3839 2836 3902 lucrantur;
2864 3845 2918 3890 et
2936 3844 3161 3891 mortem
3190 3835 3276 3889 hic
3296 3837 3347 3891 in
3370 3837 3574 3892 lucrum

1996 3940 2264 3988 vertentes
2286 3971 2300 3994 ,
2328 3946 2432 4001 qua
2453 3930 2585 3985 vivis
2613 3927 3001 3998 splendidiores
3024 3927 3347 3995 efﬁciuntur,
3380 3937 3432 3982 et
3464 3929 3572 3984 illic

1996 4022 2354 4077 ineﬁ‘abilibus
2379 4020 2620 4075 fruentes
2641 4019 2817 4074 bonis.
2842 4017 2957 4073 Non
2980 4019 3123 4073 enim
3146 4018 3210 4071 ad
3246 4018 3572 4088 puniendum

1996 4122 2225 4181 tantum,
2276 4113 2371 4168 sed
2416 4112 2577 4168 etiam
2626 4110 2692 4165 ad
2738 4110 2876 4165 bona
2927 4110 3194 4179 eroganda
3238 4120 3453 4180 paratus
3491 4122 3575 4167 est

1997 4206 2173 4271 Deus;
2202 4214 2257 4260 et
2282 4203 2350 4259 ad
2381 4202 2483 4258 hoc
2508 4211 2656 4258 certe
2684 4201 2852 4271 magis
2882 4215 3044 4271 quam
3070 4201 3138 4255 ad
3166 4200 3317 4256 illud.
3341 4199 3449 4257 Sed
3478 4216 3574 4256 cur

1996 4298 2100 4353 hoc
2127 4296 2317 4363 semel,
2352 4294 2483 4351 illud
2517 4294 2599 4349 bis
2625 4293 2845 4365 posuit?
2874 4292 3036 4348 Novit
3063 4300 3213 4348 certe
3244 4293 3436 4349 timore
3462 4308 3576 4347 ma-

1994 4390 2078 4461 gis
2130 4391 2378 4444 homines
2422 4387 2488 4442 ad
2522 4386 2951 4457 resipiscentiam
2980 4384 3192 4440 adduci.
3224 4385 3427 4440 Idcirco
3452 4400 3575 4439 cum

1992 4484 2237 4547 dixisset,
2282 4481 2470 4535 Timete
2499 4497 2611 4535 eum
2634 4480 2722 4549 qui
2753 4489 2914 4548 potest
2944 4487 2992 4531 et
3031 4478 3259 4531 animam
3296 4486 3343 4531 et
3387 4492 3573 4546 corpus

1996 4576 2204 4645 perdere
2223 4574 2274 4627 in
2298 4574 2598 4644 gehennam,
2624 4587 2837 4625 rursum
2859 4570 3007 4636 dicit,
3034 4568 3244 4639 Negabo
3265 4585 3378 4622 eum
3396 4577 3441 4622 et
3458 4585 3568 4638 ego.

1992 4667 2082 4723 Sic
2109 4676 2164 4721 et
2184 4666 2381 4721 Paulus
2414 4664 2664 4731 faciebat,
2696 4663 2994 4733 gehennam
3031 4660 3340 4731 frequenter
3360 4674 3569 4714 memo-

1993 4775 2137 4814 rans.

2062 4852 2117 4906 4.
2150 4849 2312 4915 Mors,
2342 4847 2539 4903 Christo
2562 4855 2813 4912 monente,
2839 4861 2940 4898 non
2977 4841 3262 4897 metuenda.
3302 4840 3573 4906 Corruptio

1991 4958 2257 5014 corporum
2286 4941 2442 4994 utilis.
2477 4940 2610 5006 Quot
2654 4937 2788 4990 mala
2831 4935 3100 4999 euenirent,
3141 4935 3186 4987 si
3228 4948 3443 5002 corpora
3471 4949 3572 4986 non

1991 5044 2448 5106 corrumperentur.
2478 5061 2548 5072 ——
2576 5030 2707 5085 Cum
2754 5029 2915 5098 igitur
2963 5027 3259 5083 auditorem
3303 5024 3447 5080 omni
3499 5040 3571 5080 ex

1991 5137 2143 5198 parte
2183 5126 2508 5181 stimulasset
2537 5122 2682 5194 (nam
2712 5131 2764 5175 et
2792 5120 2954 5175 caelos
2984 5117 3083 5188 ipsi
3108 5119 3348 5189 aperuit,
3381 5129 3429 5173 et
3471 5118 3570 5173 tri-

1991 5221 2150 5276 bunal
2177 5219 2304 5276 illud
2334 5218 2567 5275 terribile
2592 5214 2924 5279 monstravit,
2949 5213 3259 5283 angelorum
3283 5214 3569 5277 theatrum,

1990 5328 2305 5368 coronarum
2354 5308 2795 5381 proclamationes
2817 5348 2834 5374 ,
2870 5321 2988 5377 qum
3018 5306 3117 5376 pia:
3146 5304 3403 5360 doctrime
3431 5305 3568 5359 viam

1990 5402 2199 5458 facilem
2222 5402 2509 5472 pararent),
2538 5399 2751 5454 demum
2779 5412 2847 5453 ne
2872 5412 2967 5467 per
2995 5398 3237 5452 timorem
3263 5395 3571 5466 praedicatio

1990 5494 2355 5564 impediretur,
2386 5493 2453 5547 ad
2491 5491 2665 5547 caedes
2691 5492 2833 5560 ipsos
2872 5490 3115 5561 apparari
3154 5487 3341 5560 jubet,
3383 5496 3440 5542 ut
3483 5487 3567 5543 di-

1990 5593 2160 5651 scant,
2180 5597 2273 5639 eos
2300 5583 2389 5653 qui
2432 5583 2484 5637 in
2516 5580 2884 5637 incredulitate
2910 5577 3217 5650 persistttnt,
3248 5578 3406 5632 etiam
3433 5578 3567 5632 insi-

1979 5676 2192 5731 diarum
2208 5672 2455 5727 ﬁdelibus
2469 5678 2799 5725 structarum
2821 5683 3009 5739 ptenas
3026 5683 3148 5724 esse
3164 5666 3559 5723 daturos.Mor-

1982 5777 2089 5822 tem
2118 5779 2249 5834 ergo
2265 5761 2650 5832 despiciamus,
2668 5761 2883 5817 etiamsi
2918 5761 3158 5815 nondum
3191 5760 3309 5828 ejus
3338 5768 3555 5829 tempus

1982 5858 2410 5915 adveuet‘itznam
2433 5853 2499 5909 ad
2517 5854 2691 5908 multo
2709 5852 2987 5908 meliorem
3008 5852 3172 5908 vitam
3192 5850 3552 5909 resurrecturi
