4118 6506
494 444 598 501 ιοπ

493 567 698 614 sumus.
719 554 805 615 At,
825 550 992 615 dices,
1007 557 1202 615 corpus
1217 538 1611 610 corrumpitur?
1627 535 1696 592 Et
1714 532 1835 589 ideo
1851 530 2083 589 maxime

496 645 836 719 gaudendum
856 683 871 709 ,
915 638 1057 711 quod
1087 649 1235 691 mors
1259 639 1667 701 corrumpatur,
1709 635 1774 719 et
1787 624 2085 719 mortalitas

498 714 716 810 pereat,
762 749 867 789 non
901 738 1081 785 autem
1110 724 1406 782 substantia
1437 720 1701 791 corporis.
1728 716 1914 810 Neque
1940 714 2083 810 enim

503 803 544 885 si
569 826 785 885 conflari
818 824 1029 879 videres
1055 829 1304 882 statuam,
1332 813 1623 885 perniciem
1652 810 1704 866 id
1734 809 1962 873 diceres,
1993 803 2085 861 sed

500 921 776 976 meliorem
808 915 1047 971 materia:
1085 926 1263 967 usum.
1310 908 1401 964 Sic
1441 915 1495 962 et
1523 904 1591 960 de
1619 916 1845 973 corpore
1873 899 2044 969 cogita
2068 936 2083 962 ,

497 1023 648 1072 etne
678 1008 1009 1081 lacrymeris.
1052 1004 1313 1060 Flendum
1359 1014 1489 1055 sane
1528 1004 1705 1062 esset,
1753 995 1797 1050 si
1838 994 1892 1048 in
1930 1006 2086 1064 ptena

496 1103 803 1159 mansisset.
836 1099 940 1155 Sed
969 1096 1315 1167 oportuisset.
1346 1089 1574 1161 inquies,
1604 1088 1719 1143 sine
1746 1084 2089 1153 corruptione

497 1204 783 1264 corporum
830 1191 883 1246 id
930 1189 1078 1254 ﬁeri,
1125 1196 1180 1241 et
1214 1187 1326 1256 ipsa
1368 1184 1571 1251 integra
1601 1193 1837 1233 manere.
1870 1176 1938 1230 Et
1963 1173 2090 1245 quid

500 1285 627 1340 inde
673 1282 912 1339 utilitatis
954 1289 1047 1334 aut
1092 1279 1228 1333 vivis
1273 1284 1368 1331 aut
1408 1271 1671 1329 defunctis
1719 1268 2091 1341 provenisset?

500 1378 789 1445 Quousque
815 1382 1080 1428 amatores
1109 1384 1393 1440 corporum
1418 1364 1602 1422 eritis?
1629 1376 1905 1435 quousque
1935 1369 2092 1415 terra:

502 1468 699 1524 addicti
724 1466 790 1520 ad
820 1466 1037 1519 umbras
1060 1460 1317 1517 initiatis?
1340 1457 1477 1527 Quid
1505 1456 1630 1511 inde
1660 1454 1900 1508 utilitatis
1924 1451 2098 1506 obve-

504 1558 677 1615 niret?
708 1559 815 1612 imo
859 1555 986 1626 quid
1025 1570 1133 1609 non
1181 1551 1487 1607 nocumenti
1532 1546 1849 1603 accederet?
1884 1544 2015 1599 Nam
2045 1543 2092 1597 si

503 1665 725 1720 corpora
757 1663 863 1703 non
889 1652 1393 1715 corrumperentur,
1420 1640 1619 1694 malum
1647 1637 1886 1692 omnium
1914 1634 2092 1690 deter-

503 1743 699 1797 rimum
726 1781 742 1807 ,
788 1739 1037 1809 superbia
1068 1739 1122 1791 in
1163 1735 1349 1789 multis
1374 1731 1596 1801 vigeret.
1626 1728 1834 1784 Etenim
1861 1742 1981 1782 cum
2008 1741 2094 1782 res

504 1836 578 1889 ita
612 1849 670 1890 se
710 1832 903 1887 habeat
924 1872 941 1897 ,
986 1841 1316 1899 corporeque
1356 1823 1624 1880 vermibus
1652 1829 1911 1885 scatente,
1942 1819 2093 1874 multi

506 1934 686 1980 tamen
718 1938 779 1978 se
804 1922 937 1977 deos
962 1917 1259 1975 existimari
1288 1915 1627 1980 studuerunt,
1658 1912 1784 1984 quid
1812 1928 1919 1967 non
1949 1911 2097 1966 futu-

507 2030 627 2071 rum
656 2022 773 2069 erat
791 2055 807 2080 ,
838 2014 883 2068 si
912 2025 1110 2082 corpus
1137 2006 1458 2064 mansisset?
1487 2003 1754 2068 Secundo,
1787 2019 1892 2058 non
1920 2001 2095 2057 credi-

507 2108 715 2163 dissent
741 2119 968 2176 corpora
998 2119 1063 2159 ex
1092 2114 1233 2159 terra
1260 2110 1438 2157 ortum
1480 2099 1680 2154 habere
1707 2116 1721 2151 :
1750 2112 1872 2152 nam
1908 2098 1952 2151 si
1982 2097 2099 2165 ejus

508 2198 616 2254 ﬁne
640 2199 691 2253 id
723 2197 1041 2252 testiﬁcante
1068 2195 1244 2257 adhuc
1285 2193 1501 2265 quidam
1541 2190 1804 2255 dubitant,
1835 2189 1961 2260 quid
1991 2207 2097 2245 non

506 2290 950 2359 suspicarentur,
998 2287 1099 2341 nisi
1148 2285 1253 2340 hoc
1296 2283 1580 2338 viderent?
1622 2281 1826 2346 Tertio,
1874 2295 2099 2350 corpora

510 2381 680 2451 magis
700 2380 1066 2451 diligerentur,
1091 2376 1409 2449 plurimique
1433 2374 1602 2444 magis
1622 2373 1862 2429 carnales
1881 2383 1936 2429 et
1950 2387 2099 2427 cras-

509 2474 680 2528 siores
707 2470 831 2526 facti
856 2481 1038 2526 essent
1061 2487 1074 2523 :
1100 2484 1221 2524 nam
1265 2469 1308 2522 si
1354 2481 1494 2522 nunc
1522 2465 1735 2535 quidam
1765 2466 2024 2535 sepulcris
2048 2472 2103 2520 et

508 2564 660 2631 urnis
683 2562 912 2627 luerent,
936 2561 1097 2616 etiam
1122 2560 1438 2631 corporibus
1458 2558 1808 2628 consumptis,
1836 2556 1964 2629 quid
1994 2571 2102 2612 non

511 2659 767 2723 facerent,
813 2656 856 2710 si
889 2656 1058 2725 ipsam
1094 2655 1376 2726 imaginem
1422 2652 1718 2709 haberent?
1746 2652 1967 2720 Quarto,
2000 2650 2102 2705 ho-

513 2751 686 2804 mines
716 2749 887 2803 futura
911 2763 1017 2801 non
1040 2747 1453 2803 desiderassent.
1475 2746 1691 2814 Quinto,
1717 2745 1791 2800 illi
1811 2747 1901 2816 qui
1922 2745 2104 2801 dicunt

512 2841 771 2897 mundum
793 2855 913 2896 esse
935 2840 1309 2905 immortalem,
1336 2840 1460 2895 hinc
1479 2840 1531 2895 in
1555 2840 1806 2910 opinione
1827 2840 2105 2895 ﬁrmaren-

514 2944 618 3001 tur,
648 2942 706 2989 ut
734 2942 1039 2989 assercrent
1084 2933 1250 2989 Deum
1282 2948 1388 2989 non
1416 2948 1534 2989 esse
1564 2940 1885 2988 creatorem.
1916 2933 2101 3000 Sexto,

514 3042 621 3082 non
652 3036 1069 3094 cognosceretur
1093 3028 1286 3081 anima:
1326 3027 1526 3093 virtus,
1555 3040 1657 3081 nec
1682 3035 1939 3096 quantum
1968 3041 2107 3096 pra:-

512 3130 637 3171 sens
676 3116 919 3171 conferat
944 3117 1120 3171 anima
1148 3117 1381 3187 corpori.
1409 3116 1649 3186 Septimo
1669 3156 1685 3183 ,
1730 3117 1882 3171 multi
1908 3132 1977 3172 ex
2005 3116 2106 3172 de-
2130 3146 2139 3155 ο

514 3206 815 3262 functorum
835 3223 1050 3263 suorum
1069 3222 1273 3274 amore,
1292 3207 1513 3261 urbibus
1534 3207 1757 3274 relictis,
1776 3208 1827 3261 in
1850 3209 2108 3279 sepulcris

520 3298 810 3353 habitaturi
850 3306 1037 3364 erant,
1086 3309 1141 3353 et
1182 3299 1489 3354 insanorum
1520 3298 1689 3354 instar
1714 3308 1955 3354 mortuos
1979 3313 2106 3355 suos

513 3390 824 3462 frequenter
843 3392 1165 3463 alloquuturi
1190 3412 1203 3448 :
1227 3406 1350 3447 nam
1371 3392 1414 3447 si
1436 3407 1577 3447 nunc
1605 3392 1819 3463 quidam
1851 3393 2108 3464 imagines

514 3484 830 3555 cﬁingentes
852 3525 869 3552 ,
913 3485 1036 3554 quia
1073 3500 1296 3556 corpora
1336 3484 1569 3541 retinere
1598 3499 1702 3539 non
1736 3494 1984 3555 possunt,
2013 3485 2107 3539 sed

516 3577 697 3632 invitis
724 3578 853 3646 ipsis
882 3577 969 3632 illa
995 3575 1258 3644 defluunt,
1287 3576 1475 3647 ligneis
1504 3575 1697 3631 tabulis
1727 3577 1949 3642 haerent,
1982 3575 2109 3647 quid

517 3682 624 3721 non
662 3666 884 3722 absurdi
928 3676 1056 3721 tunc
1101 3667 1536 3737 excogitassent?
1580 3667 1715 3722 Puto
1743 3682 1891 3724 certe
1915 3667 2110 3723 multos

520 3756 889 3827 hujuscemodi
910 3758 1226 3828 corporibus
1253 3759 1449 3827 templa
1474 3757 1832 3813 aediﬁcaturos
1852 3800 1867 3826 ,
1899 3768 1954 3813 et
1985 3774 2109 3827 per-

520 3864 775 3906 suasuros
800 3848 964 3905 fuisse
990 3850 1261 3905 dmmonas
1290 3852 1342 3903 in
1369 3849 1473 3903 illis
1499 3849 1665 3919 loqui,
1697 3849 1742 3903 si
1770 3849 1859 3920 qui
1882 3850 1937 3905 in
1964 3849 2112 3906 hisce

521 3941 806 4012 praestigiis
851 3941 1077 3997 solertes
1121 3942 1367 4008 fuissent,
1415 3940 1846 4012 quandoquidem
1891 3941 1989 4010 illi,
2021 3942 2113 4012 qui

522 4033 938 4088 necromantiam
968 4032 1169 4089 audent
1196 4047 1469 4100 exercere,
1499 4032 1661 4087 multa
1692 4031 1774 4088 his
1802 4032 2115 4088 absurdiora

523 4136 766 4191 tentant,
816 4124 882 4180 ad
929 4125 1044 4182 haec
1086 4127 1359 4196 pulverem
1409 4135 1465 4181 et
1514 4128 1725 4181 cineres
1774 4124 2113 4182 adhibentes.

524 4219 732 4285 Quanta
760 4216 885 4273 hinc
910 4216 1226 4272 idololatriae
1252 4231 1447 4287 genera
1479 4232 1585 4272 non
1611 4216 1992 4272 emersissent?
2021 4216 2116 4272 His

527 4310 689 4380 igitur
716 4308 967 4365 omnibus
992 4309 1214 4365 sublatis
1239 4309 1397 4375 Deus,
1430 4317 1613 4378 utpote
1642 4309 1908 4375 absurdis,
1938 4318 1995 4364 ut
2018 4323 2118 4364 nos

528 4401 770 4455 instituat
816 4400 883 4455 ad
927 4411 1140 4456 terrena
1183 4402 1359 4455 omnia
1389 4400 1721 4471 abjicienda,
1770 4409 1893 4455 ante
1934 4401 2120 4456 oculos

530 4499 748 4546 nostros
771 4505 969 4562 corpus
995 4491 1243 4546 destruit.
1272 4491 1403 4545 Nam
1442 4506 1730 4560 corporum
1757 4501 1963 4547 amator
1982 4533 1997 4559 ,
2028 4493 2121 4562 qui
2150 4518 2155 4527 -

532 4581 823 4637 formosam
854 4581 1083 4650 puellam
1110 4581 1337 4652 deperit,
1366 4583 1407 4637 si
1437 4582 1570 4636 nolit
1596 4582 1986 4643 deformitatem
2010 4599 2122 4639 ma-

531 4672 682 4727 teria:
729 4674 940 4729 ratione
982 4673 1213 4741 discere,
1264 4688 1381 4729 eam
1426 4675 1555 4744 ipsis
1602 4674 1770 4730 oculis
1814 4676 2118 4747 perspiciet.

538 4768 751 4824 Etenim
778 4767 959 4823 multa:
988 4776 1113 4822 sunt
1143 4767 1285 4838 paris
1310 4767 1482 4823 aetatis
1512 4768 1722 4838 puellae,
1752 4784 1814 4824 ac
1842 4784 1986 4840 saepe
2014 4768 2125 4825 for-

536 4863 796 4916 mosiores
815 4901 831 4926 ,
877 4875 996 4932 qua:
1024 4858 1288 4916 defuncta:
1313 4869 1435 4932 post
1473 4876 1634 4914 unam
1664 4862 1955 4916 alteramve
1981 4860 2125 4915 diem

539 4957 781 5009 fmtorem
834 4954 1161 5019 emiserunt,
1209 4954 1435 5018 saniem,
1486 4951 1844 5023 putredinem,
1893 4968 2125 5009 vermes.

539 5043 723 5115 Cogita
751 5044 963 5114 qualem
988 5060 1136 5101 ames
1158 5045 1625 5115 pulchritudinem,
1650 5054 1703 5098 et
1721 5059 1878 5114 quam
1905 5044 2129 5100 formam

542 5137 819 5206 depereas.
849 5136 905 5191 Si
932 5153 1058 5192 vero
1084 5152 1308 5207 corpora
1335 5153 1440 5192 non
1470 5145 1856 5207 putrescerent,
1886 5136 2001 5191 haec
2022 5151 2132 5192 non

541 5230 714 5303 probe
743 5228 982 5300 dignosci
1032 5240 1250 5300 possent
1275 5247 1288 5284 :
1312 5230 1404 5285 sed
1450 5232 1591 5284 sicut
1618 5229 1891 5284 daemones
1919 5244 2015 5298 per
2040 5244 2134 5284 se-

1233 428 1290 485 S.
1331 422 1607 483 JOANNIS
1643 411 2117 475 CBRYSOSTOMI
2155 410 2475 471 ARCIIIEP.
2516 410 3050 468 CONSTANTINOP.

3678 414 3783 471 MM

2189 529 2375 594 multa,
2402 538 2513 584 tum
2536 527 2639 584 hoc
2652 527 2814 584 etiam
2837 529 3071 583 animum
3093 528 3419 595 consolatur,
3439 531 3580 600 quod
3607 531 3781 602 imago

2199 622 2293 678 illa
2323 635 2430 676 non
2459 629 2730 691 appareat,
2761 621 2942 691 sicque
2967 621 3122 677 dolor
3149 621 3419 679 oblivione
3440 622 3671 679 difﬂuat.

2261 713 2317 769 5.
2341 712 2537 766 Anime
2565 711 2887 781 pulchritudo
2918 722 2968 767 et
3005 713 3318 783 prtestantia.
3344 744 3412 755 —
3438 713 3593 782 Quod
3623 716 3666 771 si
3696 733 3782 774 res

2190 819 2297 859 non
2317 804 2388 857 ita
2409 818 2468 859 se
2488 803 2731 869 haberet,
2753 804 2996 873 sepulcra
3023 805 3163 859 nulla
3184 816 3393 873 essent;
3422 806 3516 862 sed
3538 808 3783 864 civitates

2192 896 2403 952 videres
2422 911 2541 966 quae
2559 905 2799 951 mortuos
2820 910 2917 966 pro
2937 906 3014 951 sta
3023 898 3125 951 tuis
3147 897 3420 964 haberent,
3439 916 3561 955 cum
3585 903 3780 972 singuli

2192 988 2393 1043 vellent
2432 1002 2560 1043 suos
2601 987 2802 1044 videre.
2847 987 2982 1043 Hinc
3021 989 3207 1059 ingens
3235 992 3479 1047 confusio
3509 996 3780 1061 oriretur,

2192 1096 2352 1136 nemo
2371 1081 2563 1136 animae
2582 1096 2765 1135 curam
2788 1081 3025 1149 haberet,
3046 1098 3146 1138 nec
3165 1083 3233 1139 de
3251 1088 3367 1153 ejus
3385 1087 3784 1145 immortalitate

2193 1174 2451 1245 cogitaret
2476 1192 2490 1228 :
2513 1174 2784 1245 multaque
2808 1176 2909 1230 alia
2931 1176 3244 1232 absurdiora
3277 1179 3399 1235 inde
3424 1196 3781 1252 emergerem,

2196 1283 2313 1337 quae
2340 1284 2409 1323 ne
2433 1267 2612 1323 dicere
2641 1268 2853 1339 quidem
2902 1269 2980 1323 fas
3024 1282 3126 1325 est.
3159 1270 3445 1342 Propterea
3476 1275 3655 1329 subito
3689 1291 3786 1345 pu-

2197 1360 2399 1426 trescit,
2424 1370 2482 1415 ut
2502 1362 2698 1416 nudam
2725 1363 2917 1417 anima:
2946 1363 3392 1432 pulchritudinem
3421 1367 3621 1422 videas.
3653 1369 3783 1423 Nam

2196 1454 2240 1507 si
2262 1453 2419 1507 talem
2443 1452 2668 1508 formam
2690 1462 2745 1509 et
2761 1453 2919 1508 talem
2940 1454 3103 1509 vitam
3126 1457 3301 1511 anima
3323 1461 3532 1528 corpori
3560 1461 3783 1530 praebet,

2197 1552 2398 1614 quanto
2434 1543 2652 1613 majoris
2690 1545 2802 1613 ipsa
2832 1544 3242 1615 pulchritudinis
3284 1548 3429 1603 erit?
3464 1551 3509 1604 si
3557 1566 3672 1606 rem
3716 1553 3786 1608 ita

2198 1639 2488 1696 defamem
2510 1648 2793 1704 sustentat,
2815 1650 3014 1711 quanto
3034 1642 3201 1711 magis
3222 1643 3484 1713 seipsam?
3500 1644 3622 1700 Non
3644 1648 3787 1701 enim

2198 1746 2393 1802 corpus
2418 1733 2591 1800 ipsum
2635 1731 2911 1802 pulchrum
2942 1742 3060 1800 est,
3105 1734 3198 1789 sed
3231 1736 3340 1803 ipsa
3372 1736 3703 1803 efl'ormatio,
3734 1748 3790 1794 et

2199 1823 2298 1877 ﬁos
2342 1822 2434 1877 ille
2472 1823 2560 1893 qui
2584 1838 2679 1892 per
2701 1823 2931 1877 animam
2960 1824 3013 1877 in
3036 1826 3255 1879 materia
3285 1825 3607 1897 depingitur.
3640 1829 3788 1883 Illam

2200 1913 2357 1984 igitur
2382 1927 2522 1977 ama,
2551 1928 2671 1984 qua:
2696 1914 2906 1983 corpori
2939 1914 3099 1969 talem
3126 1916 3357 1985 speciem
3385 1919 3651 1972 conciliat.
3685 1918 3791 1974 Ec-

2201 2005 2326 2075 quid
2366 2006 2434 2060 de
2474 2014 2646 2062 morte
2692 2006 2916 2078 loquor?
2961 2007 3175 2064 Etenim
3218 2009 3270 2064 in
3317 2008 3416 2065 hac
3442 2026 3656 2082 quoque
3683 2013 3791 2068 vita

2202 2098 2481 2153 ostendam
2514 2099 2607 2154 tibi
2635 2139 2652 2165 ,
2701 2099 2971 2169 quomodo
2997 2101 3217 2170 pulchra
3245 2103 3422 2158 omnia
3449 2102 3517 2158 ab
3544 2104 3634 2158 illa
3663 2120 3791 2173 pro-

2204 2189 2530 2245 ﬁciscantur.
2558 2190 2689 2245 Nam
2721 2191 2765 2247 si
2796 2191 2888 2245 illa
2917 2192 3157 2259 laetetur,
3184 2208 3342 2248 roseo
3368 2209 3531 2264 genas
3556 2194 3794 2266 depingit

2203 2280 2419 2345 colore;
2468 2281 2549 2335 sin
2585 2289 2776 2337 mmsta
2802 2281 2909 2350 sit,
2957 2281 3057 2337 hac
3084 2281 3322 2339 detracta
3366 2285 3791 2355 pulchritudine,

2203 2382 2323 2427 atro
2349 2373 2528 2428 colore
2554 2374 2730 2429 omnia
2762 2376 2938 2430 vestit.
2984 2375 3039 2431 Si
3082 2376 3297 2433 assidue
3339 2378 3569 2446 laetetur,
3598 2395 3797 2451 corpus

2204 2464 2346 2534 viget
2392 2465 2706 2535 aegritudine
2740 2482 2999 2533 vacuum;
3050 2468 3095 2523 si
3123 2477 3369 2539 angatur,
3408 2485 3605 2526 aranea
3627 2473 3797 2527 maci-

2204 2555 2401 2611 lentius
2428 2566 2482 2611 et
2508 2556 2824 2613 imbecillius
2868 2558 3076 2625 evadit;
3113 2560 3157 2613 si
3189 2560 3483 2628 irascatur,
3530 2562 3796 2633 ingratum

2207 2647 2337 2702 illud
2367 2657 2421 2702 et
2450 2657 2604 2718 turpe
2632 2648 2838 2715 reddit;
2871 2650 2915 2703 si
2942 2664 3192 2706 serenum
3223 2652 3434 2706 oculum
3467 2653 3795 2716 ostenderit.

2207 2757 2456 2813 magnam
2495 2742 2688 2797 emittit
2737 2743 3215 2812 pulchritudinem;
3264 2745 3309 2800 si
3348 2746 3600 2810 invideat,
3633 2747 3800 2817 pallo-

2207 2850 2322 2890 rem
2365 2836 2592 2890 multum
2636 2846 2691 2892 et
2737 2836 2913 2892 tabem
2960 2837 3218 2904 eﬁ‘undit;
3258 2840 3304 2894 si
3329 2848 3492 2905 amet,
3523 2841 3800 2911 pulchram

2209 2926 2345 2981 indit
2392 2926 2639 2981 formam.
2694 2926 2769 2982 Ita
2811 2928 2955 2983 enim
2999 2928 3201 2995 multa),
3250 2945 3370 3000 quae
3407 2930 3655 2987 formosa:
3691 2948 3801 2988 non

2210 3029 2383 3086 erant,
2439 3020 2659 3074 multam
2702 3020 2770 3075 ab
2812 3022 2991 3076 anima
3036 3024 3259 3093 gratiam
3296 3038 3582 3094 accepere;
3613 3035 3800 3081 contra

2209 3126 2340 3167 vero
2366 3111 2487 3167 alia:
2511 3111 2794 3167 admodum
2822 3112 3093 3182 formosm,
3122 3116 3245 3185 quia
3268 3116 3525 3187 ingratam
3551 3118 3803 3187 injucun-

2209 3205 2442 3275 damque
2471 3205 2703 3261 animam
2731 3204 3004 3273 habuere,
3053 3206 3277 3263 formam
3318 3224 3465 3263 suam
3510 3209 3802 3265 labefacta-

2211 3307 2357 3358 runt.
2402 3297 2585 3369 Cogita
2629 3299 2899 3369 quomodo
2942 3301 3166 3356 candida
3213 3302 3371 3357 facies
3409 3302 3718 3370 erubescat,
3749 3314 3806 3358 et

2212 3390 2409 3445 coloris
2451 3390 2708 3446 varietate
2738 3406 2844 3445 non
2894 3406 3111 3461 parvam
3159 3394 3485 3461 voluptatem
3518 3396 3727 3464 pariat,
3756 3397 3803 3451 si

2212 3481 2429 3552 quidem
2457 3480 2596 3536 adsit
2626 3480 2798 3551 pudor
2823 3498 2835 3535 :
2860 3495 2983 3537 nam
3031 3482 3077 3536 si
3123 3481 3401 3551 impudens
3432 3483 3518 3537 illa
3549 3485 3649 3550 sit;
3691 3485 3806 3539 fera

2214 3572 2359 3627 omni
2408 3571 2745 3641 injucundior
2770 3572 2870 3628 erit
2909 3581 2963 3627 et
3003 3573 3286 3643 ingratior;
3330 3585 3513 3629 contra
3562 3578 3608 3631 si
3648 3577 3805 3646 pudi-

2215 3664 2394 3719 bunda
2438 3664 2527 3729 sit,
2597 3665 2743 3721 mitis
2787 3675 2841 3720 et
2886 3664 3120 3721 formosa
3165 3668 3573 3723 evadit:anima
3609 3671 3807 3741 quippe

2216 3758 2437 3828 pulchra
2467 3758 2599 3813 nihil
2628 3757 2936 3823 formosius,
2961 3758 3092 3813 nihil
3119 3758 3347 3815 dulcius.
3376 3760 3509 3817 Nam
3540 3763 3591 3816 in
3616 3777 3807 3833 corpo-

2217 3851 2364 3905 ribus
2391 3865 2542 3906 amor
2565 3850 2752 3907 dolore
2784 3866 2890 3906 non
2935 3860 3107 3917 vacat,
3156 3852 3208 3907 in
3252 3853 3445 3909 animis
3474 3869 3601 3924 pura
3630 3866 3682 3909 et
3708 3856 3808 3908 im—

2217 3943 2522 4013 perturbata
2542 3941 2808 4013 voluptas.
2825 3942 2937 3998 (Ξυπ-
2950 3958 3077 4013 ergo
3096 3958 3221 4014 rege
3241 3944 3482 4010 dimisso,
3504 3960 3808 4015 prmconem

2219 4036 2466 4091 miraris?
2490 4050 2588 4091 cur
2614 4035 2934 4107 philosopho
2960 4035 3150 4093 relicto
3172 4076 3187 4102 ,
3235 4036 3302 4091 ad
3351 4038 3690 4107 interpretem
3726 4039 3808 4092 in-

2220 4126 2372 4184 hias?
2400 4127 2587 4183 Vidisti
2619 4127 2900 4198 pulchrum
2930 4128 3141 4183 oculum
3161 4169 3175 4195 ,
3209 4128 3517 4184 interiorem
3548 4128 3807 4193 observa;

2221 4231 2275 4280 et
2298 4223 2344 4278 si
2376 4222 2461 4277 hic
2488 4221 2712 4291 pulcher
2738 4236 2841 4275 non
2874 4222 2963 4286 sit,
2996 4222 3210 4291 despice
3253 4221 3423 4276 illum.
3453 4220 3637 4292 Neque
3667 4221 3811 4276 enim

2222 4315 2267 4372 si
2310 4314 2494 4369 videas
2533 4311 2829 4368 deformem
2876 4312 3156 4367 mulierem
3204 4312 3444 4383 speciosa
3474 4312 3625 4366 larva
3654 4312 3811 4366 obte-

2223 4416 2363 4462 ctam
2388 4447 2401 4470 ,
2449 4405 2626 4475 aliquo
2653 4420 2779 4475 erga
2820 4403 2966 4459 illam
2995 4403 3188 4460 affectu
3220 4404 3514 4469 movearis,
3544 4412 3599 4457 ut
3628 4413 3814 4458 contra

2225 4499 2372 4553 larva
2394 4497 2652 4552 occultari
2677 4496 2964 4551 formosam
2989 4510 3094 4550 non
3116 4496 3280 4561 sinas,
3306 4495 3419 4562 sed,
3444 4503 3621 4549 amota
3644 4493 3813 4559 larva,

2226 4589 2422 4645 nudam
2484 4588 2672 4643 faciem
2717 4587 2901 4643 videre
2940 4600 3191 4656 cuperes.
3246 4585 3357 4640 Hoc
3408 4601 3532 4655 erga
3582 4584 3814 4645 animam

2229 4696 2443 4751 quoque
2472 4681 2651 4748 facito,
2684 4680 2829 4735 illam
2876 4692 3106 4749 agnosce
3135 4678 3402 4749 priorem;
3437 4677 3595 4731 larva:
3624 4676 3820 4745 quippe

2229 4774 2350 4828 loco
2380 4773 2522 4827 illam
2552 4785 2748 4842 corpus
2772 4770 2969 4837 ambit,
2998 4767 3139 4839 quod
3171 4777 3227 4822 ut
3255 4767 3608 4837 compositum
3639 4775 3719 4820 est
3748 4765 3819 4818 ita

2233 4880 2447 4935 semper
2469 4873 2647 4919 manet
2669 4882 2682 4918 :
2704 4864 2880 4918 anima
2901 4876 3030 4917 vero
3055 4861 3099 4916 si
3123 4859 3378 4916 deformis
3404 4859 3493 4924 sit,
3518 4859 3626 4911 cito
3648 4864 3823 4926 potest

2235 4957 2468 5013 formosa
2495 4956 2654 5013 efﬁci.
2684 4957 2742 5011 Si
2771 4955 2984 5011 oculum
3013 4953 3207 5009 habeat
3230 4950 3550 5016 deformem,
3578 4958 3820 5012 torvum,

2236 5059 2468 5121 turpem,
2496 5058 2670 5122 potest
2696 5049 2785 5104 ille
2810 5048 2922 5103 fieri
2951 5046 3206 5117 pulcher,
3234 5044 3431 5109 suavis,
3461 5056 3706 5105 serenus,
3732 5040 3821 5108 ju-

2237 5145 2463 5203 cundus.
2513 5144 2661 5199 Hanc
2703 5157 2832 5213 ergo
2861 5142 3085 5195 fortnam
3113 5151 3435 5209 quaeramus,
3469 5134 3608 5189 hanc
3635 5132 3825 5186 faciem

2238 5246 2481 5295 ornatam
2507 5278 2522 5304 ,
2570 5244 2627 5290 ut
2676 5235 2817 5290 Deus
2860 5242 3098 5287 nostram
3142 5230 3525 5298 concupiscens
3556 5225 3781 5280 formam
3809 5263 3827 5288 ,

544 5321 731 5392 pulcra
771 5328 1026 5387 currunt,
1076 5320 1155 5375 sic
1198 5321 1347 5375 multi
1392 5337 1458 5376 ex
1505 5320 1831 5375 amatoribus
1874 5320 2135 5390 sepulcris

544 5414 872 5480 assidentes,
916 5412 1189 5469 daemonas
1238 5413 1290 5465 in
1335 5413 1512 5468 anima
1559 5413 1897 5482 reciperent,
1946 5420 2002 5467 et
2038 5411 2138 5467 hac

550 5505 694 5563 ducti
726 5507 932 5563 insania
959 5520 1101 5577 sa-pe
1128 5516 1483 5563 morerentur.
1530 5503 1679 5561 Nunc
1707 5518 1870 5576 porro
1896 5512 2008 5561 tum
2034 5505 2137 5562 alia

2242 5340 2445 5386 aeterna
2474 5329 2628 5384 nobis
2666 5328 2803 5382 bona
2846 5325 3101 5395 largiatur
3124 5365 3137 5389 ,
3182 5322 3350 5393 gratia
3380 5330 3434 5375 et
3464 5314 3830 5373 misericordia

2245 5423 2454 5478 Domini
2483 5422 2651 5477 nostri
2691 5419 2819 5475 Jesu
2847 5416 3045 5472 Christi
3070 5458 3085 5482 ,
3129 5415 3215 5471 cui
3241 5413 3409 5486 gloria
3436 5419 3492 5467 et
3519 5407 3831 5475 imperium,

2246 5518 2300 5574 in
2328 5515 2523 5573 smcula
2554 5512 2898 5571 saeculorum.
2927 5510 3120 5565 Amen.
