4118 6446
493 401 597 459 605

1404 397 1469 453 IN
1504 394 1915 454 ΗΑΊἽἭᾸΞΠΜ
1956 388 2184 450 HOMIL.
2226 386 2444 451 XXXV.
2485 392 2553 452 al.
2597 391 2839 453 XXXVI.

1542 606 1892 668 HOMILIA
1933 603 2205 666 XXXV.
2252 603 2338 665 ai.
2384 602 2688 664 XXXVI.

491 755 616 809 Car.
642 752 727 808 10.
763 768 814 806 v.
847 752 935 808 34.
966 752 1142 806 Nolite
1166 759 1344 820 putare
1366 750 1485 820 quia
1506 752 1727 804 venerim
1750 765 1926 820 pacem
1947 749 2069 802 mit-

567 857 671 901 tere
698 847 750 900 in
779 855 962 899 terram
978 858 997 900 :
1013 862 1114 899 non
1138 844 1250 898 veni
1270 859 1443 914 pacem
1464 843 1682 908 uittae,
1706 841 1799 896 sed
1822 841 2069 913 gladium.

562 939 651 995 35.
689 936 818 993 Veni
851 939 988 994 enim
1018 951 1253 1008 separare
1286 919 1607 989 [renunciata
1643 942 1786 1005 patre
1807 948 1920 999 suo,
1943 942 1990 985 et
2010 933 2073 1000 [i-

565 1029 688 1082 lium
729 1044 763 1080 a
796 1038 956 1081 matre
979 1042 1097 1091 sua,
1122 1038 1169 1079 et
1196 1040 1382 1080 omum
1407 1041 1440 1078 a
1462 1041 1612 1079 socru
1637 1041 1732 1079 sua
1748 1037 1768 1077 :
1785 1024 1874 1080 56.
1897 1032 1948 1079 et
1972 1023 2075 1076 iui-

563 1120 682 1173 mici
709 1118 949 1183 hominis,
980 1116 1240 1171 domestici
1268 1119 1399 1187 ejus.

565 1211 619 1265 Ι.
651 1209 883 1265 Rursum
909 1205 1214 1263 onerosiora
1258 1206 1501 1277 profert,
1548 1205 1711 1276 idque
1730 1220 1855 1261 cum
1885 1219 2075 1274 magna

495 1300 812 1356 auctoritate
835 1317 848 1354 :
872 1298 1120 1369 quodque
1147 1300 1236 1354 alii
1265 1297 1526 1367 objecturi
1553 1305 1725 1363 erant,
1754 1296 1844 1351 ille
1872 1296 2076 1367 przedi-

493 1394 589 1449 cit.
615 1391 748 1446 Nam
790 1406 860 1446 ne
905 1390 970 1445 iis
1017 1388 1214 1444 auditis
1242 1388 1484 1444 dioereut
1507 1405 1522 1442 :
1550 1387 1744 1442 [decue
1768 1387 1957 1441 venisti
1974 1428 1993 1453 ,
2020 1394 2078 1441 ιιι

501 1497 599 1537 nos
634 1480 923 1536 iuterlicias
949 1494 1069 1535 cum
1098 1480 1163 1534 iis
1205 1478 1294 1549 qui
1341 1477 1495 1532 nobis
1524 1476 1804 1546 ohsequuti
1839 1486 1993 1540 sunt,
2022 1485 2078 1530 et

498 1572 650 1628 hellis
675 1579 871 1626 terram
898 1569 1143 1640 repleas?
1180 1569 1293 1639 ipse
1330 1569 1478 1639 prior
1501 1567 1632 1623 dicit
1656 1585 1669 1622 :
1696 1565 1815 1622 Non
1843 1568 1952 1622 veni
1980 1583 2076 1638 pa-

497 1679 604 1716 rem
626 1663 821 1716 mittere
858 1660 913 1714 iu
953 1668 1160 1714 terram.
1198 1661 1305 1714 Cur
1347 1673 1475 1729 ergo
1518 1658 1770 1728 praecepit
1799 1659 1851 1712 iu
1889 1657 2079 1713 domos

497 1755 732 1825 singulas
763 1754 1030 1824 ingressos
1067 1766 1251 1822 pacem
1293 1750 1511 1807 dicere?
1534 1766 1630 1805 cur
1652 1759 1708 1805 et
1729 1749 1904 1820 angeli
1929 1749 2078 1805 dice-

498 1849 646 1909 bant.
675 1845 851 1901 Gloria
874 1845 928 1899 in
956 1843 1164 1900 excelsis
1203 1842 1346 1909 Deo,
1391 1851 1437 1896 et
1461 1843 1514 1897 ia
1545 1851 1679 1896 terra
1717 1857 1820 1911 pax
1845 1839 1997 1912 (Luc.
2020 1839 2075 1894 2.

501 1937 632 2009 ΗΠ
672 1953 768 1993 cur
809 1936 1083 2006 prOphette
1126 1949 1313 1992 omnes
1355 1934 1582 2005 idipsum
1622 1932 2081 2004 prmuuntiarunt?

497 2031 635 2096 Quia
666 2028 795 2084 illud
837 2031 1070 2084 maxime
1100 2042 1202 2096 pax
1230 2034 1346 2090 est,
1377 2039 1500 2081 cum
1529 2025 1617 2090 id,
1647 2024 1790 2094 quod
1819 2033 2039 2093 aegrinat
2061 2065 2078 2089 ,

496 2120 848 2182 abscinditur,
874 2119 1088 2190 quando
1115 2117 1189 2177 id.
1216 2116 1358 2186 quod
1388 2115 1645 2182 dissidet,
1673 2125 1970 2184 separatur.
1995 2113 2084 2171 Sic

500 2214 646 2268 enim
676 2218 854 2282 potest
885 2210 1074 2265 cadum
1116 2224 1238 2263 cum
1267 2217 1408 2263 terra
1441 2207 1611 2277 jungi.
1642 2204 2083 2275 Quandoquidem

502 2307 741 2363 medicus
777 2306 856 2361 sic
901 2305 1163 2375 reliquum
1206 2317 1403 2372 corpus
1445 2308 1646 2368 servat,
1693 2316 1814 2355 cum
1860 2298 1912 2354 id
1942 2299 2082 2369 quod

504 2397 796 2451 insanabile
822 2404 925 2460 est,
959 2402 1199 2459 resecat;
1233 2403 1286 2448 et
1314 2393 1443 2459 dux,
1474 2407 1598 2447 cum
1624 2407 1718 2447 eos
1742 2390 1831 2460 qui
1860 2404 2085 2445 concor-

503 2488 647 2543 diam
678 2486 1032 2561 perniciosam
1061 2485 1326 2550 inierant,
1357 2483 1423 2537 ad
1444 2482 1833 2537 dissensionem
1861 2479 2084 2561 inducit.

501 2580 593 2634 Sic
616 2586 670 2635 et
699 2558 760 2632 in.
775 2576 861 2632 illa
885 2577 1016 2631 turri
1040 2574 1234 2630 factum
1257 2584 1337 2630 est
1356 2572 1506 2646 (Gen.
1522 2573 1613 2642 11)
1638 2590 1651 2626 :
1672 2570 1866 2627 malam
1892 2558 2086 2642 quippe

502 2670 845 2725 contcordiam
873 2670 1011 2724 bona
1033 2665 1298 2722 discordia
1323 2665 1515 2730 solvit,
1538 2672 1594 2718 et
1622 2678 1810 2734 pacem
1833 2663 2088 2718 concilia-

505 2764 597 2817 vit.
648 2762 741 2818 Sic
777 2769 832 2815 et
871 2760 1063 2814 Paulus
1082 2773 1181 2813 eos
1209 2757 1297 2828 qui
1325 2755 1605 2810 adversum
1646 2769 1707 2809 se
1745 2752 2086 2808 concordiam

507 2855 753 2917 inierant.
779 2851 960 2906 divisit
988 2851 1123 2922 (Act.
1150 2848 1243 2903 23.
1268 2848 1322 2903 6.
1350 2847 1427 2918 7).
1456 2846 1514 2901 In
1539 2844 1783 2900 Nabuthe
1806 2859 1936 2899 vero
1962 2858 2090 2900 cou-

506 2945 685 3000 cordia
719 2945 804 2998 illa
820 2942 927 2997 fuit
940 2941 1084 2996 omni
1104 2940 1248 2995 bello
1268 2939 1506 2995 deterior
1522 2939 1600 3010 (5.
1621 2937 1752 3009 Reg.
1773 2934 2090 3007 2|).Nequc

506 3038 646 3091 enim
677 3035 960 3091 concordia
1008 3048 1222 3103 semper
1263 3030 1532 3086 laudanda
1558 3048 1572 3086 :
1596 3044 1718 3085 nam
1761 3037 1818 3084 et
1859 3029 2091 3084 latrones

508 3133 649 3183 inter
673 3143 733 3182 se
758 3122 1053 3180 concordes
1078 3132 1223 3178 sunt.
1250 3121 1365 3178 Non
1392 3121 1553 3191 igitur
1575 3135 1641 3175 ex
1668 3118 1866 3174 Chriin
1896 3134 2090 3189 propo-

508 3220 631 3283 sito,
661 3216 755 3273 sed
782 3231 848 3272 ex
874 3216 1085 3270 illorum
1110 3213 1385 3268 voluntate
1404 3211 1605 3267 bellum
1618 3209 1956 3265 movebatur.
1974 3209 2093 3278 Ipse

510 3311 703 3381 quippe
728 3308 941 3364 volebat
959 3321 1148 3362 omnes
1172 3307 1222 3360 in
1245 3305 1329 3374 pia
1351 3303 1606 3374 religione
1626 3303 1918 3358 concordes
1937 3318 2088 3358 esse:

510 3400 604 3457 sed
629 3401 751 3471 quia
778 3399 851 3454 illi
876 3398 1224 3462 dissidebant,
1272 3395 1395 3450 hinc
1439 3395 1638 3450 bellum
1662 3395 1955 3450 oriebatur.
1987 3394 2093 3449 Sed

512 3507 617 3546 non
647 3493 725 3546 sic
752 3491 844 3545 ille
872 3489 1124 3561 loquutus
1147 3496 1229 3542 est
1251 3505 1266 3541 :
1289 3486 1417 3557 quid
1460 3500 1589 3541 vero
1617 3485 1788 3542 dicit?
1836 3485 1957 3539 Non
1980 3487 2094 3539 ηυειιὶ

514 3598 687 3651 pacem
713 3582 940 3646 mittere,
987 3588 1045 3633 ut
1073 3578 1195 3632 illos
1223 3576 1611 3632 consolaretur.
1641 3575 1719 3631 Ne
1745 3576 1938 3645 putetis
1960 3617 1976 3642 ,
2012 3576 2094 3630 in-

515 3672 647 3742 quit,
678 3671 888 3725 illorum
913 3683 1011 3723 vos
1033 3681 1246 3723 causam
1272 3680 1413 3733 esse,
1435 3680 1537 3737 ego
1560 3666 1679 3721 hanc
1699 3665 1946 3735 dispono,
1974 3667 2096 3737 quia

433 3768 445 3778 ’
516 3766 590 3820 illi
633 3766 712 3820 sic
750 3763 924 3819 aﬂ'ecti
971 3771 1117 3818 sunt.
1155 3761 1233 3817 Ne
1264 3760 1549 3816 turbemini
1593 3761 1775 3831 igitur,
1819 3761 1969 3831 quasi
2009 3776 2099 3817 res

518 3865 711 3927 prtPlel'
733 3854 1184 3926 exspectationem
1213 3852 1482 3908 eveniant.
1509 3851 1635 3907 ideo
1655 3853 1795 3917 veni,
1821 3862 1878 3907 ut
1904 3852 2098 3908 bellum

518 3962 762 4003 moveam
787 3964 803 4000 :
827 3945 940 4001 haec
965 3945 1162 4015 quippe
1181 3958 1298 3998 mea
1322 3953 1405 3997 est
1423 3942 1690 3996 voluntas.
1713 3940 1790 3996 Ne
1812 3940 2099 3996 turbeinini

520 4042 683 4111 igitur
733 4053 852 4093 cum
912 4046 1053 4091 terra
1106 4035 1256 4105 quasi
1308 4033 1514 4088 insidiis
1564 4033 1802 4104 appetita
1851 4032 1904 4088 in
1962 4032 2101 4087 bella

520 4138 784 4199 erumpet.
806 4128 945 4184 Cum
972 4127 1118 4182 enim
1159 4125 1213 4181 id
1257 4124 1399 4195 quod
1426 4123 1666 4179 deterius
1689 4132 1772 4177 est
1794 4131 2101 4194 separatum

519 4223 696 4288 fuerit,
724 4229 849 4275 tunc
875 4219 1091 4275 demum
1118 4218 1324 4272 meliori
1355 4215 1490 4287 parti
1515 4214 1864 4285 conjungetur
1890 4214 2102 4268 calum.

524 4318 649 4370 Ilmc
675 4322 855 4369 autem
876 4311 1025 4372 dicit.
1053 4319 1111 4364 ut
1130 4319 1318 4363 contra
1339 4308 1530 4363 malam
1554 4306 1842 4361 multorum
1861 4305 1878 4336 ί
1897 4304 2106 4374 opinio-

522 4424 647 4464 nem
691 4406 812 4461 illos
856 4403 1080 4458 muniat.
1126 4400 1312 4471 Neque
1357 4397 1516 4467 dixit,
1559 4396 1787 4462 Bellum,
1830 4395 1925 4451 sed
1965 4394 2105 4466 quod

523 4495 952 4554 multovdeterius
980 4502 1097 4561 est,
1136 4490 1398 4546 Gladium.
1428 4488 1485 4544 Si
1514 4503 1642 4544 vero
1666 4487 1808 4543 dicta
1838 4487 1953 4542 hare
1979 4501 2110 4542 one—-

478 4654 485 4657 γ
525 4604 649 4646 rosa
674 4587 784 4643 sint
803 4596 858 4642 et
876 4586 1021 4640 dictu
1046 4584 1275 4654 ingrata,
1294 4597 1362 4637 ne
1382 4580 1611 4635 mireris.
1629 4579 1763 4634 Cum
1788 4578 1930 4634 enim
1951 4577 2112 4633 vellet

526 4696 621 4738 eos
649 4679 751 4735 hac
775 4676 1063 4733 verborum
1091 4673 1378 4745 asperitate
1420 4685 1675 4726 exercere
1693 4710 1707 4733 ,
1755 4684 1824 4724 ne
1852 4669 1904 4723 in
1932 4683 2110 4723 rerum

526 4774 896 4830 difﬁcultatem
928 4771 1151 4841 ingressi
1180 4769 1450 4824 resilireut
1469 4805 1485 4832 ,
1512 4767 1595 4823 sic
1623 4766 1783 4821 verba
1815 4765 2109 4834 disposuit:

527 4881 592 4921 ac
619 4880 686 4919 ne
708 4863 833 4934 quis
858 4862 1082 4928 diceret,
1112 4875 1234 4915 eum
1264 4874 1333 4914 ex
1358 4858 1646 4923 lenocinio,
1677 4865 1733 4911 et
1758 4855 1992 4910 difficilia
2019 4868 2113 4909 oc-

529 4956 802 5020 cultando,
845 4970 968 5025 qua:
1011 4954 1224 5008 volebat
1265 4951 1522 5014 suasisse,
1574 4949 1699 5005 ideo
1742 4948 1832 5004 illa
1861 4963 1980 5018 qua:
2002 4946 2115 5002 alio

534 5051 694 5106 modo
741 5048 964 5104 dicenda
1011 5045 1346 5106 videbantur.
1390 5043 1657 5099 acerbiori
1704 5048 1760 5095 ct
1811 5040 2115 5096 terribiliori

539 5142 693 5197 modo
717 5138 1021 5208 explicavit.
1051 5137 1238 5192 Melius
1260 5136 1403 5191 enim
1432 5144 1516 5190 est
1538 5148 1715 5189 rerum
1741 5148 1900 5202 quam
1927 5133 2119 5186 verbo-

534 5249 650 5288 rum
678 5231 952 5286 lenitatem
981 5227 1181 5282 videre.
1208 5226 1439 5296 Ideoque
1467 5239 1639 5293 neque
1669 5223 1784 5278 hazc
1812 5222 2010 5278 dixisse
2035 5237 2121 5275 sa-

539 5326 605 5379 tis
637 5320 841 5384 habuit,
870 5319 966 5374 sed
993 5317 1116 5373 belli
1145 5317 1379 5386 speciem
1405 5316 1697 5384 explicans,
1727 5312 1961 5368 ostendit
1989 5312 2119 5366 illud

537 5415 676 5469 civili
710 5413 848 5467 bello
875 5410 1043 5464 multo
1071 5410 1284 5478 gravius
1315 5421 1456 5469 esse.
1484 5407 1666 5475 aitque
1690 5422 1702 5457 :
1737 5402 1860 5457 Veni
1888 5418 2124 5473 separare

539 5507 790 5561 hominem
810 5520 841 5556 a
858 5511 1009 5572 ,patre
1035 5516 1146 5562 suo,
1175 5507 1220 5551 et
1244 5498 1408 5564 ﬁliam
1435 5513 1468 5553 lt
1497 5506 1655 5549 matre
1675 5512 1790 5559 sua,
1817 5503 1863 5548 et
1883 5509 2066 5546 nurum
2092 5509 2123 5546 a

540 5613 685 5652 socru
708 5610 823 5647 sua.
853 5591 967 5646 Non
995 5591 1137 5644 enim
1167 5587 1322 5643 amici
1354 5598 1408 5642 et
1431 5586 1677 5642 concives
1707 5584 1901 5648 solum,
1932 5582 2121 5653 inquit,

539 5687 632 5743 sed
681 5693 740 5740 et
781 5680 993 5752 cognati
1038 5680 1177 5735 alter
1225 5687 1411 5734 contra
1453 5677 1679 5732 alterum
1711 5674 2022 5743 insurgent,
2070 5679 2126 5727 ct

607 5863 625 5895 ¹
659 5859 875 5921 quidam,
897 5854 1123 5909 laborant.

2184 757 2374 804 nattIra
2402 750 2519 820 ipsa
2547 751 2875 808 diseindetur
2900 754 3062 810 bello.
3102 755 3230 812 Vem
3254 759 3412 825 enim,
3449 759 3645 830 inquit.
3676 770 3761 816 se-

2180 855 2362 913 parare
2388 840 2641 895 hominem
2666 858 2701 896 α
2745 852 2886 911 patre
2902 861 3029 909 suo,
3060 856 3108 901 et
3134 857 3343 902 malum
3366 866 3401 903 α
3428 850 3538 916 ﬁiia
3566 868 3691 914 sua.
3720 862 3769 907 et

2174 947 2362 986 nurum
2382 949 2415 985 a
2435 949 2584 988 socru
2602 949 2717 988 sua.
2740 934 2925 1007 Neque
2945 938 3089 992 enim
3117 939 3256 995 inter
3277 941 3605 999 domesticus
3631 944 3767 998 sim~

2179 1023 2392 1093 pliciter
2414 1024 2613 1079 bellum
2654 1026 2779 1092 erit,
2825 1027 2921 1083 sed
2950 1029 3111 1083 etiam
3159 1029 3301 1085 inter
3329 1034 3685 1090 amicissimos
3710 1045 3767 1090 et

2178 1114 2371 1184 majori
2417 1116 2811 1173 necessitudine
2835 1117 3072 1188 junctus.
3114 1121 3169 1176 id
3208 1123 3353 1192 quod
3398 1126 3628 1182 maxime
3648 1126 3772 1195 ejus

2182 1203 2432 1258 virtutem
2452 1206 2710 1268 ostendit.
2735 1208 2876 1277 quod
2901 1210 2974 1263 illi
2999 1211 3121 1265 talia
3144 1213 3424 1269 audientes
3444 1217 3769 1285 eseipercnt,

2184 1293 2409 1364 aliisque
2436 1294 2744 1352 suaderent.
2770 1297 3104 1369 Quamquam
3145 1316 3252 1355 non
3282 1302 3395 1372 ipse
3426 1303 3539 1358 haec
3564 1299 3773 1360 e'liicie-

2182 1384 2294 1452 bat,
2320 1385 2415 1441 sed
2442 1384 2714 1442 hominum
2732 1391 3004 1459 nequitia;
3035 1396 3272 1447 attamen
3302 1394 3418 1463 ipse
3445 1410 3504 1450 se
3528 1395 3655 1451 dicit
3682 1398 3771 1451 illa

2183 1475 2380 1530 facerm
2421 1475 2523 1531 llic
2568 1478 2762 1548 quippe
2796 1495 2916 1534 mos
2960 1489 3044 1536 est
3086 1482 3376 1552 Scripturze
3415 1500 3601 1539 sacrm.
3633 1487 3772 1541 Alibi

2183 1568 2326 1622 enim
2345 1567 2483 1623 dicit
2510 1587 2523 1623 :
2554 1570 2707 1624 Dedit
2732 1572 2837 1626 illis
2870 1570 3008 1628 Deus
3037 1577 3243 1641 oculos,
3274 1584 3331 1630 ut
3374 1592 3485 1631 non
3526 1578 3771 1636 viderent

2168 1656 2339 1727 (Isin.
2374 1657 2428 1713 6.
2458 1658 2728 1725 9;Ezech.
2775 1662 2866 1720 42.
2907 1663 3166 1732 2;.loan.
3211 1666 3297 1720 η.
3328 1668 3413 1721 ll.
3445 1668 3537 1739 ιθ)
3570 1686 3587 1723 :
3615 1671 3692 1725 sic
3715 1682 3772 1725 et

2186 1748 2239 1803 in
2284 1748 2391 1804 hoc
2442 1750 2559 1805 loco
2602 1751 2774 1807 dicit:
2806 1763 2867 1807 ut
2911 1755 3072 1810 verba
3113 1756 3317 1821 isthmc,
3357 1759 3499 1828 quod
3529 1760 3774 1828 superius

2186 1839 2327 1906 dixi,
2367 1854 2549 1896 secum
2577 1850 2906 1910 reputantes,
2934 1858 3002 1899 ne
3033 1845 3391 1912 turbarentur,
3422 1860 3540 1902 uim
3570 1863 3776 1918 oppro-

2186 1933 2317 1986 briis
2357 1942 2411 1987 et
2453 1934 2792 1988 contumeliis
2830 1934 3234 2004 impetercntur.
3264 1937 3416 2006 Quod
3452 1939 3499 1993 si
3528 1939 3624 2009 qui
3660 1939 3780 1995 hanc

2187 2021 2365 2090 gravia
2387 2022 2714 2089 existimant,
2737 2023 2788 2076 in
2812 2033 3050 2079 mentem
3078 2036 3329 2082 remeent
3348 2039 3588 2084 veterem
3610 2029 3778 2084 bistoo

2191 2112 2343 2165 riam.
2372 2111 2568 2167 Priscis
2591 2114 2733 2168 enim
2764 2115 3090 2183 temporibus
3128 2116 3229 2172 hoc
3255 2118 3425 2187 ipsum
3454 2121 3698 2190 contigit.
3725 2120 3780 2176 id

2188 2201 2330 2272 quod
2356 2203 2587 2260 maxime
2606 2204 2845 2260 ostendit
2867 2207 3067 2263 veteris
3101 2207 3230 2278 legis
3266 2223 3389 2264 cum
3432 2226 3569 2265 nova
3600 2212 3781 2267 aillni—

2195 2303 2379 2354 tatem.
2405 2295 2760 2367 eamdemque
2787 2311 2908 2353 esse
2932 2300 3022 2368 qui
3057 2300 3172 2355 hac
3194 2301 3348 2367 dixit.
3377 2312 3432 2358 et
3456 2303 3542 2358 illa
3572 2319 3779 2373 praece-

2190 2388 2289 2456 pit.
2332 2386 2464 2442 Nam
2502 2396 2563 2442 et
2603 2389 2743 2457 apud
2788 2389 3004 2445 Judaens
3047 2408 3168 2447 cum
3208 2393 3433 2462 quisque
3475 2395 3780 2464 proximum

2191 2494 2344 2533 suum
2362 2479 2562 2534 occidit
2580 2520 2594 2545 ,
2623 2464 2749 2535 ιιιηᾶ
2769 2481 2857 2536 ille
2880 2482 3117 2551 placatus
3137 2491 3222 2538 est
3243 2482 3437 2554 (Exod.
3463 2482 3704 2555 32.27):
3726 2495 3783 2542 et

2192 2568 2407 2639 quando
2435 2569 2656 2623 vitulum
2698 2569 3029 2637 conﬂarunt,
3082 2582 3138 2628 et
3178 2574 3393 2643 quando
3430 2570 3780 2645 Bedldnegorl

2190 2659 2382 2714 initiati
2409 2667 2533 2713 sunt
2559 2658 2745 2728 (Num.
2770 2659 2869 2715 25.
2895 2660 2973 2732 5).
3007 2661 3105 2718 Ubi
3135 2672 3260 2717 sunt
3282 2679 3411 2733 ergo
3438 2665 3528 2734 qui
3557 2665 3744 2719 dicunt
3763 2705 3781 2732 ,

2191 2748 2342 2803 illum
2369 2748 2536 2804 Deum
2565 2749 2784 2813 malum,
2812 2749 2954 2806 hunc
2982 2751 3177 2806 bonum
3201 2754 3359 2808 esse?
3384 2753 3526 2810 Ecce
3552 2769 3785 2825 namque

2197 2852 2546 2913 cognatorum
2573 2845 2831 2915 sanguine
2858 2845 3046 2902 orbem
3075 2847 3323 2917 replevit.
3354 2848 3603 2904 Attamen
3633 2849 3787 2905 beui—
3854 2856 3857 2863 '

2194 2935 2417 3004 guitatis
2442 2935 2623 2989 multa!
2649 2935 2752 2992 hoc
2786 2951 2922 3007 opus
2958 2952 3082 2993 esse
3117 2938 3362 2993 dicimus.
3409 2939 3699 3009 Propterea
3726 2949 3788 2995 ut

2198 3024 2446 3079 ostendat
2470 3039 2529 3079 se
2556 3026 2643 3079 illa
2672 3026 2834 3081 etiam
2861 3026 3180 3097 approbare,
3206 3028 3547 3099 prophetiam
3577 3044 3781 3085 mento-

2201 3123 2305 3181 rat,
2330 3130 2450 3185 qua:
2470 3130 2576 3170 non
2606 3117 2801 3170 factum
2827 3117 2956 3172 illud
2984 3118 3223 3186 respicit.
3235 3118 3338 3175 sed
3364 3119 3587 3190 idipsum
3602 3128 3784 3175 taurea

2199 3206 2457 3261 declarat.
2485 3206 2743 3274 Quaenam
2783 3208 2871 3263 illa
2896 3208 3022 3263 est?
3048 3207 3256 3263 Inimici
3288 3209 3506 3265 horninis
3528 3209 3791 3265 domestica

2201 3297 2333 3365 ejus.
2359 3294 2490 3349 Nam
2529 3305 2584 3351 et
2618 3296 2759 3366 apud
2786 3296 3004 3353 Judmos
3026 3297 3302 3367 quidpiam
3342 3299 3522 3354 sim-ite
3540 3299 3789 3369 contigit.

2203 3386 2373 3441 Erant
2392 3386 2539 3443 enim
2564 3389 2840 3457 propheta:
2865 3397 2920 3444 et
2948 3388 3453 3460 pseudoprophetaz,
3476 3405 3540 3446 ac
3563 3392 3794 3462 populus

2201 3476 2496 3532 dissidebat
2520 3477 2819 3548 domusque
2843 3477 3252 3544 dividebantur;
3285 3488 3349 3533 .et
3375 3480 3464 3534 alii
3494 3480 3575 3535 his
3596 3480 3793 3536 (aede-

2203 3566 2332 3621 bant
2354 3608 2368 3631 ,
2411 3565 2503 3622 alii
2541 3567 2690 3622 aliis.
2719 3567 2845 3623 Ideo
2868 3577 3058 3623 (monet
3089 3568 3347 3638 propheta
3374 3570 3559 3626 dicens
3581 3589 3595 3627 :
3618 3570 3795 3642 ﬁlatim

2204 3660 2405 3714 credere
2422 3661 2617 3723 amicis.
2642 3677 2734 3715 nec
2758 3677 2965 3731 sperare
2991 3662 3044 3715 in
3070 3662 3282 3716 ducibus
3305 3663 3432 3716 :sed
3456 3673 3501 3717 et
3527 3679 3560 3717 α
3583 3663 3797 3733 conjuge

2207 3761 2295 3806 tua
2320 3767 2458 3816 cave.
2482 3767 2639 3821 neque
2661 3752 2741 3807 illi
2758 3751 3074 3820 assentiaris,
3094 3753 3215 3824 quia
3231 3753 3422 3807 inimici
3441 3754 3663 3808 nominis
3678 3762 3801 3808 sunt

2208 3843 2308 3911 ipsi
2331 3843 2424 3896 viri
2450 3843 2504 3896 in
2529 3843 2641 3911 eius
2672 3842 2951 3898 habitantes
2986 3844 3135 3898 domo
3167 3842 3352 3915 (Hicin.
3389 3838 3451 3903 '1.
3475 3845 3531 3900 ὅ.
3562 3843 3642 3915 6).
3673 3844 3799 3900 llaec

2210 3941 2389 3988 autem
2416 3933 2663 3996 dicebat,
2706 3942 2766 3987 ut
2802 3948 2926 3988 eum
2963 3934 3052 4002 qui
3090 3933 3194 3990 hoc
3219 3933 3441 3989 verbum
3468 3922 3800 4004 excepturus

2209 4030 2386 4087 esset,
2430 4021 2679 4076 omnibus
2728 4024 3060 4092 superiorem
3114 4022 3384 4079 redderet.
3428 4018 3617 4092 Neque
3648 4023 3802 4079 enim

2212 4113 2347 4167 mori
2375 4112 2572 4166 malum
2598 4122 2702 4178 est.
2732 4112 2828 4167 sed
2851 4113 2991 4168 male
3020 4113 3178 4169 mori.
3207 4112 3410 4169 idcirco
3428 4112 3801 4184 dixitdan

2211 4204 2321 4259 uerti
2338 4206 2530 4256 mittere
2545 4204 2598 4257 in
2619 4212 2822 4257 terram.
2844 4203 2972 4265 Haec
2984 4218 3148 4275 porro
3170 4203 3402 4269 dicebat,
3426 4212 3484 4259 ut
3502 4203 3619 4274 ejus
3638 4218 3800 4274 quem

2213 4292 2457 4366 exigebat
2481 4296 2681 4349 amoris
2706 4294 2972 4350 fervorem
3011 4309 3074 4349 ac
3108 4295 3498 4350 vehementiam
3529 4294 3801 4366 signiﬁca-

2215 4395 2316 4442 ret.
2360 4386 2495 4452 Quia
2536 4386 2679 4442 enim
2726 4388 2796 4441 ita
2838 4401 2940 4441 nos
2987 4385 3336 4442 vehementer
3373 4384 3601 4446 amavit.
3656 4385 3736 4443 sic
3763 4400 3804 4439 a

2215 4480 2371 4536 nobis
2410 4479 2521 4533 vult
2558 4479 2746 4534 amari.
2777 4479 2902 4536 Haec
2931 4494 3094 4551 puti-ro
3126 4480 3283 4535 verba
3322 4479 3597 4550 apostolos
3629 4478 3807 4550 erige-

2218 4571 2366 4632 bant.
2399 4570 2846 4642 sublimioresque
2869 4568 3185 4626 reddebant.
3219 4569 3350 4625 Nam
3372 4570 3420 4626 si
3448 4570 3544 4636 illi,
3567 4568 3804 4633 aiebant.

2217 4672 2501 4733 cognatos.
2555 4662 2728 4727 filios.
2778 4672 3032 4734 parentes
3078 4663 3383 4731 despecturi
3434 4669 3579 4725 sunt,
3630 4659 3802 4730 cogita

2218 4755 2405 4822 quales
2431 4762 2676 4824 oporteat
2700 4768 2799 4807 nos
2829 4768 2969 4819 esse,
2996 4753 3086 4822 qui
3114 4753 3361 4806 doctores
3386 4736 3594 4808 sumus.
3622 4749 3807 4820 Neque

2219 4845 2362 4898 enim
2392 4842 2524 4898 dura
2555 4853 2610 4897 et
2633 4841 2870 4897 difﬁcilia
2901 4842 2991 4897 illa
3024 4843 3077 4897 in
3108 4842 3258 4896 vobis
3297 4842 3459 4895 tinem
3499 4838 3806 4906 habebunt,

2221 4935 2314 4989 sed
2338 4942 2393 4988 et
2417 4933 2483 4988 ad
2510 4932 2644 4986 alios
2666 4932 2988 4987 transibunt.
3018 4932 3148 4985 Nam
3174 4931 3296 5000 quia
3320 4945 3514 5000 magna
3545 4928 3684 4984 bona
3705 4928 3813 4984 huc

2223 5026 2398 5092 attuli,
2424 5039 2667 5095 magnam
2692 5024 2846 5093 exigo
2870 5033 2926 5079 et
2952 5024 3311 5079 obedientiam
3341 5033 3397 5078 et
3420 5022 3689 5078 allectum.
3720 5022 3811 5076 57.

2228 5118 2327 5182 Qui
2354 5126 2493 5170 amat
2522 5126 2716 5186 patrem
2742 5124 2789 5168 et
2814 5125 3024 5170 matrem
3054 5115 3168 5186 plus
3193 5131 3343 5186 quam
3378 5131 3477 5179 me,
3517 5130 3616 5168 non
3639 5123 3710 5168 est
3734 5127 3814 5166 me

2226 5210 2409 5277 dignus
2429 5215 2510 5261 :et
2538 5206 2624 5277 qui
2644 5214 2782 5259 amat
2802 5206 2966 5273 ﬁlium
2988 5215 3074 5259 aut
3096 5206 3256 5275 ﬁliam
3279 5205 3392 5273 plus
3416 5220 3567 5270 quam
3589 5219 3687 5267 me.
3712 5218 3815 5255 non

2227 5309 2297 5353 est
2324 5315 2405 5351 me
2432 5298 2633 5369 dignus.
2667 5286 2755 5352 38.
2806 5295 2874 5350 Et
2910 5298 2996 5367 qui
3039 5312 3141 5351 non
3185 5296 3318 5351 tollit
3342 5310 3539 5349 crucem
3563 5309 3744 5359 suam,
3766 5300 3816 5349 et

2228 5390 2451 5458 sequitur
2490 5405 2588 5453 me,
2626 5404 2726 5442 non
2765 5397 2835 5442 est
2873 5404 2951 5441 me
2987 5387 3188 5458 dignus.
3218 5385 3406 5440 Vidisti
3446 5386 3815 5439 auctoritatem

2230 5479 2499 5535 doctoris?
2536 5479 2711 5533 vidisti
2753 5479 3023 5549 quomodo
3071 5479 3318 5533 ostendat
3360 5476 3601 5545 seipsum
3630 5477 3818 5545 genui-

2230 5584 2357 5624 num
2388 5568 2561 5623 Patris
2589 5568 2809 5635 Filium,
2844 5570 3021 5624 omnia
3047 5569 3237 5638 jubens
3268 5567 3403 5622 infra
3432 5567 3735 5638 relinquere
3761 5574 3818 5621 et

2230 5659 2505 5713 caritatem
2531 5658 2648 5728 ejus
2673 5654 2975 5714 anteferre?
3001 5658 3067 5713 Et
3087 5657 3211 5729 quid
3237 5658 3376 5724 dico,
3404 5656 3593 5727 inquit,
3617 5656 3817 5711 amicos

2234 5759 2289 5802 et
2329 5752 2617 5820 cognatos?
2642 5751 2697 5807 Si
2725 5752 2957 5806 animam
2987 5760 3130 5805 tuam
3154 5749 3423 5805 dilectioni
3454 5764 3588 5802 mere
3627 5747 3818 5819 prmio-

2237 5853 2347 5911 ras,
2378 5845 2559 5914 procul
2591 5858 2650 5897 es
2678 5856 2709 5896 a
2740 5842 2871 5897 meis
2915 5839 3207 5910 discipulis.
3241 5838 3374 5907 Quid
3408 5832 3605 5910 igitur?
3639 5852 3815 5892 annon
