4118 6462
394 388 500 444 407

392 504 506 557 haec
533 499 803 556 contraria
832 498 997 553 veteri
1042 497 1141 566 legi
1169 496 1328 550 sunt?
1368 494 1553 560 Absit;
1586 494 1693 549 imo
1719 492 1793 547 illi
1827 491 1981 547 valde

391 602 708 649 consonant.
739 591 871 646 Nam
914 590 1020 645 illic
1064 586 1370 642 idololatras
1398 602 1505 641 non
1533 585 1693 640 modo
1716 585 1862 650 odit,
1889 585 1984 639 sed

392 686 555 738 etiam
602 682 823 753 lapidari
867 681 1041 752 jubet.
1076 678 1141 734 Et
1183 681 1235 733 in
1282 679 1697 755 Denteronomio
1745 677 1986 732 veritatis

394 776 627 829 cultores
651 772 923 827 admirans
945 771 1056 825 ait:
1090 771 1190 838 Qui
1228 770 1352 824 dicit
1393 770 1527 839 patri
1555 769 1631 823 vel
1660 768 1830 831 matri,
1863 767 1985 821 Non

391 868 495 921 ridi
524 878 589 931 te,
621 875 668 921 et
698 868 881 936 fratres
907 880 1026 918 suos
1052 879 1152 916 non
1183 862 1430 933 cognovit,
1463 870 1509 914 et
1541 861 1676 929 ﬁlios
1705 858 1982 929 ignorauit,

392 957 657 1010 custodiuit
698 955 899 1025 eloquia
940 964 1026 1008 tua
1054 952 1231 1024 (Deut.
1275 953 1363 1007 55.
1408 951 1488 1020 9).
1517 951 1666 1017 Quod
1707 950 1751 1004 si
1791 948 1986 1004 Paulus

396 1047 558 1100 multa
598 1046 739 1099 circa
793 1055 1046 1114 parentes
1073 1042 1378 1113 praecipiat,
1418 1054 1472 1097 et
1512 1043 1615 1095 illis
1645 1042 1698 1095 in
1738 1041 1986 1095 omnibus

393 1137 618 1206 obsequi
657 1136 863 1205 jubeat,
906 1150 973 1189 ne
1011 1135 1265 1189 mireris:
1294 1149 1416 1187 nam
1447 1134 1499 1186 in
1532 1132 1636 1186 illis
1662 1132 1832 1186 solum
1861 1133 1988 1187 obe-

392 1232 511 1297 dire
552 1230 823 1300 prmeipit,
873 1243 993 1298 qua:
1039 1228 1221 1296 pietati
1271 1241 1377 1280 non
1431 1224 1983 1280 officiunt:sanctum

392 1321 593 1391 quippe
620 1325 705 1374 est
751 1320 801 1373 in
848 1318 1060 1373 caeteris
1088 1316 1338 1373 omnibus
1376 1316 1583 1371 honore
1608 1317 1725 1369 illos
1750 1315 1982 1370 afficere.

395 1416 528 1469 Cum
568 1423 748 1468 autem
780 1413 897 1482 plus
926 1427 1086 1482 quam
1121 1426 1216 1480 par
1254 1411 1325 1465 sit
1370 1409 1609 1479 exigunt,
1644 1425 1749 1463 non
1777 1417 1989 1478 oportet

396 1507 502 1560 illis
526 1505 917 1574 obtemperare.
953 1502 1159 1558 Idcirco
1184 1502 1313 1556 dicit
1359 1500 1530 1555 Lucas
1561 1518 1576 1556 :
1604 1500 1663 1556 Si
1711 1501 1824 1573 quis
1857 1503 1989 1554 venit

393 1597 464 1650 ad
489 1613 586 1663 me,
619 1606 667 1649 et
697 1613 796 1650 non
822 1596 928 1650 odit
956 1604 1147 1665 patrem
1176 1610 1328 1647 suum
1354 1603 1401 1648 ct
1426 1602 1657 1659 matrem,
1685 1605 1732 1647 et
1758 1608 1985 1658 uxorem,

392 1697 441 1741 et
468 1687 603 1756 ﬁlios
628 1696 674 1740 et
700 1689 913 1758 fratres,
956 1685 1127 1739 adhuc
1153 1692 1319 1737 autem
1345 1693 1393 1738 et
1419 1684 1641 1736 animam
1665 1699 1809 1737 suam
1831 1723 1846 1748 ,
1889 1699 1989 1736 non

393 1790 555 1850 potest
582 1796 721 1833 meus
744 1795 853 1833 esse
878 1777 1161 1848 discipulus
1189 1775 1339 1846 (Luc.
1372 1776 1458 1831 14.
1489 1775 1584 1844 9.6)
1611 1793 1625 1829 :
1651 1790 1758 1829 non
1788 1775 1989 1844 simpli-

393 1873 529 1928 citer
551 1872 678 1926 odio
705 1871 905 1925 habere
929 1870 1140 1938 jubens,
1176 1868 1226 1923 id
1258 1868 1400 1923 enim
1432 1866 1718 1921 admodum
1751 1866 1987 1936 iniquum

391 1972 580 2027 esset;
627 1962 719 2015 sed
761 1962 805 2014 si
845 1962 973 2015 velit
1004 1969 1062 2014 nt
1084 1975 1234 2013 ames
1262 1960 1407 2013 illum
1449 1959 1754 2028 plusquam
1784 1974 1889 2022 me,
1924 1972 1988 2012 ea

395 2054 463 2108 de
486 2068 645 2107 causa
667 2051 792 2105 odio
815 2050 952 2105 habe
980 2050 1148 2104 illum.
1166 2048 1220 2104 Id
1242 2050 1383 2104 enim
1407 2060 1463 2103 et
1480 2057 1715 2102 amatum
1739 2057 1792 2101 et
1807 2062 1987 2101 amau-

397 2156 505 2201 tem
533 2143 802 2214 perderet.

463 2237 520 2292 2.
553 2236 664 2291 lloc
695 2248 854 2303 porro
879 2233 1090 2289 dicebat
1111 2273 1126 2298 ,
1156 2240 1214 2286 ut
1240 2240 1295 2287 et
1323 2230 1464 2286 filios
1492 2230 1739 2285 fortiores
1762 2270 1776 2292 ,
1804 2238 1858 2284 et
1887 2243 1985 2299 pa-

394 2337 527 2394 tres,
551 2326 640 2397 qui
670 2324 1051 2395 impedimento
1072 2336 1193 2377 esse
1217 2321 1433 2387 vellent,
1454 2322 1845 2376 mansuetiores
1871 2320 1990 2374 red-

394 2420 568 2475 deret.
603 2416 813 2473 Etenim
857 2422 1035 2484 patres
1072 2413 1315 2467 videntes
1355 2412 1527 2511 ipsum
1571 2422 1769 2466 tantam
1799 2411 1907 2465 vim
1937 2418 1993 2465 ct

397 2518 712 2579 potestatem
746 2507 942 2562 habere
966 2547 982 2571 ,
1011 2515 1069 2559 ut
1099 2514 1277 2575 posset
1307 2503 1446 2559 filios
1478 2503 1546 2559 ab
1581 2503 1709 2573 ipsis
1735 2504 1988 2569 avellere,

395 2619 465 2657 ne
483 2617 547 2658 ea
570 2608 838 2656 tentarent
856 2614 975 2669 quze
1000 2598 1113 2653 fieri
1136 2612 1240 2653 non
1265 2605 1529 2667 poterant,
1548 2596 1789 2651 destituri
1815 2604 1988 2651 erant.

399 2694 522 2749 Ideo
553 2693 691 2746 lilios
716 2691 890 2746 solum
924 2689 1233 2760 alloquitur,
1263 2689 1440 2743 missis
1470 2688 1732 2758 patribus,
1763 2704 1897 2759 quos
1925 2688 1993 2743 ab

398 2783 569 2839 inutili
598 2793 792 2839 conatu
818 2790 1052 2837 revocat.
1084 2780 1285 2837 Deinde
1312 2795 1380 2835 ne
1406 2780 1481 2835 illi
1514 2780 1914 2851 indignarentur
1941 2788 1996 2835 et

398 2890 540 2945 πται-ε
568 2873 802 2937 ferrent,
832 2873 954 2928 vide
983 2887 1091 2942 quo
1133 2886 1434 2927 sermonem
1471 2871 1718 2927 deducat.
1746 2872 1878 2927 Cum
1907 2870 1992 2925 di-

398 2966 754 3027 xissetenim,
787 2963 890 3030 Qui
915 2979 1018 3017 non
1046 2964 1155 3017 odit
1183 2973 1379 3033 patrem
1403 2973 1451 3017 et
1474 2972 1706 3027 matrem,
1731 2963 1897 3025 addit,
1932 2962 1995 3016 Et

398 3059 624 3112 quintam
664 3073 827 3111 suam.
858 3054 999 3123 Quid
1042 3054 1172 3108 mihi
1202 3054 1434 3124 allegas,
1473 3053 1677 3123 inquit,
1713 3062 1993 3121 parentes,

400 3146 616 3213 fratres,
648 3162 883 3210 sorores,
920 3146 1177 3200 uxorem?
1206 3143 1344 3199 Nihil
1384 3144 1631 3213 cuiquam
1661 3144 1997 3214 conjunctius

346 3288 355 3295 ,
398 3247 484 3294 est
511 3238 688 3293 anima
708 3277 724 3303 ,
754 3247 809 3293 et
838 3245 1018 3291 cuncti
1052 3234 1152 3290 nisi
1192 3250 1311 3290 eam
1344 3233 1467 3289 odio
1497 3234 1780 3300 habueris,
1812 3243 1995 3289 contra

400 3345 561 3401 quam
601 3329 735 3384 velit
764 3342 954 3383 amans
988 3327 1167 3382 omnia
1207 3326 1418 3382 cedent.
1460 3325 1645 3396 Neque
1687 3326 1999 3396 simpliciter

401 3424 546 3479 illam
572 3422 698 3479 odio
724 3422 926 3477 habere
948 3420 1129 3491 jussit,
1161 3419 1257 3476 sed
1286 3420 1356 3474 ita
1388 3427 1446 3473 ut
1473 3418 1539 3474 ad
1572 3418 1707 3474 bella
1737 3418 1997 3483 tradatur,

402 3516 469 3571 ad
509 3530 744 3586 pugnas,
771 3513 987 3580 caedes,
1022 3512 1356 3581 sanguinem.
1398 3509 1536 3565 Nam
1563 3512 1650 3581 qui
1679 3527 1779 3565 non
1805 3510 2000 3581 bajulat

405 3622 606 3660 crucem
643 3619 790 3659 suam
809 3644 826 3669 ,
854 3612 903 3657 et
929 3603 1064 3658 venit
1099 3613 1213 3672 post
1242 3618 1320 3655 me
1343 3642 1359 3668 ,
1389 3617 1492 3655 non
1533 3612 1690 3671 potest
1729 3618 1868 3656 meus
1896 3617 2002 3656 esse
2029 3641 2032 3649 η

408 3693 709 3764 discipulus.
742 3691 858 3746 Non
889 3692 1020 3747 dicit
1049 3692 1242 3753 solum.
1264 3691 1331 3745 ad
1363 3702 1588 3746 mortem
1619 3701 1859 3761 paratum
1880 3706 2001 3748 esse

407 3793 650 3856 oportet;
689 3783 782 3839 sed
825 3783 893 3838 ad
941 3792 1167 3839 mortem
1207 3783 1532 3849 violentam;
1576 3797 1677 3838 nec
1712 3783 2000 3838 violentam

410 3876 608 3942 modo,
639 3876 734 3932 sed
763 3884 820 3932 et
848 3875 1278 3948 ignominiosam.
1305 3874 1555 3946 Nihilque
1581 3876 1754 3932 adhuc
1780 3876 1849 3932 dc
1879 3892 2003 3946 pas-

412 3971 567 4026 sione
588 3983 684 4024 sua
708 3968 975 4040 loquitur,
1005 3977 1063 4023 ut
1090 3968 1143 4023 in
1175 3968 1258 4023 his
1288 3968 1499 4025 interim
1536 3969 1762 4024 instituti
1798 3969 2003 4028 facilius

411 4074 476 4116 ac
502 4059 676 4116 lenius
703 4058 771 4115 de
800 4059 889 4114 illa
923 4058 1229 4130 loquentem
1256 4059 1522 4115 audirent.
1555 4062 1746 4115 Annon
1784 4070 2005 4131 stupen-

410 4152 539 4207 dum
558 4160 643 4207 est
663 4152 873 4206 illorum
899 4152 1013 4207 haec
1033 4151 1362 4207 audientium
1384 4152 1617 4208 animam
1639 4167 1743 4207 non
1764 4154 2007 4209 avolasse

415 4258 445 4296 a
470 4257 697 4312 corpore
715 4283 730 4310 ,
757 4259 879 4297 cum
916 4242 987 4298 de
1027 4242 1265 4298 tristibus
1293 4241 1468 4297 solum
1494 4251 1711 4312 agatur,
1744 4242 2004 4299 bonorum

416 4350 550 4390 vero
573 4350 697 4405 spes
723 4342 926 4390 tantum
956 4334 1248 4393 oll'eratur?
1271 4334 1553 4401 Quomodo
1577 4348 1707 4405 ergo
1739 4351 1847 4390 non
1882 4350 2009 4391 avo-

402 4424 588 4480 ‘lavit?
616 4424 777 4480 Multa
807 4433 924 4480 crat
950 4425 1177 4480 dicentis
1202 4425 1390 4492 virtus,
1420 4434 1476 4482 et
1501 4425 1829 4482 audientium
1857 4442 2010 4483 amor

421 4517 641 4573 multus.
675 4517 903 4587 ideoque
929 4518 1086 4587 longe
1114 4517 1328 4573 duriora
1356 4525 1413 4572 et
1446 4517 1756 4574 onerosiora
1784 4518 2009 4575 audien-

419 4618 518 4676 tes,
549 4625 707 4680 quam
736 4608 910 4680 magni
938 4608 1009 4664 illi
1042 4608 1138 4664 viri
1168 4609 1379 4681 Moyses
1405 4619 1459 4664 et
1490 4608 1770 4675 Jeremias,
1803 4610 2012 4667 obtem-

420 4711 691 4772 perantes,
719 4716 819 4773 nec
848 4711 1204 4772 repugnantes
1231 4701 1540 4758 manebant.
1576 4703 1664 4759 59.
1696 4703 1796 4770 Qui
1824 4705 2012 4759 invenit

421 4795 645 4849 animam
684 4812 832 4850 suam
850 4836 865 4860 ,
899 4795 1073 4865 perdet
1100 4811 1245 4861 eam,
1282 4803 1330 4848 et
1363 4796 1450 4863 qui
1483 4795 1756 4864 perdiderit
1789 4797 2011 4850 animum

400 4905 564 4943 suam
593 4898 799 4959 prapter
825 4905 926 4955 me,
959 4888 1171 4943 inveniet
1196 4904 1327 4943 eam.
1353 4886 1544 4943 Videu‘
1568 4897 1817 4958 quantam
1841 4886 2013 4958 jactu-

394 4980 539 5036 'ram
570 4978 765 5034 faciant
792 4980 884 5048 qui
918 4979 1151 5035 animam
1179 4994 1331 5035 suam
1358 4979 1478 5050 plus
1502 4994 1664 5051 quam
1691 4989 1902 5049 oportet
1925 4980 2012 5036 di-

424 5077 587 5147 ligant
608 5075 632 5129 ‘i
652 5086 1013 5148 quantumque
1035 5077 1237 5132 lucrum
1263 5090 1449 5131 eorum
1474 5078 1564 5146 qui
1590 5075 1856 5131 oderunt?
1880 5076 2011 5144 Quia

426 5168 569 5222 enim
596 5176 860 5237 praecepta
886 5182 1111 5224 onerosa
1137 5175 1324 5226 erant:
1357 5182 1481 5222 nam
1505 5177 1690 5223 contra
1725 5177 1974 5236 parentes
1995 5207 2012 5237 ,

325 5298 329 5302 »
426 5261 586 5326 filios,
617 5269 883 5326 naturam,
915 5259 1307 5330 cognationem,
1347 5260 1552 5323 orbem,
1593 5258 1868 5329 ipsamque
1896 5257 2013 5313 ani-

427 5369 569 5408 mum
607 5354 777 5410 aciem
817 5352 1084 5408 instruere
1120 5351 1441 5422 oportebat:
1475 5351 1755 5406 utilitatem
1797 5349 2011 5420 adjicit,

425 5462 546 5515 qua:
576 5446 809 5501 tuaxima
832 5453 980 5503 certe
1003 5453 1139 5500 erat.
1167 5444 1326 5511 Haec,
1354 5445 1558 5514 inquit,
1585 5460 1690 5499 non
1718 5443 1879 5498 modo
1907 5459 2014 5499 non

394 5538 726 5603 ‘nocebnnt,
757 5536 855 5593 sed
884 5546 938 5593 et
972 5538 1203 5592 maxime
1233 5537 1530 5606 iuvabunt;
1564 5536 1647 5591 his
1674 5545 1851 5593 autem
1880 5551 2014 5592 con-

428 5631 587 5683 traria
615 5629 899 5684 nocebunt.
933 5629 988 5683 Id
1019 5628 1211 5698 ubique
1238 5627 1398 5695 facit,
1426 5628 1494 5685 ab
1526 5627 1589 5682 iis
1613 5643 1732 5698 quat
1758 5627 2014 5699 concupi-

400 5722 403 5727 ’
431 5730 605 5787 scunt,
636 5721 993 5776 inductionem
1026 5731 1195 5791 parat.
1227 5719 1335 5777 Cur
1370 5737 1474 5775 non
1506 5721 1584 5776 vis
1609 5721 1840 5776 animam
1872 5729 2014 5777 tuam

431 5807 702 5881 despicere
717 5814 740 5855 ν
762 5812 896 5882 Quia
919 5826 1067 5868 amas
1088 5812 1270 5870 illam?
1291 5813 1369 5868 0b
1393 5812 1495 5869 hoc
1519 5812 1692 5883 ipsum
1717 5826 1845 5885 ergo
1872 5813 2012 5868 illam

1143 383 1197 437 S.
1227 381 1503 439 IDANNIS
1532 376 2001 437 CHRYSOS'I‘OMI
2038 378 2358 436 ARCHlEP.
2387 381 2917 441 CONSTANTINOP.

3579 385 3689 441 868

2092 493 2337 563 despice,
2369 506 2424 551 et
2467 506 2596 553 tunc
2641 498 2782 553 illam
2826 499 3056 555 maxime
3085 498 3329 570 juvabis,
3367 509 3523 571 teque
3558 519 3685 557 vere

2089 595 2356 645 amantem
2386 590 2790 644 monstraveris.
2822 589 2889 644 Et
2917 588 3042 645 vide
3070 589 3199 644 mihi
3230 591 3563 659 prudentiam
3597 594 3681 646 iu-

2089 674 2376 732 effabilem.
2433 678 2550 733 Non
2588 679 2730 733 enim
2773 680 2824 733 in
2866 680 3177 750 parentibus
3212 690 3267 737 et
3311 682 3433 737 filiis
3477 692 3681 737 tantum

2090 779 2344 834 moratur,
2371 771 2464 826 sed
2492 772 2544 826 in
2570 774 2746 828 anima
2775 774 3013 828 omnium
3039 773 3337 841 carissima,
3365 785 3422 830 ut
3446 777 3585 845 quod
3611 777 3680 827 de

2090 859 2180 913 illa
2210 860 2371 926 dicit,
2405 861 2758 918 indubitatum
2785 872 3026 931 maneat,
3056 874 3111 919 et
3138 865 3294 919 simul
3323 864 3533 920 discant
3558 866 3682 920 illos

2089 951 2252 1005 etiam
2280 953 2503 1007 multum
2532 954 2661 1008 lucri
2690 964 2743 1008 et
2775 953 3017 1008 utilitatis
3046 953 3172 1009 hinc
3195 965 3509 1023 accepturos
3534 970 3675 1019 esse,

2090 1043 2521 1113 quandoquidem
2578 1046 2705 1101 illud
2754 1047 2807 1100 in
2861 1049 3099 1101 omnium
3154 1047 3537 1116 pretiosissima
3582 1048 3685 1102 sibi

2090 1135 2267 1189 anima
2294 1137 2535 1206 contigit.

2164 1227 2266 1292 Qui
2289 1229 2546 1298 apostolos
2565 1230 2859 1297 reciperent,
2884 1239 3074 1298 quanta
3095 1239 3511 1300 consequerentur
3530 1232 3681 1285 bona.

2090 1346 2161 1357 ——
2189 1318 2313 1372 llaxc
2342 1334 2469 1372 vero
2499 1330 2746 1387 poterant
2775 1320 3016 1375 homines
3052 1320 3304 1375 inducere
3333 1321 3397 1375 ad
3436 1322 3556 1377 illos
3598 1338 3683 1377 re-

2090 1408 2369 1478 cipiendos
2392 1410 2481 1478 qui
2510 1409 2611 1463 sibi
2641 1409 2798 1464 saluti
2826 1425 2944 1465 esse
2978 1411 3245 1466 valebant.
3276 1413 3406 1478 Quis
3437 1414 3578 1468 enim
3609 1415 3679 1468 ita

2093 1499 2260 1555 fortes
2284 1509 2638 1570 strenuosqne
2665 1501 2827 1568 viros,
2849 1503 2938 1570 qui
2963 1503 3113 1571 quasi
3143 1502 3325 1559 leones
3349 1505 3535 1560 orbem
3558 1521 3679 1574 per-

2091 1589 2409 1654 currebant,
2441 1590 2529 1658 qui
2560 1600 2617 1643 ut
2648 1590 2782 1644 alios
2825 1599 3106 1646 servarent
3141 1608 3233 1645 sua
3278 1594 3454 1647 omnia
3493 1604 3682 1649 conte-

2094 1680 2383 1746 mnebant,
2432 1696 2536 1733 non
2582 1680 2764 1735 libenti
2808 1681 2988 1735 animo
3033 1683 3393 1752 suscepiSSet?
3436 1686 3682 1741 Attamen

2092 1769 2249 1825 aliam
2278 1772 2424 1841 ponit
2451 1771 2753 1826 mercedem
2778 1812 2793 1837 ,
2826 1771 3117 1826 ostendens
3142 1814 3158 1839 ,
3183 1788 3243 1827 se
3281 1773 3514 1843 hospitio
3542 1777 3683 1830 rcci-

2095 1862 2326 1931 pientem
2351 1902 2366 1929 ,
2394 1878 2552 1932 quam
2578 1871 2851 1933 receptum
2883 1863 2982 1918 hac
3009 1864 3061 1918 in
3088 1880 3147 1920 re
3177 1865 3345 1935 magis
3377 1880 3583 1921 curare.
3618 1868 3685 1922 Et

2093 1954 2324 2023 primum
2354 1956 2568 2025 quidem
2597 1955 2688 2009 dat
2727 1956 3002 2024 prtemium
3026 1998 3040 2023 ,
3074 1956 3259 2012 dicens
3287 1975 3301 2010 :
3349 1958 3440 2013 40.
3473 1959 3572 2027 Qui
3597 1976 3677 2013 re-

2091 2046 2215 2114 cipit
2244 2063 2350 2112 vos,
2381 2063 2460 2100 me
2482 2048 2657 2117 recipit
2679 2064 2698 2112 ;
2725 2056 2773 2100 et
2797 2047 2884 2117 qui
2920 2064 2999 2101 me
3026 2048 3224 2116 recipit.
3251 2050 3431 2117 recipit
3461 2065 3574 2102 eum
3600 2052 3684 2118 qui

2094 2153 2174 2191 me
2198 2138 2349 2191 misit.
2381 2136 2479 2192 Cui
2523 2139 2599 2192 rei
2642 2137 2767 2206 quid
2814 2153 2910 2207 par
2947 2153 3195 2208 umquam
3243 2137 3433 2205 fuerit,
3474 2140 3682 2195 Patrem

2093 2243 2287 2299 nempe
2310 2238 2365 2284 et
2397 2228 2588 2284 Filium
2628 2230 2910 2299 recipere?
2942 2230 3112 2284 Aliam
3150 2240 3271 2299 post
3305 2231 3444 2287 ltanc
3472 2249 3679 2288 mercc-

2093 2321 2215 2377 dem
2256 2322 2566 2391 pollicetur;
2601 2337 2721 2376 nam
2753 2323 2825 2375 ait
2855 2339 2867 2375 :
2896 2321 2988 2376 il.
3034 2320 3133 2387 Qui
3169 2321 3348 2393 recipit
3390 2324 3686 2393 prophetam

2092 2416 2147 2469 in
2170 2415 2373 2468 nomine
2397 2415 2673 2483 praphette,
2699 2414 2973 2468 intercedant
3000 2415 3263 2483 prop/tcta:
3282 2417 3515 2485 accipiet,
3538 2426 3583 2470 et
3601 2419 3685 2487 qui

2094 2505 2273 2575 recipit
2293 2506 2490 2576 justum
2518 2505 2570 2558 in
2597 2506 2799 2559 nomine
2825 2506 2976 2575 justi,
3007 2507 3281 2560 mercedem
3300 2506 3430 2575 justi
3452 2508 3683 2577 accipiet.

2094 2597 2268 2669 Supra
2316 2613 2529 2668 pinnam
2573 2598 2947 2653 interminatur
2982 2597 3047 2652 iis
3083 2598 3172 2667 qui
3212 2614 3317 2653 non
3349 2601 3684 2669 receperint;

2098 2688 2186 2744 hie.
2206 2703 2334 2744 vero
2358 2690 2618 2745 bonorum
2641 2688 2968 2759 largitionem
2991 2688 3196 2743 deﬁnit.
3223 2688 3291 2746 Ut
3315 2697 3494 2744 autem
3514 2690 3689 2746 discas

2098 2780 2244 2835 illum
2274 2780 2372 2835 hos
2402 2780 2632 2835 maxime
2659 2794 2849 2835 curare
2868 2821 2883 2847 ,
2914 2795 3020 2835 non
3051 2780 3186 2834 dixit
3214 2790 3414 2835 tantum
3434 2823 3450 2847 ,
3485 2782 3583 2848 Qui
3611 2800 3690 2836 re-

2098 2872 2219 2941 cipit
2244 2872 2570 2942 prop/telam,
2600 2872 2717 2936 vel,
2752 2871 2851 2937 Qui
2890 2873 3069 2943 recipit
3086 2873 3287 2941 justum
3307 2913 3322 2938 ,
3352 2872 3445 2928 sed
3472 2872 3685 2942 adjicit,

2099 2962 2168 3016 In
2197 2964 2399 3017 nomine
2434 2964 2724 3033 prapheta',
2754 2972 2838 3027 et,
2870 2962 2936 3018 In
2963 2964 3166 3018 nomine
3196 2966 3369 3037 justi;
3408 2965 3459 3020 id
3497 2975 3612 3034 est,
3642 2971 3685 3019 si

2101 3071 2208 3113 non
2255 3064 2472 3125 propter
2515 3055 2768 3112 smeulare
2814 3057 3201 3127 patrocinium,
3241 3056 3326 3112 vel
3368 3057 3685 3113 caducarum

2101 3163 2280 3204 rerum
2305 3161 2486 3213 causa,
2519 3149 2845 3217 susceperit;
2878 3147 2971 3203 sed
2998 3149 3119 3218 quia
3148 3147 3425 3218 propheta,
3457 3149 3540 3205 vel
3569 3151 3689 3220 quia

2097 3240 2274 3310 justus
2303 3247 2406 3307 est,
2436 3240 2738 3296 mercedem
2770 3242 3041 3312 prophetre
3066 3242 3151 3296 vel
3178 3242 3306 3312 justi
3337 3242 3579 3312 accipiet,
3609 3244 3692 3298 vel

2102 3349 2260 3402 quam
2288 3349 2384 3405 par
2405 3344 2487 3389 est
2513 3333 2757 3404 accipere
2782 3349 2901 3389 eum
2928 3335 3016 3404 qui
3043 3333 3128 3389 vel
3161 3334 3471 3404 prophetam
3500 3336 3580 3391 vel
3603 3336 3689 3405 ju-

2103 3435 2241 3480 stmn
2269 3425 2550 3496 receperit,
2578 3425 2663 3481 vel
2687 3425 2895 3494 qualem
2921 3425 3176 3494 pr0pheta
3198 3425 3281 3479 vel
3305 3426 3482 3495 justus
3503 3440 3693 3481 conse-

2104 3519 2302 3588 quitur.
2327 3517 2481 3585 Quod
2511 3524 2566 3574 et
2592 3517 2785 3573 Paulus
2809 3516 3056 3572 dicebat:
3095 3514 3270 3572 Vestra
3294 3518 3604 3571 abundantia
3627 3518 3695 3569 ad

2104 3610 2310 3663 illorum
2333 3610 2594 3678 inopiam,
2624 3618 2680 3662 ut
2717 3608 2924 3663 illorum
2961 3608 3273 3663 abundantia
3296 3611 3361 3663 sit
3388 3608 3457 3661 ad
3480 3617 3694 3662 uestram

2105 3702 2328 3772 inopiam
2357 3700 2433 3773 (2.
2470 3699 2589 3757 Cor.
2619 3700 2673 3756 8.
2705 3702 2819 3772 14).
2851 3701 3051 3757 Deinde
3077 3716 3145 3756 ne
3171 3701 3292 3771 quis
3329 3709 3696 3771 paupertatem

2105 3792 2454 3859 obtenderet,
2482 3794 2558 3848 ait
2583 3810 2598 3846 :
2626 3792 2716 3848 42.
2749 3793 3061 3863 Quicumque
3092 3802 3266 3862 potum
3295 3792 3490 3848 dederit
3517 3793 3605 3847 uni
3633 3808 3697 3847 es

2108 3886 2329 3940 minimis
2365 3886 2475 3941 istis
2510 3884 2715 3940 calicem
2754 3901 2901 3955 aqum
2938 3884 3141 3956 frigida;
3181 3894 3374 3939 tantum
3411 3885 3466 3938 in
3498 3885 3701 3938 nomine

2109 3977 2369 4049 discipuli,
2401 3992 2548 4032 amen
2576 3977 2690 4030 dico
2715 3975 2872 4042 vobis,
2904 3992 3005 4030 non
3033 3976 3205 4046 perdet
3231 3975 3507 4031 mercedem
3529 3992 3695 4030 suam.

2111 4068 2332 4124 Etiamsi
2353 4066 2435 4123 vel
2460 4076 2645 4139 potum
2670 4081 2821 4137 aqua:
2849 4064 3054 4136 frigida:
3083 4063 3317 4133 dederis,
3347 4066 3398 4120 in
3425 4079 3534 4136 quo
3557 4064 3697 4120 nulla

2113 4160 2351 4229 impensa
2390 4166 2468 4214 est
2489 4196 2506 4224 ,
2546 4156 2647 4212 erit
2687 4156 2781 4212 tibi
2822 4155 3056 4226 reposita
3094 4168 3321 4212 merces.
3356 4155 3580 4227 Propter
3604 4170 3700 4210 vos

2112 4253 2278 4318 enim,
2299 4252 2391 4323 qui
2416 4251 2669 4321 recipitis,
2693 4250 2871 4306 omnia
2898 4248 3060 4306 facio.

2184 4344 2239 4399 5.
2285 4342 2530 4399 Vidistin’
2574 4342 2892 4413 quibusnam
2937 4340 3003 4396 ad
3059 4337 3489 4411 persuadendum
3534 4353 3699 4402 usus,

2114 4434 2416 4490 universas"
2440 4433 2546 4490 illis
2591 4432 2740 4489 orbis
2785 4433 2976 4487 domos
3021 4430 3479 4503 aperueriti,l’er
3524 4431 3702 4486 omnia

2114 4525 2310 4596 quippe
2340 4523 2571 4580 ostendit
2598 4538 2785 4579 omnes
2824 4522 2956 4594 ipsis
2992 4536 3113 4577 esse
3147 4522 3418 4577 debitores
3450 4538 3464 4575 :
3494 4521 3698 4591 primo,

2116 4632 2237 4672 eum
2265 4615 2400 4671 dixit
2426 4634 2440 4671 :
2471 4614 2669 4686 Dignus
2701 4624 2772 4670 est
2809 4615 3073 4685 operarius
3109 4613 3335 4668 mercede
3358 4628 3454 4667 sua
3480 4612 3698 4681 (Matth.

2118 4707 2205 4764 io.
2234 4707 2344 4779 10);
2377 4706 2611 4762 secundo
2629 4747 2646 4774 ,
2669 4704 2809 4776 quod
2839 4703 2966 4759 nihil
2989 4703 3249 4759 habentes
3276 4712 3331 4759 et
3356 4717 3555 4758 vacuos
3580 4705 3704 4756 mit-

2117 4809 2192 4855 tat
2216 4815 2231 4866 ;
2260 4798 2442 4866 tertio,
2464 4798 2605 4866 quod
2629 4798 2695 4853 ad
2719 4797 2855 4852 bella
2877 4804 2931 4851 et
2951 4810 3152 4867 pugnas
3175 4810 3272 4864 pro
3291 4794 3705 4864 suscipientibus

2118 4891 2324 4956 mittat;
2350 4896 2562 4959 quarto,
2589 4887 2731 4958 quod
2757 4888 2907 4957 signa
2937 4884 3193 4956 operandi
3222 4884 3315 4941 det
3347 4892 3703 4955 potestatem;

2118 4983 2334 5053 quinto,
2356 4980 2498 5052 quod
2525 4994 2745 5050 pacem,
2776 4978 3037 5034 bonorum
3067 4977 3304 5031 omnium
3331 4989 3581 5041 causam,
3612 4989 3705 5044 per

2118 5089 2181 5130 os
2219 5088 2405 5130 eorum
2451 5072 2503 5127 in
2545 5070 2737 5126 domos
2780 5068 3186 5140 suscipientium
3230 5068 3483 5135 inducat;
3523 5077 3705 5133 sexto,

2054 5167 2262 5239 _;quod
2297 5165 2542 5238 graviora
2585 5163 2927 5221 Sodomiticis
2964 5160 3340 5217 interminetur
3379 5161 3446 5216 iis
3478 5159 3568 5230 qui
3602 5174 3706 5213 non

2122 5261 2266 5329 ipsos
2291 5256 2662 5327 susceperint;
2695 5255 2945 5324 septimo,
2974 5253 3119 5324 quod
3148 5252 3414 5314 ostendat.
3443 5252 3535 5323 qui
3566 5252 3709 5321 ipsos

2120 5350 2450 5420 suscipiunt,
2481 5356 2537 5403 et
2560 5362 2621 5404 se
2655 5355 2710 5401 et
2743 5345 2953 5401 Patrem
2980 5345 3288 5415 suscipere;
3316 5351 3539 5410 octavo,
3568 5341 3708 5412 quod

2121 5444 2396 5515 propheta:
2424 5450 2478 5497 et
2509 5440 2636 5511 justi
2673 5437 2972 5494 mercedem
3012 5436 3324 5508 promittat;
3354 5448 3498 5489 nono
3520 5475 3537 5500 ,
3567 5436 3710 5504 quod

2122 5536 2273 5591 calici
2300 5518 2455 5605 aquai
2478 5530 2679 5602 frigidae
2708 5544 2954 5599 magnam
2983 5528 3222 5598 assignat
3251 5524 3578 5582 mercedem.
3604 5523 3712 5578 ilo-

2123 5642 2241 5682 rnm
2266 5622 2680 5694 unumquodque
2709 5629 2919 5690 poterat
2939 5618 3059 5674 illos
3080 5618 3368 5673 attrahere.
3394 5615 3525 5685 Quis
3544 5614 3706 5678 enim,

2124 5732 2340 5790 qureso,
2372 5716 2562 5772 ducem
2596 5713 2784 5768 videns
2821 5710 2968 5768 mille
2990 5709 3299 5764 vulneribus
3324 5707 3628 5764 confossum
3653 5714 3707 5761 et

2125 5816 2479 5875 cruentatum,
2510 5821 2572 5863 ac
2597 5815 2717 5878 post
2741 5803 2904 5860 multa
2932 5810 3129 5873 tropaea
3151 5816 3216 5857 es
3242 5799 3378 5856 bello
3398 5796 3716 5853 redeuutem
