4118 6428
516 411 623 473 ιω

508 527 687 600 ianuis
711 526 903 589 domus
925 523 1174 583 omnibus
1199 521 1398 597 apertis
1429 536 1532 577 non
1561 520 1861 595 receperit?
1890 519 1954 573 Et
1978 517 2097 588 quis

512 621 602 676 ille
632 619 794 683 talis?
826 617 1054 689 inquies.
1081 615 1206 673 Ideo
1229 614 1424 693 adjecit
1441 654 1457 680 ,
1486 614 1553 669 In
1574 613 1775 669 nomine
1799 614 2059 683 propheta:
2078 651 2092 677 ,

1438 404 1506 463 IN
1541 402 1948 465 HATTlhEUM
1986 401 2218 460 llOMlL.
2263 401 2481 461 XXXV.
2523 406 2595 464 al.
2636 404 2879 467 XXXVI.

3695 417 3801 472 410

2212 519 2480 574 manducet
2529 518 2605 593 (2.
2656 519 2837 576 Thess.
2877 523 2931 577 ὅ.
2976 520 3228 592 lO):n0n
3273 524 3359 580 hic
3396 523 3558 580 {autem
3588 526 3794 581 dicendi

2209 613 2366 677 fecit,
2416 612 2511 667 Sed
2555 612 2788 682 adjecit:
2831 612 2931 667 Vos
2971 623 3141 668 autem
3178 632 3279 670 non
3319 616 3567 685 deﬁciatis
3610 616 3793 672 bonum

513 712 597 768 vel
625 711 885 782 discipuli,
915 711 999 773 vel
1026 705 1180 781 justi,
1210 718 1269 767 ut
1294 708 1469 764 discas
1499 708 1672 777 ipsum
1704 720 1808 760 non
1836 721 1903 762 ex
1927 705 2101 775 digni-
2206 703 2446 773 facientes
2479 701 2529 774 (1
2539 704 2641 757 bid.
2670 721 2719 758 υ.
2758 703 2870 775 15).
2920 704 3078 776 Atqui
3112 704 3227 761 haec
3253 709 3522 763 contraria
3550 718 3695 775 sunt.
3732 707 3793 764 Si

511 812 621 864 tate
648 802 951 861 accedentis
968 843 986 869 ,
1016 801 1111 859 sed
1139 817 1205 861 ex
1230 800 1503 863 voluntate
1531 797 1871 868 suscipientis
1908 797 2092 867 hospi-

511 895 608 964 tio,
630 894 1216 955 mercedem‘statuere.
1246 891 1379 948 Nam
1403 891 1490 945 hic
1512 889 1580 946 de
1608 888 1904 961 prophetis,
1932 887 2001 942 de
2026 887 2094 941 di-

505 987 728 1057 s¢ipulis
761 995 816 1042 et
848 985 918 1047 de
949 985 1108 1056 iustis
1132 984 1273 1055 agit;
1304 983 1430 1040 alibi
1456 996 1584 1037 vero
1612 980 1773 1036 etiam
1804 977 2091 1033 admodum

505 1077 747 1148 abiectos
785 1076 1061 1146 suscipere
1095 1074 1277 1147 jubet,
1309 1087 1510 1143 eosque
1542 1070 1633 1141 qui
1664 1084 1771 1124 non
1800 1068 2096 1139 suscipiunt

504 1168 726 1239 castigat
749 1183 766 1222 :
798 1181 921 1225 nam
949 1165 1015 1227 In
1035 1174 1278 1237 quantum
1303 1179 1406 1219 non
1428 1162 1617 1232 fecistis
1640 1161 1731 1214 uni
1754 1176 1819 1215 ea:
1842 1159 1922 1213 his
1946 1158 2095 1212 mini-

503 1258 625 1327 mis,
650 1274 808 1327 neque
830 1256 956 1315 mihi
980 1256 1167 1325 fecistis
1188 1254 1401 1326 (Matth.
1427 1252 1520 1309 25.
1543 1251 1635 1323 45)
1658 1269 1675 1318 ;
1701 1259 1756 1307 et
1775 1266 1807 1307 e
1824 1250 2093 1306 contrario

502 1364 738 1409 rursum.
771 1347 994 1403 Etiamsi
1021 1349 1163 1409 enim
1191 1346 1283 1402 ille
1309 1344 1442 1403 nihil
1467 1343 1671 1417 grande
1693 1342 1896 1407 fecerit,
1928 1341 2093 1401 homo

502 1451 684 1501 tamen
711 1450 797 1499 est
823 1450 878 1497 et
907 1439 1162 1497 mundum
1186 1437 1432 1497 eumdem
1458 1437 1680 1503 habitat,
1706 1436 1952 1495 eumdem
2000 1450 2090 1495 so-

500 1531 608 1591 lem
632 1531 870 1602 respicit,
892 1530 1137 1591 eamdem
1167 1530 1324 1589 habet
1351 1528 1608 1593 animam,
1631 1526 1879 1597 eumdem
1908 1525 2090 1581 Domi-

498 1640 650 1691 num,
680 1624 991 1687 earumdem
1033 1632 1206 1681 tecum
1232 1622 1613 1693 mysteriorum
1643 1634 1863 1675 consors
1889 1617 2087 1685 est,‘ad

496 1717 643 1775 hiem
670 1716 859 1773 cal-lum
887 1724 1135 1781 vocatur,
1171 1714 1261 1783 jus
1294 1712 1498 1783 grande
1534 1710 1737 1767 habens
1756 1752 1772 1777 ,
1801 1718 2087 1781 pauperta-

496 1819 606 1866 tem
629 1850 646 1878 ,
675 1818 731 1866 et
754 1808 898 1879 quod
931 1806 1238 1864 necessario
1262 1806 1384 1863 cibo
1406 1812 1583 1881 egeat.
1610 1803 1761 1859 Nunc
1786 1812 1963 1864 autem
1992 1801 2084 1873 qui

495 1908 550 1956 te
574 1914 695 1955 cum
723 1898 867 1959 tibiis
895 1905 952 1957 et
989 1898 1180 1957 ﬁstulis
1210 1896 1418 1970 hyemis
1457 1905 1699 1965 tempore
1731 1894 1966 1951 excitant
1987 1933 2003 1958 ,
2029 1900 2084 1953 ct

492 1991 693 2046 frustra
728 1999 1037 2060 temereque
1074 1989 1167 2054 tibi
1206 1987 1505 2051 molestiam
1532 1993 1754 2050 creant,
1786 1984 1966 2047 multis
2003 1994 2084 2039 tas

491 2097 619 2143 meo
643 2096 675 2139 ι
702 2090 755 2141 te
778 2082 952 2140 ornati
979 2080 1291 2141 muneribus
1326 2078 1618 2144 recedunt;
1645 2085 1701 2139 et
1725 2077 1813 2148 qui
1843 2075 2083 2135 hirundi-

491 2186 591 2227 nes
615 2172 1029 2239 eircumferunt,
1059 2169 1282 2242 fuligine
1308 2169 1521 2229 obducti
1544 2210 1561 2238 ,
1589 2168 1679 2241 qui
1705 2175 1995 2225 scommata
2026 2175 2082 2227 et

490 2263 773 2323 maledicta
811 2265 866 2325 in
905 2276 1094 2327 omnes
1132 2262 1456 2331 conjiciunt,
1504 2269 1824 2333 portentosm
1852 2274 2081 2317 consue-

488 2356 688 2413 tudinis
724 2354 1030 2416 mercedem
1070 2355 1356 2424 acoipiuut.
1403 2353 1460 2415 Si
1504 2369 1632 2409 vero
1672 2367 1876 2424 pauper
1914 2366 2078 2425 egens

490 2462 627 2519 pane
650 2447 893 2513 accedat,
921 2447 1068 2505 mille
1096 2446 1245 2507 illum
1275 2445 1593 2511 maledictis,
1625 2444 1946 2516 opprobriis,
1972 2445 2078 2505 cria

489 2539 723 2599 minibus
759 2553 988 2604 oneras,
1022 2539 1344 2601 otiositatem
1389 2537 1716 2608 exprobras,
1747 2550 1847 2592 nec
1874 2536 2077 2607 cogitas

487 2638 542 2686 te
566 2643 781 2700 quoque
806 2630 1039 2701 otiosum
1064 2643 1206 2696 esse,
1237 2638 1294 2685 et
1328 2639 1505 2684 tamen
1533 2629 1699 2685 Deum
1730 2630 1822 2685 tibi
1851 2644 2072 2685 munera

484 2729 544 2781 et
577 2721 719 2778 dona
759 2721 1021 2793 praebere.
1062 2720 1139 2778 Ne
1175 2720 1307 2783 mihi
1344 2721 1487 2777 enim
1525 2722 1758 2790 dixeris,
1793 2730 1846 2778 te
1873 2722 2073 2795 aliquid

484 2813 732 2882 operari;
763 2813 856 2871 sed
887 2813 1015 2869 mihi
1039 2812 1367 2879 demonstra,
1401 2820 1453 2867 te
1483 2811 1679 2884 aliquid
1711 2814 2072 2873 necessarium

484 2904 665 2965 facere.
689 2915 745 2961 et
770 2913 1021 2963 tractare.
1053 2905 1148 2961 Sin
1189 2904 1317 2963 mihi
1347 2904 1550 2967 dixeris
1580 2914 1631 2961 te
1660 2909 1869 2975 negotia
1906 2920 2071 2976 pecu.

484 2997 651 3052 niar—ia
675 3004 733 3052 et
757 2996 1135 3065 cauponariam
1161 3010 1436 3060 exercere,
1462 3010 1670 3052 necnon
1709 2995 1945 3055 studium
1973 3011 2070 3051 eu-

482 3088 666 3145 randte
687 3099 740 3145 et
765 3088 1021 3157 augendas
1046 3089 1122 3145 rei
1150 3086 1447 3165 familiaris,
1477 3088 1811 3159 respondebo
1838 3089 1930 3145 tibi
1957 3089 2072 3153 haec

484 3194 591 3235 non
620 3193 743 3235 esse
766 3194 961 3248 opera,
988 3178 1082 3237 sed
1111 3194 1236 3235 vere
1269 3194 1429 3251 opera
1468 3193 1590 3241 esse
1632 3181 2031 3253 eleemosynam
2050 3222 2069 3247 ,

481 3272 777 3329 orationem
801 3314 818 3338 ,
850 3271 1098 3329 lzesorum
1128 3270 1480 3340 patrocinium
1507 3279 1562 3333 et
1589 3270 1779 3331 similia
1799 3312 1815 3337 ,
1844 3271 1895 3329 in
1923 3286 2074 3340 quo-

483 3380 603 3421 rum
640 3365 841 3420 incuria
871 3364 1030 3419 vitam
1073 3370 1333 3433 perpetuo
1365 3361 1593 3432 agimus.
1628 3363 1879 3419 Attamen
1912 3379 2070 3427 numq

481 3471 642 3525 quam
664 3455 798 3510 dixit
823 3453 977 3513 nobis
1004 3453 1160 3521 Deus,
1184 3453 1318 3521 Quia
1344 3453 1397 3508 in
1418 3452 1529 3507 otio
1553 3452 1723 3523 degis,
1753 3467 1858 3517 non
1879 3466 2071 3508 acccn~

479 3548 606 3605 dam
634 3547 725 3605 tibi
751 3546 950 3610 solem;
981 3545 1106 3614 quia
1134 3559 1205 3601 ex
1236 3543 1556 3603 necessariis
1580 3542 1710 3609 nihil
1737 3543 2064 3613 exsequeris,

481 3642 661 3696 lunam
705 3639 799 3694 tibi
843 3638 1211 3708 esstinguam,
1238 3645 1396 3692 terra:
1432 3643 1642 3695 uterum
1679 3636 1912 3695 sterilem
1943 3636 2071 3692 red.

480 3732 627 3799 dum,
654 3730 898 3787 retinebo
925 3739 1131 3800 stagna,
1157 3728 1355 3797 fontes,
1381 3728 1621 3795 llumiua,
1648 3729 1840 3787 delebo
1864 3746 2065 3795 acrem,

482 3823 690 3895 pluvias
731 3837 934 3876 annuas
980 3820 1233 3877 detinebo
1274 3837 1289 3874 :
1329 3834 1514 3879 verum
1557 3819 1736 3879 omnia
1780 3820 1870 3881 ille
1917 3821 2070 3881 nobis

478 3915 815 3971 abundanter
851 3912 1172 3983 suppeditat.
1205 3911 1534 3980 Quibusdam
1572 3926 1703 3973 vero
1744 3927 1850 3967 non
1895 3913 2068 3971 solum

481 4007 535 4061 in
561 4007 674 4060 otio
696 4004 1035 4075 degentibus,
1062 4003 1158 4059 sed
1191 4003 1351 4059 etiam
1390 4002 1532 4059 male
1557 4002 1923 4074 cperantibus,
1954 4003 2071 4060 haec

478 4098 679 4153 an‘atim
709 4097 954 4168 largitur.
988 4095 1123 4159 Cum
1167 4095 1328 4166 igitur
1368 4110 1657 4165 pauperem
1684 4095 1882 4153 videris
1915 4096 2068 4153 dixev

480 4190 697 4261 risque,
731 4188 1034 4251 Prtel'ooor,
1069 4201 1192 4241 cum
1232 4186 1389 4243 video
1427 4187 1570 4242 hunc
1601 4186 1851 4255 juvenem
1876 4226 1893 4252 ,
1934 4187 2069 4250 bene

479 4282 776 4347 valentem,
809 4278 940 4333 nihil
980 4277 1300 4345 habentem,
1329 4277 1465 4332 velle
1492 4277 1665 4335 otioso
1688 4278 1788 4334 sibi
1814 4278 2068 4337 alimenta

477 4371 805 4443 suppeditari
825 4387 840 4435 ι
866 4370 1002 4425 forte
1020 4384 1209 4425 servus
1230 4368 1479 4440 fugitivus
1496 4369 1682 4440 estqui
1702 4370 1888 4426 herum
1913 4384 2067 4429 suum

480 4463 696 4533 reliquit
724 4481 738 4516 :
767 4462 882 4516 haec
910 4463 1023 4530 ipsa
1051 4460 1143 4515 tibi
1165 4460 1327 4515 dicite
1351 4500 1367 4526 ,
1392 4459 1500 4517 imo
1526 4458 1592 4515 da
1620 4460 1693 4515 illi
1719 4459 1835 4515 haec
1858 4460 1953 4517 tibi
1981 4461 2068 4515 di—

477 4557 632 4611 cendi
660 4556 980 4619 libertatem,
999 4554 1300 4634 iustiusque
1322 4552 1463 4607 dicet
1483 4552 1574 4607 tibi
1601 4552 1917 4617 :Prchoeor,
1945 4568 2067 4608 cum

480 4651 636 4705 video
655 4659 728 4715 te,
750 4663 913 4706 sanus
935 4663 1057 4702 cum
1080 4647 1177 4712 sis,
1199 4646 1254 4701 in
1279 4646 1389 4700 otio
1411 4644 1628 4716 degere,
1656 4660 1755 4701 nec
1781 4645 2067 4717 quidquam

479 4758 664 4798 eorum
694 4757 814 4812 qum
841 4740 934 4796 tibi
970 4740 1107 4794 Deus
1136 4739 1390 4809 praecepit
1413 4738 1654 4808 exsequi,
1682 4737 1777 4793 sed
1801 4755 1831 4795 a
1861 4738 2069 4795 Domini

483 4833 764 4904 praeceptis
800 4832 1073 4901 lugitivum
1112 4830 1396 4895 circumire
1430 4830 1484 4883 in
1524 4830 1790 4899 nequitia,
1821 4830 1989 4900 quasi.
2012 4831 2066 4886 in

481 4926 653 4980 aliena
682 4933 821 4979 terra
849 4924 1010 4976 vitam
1039 4929 1305 4991 agentem,
1333 4919 1627 4985 ebriosum,
1659 4922 1891 4992 crapula:
1917 4921 2071 4978 dedi-

482 5026 616 5079 tum,
648 5016 838 5075 furem,
870 5023 1157 5083 raptorem,
1187 5013 1389 5066 alienas
1425 5011 1824 5068 subvertentem
1854 5014 2063 5069 domes.

480 5108 561 5164 'l‘u
598 5123 685 5164 me
711 5108 780 5163 de
803 5105 914 5161 otio
941 5119 1195 5170 accusas,
1236 5119 1337 5174 ego
1374 5113 1425 5159 te
1462 5102 1531 5159 de
1565 5104 1742 5175 pravis
1778 5105 2064 5174 operibus,

481 5199 694 5271 quando
716 5197 1005 5264 insidiaris,
1022 5197 1193 5267 juras,
1217 5194 1478 5261 mentiris,
1497 5195 1659 5264 rapis,
1682 5195 2068 5268 iunumeraque

483 5291 847 5365 hujuscemodi
882 5292 1142 5360 cperaris.

550 5388 605 5441 ιι.
647 5384 984 5450 Eleemosyna
1015 5381 1295 5453 eroganda.
1335 5379 1495 5437 Vana:
1519 5380 1836 5443 cenationes
1885 5382 2065 5437 redar-

483 5476 931 5551 φωτινὴ-Ηώς
953 5491 1131 5532 autem
1150 5475 1273 5530 dico
1291 5489 1396 5530 non
1414 5474 1559 5544 quod
1574 5475 1776 5528 otiosos
1798 5474 1916 5545 lege
1938 5490 2069 5530 coit-

486 5575 694 5627 llrmem
720 5588 733 5625 :
761 5569 932 5635 absit;
962 5583 1153 5623 omnes
1182 5568 1379 5637 quippe
1408 5566 1621 5637 operari
1646 5568 1836 5637 cupio:
1865 5567 2067 5622 desidia

485 5664 631 5720 enim
672 5678 834 5718 omne
872 5661 1055 5716 vitium
1086 5659 1309 5724 edocet;
1343 5657 1438 5713 sed
1468 5674 1599 5730 rogo
1627 5675 1694 5714 nc
1724 5658 1843 5716 duri
1874 5657 1958 5713 vel
1989 5657 2071 5712 in-

484 5756 701 5813 humani
738 5755 874 5811 sitis.
904 5750 1343 5824 Quandoquidem
1390 5750 1586 5805 Paulus
1628 5750 1793 5805 multa
1837 5756 2073 5820 conque-

482 5859 631 5911 stus,
669 5862 791 5904 cum
849 5846 1114 5912 dixisset,
1159 5844 1219 5900 Si
1257 5841 1367 5915 quis
1407 5859 1506 5897 non
1551 5842 1653 5899 calt
1696 5842 1933 5914 operari,
1973 5858 2063 5899 nec

2204 793 2346 847 enim
2378 794 2677 865 praecepisti
2704 810 2770 849 ne
2796 796 3080 850 comedunt
3102 796 3282 863 otiosi,
3310 813 3406 854 cur
3432 813 3532 875 nos
3560 799 3627 863 ad
3653 801 3788 856 dan-

2203 886 2328 941 dum
2374 885 2645 947 hortaris?
2685 887 2896 956 Etiam,
2929 889 3131 960 inquit,
3174 890 3309 965 jussi
3355 891 3476 947 illos
3515 895 3788 959 aversari,

2202 993 2304 1033 nec
2329 994 2389 1034 se
2416 980 2641 1035 miscere
2680 996 2803 1038 cum
2847 981 2976 1047 illis,
3022 997 3342 1053 rursumque
3370 984 3517 1051 dixi,
3548 984 3630 1040 Ne
3672 987 3790 1039 illos
3872 1056 3877 1060 ἡ

2200 1071 2430 1126 inimicas
2449 1072 2635 1143 putetis
2651 1113 2668 1141 ,
2694 1072 2784 1127 sed
2806 1072 3069 1132 admonete
3097 1071 3256 1143 (Ibid.
3281 1092 3329 1129 υ.
3353 1076 3441 1146 15)
3476 1094 3488 1129 :
3527 1093 3630 1131 non
3657 1092 3788 1131 con-

2200 1161 2362 1217 traria
2390 1161 2708 1234 praecipiens
2725 1203 2740 1231 ,
2766 1160 2863 1217 sed
2888 1161 3175 1219 admodum
3203 1178 3460 1220 consona.
3491 1165 3623 1220 Nam
3655 1167 3698 1220 si
3727 1174 3786 1220 tu

2199 1250 2272 1317 ad
2309 1255 2706 1327 eleemosynam
2752 1258 3078 1327 erogandam
3118 1258 3193 1311 sis
3223 1268 3478 1328 paratus,
3513 1259 3621 1314 cito
3649 1274 3782 1329 pau-

2196 1363 2294 1419 per
2322 1348 2410 1404 ille
2435 1349 2502 1404 ab
2527 1349 2638 1404 otio
2663 1349 2931 1416 discedet,
2964 1358 3020 1406 et
3055 1359 3110 1405 tu
3146 1351 3215 1405 ab
3257 1351 3665 1406 inhumanitate.
3712 1352 3784 1406 At

2194 1441 2470 1506 mentitur,
2493 1439 2722 1511 inquies,
2749 1450 2804 1496 et
2827 1441 2991 1495 multa
3013 1441 3287 1512 contingit.
3307 1440 3413 1497 Sed
3440 1441 3564 1497 hinc
3583 1442 3776 1514 dignus

2195 1529 2561 1585 misericordia
2603 1537 2714 1601 est,
2763 1529 2904 1600 quod
2930 1529 2996 1584 ad
3028 1538 3228 1585 tantam
3258 1531 3507 1589 redactus
3546 1532 3616 1586 sit
3654 1547 3779 1602 ege-

2192 1629 2416 1686 statem,
2445 1629 2501 1675 ut
2529 1620 2868 1690 impudenter
2904 1635 3063 1692 agere
3105 1628 3346 1692 cogatur.
3378 1621 3488 1677 N05
3512 1637 3641 1677 vero
3669 1637 3775 1681 non

2190 1711 2353 1775 modo
2382 1727 2489 1766 non
2523 1712 2888 1767 misericordia
2920 1727 3216 1778 movemur,
3261 1713 3359 1768 sed
3392 1722 3448 1771 et
3487 1714 3775 1769 inhumana

2192 1805 2276 1859 illa
2303 1803 2464 1861 verba
2491 1805 2832 1875 proferimus,
2860 1804 3101 1861 dicentes
3126 1823 3140 1859 :
3172 1808 3366 1863 Annon
3412 1808 3579 1863 semel
3608 1818 3664 1864 et
3692 1809 3776 1864 bis

2187 1896 2481 1966 accepisti?
2522 1896 2659 1965 Quid
2685 1896 2877 1968 igitur?
2918 1912 3095 1953 annon
3137 1907 3259 1969 eget
3300 1899 3422 1954 cibo
3465 1900 3656 1956 iterum
3683 1904 3774 1973 qui

2186 1989 2354 2044 semel
2401 1988 2579 2049 cibum
2621 1989 2868 2062 accepit?
2915 1989 3026 2045 Cur
3069 2006 3175 2045 non
3218 1992 3389 2047 ventri
3437 2007 3649 2064 quoque
3678 2002 3772 2048 tuo

2187 2080 2348 2136 hasce
2374 2082 2528 2153 ponis
2552 2082 2697 2152 leges
2717 2122 2733 2149 ,
2766 2096 2866 2138 nec
2895 2081 3066 2137 dicis:
3092 2082 3350 2153 Repletus
3380 2082 3522 2139 fuisti
3562 2085 3674 2141 beri
3717 2095 3774 2142 et

2185 2175 2381 2245 nudius
2406 2176 2613 2241 tertius,
2647 2192 2715 2232 ne
2737 2192 2947 2246 qumras
2977 2177 3240 2247 amplius?
3281 2176 3394 2233 lmo
3427 2178 3576 2234 illum
3608 2195 3769 2251 supra

2184 2281 2488 2325 mensuram
2539 2266 2796 2337 replendo
2843 2267 3135 2336 dirumpis,
3189 2268 3331 2324 hunc
3382 2285 3512 2325 vero
3559 2270 3766 2326 modica

2184 2367 2452 2432 petentem
2488 2360 2775 2427 aversaris,
2813 2374 2935 2415 cum
2968 2375 3062 2430 par
3089 2369 3233 2417 esset
3260 2361 3377 2430 ejus
3404 2361 3490 2419 vel
3519 2361 3622 2416 hoc
3651 2364 3769 2431 ipso

2179 2452 2457 2517 misereri,
2506 2450 2647 2521 quod
2672 2450 2909 2523 quotidie
2948 2459 3002 2511 te
3048 2459 3270 2521 Cogntur
3321 2451 3491 2506 adire.
3545 2452 3767 2509 Etiamsi

2180 2560 2288 2601 non
2323 2542 2539 2603 aliunde
2570 2541 2832 2607 nectaris,
2868 2540 2991 2601 ideo
3022 2541 3165 2597 illius
3192 2549 3244 2601 te
3274 2542 3515 2597 misereri
3544 2552 3765 2612 oporte-

2178 2644 2280 2693 ret.
2322 2635 2659 2706 Paupertatis
2698 2634 2843 2688 enim
2888 2631 3185 2693 necessitas
3225 2632 3277 2698 vi
3317 2631 3381 2686 ad
3411 2632 3526 2686 haec
3555 2633 3761 2702 agenda

2178 2725 2421 2798 impellit.
2468 2723 2654 2794 Neque
2698 2724 2972 2785 miseraris
3018 2723 3191 2793 ipsum
3236 2722 3357 2794 quia
3389 2722 3512 2777 talia
3540 2724 3763 2777 audit-ns

2176 2830 2285 2872 non
2313 2814 2618 2878 erubescit;
2670 2814 2965 2869 necessitas
3003 2813 3147 2869 enim
3196 2813 3469 2882 prtevalet.
3520 2812 3600 2869 Tu
3633 2830 3763 2868 vero

2177 2919 2282 2965 non
2324 2903 2485 2963 modo
2519 2919 2624 2958 non
2662 2902 2965 2969 misereris;
2995 2902 3089 2957 sed
3117 2904 3278 2958 etiam
3307 2902 3538 2959 traducis
3568 2903 3715 2957 illum
3744 2922 3757 2958 :

2177 2996 2394 3065 Deoque
2417 2994 2639 3069 iubente
2666 2994 2804 3049 clam
2835 3008 3059 3065 erogare
3100 2994 3314 3066 (Matth.
3342 2996 3396 3050 6.
3425 2995 3500 3063 ι),
3532 3005 3644 3050 stas
3669 3011 3759 3050 ac-

2173 3086 2456 3147 cedentem
2506 3085 2719 3156 probris
2767 3084 2979 3156 publice
3030 3086 3320 3155 impetens,
3361 3103 3483 3142 cum
3512 3089 3758 3155 miserari

2174 3177 2326 3234 illum
2356 3185 2649 3249 oporteret.
2675 3175 2808 3241 Nam
2835 3177 2880 3230 si
2907 3175 3037 3233 dare
3067 3192 3172 3237 non
3205 3178 3283 3245 vis
3302 3218 3317 3245 ,
3364 3192 3461 3233 cur
3487 3179 3761 3235 calamito-

2174 3286 2288 3327 sam
2330 3280 2387 3327 et
2424 3270 2679 3325 miseram
2720 3270 2954 3325 animam
2998 3285 3221 3325 accusas
3266 3280 3321 3327 et
3353 3271 3577 3326 atteris?
3608 3271 3763 3327 Venit

2172 3365 2324 3437 quasi
2354 3364 2422 3419 ad
2450 3373 2661 3435 portum
2693 3363 2759 3421 ad
2792 3378 2984 3421 manus
3012 3372 3160 3428 tuas;
3194 3378 3291 3418 cur
3318 3363 3511 3419 ﬂuctus
3531 3365 3757 3425 excitas.

2173 3467 2227 3523 et
2247 3457 2549 3529 graviorem
2580 3463 2953 3529 tempestatem
2982 3454 3189 3515 silicis?
3220 3469 3315 3511 cur
3342 3455 3757 3513 illiheralitatem

2172 3548 2429 3609 damnas?
2463 3546 2602 3603 Num
2632 3546 2865 3606 venisset
2903 3547 2946 3603 si
2988 3547 3111 3602 talia
3142 3560 3202 3601 se
3225 3546 3531 3613 auditurum
3560 3562 3755 3618 exspe-

2172 3640 2411 3696 classet?
2441 3638 2593 3709 Quod
2623 3638 2669 3695 si
2699 3636 2752 3692 id
2779 3637 3079 3708 praevidens
3107 3638 3365 3703 accessit,
3400 3637 3521 3693 ideo
3552 3654 3646 3710 par
3673 3646 3757 3701 est

2172 3741 2228 3793 et
2260 3731 2412 3797 illum
2449 3729 2729 3799 miserari,
2760 3736 2814 3793 et
2843 3736 2987 3789 tuam
3018 3727 3239 3784 horrere
3277 3728 3719 3792 inhumanitatcm
3741 3770 3757 3794 ,

2172 3816 2423 3898 quoniam
2453 3838 2522 3881 ne
2547 3821 2762 3897 quidem
2784 3861 2800 3887 ,
2830 3835 2953 3876 eum
2982 3828 3262 3891 urgentem
3292 3820 3440 3875 vides
3468 3820 3762 3877 necessita-

2174 3925 2316 3981 tem,
2347 3913 2678 3975 mansuetior
2704 3911 2909 3971 evadis.
2955 3910 3138 3981 Neque
3176 3911 3320 3967 enim
3360 3910 3608 3969 suﬂieerc
3657 3912 3759 3982 ipsi

2172 4016 2362 4076 putas.
2410 4004 2479 4059 ad
2527 4004 2928 4061 excusationem
2976 4002 3350 4081 impudentiae,
3401 4003 3557 4061 famis
3603 4004 3757 4058 timo-

2173 4114 2323 4165 rem,
2355 4096 2450 4153 sed
2477 4095 2866 4167 impudentiam
2900 4096 3116 4166 arguis,
3165 4094 3255 4167 qui
3298 4095 3434 4153 forte
3476 4110 3619 4166 saepe
3661 4096 3759 4149 im-

2174 4191 2462 4262 pudentius
2489 4190 2643 4261 egisti
2670 4190 2723 4245 in
2752 4188 2916 4245 rebus
2943 4188 3299 4259 gravioribus.
3331 4187 3463 4243 Nam
3492 4186 3579 4247 hic
3607 4197 3757 4251 certe

2173 4284 2499 4355 impudentia
2528 4282 2740 4341 veniam
2780 4278 2936 4338 all‘ert
2963 4298 2977 4336 :
3006 4295 3105 4335 nos
3142 4295 3270 4335 vero
3309 4294 3453 4350 saepe
3497 4278 3760 4350 supplicio

2171 4374 2327 4445 digna
2357 4373 2615 4433 facientes
2645 4369 2983 4443 impudenter
3007 4370 3245 4441 agimus;
3277 4378 3331 4425 et
3357 4384 3501 4441 cum,
3530 4369 3643 4424 haec
3663 4383 3759 4423 co-

2171 4471 2423 4537 gitantes,
2470 4463 2701 4521 humiles
2737 4476 2860 4523 esse
2898 4469 3212 4539 oporteret,
3263 4461 3316 4516 in
3365 4461 3593 4515 miseros
3636 4459 3760 4513 illos
3810 4522 3831 4535 κ

2172 4557 2528 4628 insurgimus,
2569 4570 2633 4610 ac
2669 4553 2906 4611 remedia
2949 4552 3256 4624 petentibus
3298 4552 3522 4615 vulnera
3566 4550 3757 4620 adjici—

2171 4668 2310 4708 mus.
2333 4650 2467 4708 Nam
2495 4650 2538 4706 si
2567 4648 2699 4705 dare
2728 4662 2833 4704 non
2862 4648 2945 4702 vis
2968 4690 2984 4710 ,
3016 4662 3112 4707 cur
3138 4644 3340 4701 czedis?
3374 4644 3419 4698 si
3448 4643 3624 4713 largiri
3651 4658 3758 4698 non

2171 4744 2286 4808 vis,
2322 4756 2422 4798 cur
2463 4740 2664 4812 probro
2705 4737 2913 4795 allicis?
2941 4736 3045 4793 Sed
3076 4736 3167 4791 ille
3192 4749 3297 4789 non
3322 4734 3441 4787 vult
3468 4733 3573 4787 alio
3598 4732 3759 4793 modo

2171 4814 2473 4897 discedere.
2499 4832 2590 4897 Sic
2608 4844 2737 4900 ergo
2759 4828 2841 4885 lac
2862 4836 2919 4882 ut
2938 4826 3029 4882 ille
3048 4826 3262 4901 sapiens
3278 4824 3467 4895 jussit:
3488 4823 3757 4893 Responde

2169 4928 2248 4987 illi
2296 4925 2507 4996 paciﬁce
2550 4938 2666 4978 cum
2708 4918 3095 4979 mamuetudine
3139 4916 3324 4989 (Eccli.
3359 4927 3413 4975 4.
3447 4914 3525 4988 8).
3574 4916 3760 4984 Neque

2170 5017 2313 5080 enim
2339 5016 2531 5073 lubens
2554 5015 2635 5069 sic
2666 5010 3007 5083 impudenter
3033 5009 3164 5078 agit.
3197 5007 3388 5067 Nullus
3416 5010 3613 5079 quippe
3637 5019 3722 5071 est
3739 5050 3754 5078 ,

2171 5111 2351 5172 nullus
2374 5117 2457 5171 est
2483 5105 2675 5172 homo,
2717 5103 2814 5173 qui
2835 5102 2953 5157 sine
2983 5116 3142 5161 causa
3171 5100 3299 5158 velit
3321 5102 3550 5173 turpiter
3574 5116 3755 5172 agere.

2175 5200 2393 5257 Etiamsi
2419 5199 2560 5255 enim
2583 5196 2800 5275 quidam
2824 5193 3021 5257 millies
3041 5193 3406 5255 contradicant
3421 5235 3438 5259 ,
3467 5208 3756 5265 numquam

2170 5294 2408 5353 adducar
2431 5300 2489 5355 ut
2517 5289 2733 5353 credam
2765 5286 3038 5341 hominem
3081 5286 3134 5340 in
3174 5285 3328 5355 capia
3367 5300 3545 5349 rerum
3576 5285 3757 5347 viven-

2172 5395 2279 5441 tent
2308 5382 2670 5438 emendicare.
2711 5377 2881 5433 Nemo
2921 5379 3102 5446 itaque
3143 5391 3241 5431 nos
3279 5376 3423 5433 falsis
3462 5373 3759 5437 rationibus

2172 5474 2425 5543 decipiat.
2456 5471 2561 5528 Sed
2587 5469 2796 5529 etiamsi
2824 5468 2968 5529 dicat
3006 5466 3241 5522 Paulus:
3273 5464 3335 5525 St
3378 5466 3489 5532 quis
3528 5464 3760 5533 laborare

2173 5582 2275 5623 non
2303 5564 2419 5626 velit
2437 5602 2453 5627 ,
2486 5577 2575 5622 nec
2602 5559 2869 5619 manducet
2894 5557 2971 5631 (2.
3005 5556 3185 5617 Thess.
3212 5555 3267 5617 .5.
3299 5553 3427 5626 l0);
3458 5555 3584 5612 illos
3611 5565 3758 5613 certe

2174 5656 2370 5716 Paulus
2408 5652 2713 5721 alloquitur,
2743 5665 2851 5715 non
2881 5663 3015 5713 nos;
3047 5648 3156 5701 imo
3186 5654 3371 5701 contra
3407 5665 3421 5701 :
3446 5645 3645 5707 Bonum
3669 5647 3754 5715 [a—

2171 5755 2355 5801 ctentes
2391 5759 2494 5805 non
2519 5741 2807 5812 άεδῃὶείαιξρ
2829 5737 2991 5814 (Ibid,
3028 5754 3078 5793 υ.
3114 5738 3227 5809 l5).
3254 5736 3343 5792 Sic
3369 5733 3639 5799 dominos
3667 5735 3749 5795 ta-

2175 5839 2385 5901 cimus:
2412 5851 2534 5897 cum
2587 5833 2722 5901 duos
2757 5832 3004 5893 videmus
3043 5830 3312 5905 litigantes
3331 5871 3345 5897 ,
3381 5824 3604 5884 seorsim
3637 5824 3755 5881 sin-
