4118 6432
457 413 549 466 ill

452 528 602 597 gulos
632 527 956 598 accipientes
995 527 1259 581 contraria
1303 527 1666 582 cohortamur.
1699 526 1788 582 Sic
1817 535 1872 582 et
1898 528 2039 581 Deus

456 618 581 672 fecit
605 628 658 672 et
688 618 899 690 Moyses
938 632 1188 686 quoque:
1222 634 1342 670 nam
1392 618 1500 672 Deo
1543 618 1791 673 diccbat:
1825 619 1887 674 Si
1927 620 2041 689 qui-

454 709 566 763 dem
593 709 801 761 dimittis
832 717 1091 777 peccatum
1113 708 1259 775 ipsis,
1281 707 1512 774 dimitte;
1539 710 1619 763 sin
1654 710 1841 774 minus,
1875 719 1923 762 et
1961 726 2042 764 me

453 799 564 852 dele
589 796 782 866 (Ea-od.
812 797 902 852 52.
931 799 1018 852 51.
1053 798 1143 867 32)
1169 816 1182 862 ;
1218 799 1324 852 illis
1352 815 1482 854 vero
1513 801 1765 870 praecepit
1788 842 1802 864 ,
1834 809 1891 854 ut
1919 814 2040 855 sese

459 899 645 943 mutuo
665 889 1011 956 occiderent,
1036 899 1195 961 atque
1221 901 1476 962 cognatos
1506 908 1712 949 omnes.
1760 895 1918 965 Atqui
1951 896 2038 948 illa

451 981 719 1034 contraria
765 990 954 1046 erant,
986 991 1040 1037 et
1065 992 1240 1037 tamen
1282 983 1346 1039 ad
1391 985 1637 1040 eumdem
1679 988 1835 1041 linem
1876 987 2037 1040 ambo

455 1072 833 1140 respiciebant.
880 1073 1110 1128 Rursum
1151 1074 1293 1128 Deus
1318 1075 1518 1145 Moysi,
1549 1076 1746 1131 Judreis
1771 1077 2034 1132 audienti-

452 1164 551 1218 bus
571 1165 814 1220 dicebat:
839 1164 1051 1220 Dimitte
1070 1184 1166 1233 nte,
1191 1177 1237 1221 et
1263 1178 1517 1222 conteram
1539 1171 1805 1238 populum.
1831 1170 2034 1224 Etiam-

453 1255 497 1307 si
527 1256 669 1309 enim
712 1271 818 1308 non
858 1255 1146 1323 adi-ssent,
1193 1273 1315 1311 eum
1365 1258 1504 1312 Deus
1548 1259 1661 1312 lucc
1708 1261 1943 1324 diceret,
1984 1271 2036 1315 at

453 1345 569 1401 haec
597 1357 778 1416 postea
816 1349 1046 1402 audituri
1079 1359 1266 1414 erant;
1309 1353 1532 1405 seorsini
1559 1366 1686 1405 vero
1712 1351 1793 1406 his
1817 1362 2033 1406 contra-

454 1436 530 1490 ria
571 1437 801 1490 mandat.
847 1437 913 1492 Et
955 1440 1066 1494 lucc
1099 1439 1307 1511 Moyses
1329 1450 1513 1510 postea
1545 1451 1761 1498 coactus
1787 1443 1924 1498 dixit
1953 1444 2035 1500 his

453 1528 630 1583 verbis
661 1546 673 1582 :
704 1528 969 1600 Numquid
990 1548 1079 1601 ego
1108 1532 1224 1585 illos
1245 1533 1296 1586 in
1326 1543 1467 1587 utero
1495 1535 1737 1606 concepi,
1766 1536 1885 1605 quia
1908 1535 2034 1589 dicis

455 1618 578 1672 milii
597 1661 612 1686 ,
647 1619 798 1674 Gesta
839 1638 921 1676 eos
961 1623 1092 1676 sicut
1121 1633 1282 1693 gestat
1311 1624 1484 1678 nutrix
1524 1624 1789 1680 lactentem
1830 1628 1884 1681 in
1919 1628 2032 1680 sinu

451 1727 542 1763 suo
575 1709 760 1781 (Nam.
801 1711 1050 1782 11.”)?
1093 1712 1220 1767 Haec
1267 1714 1319 1767 in
1366 1714 1613 1774 domibus
1659 1731 1873 1786 quoque
1917 1716 2030 1770 ﬁeri

450 1803 646 1857 solent.
692 1802 906 1858 Etenim
949 1818 1091 1872 stepe
1119 1816 1266 1873 pater
1297 1805 1638 1875 pmdagogmu
1665 1850 1681 1871 ,
1726 1809 1815 1878 qui
1863 1808 2030 1864 lilium

449 1894 742 1961 corripuit,
772 1907 1014 1946 seorsum
1045 1894 1284 1965 increpat
1309 1896 1390 1950 bis
1419 1897 1594 1952 verbis
1613 1939 1629 1964 ,
1660 1897 1736 1952 Ne
1764 1899 1838 1952 sis
1867 1900 2033 1955 durus

449 1995 500 2035 et
533 1999 719 2050 asper;
753 2000 915 2051 puero
937 1995 1113 2039 autem
1141 1987 1406 2040 contraria
1428 1988 1558 2042 dicit
1582 2007 1596 2043 :
1623 1990 1842 2044 Etiamsi
1869 2001 1919 2046 te
1945 1992 2030 2044 in-

445 2073 589 2141 juste
623 2076 881 2143 corrigat,
916 2075 965 2128 id
995 2075 1196 2141 tolera;
1226 2092 1292 2130 ex
1321 2079 1608 2133 contrariis
1634 2096 1800 2134 unum
1830 2090 1882 2135 ct
1914 2083 2032 2152 qui-

455 2164 575 2218 dem
605 2165 736 2219 utile
769 2180 981 2233 parans.
1039 2166 1113 2221 lta
1166 2183 1376 2238 quoque
1420 2169 1616 2224 Paulus
1660 2171 1798 2226 bene
1845 2175 2031 2227 valen-

447 2254 588 2308 tibus
639 2255 898 2310 niendieis
951 2256 1162 2312 dicebat
1209 2277 1222 2311 :
1273 2260 1334 2313 Si
1395 2261 1507 2329 quis
1560 2277 1662 2315 non
1721 2260 1823 2316 vult
1880 2263 2030 2319 tubo-

445 2363 595 2412 rare,
645 2363 734 2400 nec
779 2347 1047 2404 manducet
1098 2351 1175 2418 (2.
1219 2349 1397 2406 Thess.
1423 2353 1474 2407 5.
1509 2352 1632 2424 10);
1684 2363 1740 2409 ιιι
1783 2354 1850 2409 ad
1893 2371 2030 2425 opus

449 2437 572 2493 illos
615 2442 899 2505 excitaret;
946 2440 1012 2496 iis
1057 2456 1187 2496 vero
1231 2443 1322 2512 qui
1367 2444 1760 2516 eleemosynam
1807 2462 2030 2516 erogare

446 2540 703 2600 possent:
769 2531 867 2586 Vos
917 2543 1084 2588 autent
1130 2533 1494 2603 benefacientes
1543 2554 1606 2591 ne
1647 2539 1930 2607 deficiatis;
1973 2551 2031 2596 ut

448 2622 568 2677 illos
597 2623 661 2677 ad
689 2623 1085 2696 eleemosynam
1117 2625 1436 2695 impelleret.
1465 2627 1555 2682 Sic
1577 2645 1698 2682 cum
1727 2647 1820 2684 eos
1845 2633 1932 2700 qui
1961 2647 2027 2686 ex

444 2713 728 2781 gentilibus
758 2713 822 2768 ad
856 2714 1011 2769 (idem
1040 2726 1411 2781 accesserant,
1459 2719 1510 2772 in
1553 2719 1788 2788 Epistula
1820 2722 1885 2776 ad
1916 2723 2027 2777 Ro-

449 2820 632 2859 manos
661 2805 810 2876 (Cap.
837 2807 924 2861 ll.
952 2823 998 2861 υ.
1024 2808 1113 2877 l7)
1139 2808 1472 2877 hortabatur,
1507 2827 1575 2866 ne
1599 2823 1785 2867 contra
1813 2813 2027 2870 Judaaos

444 2897 608 2950 altum
636 2909 906 2968 saperent,
939 2901 1226 2956 oleastrum
1272 2903 1325 2956 in
1375 2903 1609 2958 medium
1635 2905 1852 2960 adducit
1876 2948 1892 2973 ,
1924 2907 2025 2960 alia

445 2987 549 3051 his,
581 2988 681 3042 alia
720 2989 824 3043 illis
852 2990 1032 3046 dicere
1061 2992 1289 3046 videtur.
1334 2991 1412 3046 Ne
1451 2994 1628 3062 itaque
1658 2998 1708 3048 in
1736 2996 2025 3050 crudelita-

443 3084 552 3130 tem
603 3078 936 3146 incidamus;
967 3081 1062 3136 sed
1109 3081 1389 3136 audiamus
1438 3084 1659 3138 Paulum
1717 3085 2022 3142 dicentem:

440 3165 641 3221 Bonum
667 3171 906 3239 facientes
942 3187 1004 3225 ne
1050 3172 1317 3240 deﬁciatis.
1364 3173 1656 3230 Audiamus
1684 3177 2022 3233 Servatorem

441 3259 749 3317 dicentem:
783 3262 935 3317 Omni
981 3267 1167 3334 petenti
1221 3274 1268 3320 te
1310 3266 1377 3319 da
1421 3267 1634 3336 (Matth.
1668 3270 1720 3324 5.
1759 3269 1856 3339 42)
1885 3287 1897 3335 ;
1929 3279 1982 3325 et
2005 3313 2021 3338 ,

441 3351 614 3407 Estote
655 3355 1035 3423 misericordes,
1083 3357 1213 3411 sicut
1259 3355 1412 3412 Pater
1441 3369 1601 3412 vester
1639 3359 1787 3432 (Luc.
1817 3361 1869 3416 6.
1903 3362 2017 3432 56).

439 3442 555 3497 Etsi
587 3445 747 3498 multa
777 3445 1006 3510 dixerit,
1038 3462 1300 3516 nusquam
1327 3459 1503 3504 tamen
1543 3450 1645 3504 hoc
1675 3452 1882 3519 posuit,
1918 3453 2020 3508 nisi

437 3549 560 3604 cum
605 3534 671 3591 de
720 3537 1156 3594 misericordibus
1195 3540 1416 3594 diceret.
1467 3541 1608 3594 Nihil
1647 3543 1792 3597 enim
1822 3544 1891 3598 ita
1921 3559 2019 3598 nos

437 3625 670 3694 aequales
702 3627 810 3681 Deo
841 3628 998 3694 facit,
1029 3638 1086 3682 ut
1115 3630 1159 3683 si
1189 3629 1448 3685 beneficia
1477 3642 1810 3700 praestemus.

506 3714 558 3768 5.
595 3714 853 3784 Pauperes
875 3733 905 3769 a
925 3719 1132 3772 crimine
1157 3719 1484 3785 impudentia:
1504 3721 1841 3779 vindicantur.
1875 3724 2015 3792 Quo-

434 3805 584 3857 modo
609 3805 710 3858 sint
733 3807 1031 3874 excipiendi.
1046 3837 1120 3847 —
1141 3809 1210 3862 At
1229 3807 1358 3862 nihil
1383 3809 1759 3878 impudentius,
1784 3811 2009 3881 inquies,

435 3911 685 3964 paupere.
739 3895 880 3951 Cur?
923 3913 1238 3967 qumsozan
1289 3899 1412 3970 quia
1462 3915 1752 3956 accurrens
1780 3903 2013 3958 clamat?

435 3987 524 4040 Vis
550 3989 826 4042 ostendam
856 4004 954 4044 nos
987 3989 1088 4043 illis
1119 3991 1286 4045 multo
1311 4006 1431 4046 esse
1463 3993 1922 4062 impudentiores?
1953 3996 2008 4050 In

429 4089 661 4135 mentem
718 4097 940 4148 revoca,
990 4084 1200 4152 quoties
1245 4083 1430 4152 jejunii
1485 4094 1725 4154 tempore
1755 4127 1768 4151 ,
1826 4103 2008 4142 mensa

430 4187 651 4240 veSpere
679 4174 922 4242 apposita
941 4214 954 4238 ,
981 4184 1276 4243 vocatoque
1305 4175 1584 4239 ministro,
1626 4176 1672 4230 si
1701 4177 1901 4231 tardius
1930 4179 2008 4232 iii-

425 4263 672 4326 cederet,
703 4264 881 4317 omnia
909 4265 1146 4317 evertisti
1164 4307 1178 4330 ,
1223 4265 1460 4319 calcibus
1485 4266 1801 4335 obstrepens
1821 4307 1838 4331 ,
1875 4283 2007 4322 eon-

425 4357 560 4409 vicia
587 4365 640 4409 et
665 4356 858 4424 probra
883 4356 1108 4410 cllerens
1139 4372 1238 4426 pro
1263 4373 1421 4426 parva
1448 4373 1629 4422 mora;
1663 4360 1761 4413 etsi
1785 4361 1933 4414 noris
1955 4373 2006 4415 te

424 4447 669 4516 quamvis
700 4463 806 4500 non
837 4448 1017 4501 statim
1039 4490 1056 4512 ,
1086 4460 1206 4517 post
1235 4450 1499 4502 tantillum
1528 4457 1705 4505 tamen
1749 4457 2003 4521 temporis

421 4539 563 4609 large
590 4548 951 4594 eomesturum
999 4555 1141 4594 esse.
1184 4541 1343 4607 Atqui
1393 4549 1446 4596 te
1485 4541 1679 4609 ipsum,
1709 4543 1797 4612 qui
1827 4559 1922 4613 pro
1943 4560 2002 4600 re

418 4631 639 4682 minima
684 4630 914 4694 ferocis,
947 4645 1050 4684 non
1085 4631 1447 4700 impudentem
1479 4647 1638 4687 vocas
1659 4675 1672 4697 ,
1712 4651 1998 4703 pauperem

417 4736 548 4774 vero
568 4761 584 4786 ,
611 4721 703 4790 qui
723 4720 790 4774 de
824 4736 882 4776 re
913 4721 1103 4790 majori
1153 4723 1343 4776 metuit
1390 4732 1445 4777 et
1491 4724 1670 4778 tremit
1698 4724 1826 4794 (non
1851 4726 1996 4780 enim

417 4830 656 4878 moram,
703 4815 798 4869 sed
831 4814 1022 4868 famem
1053 4816 1243 4886 timet),
1275 4830 1433 4870 vocas
1463 4817 1787 4885 petulantem
1816 4827 1870 4872 et
1899 4819 1998 4872 im-

412 4904 735 4973 pudentem,
785 4919 848 4959 ac
890 4905 1194 4974 turpissima
1237 4906 1288 4959 in
1329 4907 1475 4960 illum
1505 4907 1680 4960 omnia
1710 4909 1996 4978 congeris?

408 4999 604 5050 Annon
634 4995 685 5048 id
710 5006 964 5052 extrema:
993 5006 1077 5052 est
1103 4997 1489 5066 impudentiae?
1518 4998 1712 5054 Verum
1740 4999 1855 5054 haec
1885 5016 1990 5054 non

407 5086 461 5140 in
491 5094 670 5141 mente
699 5100 974 5140 versamus
994 5129 1009 5154 ,
1041 5087 1270 5157 ideoque
1294 5087 1416 5142 illos
1442 5089 1697 5144 molestos
1722 5090 1949 5144 dicimus
1973 5109 1988 5146 :

405 5177 549 5248 quod
576 5179 618 5232 si
642 5194 761 5249 qua:
783 5187 964 5232 nostra
991 5189 1115 5233 sunt
1134 5174 1538 5249 exp‘loraremus
1555 5223 1570 5247 ,
1599 5181 1990 5237 conferremus-

405 5285 508 5340 que
536 5285 656 5324 eum
683 5269 835 5324 lactis
859 5283 1044 5324 eorum
1067 5311 1082 5330 ,
1113 5287 1216 5323 non
1256 5272 1377 5326 illos
1406 5272 1664 5327 molestos
1701 5272 1990 5328 arbitrare-

403 5377 524 5415 mur
548 5377 688 5417 esse.
715 5360 835 5416 Noli
861 5361 1020 5432 igitur
1041 5377 1161 5415 esse
1177 5361 1337 5430 judex
1359 5364 1605 5418 acerbus.
1631 5362 1763 5418 Nam
1785 5365 1982 5418 etiam-

402 5454 446 5506 si
473 5455 720 5508 omnibus
744 5452 978 5522 peccatis
1003 5467 1201 5507 vacuus
1228 5467 1375 5508 esses
1401 5495 1416 5521 ,
1450 5455 1533 5509 lex
1563 5465 1741 5509 tamen
1765 5456 1856 5511 Dei
1881 5473 1984 5510 non

404 5540 497 5594 tibi
537 5543 774 5608 permisit
812 5543 1037 5596 aliorum
1072 5543 1206 5598 facta
1237 5543 1312 5597 sic
1341 5554 1590 5600 accurate
1619 5546 1820 5602 rimari.
1852 5546 1984 5601 Nam

408 5632 452 5683 si
499 5631 803 5687 Pharisazus
847 5632 936 5688 ille
991 5632 1111 5688 ideo
1155 5633 1310 5704 periit
1332 5633 1479 5703 (Luc.
1534 5635 1644 5704 l8),
1675 5650 1832 5705 quam
1885 5652 1985 5691 nos

406 5721 812 5776 excusationem
872 5721 1226 5778 habebimus?
1273 5723 1330 5778 Si
1369 5724 1432 5778 iis
1483 5724 1576 5794 qui
1615 5724 1780 5794 probe
1819 5727 1982 5796 gestis

407 5820 662 5866 ornantur
687 5825 794 5868 non
823 5813 1080 5884 permittit
1121 5813 1347 5875 aliorum
1391 5816 1528 5872 facta
1569 5818 1761 5874 acerbe
1787 5818 1975 5891 esplo-

1202 413 1258 468 S.
1281 411 1559 468 JOANNlS
1599 410 2068 469 CllllYSOSTOMl
2106 410 2421 468 AllClllEP.
2453 413 2983 473 CONSTANTINOP.

3634 423 3744 478 412

2153 540 2304 593 rare,
2334 528 2501 580 multo
2534 531 2709 582 minus
2736 529 3126 600 peccatoribus.
3156 527 3234 585 Ne
3254 529 3436 601 itaque
3463 528 3739 589 inhumani

2148 617 2350 680 simus,
2381 633 2449 673 ne
2473 620 2862 685 inexorabiles,
2911 635 2979 675 ne
3023 621 3288 689 immites,
3336 638 3405 679 ne
3431 622 3562 678 feris
3590 627 3740 695 pejo-

2149 723 2252 760 res.
2283 707 2474 762 Multos
2501 710 2697 779 quippe
2727 711 2848 762 novi
2881 710 2932 763 in
2967 719 3167 764 tantam
3199 713 3530 781 processisse
3558 712 3736 770 ferita-

2152 809 2292 866 tem,
2325 811 2382 854 ut
2410 817 2474 855 cx
2513 801 2717 855 desidia
2762 802 3036 856 famelicos
3066 813 3320 872 spernant
3349 844 3365 868 ,
3414 804 3531 859 haec
3565 809 3737 874 profe-

2149 901 2330 945 rentes
2361 891 2554 955 verba,
2586 891 2702 946 Non
2732 893 2885 946 adest
2905 907 3123 958 servus,
3162 895 3344 962 procul
3392 895 3602 950 sedibus
3640 913 3736 950 su-

2147 999 2266 1036 mus
2291 1002 2303 1037 :
2335 984 2510 1039 nullus
2534 985 2788 1054 trapezita
2811 983 2939 1038 mihi
2964 994 3120 1038 notus
3141 995 3241 1040 est.
3262 986 3306 1040 0
3330 986 3731 1041 crudelitatem!

2145 1074 2296 1140 Quod
2344 1074 2516 1143 majus
2555 1084 2671 1129 erat
2713 1074 2972 1138 ell'ecisti,
3019 1086 3072 1129 et
3114 1075 3256 1146 quod
3303 1076 3480 1130 minus
3507 1087 3592 1132 est
3626 1093 3735 1133 non

2145 1165 2390 1236 perticis?
2417 1180 2482 1219 ne
2511 1174 2563 1218 tu
2594 1165 2889 1234 plusculum
2920 1166 3169 1228 incedas,
3203 1165 3292 1220 ille
3317 1164 3458 1221 fame
3490 1168 3664 1235 perit?
3689 1167 3734 1223 0

2143 1257 2555 1312 contumeliam!
2605 1272 2638 1311 o
2666 1257 3007 1326 superbiam!
3054 1255 3185 1310 Nam
3234 1257 3279 1311 si
3319 1257 3504 1312 decem
3547 1258 3732 1313 stadiis

2141 1347 2409 1414 Cllllllllln,
2459 1363 2524 1401 an
2562 1347 2768 1420 pigrum
2814 1362 2934 1402 esse
2973 1347 3244 1417 oportuit?
3274 1364 3376 1402 non
3405 1351 3607 1419 cogitas
3648 1351 3720 1405 ita

2144 1439 2400 1507 majorem
2430 1439 2520 1493 tibi
2553 1439 2853 1493 mercedem
2896 1439 3110 1507 parari?
3149 1438 3279 1493 Nam
3323 1455 3444 1494 cum
3485 1441 3731 1509 largiris,

2143 1530 2269 1584 doni
2302 1539 2504 1583 tantum
2537 1529 2838 1584 mercedem
2864 1530 3095 1598 accipis;
3127 1539 3179 1584 et
3207 1545 3326 1586 cum
3352 1533 3453 1585 iter
3480 1532 3728 1600 suscipis,

2141 1620 2298 1691 hujus
2326 1637 2540 1690 quoque
2568 1623 2641 1675 rei
2671 1622 2946 1690 praemium
2977 1622 3268 1691 repositum
3297 1631 3398 1677 est.
3443 1622 3575 1676 Nam
3607 1623 3729 1677 ideo

2139 1714 2492 1783 patriarcham
2537 1715 2812 1779 miramur,
2855 1715 2977 1784 quia
3007 1730 3128 1768 eum
3160 1724 3428 1769 trecentos
3450 1715 3635 1770 decem
3661 1724 3718 1770 et

2138 1815 2261 1858 octo
2291 1819 2481 1858 vernas
2510 1804 2763 1870 haberet,
2795 1804 2860 1858 ad
2891 1805 3053 1858 boves
3082 1805 3374 1871 contendit,
3409 1820 3472 1860 ac
3500 1806 3723 1860 vitttlum

2136 1895 2370 1963 abripuit
2405 1894 2560 1962 (Gen.
2587 1896 2674 1949 18.
2699 1892 2776 1966 7).
2805 1894 2957 1949 Nunc
2985 1909 3114 1948 vero
3155 1895 3370 1964 quidam
3417 1904 3565 1950 tanto
3603 1907 3725 1952 sunt

2140 1983 2276 2038 fastu
2299 1984 2522 2054 repleti,
2551 1993 2608 2038 ut
2637 2000 2742 2038 non
2770 1994 3056 2039 vereantur
3082 1984 3196 2038 hare
3219 1984 3537 2039 famulorum
3563 2000 3724 2054 opera

2138 2073 2334 2129 facere.
2363 2077 2445 2129 An
2476 2089 2594 2129 mea
2627 2075 2740 2145 ipsa
2771 2090 2934 2145 opera
2963 2075 3016 2130 id
3045 2075 3220 2132 facere
3254 2076 3446 2145 jubes,
3479 2077 3725 2146 inquies,

2137 2181 2312 2221 annon
2343 2166 2566 2221 videbor
2587 2167 2796 2221 inanem
2823 2167 3044 2238 gloriam
3075 2169 3368 2236 aucupari?
3395 2171 3554 2239 Atqui
3583 2187 3725 2225 nunc

2139 2275 2232 2329 per
2261 2258 2405 2312 aliud
2436 2274 2586 2313 vana:
2613 2259 2795 2330 gloria:
2823 2274 2992 2329 genus
3019 2261 3070 2314 id
3100 2259 3230 2314 facis
3250 2301 3266 2326 ,
3312 2262 3434 2331 quia
3476 2272 3526 2316 te
3565 2265 3724 2332 pudet

2136 2365 2256 2405 cum
2291 2365 2521 2420 paupere
2553 2350 2860 2420 loquentem
2887 2350 3076 2405 videri.
3130 2350 3324 2405 Verum
3367 2351 3499 2406 nihil
3531 2355 3631 2407 bac
3656 2355 3723 2408 de

2135 2455 2194 2493 re
2219 2439 2526 2510 diligentius
2556 2440 2895 2509 perquiram;
2926 2440 2990 2492 da
3021 2439 3241 2503 saltem,
3278 2442 3358 2495 vel
3389 2458 3483 2511 per
3510 2452 3597 2509 te,
3637 2444 3722 2498 vel

2136 2545 2233 2601 per
2251 2533 2412 2586 alium
2434 2573 2448 2597 ,
2480 2548 2546 2586 ne
2573 2547 2794 2586 accuses
2821 2547 3110 2602 pauperem
3130 2574 3146 2598 ,
3174 2549 3242 2588 ne
3269 2535 3478 2600 cadas,
3507 2553 3573 2590 ne
3595 2551 3720 2590 con-

2135 2622 2382 2687 vieieris;
2409 2623 2661 2676 remediis
2686 2623 2853 2687 enim,
2885 2639 2988 2676 non
3017 2623 3360 2689 vulneribus,
3403 2640 3535 2694 Opus
3560 2627 3715 2680 habet

2135 2713 2180 2766 is
2213 2713 2302 2781 qui
2335 2713 2580 2777 accedit;
2621 2713 3025 2780 misericordia,
3071 2731 3176 2768 non
3223 2714 3423 2783 gladio.
3466 2717 3522 2771 Si
3561 2719 3714 2787 quis,

2132 2817 2334 2872 quaeso,
2365 2803 2536 2871 lapide
2557 2818 2840 2871 percussus
2863 2813 2918 2858 et
2938 2803 2990 2857 iu
3013 2805 3189 2872 capite
3212 2805 3542 2872 vulneratus,
3565 2817 3718 2861 etule-

2139 2896 2213 2948 i-is
2239 2895 2443 2950 relictis
2471 2895 2538 2949 ad
2566 2905 2618 2950 te
2644 2906 2950 2951 accurreret
2986 2899 3242 2967 sanguine
3271 2901 3516 2966 perfusus
3535 2943 3551 2967 ,
3581 2916 3713 2956 num

2131 2985 2304 3038 altero
2331 2985 2476 3038 illum
2509 2986 2683 3054 lapide
2706 2988 2968 3056 impetens
2996 2989 3138 3042 aliud
3172 2991 3284 3059 ipse
3309 2992 3569 3059 adjiceres
3596 2995 3713 3046 vnl-

2132 3077 2272 3129 nns?
2311 3075 2422 3130 Non
2465 3077 2625 3131 credo
2669 3079 2884 3148 utique,
2929 3078 3023 3132 sed
3055 3089 3287 3135 tentares
3315 3082 3390 3135 illi
3419 3084 3715 3139 remedium

2128 3168 2343 3223 all'crre.
2388 3167 2497 3222 Cur
2535 3183 2664 3238 ergo
2700 3169 2841 3223 circa
2886 3184 3148 3239 pauperes
3173 3173 3497 3236 contrarium
3541 3174 3714 3229 facis?

2129 3262 2209 3314 An
2240 3261 2414 3314 nescis
2438 3269 2696 3330 quantum
2730 3262 2897 3330 possit
2922 3263 3094 3316 oratio
3135 3264 3216 3318 vel
3259 3264 3435 3318 levare
3462 3266 3543 3320 vel
3573 3266 3714 3336 deji-

2127 3352 2285 3405 cere?
2333 3350 2518 3404 Melior
2544 3351 2688 3406 enim
2721 3362 2825 3418 est,
2877 3353 3084 3422 inquit,
3129 3366 3296 3409 sermo
3333 3373 3483 3425 quant
3522 3359 3714 3412 donum

2130 3443 2319 3513 (Ereti.
2352 3443 2440 3498 18.
2471 3443 2584 3510 l6).
2615 3442 2730 3496 Non
2772 3453 2945 3497 tecum
2982 3453 3230 3513 reputas,
3261 3456 3313 3501 te
3343 3447 3433 3502 tibi
3473 3448 3573 3518 ipsi
3601 3450 3716 3520 gla-

2124 3535 2269 3588 dium
2294 3535 2604 3602 admovere,
2634 3545 2791 3604 teque
2818 3535 3012 3590 vulnus
3037 3536 3408 3595 vehementius
3429 3541 3671 3611 accipere
3691 3583 3709 3607 ,

2123 3640 2242 3678 cum
2272 3625 2358 3678 ille
2387 3625 2630 3679 convicio
2660 3625 2882 3680 allectus
2911 3627 3227 3692 recesserit,
3257 3629 3382 3682 dum
3421 3630 3585 3684 silens
3621 3631 3708 3686 in-

2121 3714 2316 3780 gemit,
2367 3722 2421 3768 et
2463 3715 2686 3767 multum
2734 3715 3098 3786 lacrymatur?
3141 3715 3276 3771 Nam
3315 3732 3344 3772 a
3392 3719 3504 3774 Deo
3545 3720 3611 3774 ad
3653 3730 3708 3777 te

2121 3806 2368 3858 mittitur.
2393 3805 2578 3875 Cogita
2609 3821 2775 3876 ergo,
2819 3807 2946 3861 dum
2978 3807 3051 3862 illi
3077 3807 3415 3876 conviciaris,
3447 3810 3514 3864 ad
3543 3826 3703 3881 quem

2120 3896 2412 3952 transferas
2455 3897 2790 3964 convicium,
2839 3915 2962 3955 eum
3009 3899 3149 3955 Deus
3195 3901 3262 3955 ad
3309 3910 3363 3956 te
3404 3903 3609 3969 mittat,
3648 3915 3704 3958 et

2115 4004 2338 4059 erogare
2374 3989 2596 4058 jubeat,
2628 4001 2682 4044 tu
2709 4007 2837 4045 vero
2863 4007 2970 4046 non
2998 3991 3158 4046 modo
3203 4008 3308 4047 non
3347 3993 3462 4057 des,
3505 3994 3597 4048 sed
3643 4005 3702 4050 et

2115 4082 2457 4136 accedentem
2491 4083 2749 4136 conviciis
2780 4082 3043 4151 impetus?
3070 4081 3124 4139 Si
3165 4098 3325 4153 porro
3354 4084 3699 4142 absurditatis

2115 4172 2535 4241 magnitudinem
2585 4173 2834 4241 ignoras,
2883 4173 2935 4225 in
2964 4173 3272 4228 hominibus
3298 4174 3349 4228 id
3379 4175 3692 4240 considera,

2112 4275 2162 4316 et
2191 4274 2315 4319 tunc
2345 4265 2545 4333 peccati
2573 4265 2890 4334 gravitatem
2931 4279 3210 4335 agnosces.
3252 4266 3308 4322 Si
3333 4269 3476 4322 enim
3507 4283 3698 4323 servus

2111 4362 2236 4406 ttms
2262 4370 2291 4406 a
2322 4361 2373 4406 te
2401 4353 2466 4406 ad
2499 4353 2662 4406 alium
2700 4369 2915 4408 servum
2954 4355 3186 4420 missus,
3239 4354 3307 4411 de
3346 4373 3506 4411 manu
3552 4358 3694 4411 illius

2107 4454 2385 4514 argentum
2416 4455 2563 4498 tuum
2594 4455 2940 4514 accepturus,
2982 4461 3088 4499 non
3120 4446 3280 4502 modo
3305 4448 3486 4502 vacuis
3516 4450 3688 4504 mani-

2107 4535 2204 4588 bus
2233 4535 2460 4600 rediret,
2506 4535 2599 4588 sed
2637 4537 2797 4590 etiam
2830 4535 3039 4603 injuriis
3074 4537 3354 4592 lacessitus
3374 4576 3389 4602 ,
3422 4538 3549 4607 quid
3582 4554 3687 4594 non

2103 4637 2288 4681 contra
2318 4628 2703 4682 conviciantem
2735 4627 2970 4683 laceres?
3009 4644 3143 4696 quas
3171 4645 3277 4684 non
3305 4631 3548 4699 exigeres
3575 4649 3688 4700 pte-

2101 4731 2219 4779 nas.
2247 4733 2368 4773 cum
2399 4728 2450 4772 tu
2482 4719 2596 4788 ipse
2637 4719 2956 4773 contumelia
2999 4715 3223 4774 allectus
3265 4722 3454 4775 esses?
3497 4722 3589 4777 Sic
3617 4723 3685 4778 de

2101 4808 2212 4863 Deo
2231 4811 2402 4880 cogita
2430 4827 2444 4862 :
2470 4809 2583 4879 ipse
2608 4824 2837 4880 namque
2861 4817 2945 4864 est
2971 4810 3060 4878 qui
3091 4809 3160 4864 ad
3201 4825 3299 4864 nos
3343 4811 3506 4864 mittit
3549 4827 3683 4880 pau-

2100 4915 2288 4970 peres,
2315 4909 2371 4955 et
2393 4917 2511 4971 quae
2545 4901 2711 4971 ipsius
2739 4908 2867 4954 sunt
2901 4900 3176 4969 largimur,
3211 4901 3257 4955 si
3287 4900 3498 4956 damus.
3531 4901 3682 4970 Quod

2097 4992 2142 5044 si
2171 5001 2365 5061 negato
2385 4992 2526 5047 dono
2544 4992 2704 5046 etiam
2730 4991 3052 5046 contumelia
3079 4991 3299 5047 allectos
3322 4993 3676 5060 remittamus,

2094 5087 2268 5153 cogita
2312 5083 2503 5152 quibus
2529 5081 2839 5136 fulminibus
2865 5082 3083 5151 dignum
3121 5098 3255 5150 Opus
3285 5083 3516 5140 edimus.
3551 5083 3677 5140 Haec

2095 5174 2273 5243 itaque
2294 5173 2470 5227 omnia
2493 5173 2810 5242 cogitantes,
2841 5181 2896 5226 et
2923 5172 3154 5241 linguam
3186 5171 3481 5240 fronemus,
3513 5183 3566 5228 et
3595 5175 3678 5228 in-

2094 5264 2478 5319 humanitatem
2526 5265 2820 5334 pellamus,
2853 5271 2909 5316 et
2937 5277 3127 5318 manus
3165 5262 3233 5318 ad
3279 5263 3674 5335 eleemosynam

2092 5359 2479 5414 extendamus:
2510 5373 2682 5426 neque
2707 5356 2948 5426 pecuniis
2967 5355 3163 5422 solum,
3187 5354 3283 5410 sed
3309 5355 3475 5411 etiam
3500 5357 3676 5411 verbis

2091 5467 2289 5520 egenos
2315 5450 2656 5505 consolemur
2676 5489 2692 5514 ,
2714 5459 2771 5503 ut
2801 5458 2856 5503 et
2883 5448 3332 5502 contumeliarum
3361 5462 3572 5515 poenam
3601 5445 3674 5500 fu-

2089 5543 2329 5611 giamus,
2371 5550 2427 5597 et
2459 5558 2526 5597 ex
2572 5541 2946 5597 benedictione
2987 5550 3042 5595 et
3081 5541 3422 5610 eleemosyna
3451 5555 3673 5609 regnum

2089 5634 2447 5700 obtineamus,
2469 5633 2640 5703 gratia
2669 5642 2723 5688 et
2744 5632 3072 5703 benignitate
3095 5631 3308 5686 Domini
3341 5632 3515 5686 nostri
3545 5629 3672 5686 Jesu
3733 5637 3737 5640 λ

2087 5723 2312 5790 Christi,
2337 5725 2422 5780 cui
2450 5724 2618 5797 gloria
2649 5734 2704 5782 et
2725 5726 3006 5796 imperium
3027 5725 3082 5780 in
3111 5723 3305 5780 saecula
3327 5723 3671 5780 szeculorum.

2092 5819 2283 5873 Amen.
