4118 6428
184 428 312 483 ιιιι

203 540 384 613 ἀφεῖς
405 543 452 575 ³³
483 536 691 605 αὐτοῖς
730 534 848 603 τὴν
872 532 1186 605 ἁμαρτίαν,
1213 532 1363 602 ἄφες
1384 548 1399 564 ο
1436 534 1568 587 ἐπεὶ
1592 532 1745 602 κάμὲ
1790 532 1889 597 ἐε-

198 630 464 698 ἀνιειψον
485 642 502 656 ·
535 625 718 688 αὐτοῖς
746 622 802 675 δέ
825 620 1045 675 ἐκέλευε
1066 620 1470 689 κατασφάττειν
1502 619 1767 690 ἀλλήλους
1791 619 1887 672 καὶ

197 716 335 780 τοὺς
360 713 738 784 προσήκοντας
767 710 1033 770 ἅπαντας.
1054 707 1248 760 Καίτοι
1273 705 1445 759 ταῦτα
1464 705 1685 759 ἐναντία
1712 704 1883 770 ἐστὶν,

197 802 323 856 ἀλλ’
352 802 512 872 ὅμως
538 800 618 861 εἰς
647 797 705 849 ἐν
734 795 1022 867 ἀμφότερα
1059 792 1252 846 ἐϐλεπε
1290 792 1463 855 τέλος.
1498 791 1667 846 Πάλιν
1695 792 1724 844 ὁ
1754 791 1886 854 Θεὸς

198 887 282 961 τῷ
318 888 421 961 μὲν
473 887 718 950 Μωῦσεῖ,
769 882 1039 937 Ἰουδαίων
1084 880 1415 945 ἀκουόντων,
1445 879 1632 950 ἐλεγεν
1651 894 1667 910 ⁸
1710 879 1887 948 Ἄφες

194 992 296 1046 με,
330 973 432 1031 καὶ
460 973 721 1040 ἐκτρίψω
752 968 862 1022 τὸν
898 968 1052 1023 λαόν
1101 968 1171 1038 (εἰ
1200 966 1311 1039 7&9
1338 967 1433 1019 καὶ
1479 965 1554 1036 μὴ
1604 963 1884 1035 παρῆσαν,

198 1062 381 1117 ταῦτα
412 1059 664 1129 λέγοντος
688 1056 783 1110 τοῦ
805 1054 964 1116 Θεοῦ,
997 1053 1112 1108 ἀλλ’
1141 1052 1365 1124 ἔμελλον
1390 1053 1532 1107 αὑτὰ
1557 1049 1889 1105 ἀκούσεσθαι

200 1147 476 1219 ῦστερον)·
512 1144 631 1200 κατ’
658 1144 792 1198 ἰδίαν
820 1142 877 1195 δὲ
907 1141 1168 1196 τάναντία
1191 1140 1400 1195 τούτων
1429 1138 1580 1210 αὐτῷ
1610 1138 1886 1209 παραινεῖ.

198 1237 316 1292 Kal
358 1237 534 1291 ταῦτα
575 1232 819 1303 Μωύσῆς
865 1231 1230 1300 ἀναγκασθεὶς
1277 1229 1503 1303 ὕστερον
1544 1228 1889 1297 ἐξελάλησεν,

196 1323 348 1379 οὕτω
370 1324 543 1391 λέγων
562 1338 576 1352 ·
621 1319 720 1389 Μὴ
748 1319 860 1389 γὰρ
892 1316 1007 1389 ἐγὼ
1038 1315 1263 1384 αὐτοὺς
1296 1318 1368 1371 ἐν
1404 1316 1617 1387 γαστρί
1642 1316 1890 1381 ἔλαϐον,

200 1412 293 1464 ὅτι
318 1409 519 1479 λέγεις
543 1403 909 1478 μοιῘΛρονη
928 1403 1172 1470 αὐτοὺς,
1192 1405 1273 1471 ὡς
1290 1403 1369 1458 ἂν
1388 1403 1504 1471 ἄρῃ
1525 1402 1765 1470 τιθηνὸς
1783 1402 1891 1456 τὸν

201 1494 540 1566 θηλάζοντα
587 1496 674 1560 εις
724 1492 834 1547 τὸν
858 1493 1094 1546 κόλπον
1122 1490 1346 1559 αὺτῆς;
1377 1488 1563 1543 Ταῦτα
1596 1489 1692 1543 καὶ
1729 1490 1788 1541 ἐν
1813 1489 1892 1541 οἰ-

199 1585 351 1648 κίαις
384 1583 629 1652 γίνεταιο
666 1581 761 1635 καὶ
799 1579 1059 1643 πολλάκις
1096 1578 1278 1652 πατὴρ
1310 1577 1389 1649 τῷ
1426 1577 1525 1649 μὲν
1557 1575 1891 1646 παιδαγωγῷ

198 1670 294 1724 τὸν
330 1669 498 1725 παῖδα
526 1667 810 1740 ὑϐρίσαντι
835 1666 955 1720 κατ’
987 1665 1123 1719 ἰδίαν
1152 1666 1383 1736 ἐπιτιμᾷ
1417 1663 1624 1733 λέγων*
1658 1663 1749 1735 Μὴ
1797 1663 1890 1716 ἔσο

198 1758 434 1828 τραχὺς,
462 1754 599 1826 μηδέ
619 1753 853 1824 σκληρός
871 1769 886 1785 ·
914 1751 994 1823 τῷ
1015 1752 1074 1806 δέ
1094 1752 1202 1822 νέῳ
1226 1753 1297 1804 τὰ
1321 1750 1537 1805 ἐναντία
1555 1749 1738 1817 λέγει’
1766 1749 1889 1803 Κάν

201 1827 406 1907 ἀδίκως
426 1842 644 1914 ὑϐρίζῃ,
670 1841 804 1912 φέρε
818 1856 834 1871 ⁸
855 1839 966 1893 ἀπὸ
989 1839 1098 1893 τῶν
1117 1838 1373 1893 ἐναντίων
1401 1838 1461 1891 ἐν
1482 1827 1595 1891 τι³⁰
1618 1838 1887 1908 χρήσιμον

201 1930 477 1998 συνάγων.
496 1927 652 1983 Οὕτω
667 1928 762 1982 καὶ
780 1925 1011 1991 Παῦλος,
1024 1928 1134 1989 τοῖς
1160 1927 1257 1997 μέν
1278 1924 1581 1994 ὑγιαίνουσι
1603 1926 1695 1978 καὶ
1719 1939 1889 1995 προσ-

199 2016 358 2074 αιτοῦ
365 2033 449 2071 σιν
471 2016 655 2085 ἔλεγεν
672 2032 686 2047 ·
703 2014 778 2069 El
791 2031 881 2079 τις
894 2015 966 2067 οὐ
983 2014 1143 2067 θέλει
1161 2011 1524 2082 ἐργάζεσθαι,
1534 2011 1690 2081 μηδὲ
1705 2011 1891 2065 ἐσθιέ-

202 2121 307 2172 τω,
335 2105 427 2159 ἴνα
454 2103 651 2165 αὐτοὺς
677 2102 757 2164 είς
780 2101 941 2173 ἔργον
960 2099 1174 2172 ἐμϐάλῃ
1192 2115 1210 2132 ο
1244 2102 1357 2163 τοῖς
1377 2098 1437 2152 δέ
1464 2099 1632 2152 ἐλεεῖν
1659 2098 1890 2168 δυναμέ-

200 2198 348 2261 νοιςλ·
365 2193 378 2212 ⁸
393 2190 568 2260 Υμεῒς
585 2189 655 2243 δὲ
670 2190 738 2243 τὸ
763 2188 959 2242 καλὸν
974 2188 1291 2254 ποιοῦντες
1305 2187 1394 2258 μὴ
1416 2187 1733 2256 ἐκκακήση
1741 2203 1804 2240 τε
1817 2186 1885 2253 ³⁸,

204 2281 298 2334 ἵνα
322 2279 525 2341 αὐτοὺς
550 2277 633 2339 εἰς
659 2275 1030 2347 ἐλεημοσύνην
1060 2275 1265 2348 ἀγάγῃ.
1289 2274 1446 2329 Οὕτω
1475 2273 1569 2328 καί
1590 2275 1753 2344 ήνίκα
1776 2276 1889 2339 τοῖς

201 2367 268 2432 ἐξ
290 2363 462 2419 ἐθνῶν
493 2362 725 2435 παρῄνει
759 2364 819 2416 ἐν
848 2365 917 2433 τῇ
949 2361 1088 2432 πρὸς
1136 2360 1442 2432 Ῥωμαίους
1475 2361 1765 2433 Ἐπιστολῇ
1812 2360 1888 2434 μή

203 2454 597 2526 ὑψηλοφρονεῖν
637 2450 782 2504 κατά
819 2450 932 2505 τῶν
974 2449 1268 2516 Ἰουδαίων,
1303 2449 1399 2502 καὶ
1445 2450 1543 2521 τὴν
1568 2449 1889 2520 ἀγριελαίαν

204 2543 533 2614 παρήγαγεν
574 2540 653 2602 εἰς
700 2537 888 2609 μέσον,
933 2538 1034 2591 καὶ
1074 2536 1208 2590 ἄλλα
1259 2536 1358 2607 μὲν
1395 2536 1631 2603 τούτοις,
1660 2536 1797 2592 ἀλλα
1830 2537 1890 2590 δέ

201 2629 441 2692 ἐκείνοις
472 2627 718 2697 φαίνεται
743 2624 936 2694 λέγων.
973 2623 1066 2696 Μὴ
1113 2623 1291 2677 τοίνυν
1319 2626 1400 2687 εἰς
1436 2622 1697 2695 ὠμότητα
1722 2624 1888 2677 ἐκπέ-

205 2734 419 2788 σωμεν,
463 2715 580 2769 ἀλλ’
605 2713 929 2783 ἀκούσωμεν
974 2710 1189 2765 Παύλου
1243 2710 1521 2779 λέγοντος·
1573 2712 1641 2764 Τὸ
1694 2711 1889 2765 καλόν

202 2803 527 2868 ποιοῦντες
545 2801 632 2871 μὴ
673 2800 979 2854 ἐκκακεῖτε
1008 2799 1053 2830 ³³
1075 2815 1089 2830 ο
1124 2797 1446 2869 ἀκούσωμεν
1472 2796 1567 2851 τοῦ
1612 2799 1885 2852 Δεσπότου

202 2893 490 2962 λέγοντοςο
529 2889 715 2944 Παντὶ
744 2887 827 2954 τῷ
847 2886 1117 2942 αἰτοῦντί
1135 2903 1209 2940 σε
1229 2885 1434 2940 δίδουο
1478 2887 1593 2951 καὶ,
1627 2886 1887 2942 Γίνεσθε

170 2998 175 3001 ·
207 2979 591 3047 οἰκτίρμονες
622 2975 702 3041 ὡς
730 2977 763 3029 ὁ
791 2973 995 3042 Πατὴρ
1024 2972 1211 3043 ὑμῶν.
1256 2972 1448 3026 Καίτοι
1489 2972 1665 3026 πολλὰ
1691 2971 1882 3039 εἰπὼν,

205 3065 449 3136 οὐδαμοῦ
477 3063 636 3119 τοῦτο
662 3062 923 3128 τέθεικεν,
958 3060 1072 3115 ἀλλ’
1099 3061 1194 3113 ἐπὶ
1228 3060 1336 3115 τῶν
1366 3060 1668 3133 οἰκτιρμῶν
1704 3060 1885 3129 μόνον.

207 3153 377 3208 υύδέν
404 3150 511 3223 7&9
539 3152 685 3220 ἡμᾶς
722 3151 872 3213 ἴσους
900 3148 1019 3219 Θεῷ
1046 3150 1208 3214 ποιεῖ,
1235 3148 1311 3211 ὠς
1340 3147 1402 3200 τὸ
1429 3148 1761 3219 εὐεργετεῖν.

282 3240 348 3294 ε’.
388 3238 528 3292 Ἀλλ’
555 3237 707 3290 οὐδὲν
730 3236 1107 3307 ἀναιδέστερον
1125 3273 1141 3299 ,
1166 3235 1321 3305 φησί,
1342 3235 1593 3304 πένητος.
1625 3233 1777 3286 Διατί
1805 3234 1885 3300 ³³;

211 3324 520 3398 παρακαλῶ
545 3342 557 3355 ·
592 3323 673 3376 ὃτι
706 3322 1008 3392 ἐπιτρέχων
1033 3319 1308 3391 καταϐοᾷς
1360 3319 1551 3372 Βούλει
1581 3315 1675 3373 οὖν
1707 3319 1886 3385 δείξω,

208 3413 296 3466 ὅτι
343 3411 569 3466 ἐκείνων
609 3411 772 3479 ἡμεῖς
815 3410 980 3479 ἐσμεν
1009 3406 1504 3477 ἀναισχυντότεροι,
1548 3407 1643 3459 καί¹
1680 3406 1887 3477 σφόδρα

211 3498 487 3565 ἀναιδεῖς;
528 3493 929 3568 Ἀναμνήσθητί
955 3511 1046 3565 μοι
1074 3493 1170 3546 νῦν
1198 3495 1257 3546 ἐν
1278 3492 1456 3564 καιρῷ
1476 3493 1575 3563 τῆς
1602 3493 1883 3563 νηστείας,

212 3587 449 3649 ποσάκις
504 3583 784 3655 τραπέζης
835 3580 1250 3654 παρακειμένης
1302 3582 1361 3632 ἐν
1422 3580 1657 3651 ἐσπέρᾳ,
1711 3580 1803 3633 τὸν
1838 3581 1887 3618 ³³

210 3672 595 3744 ὑπηρετοῦντα
616 3671 835 3741 οἰκέτην
858 3670 1114 3733 καλέσας,
1141 3668 1229 3721 ἴνα
1262 3668 1639 3740 σχολαιότερον
1670 3668 1883 3741 βαδίσῃ,

213 3763 401 3817 πάντα
446 3759 770 3832 ἀνέτρεψας,
820 3757 1110 3821 λακτίζων,
1146 3755 1404 3827 ὑϐρίζων,
1462 3756 1888 3829 λοιδορούμενος,

212 3848 362 3920 ὑπὲρ
380 3847 642 3917 ἀναϐολῆς
665 3845 824 3917 μόνον
848 3846 1070 3916 μικρᾶςο
1095 3842 1246 3916 [405]
1271 3844 1445 3896 καίτοι
1477 3843 1683 3914 σφόδρα
1709 3842 1888 3909 εἰδὼς,

212 3938 304 3993 ὅτι
335 3937 442 3990 κᾶν
469 3933 545 4006 μὴ
575 3931 800 3995 εὐθέως,
826 3931 962 3985 ἀλλά
994 3931 1189 4001 μικρὸν
1219 3928 1446 4000 ὕστερον
1479 3929 1762 4000 ἀπολαύσῃ
1790 3931 1891 3999 τῆς

211 4020 444 4091 ἐδωδῆς.
481 4014 616 4072 Εἶτα
658 4017 853 4072 σαυτὸν
885 4017 982 4087 μὲν
1010 4018 1151 4088 ὑπὲρ
1178 4017 1273 4072 τοῦ
1320 4016 1548 4087 μηδενὸς
1594 4016 1889 4087 ἐκθηριού-

216 4123 383 4182 μενον
404 4107 465 4160 οὐ
508 4106 694 4169 καλεῖς
730 4107 1104 4175 ἀναίσχυντον,
1131 4104 1224 4158 τὸν
1265 4103 1323 4157 δὲ
1361 4104 1571 4175 πένητα
1598 4104 1694 4157 τὸν
1745 4104 1888 4175 ὑπὲρ

209 4193 331 4250 τῶν
362 4192 622 4265 μειζόνων
664 4191 941 4247 δεδοικότα
977 4190 1072 4244 καὶ
1100 4191 1369 4262 τρέμοντα
1424 4190 1565 4261 (οὐδὲ
1611 4190 1721 4261 γὰρ
1761 4191 1890 4261 περὶ

215 4283 553 4353 μελλήσεως,
589 4280 727 4334 ἀλλά
746 4279 879 4349 περί
900 4278 1057 4350 λιμοῦ
1086 4280 1194 4342 πᾶς
1226 4281 1254 4332 ὁ
1285 4278 1449 4348 φόϐος
1477 4276 1669 4348 αὐτῷ),
1696 4277 1887 4331 τοῦτον

212 4372 315 4428 καὶ
345 4371 557 4440 ἰταμὸν,
599 4369 693 4421 καὶ
735 4365 948 4435 ἀναιδῆ,
999 4367 1094 4420 καὶ
1129 4366 1507 4436 ἀναίσχυντον,
1558 4366 1655 4419 καὶ
1711 4366 1890 4420 πάντα

211 4460 509 4531 προσερεῖς
551 4456 622 4510 τά
657 4454 941 4525 αῐσχιστας
993 4454 1104 4507 Kal
1149 4451 1268 4517 πῶς
1317 4454 1417 4506 οὐκ
1461 4452 1694 4523 ἐσχάτης
1734 4453 1891 4505 τοῦτο

212 4548 634 4620 ἀναισχυντίαςς
699 4545 838 4599 Ἀλλ’
874 4545 974 4599 οὑκ
1026 4542 1314 4614 ἐννοοῦμεν
1355 4541 1561 4596 ταῦτα·
1602 4543 1690 4596 διά
1735 4542 1892 4596 τοῦτο

213 4637 461 4701 ἐκείνους
482 4633 740 4706 ἐπαχθεῖς
764 4629 903 4688 εἶναι
927 4631 1248 4703 νομίζομενο
1281 4630 1357 4693 ὡς
1376 4629 1432 4683 εῐ
1461 4646 1525 4698 γε
1554 4628 1622 4684 τὰ
1652 4628 1892 4702 ήμέτερα

212 4723 555 4796 ἐξητάζομεν
595 4724 691 4777 καὶ
716 4719 1129 4792 παρεϐάλλομεν
1151 4721 1264 4783 τοῖς
1292 4717 1538 4785 ἐκείνων,
1560 4718 1663 4771 οὑκ
1690 4716 1771 4771 ἀνι
1788 4718 1888 4772 αὑ-

209 4812 345 4875 τοὺς
376 4810 706 4881 ἐνομίσαμεν
754 4803 895 4862 εἰναι
941 4804 1250 4878 φορτικούς.
1287 4805 1379 4875 Μὴ
1419 4804 1488 4876 δὴ
1530 4803 1683 4873 γίνου
1722 4803 1768 4836 ³⁸
1795 4820 1886 4857 πι-

212 4897 351 4969 κρὸς
386 4898 665 4966 δικαστής.
705 4894 818 4949 Kal
843 4894 953 4965 7&9
988 4895 1037 4948 εἰ
1091 4893 1310 4946 πάντων
1354 4891 1768 4964 ἁμαρτημάτων
1817 4887 1886 4963 ἧς

210 4984 658 5054 ἀπηλλαγμένος,
712 4981 835 5037 οὐδὲ
877 4980 1019 5034 οὑτω
1069 4997 1151 5033 σοι
1198 4980 1500 5050 ἐπέτρεπεν
1541 4980 1571 5032 ό
1598 4977 1693 5032 τοῦ
1749 4978 1883 5032 Θεοῦ

209 5073 380 5144 νόμος
416 5070 622 5143 ἀκριϐῆ
676 5069 926 5139 γενέσθαι
975 5067 1267 5138 ἐξεταστὴν
1316 5065 1425 5120 τῶν
1468 5065 1781 5137 ἀλλοτρίων.
1818 5067 1884 5120 Εἰ

208 5157 329 5227 γὰρ
365 5158 394 5210 ό
433 5157 726 5228 Φαρισαῖος
759 5154 847 5208 διά
872 5152 1032 5207 τοῦτο
1072 5150 1342 5218 ἀπώλετο,
1387 5152 1544 5216 ποίας
1583 5150 1886 5222 τευξόμεθα

209 5243 513 5314 ἀπολογίας
541 5244 736 5315 ήμεῖς;
770 5240 834 5294 Εί
860 5241 972 5305 τοῖς
1003 5239 1047 5271 ³⁸
1080 5237 1504 5310 κατωρθωκόσιν
1542 5238 1642 5292 οὐκ
1661 5240 1884 5310 ἐπιτρέ-

206 5347 311 5385 ⁸πει
357 5331 566 5401 πικρῶς
602 5326 875 5393 ἐξετάζειν
914 5326 982 5380 τὰ
1018 5326 1244 5398 ἐτέρων,
1302 5323 1482 5396 πολλῷ
1536 5326 1736 5396 μᾶλλον
1773 5330 1886 5391 τοῖς

210 5415 648 5487 ἐπταικόσι.¹Μὴ
670 5414 849 5468 τοίνυν
875 5412 1036 5483 ὠμοὶ,
1074 5412 1209 5482 μηδέ
1233 5413 1482 5481 ἀπηνεῖς,
1513 5412 1588 5483 μὴ
1619 5413 1662 5443 ³³
1693 5411 1888 5483 ἀστορ-

210 5521 327 5575 γοι,
357 5506 432 5576 μὴ
461 5503 736 5566 ἄσπονδοι,
758 5501 833 5574 μὴ
850 5501 1053 5573 θηρίων
1074 5501 1292 5572 χείρους
1307 5494 1478 5570 ὦμεν.
1511 5500 1622 5553 Kal
1635 5499 1743 5571 7&9
1768 5498 1889 5552 πολ-

286 5677 334 5710 ³⁸
357 5678 517 5746 ἀφεῖς
538 5674 697 5732 codd.
714 5677 802 5746 ἀφ

1292 417 1360 472 IN
1395 414 1816 475 ΜΑΤΤΙΙᾸΞΟΜ
1852 413 2088 473 HOMIL.
2123 414 2343 472 XXXV.
2368 418 2441 472 al.
2483 414 2725 472 XXXVI.

3559 424 3671 481 M2

1987 531 2113 595 λοὺς
2139 532 2220 595 εἰς
2245 531 2405 585 τοῦτο
2429 528 2546 587 οἶδα
2575 530 2870 605 θηριώδεας
2898 532 3154 597 ἐλθόντας
3173 573 3189 598 ,
3215 538 3291 599 ώς
3319 534 3387 589 δι’
3425 535 3582 593 δκνον
3619 541 3669 574 ³³

1991 620 2191 690 μικρὸν
2225 619 2593 690 λιμώττοντας
2633 621 2915 692 περιορᾷν,
2972 620 3068 675 καὶ
3101 620 3277 676 ταῦτα
3310 623 3569 693 λέγοντας
3592 628 3666 682 τά

1989 707 2211 777 ῥήματα
2229 721 2245 739 ο
2279 707 2355 760 Οὐ
2388 707 2654 778 πάρεστιν
2682 707 2902 777 οἰκέτης
2927 707 3053 777 ἐμοὶ
3081 707 3199 771 νῦν,
3242 710 3432 781 πόρρω
3455 712 3558 783 τῆς
3587 715 3667 767 οἰ-

1988 793 2116 855 κίας
2142 792 2331 862 ἐσμὲν,
2377 792 2714 864 τραπεζίτης
2747 793 2922 857 οὐδείς
2967 794 3084 847 ἐστί
3129 812 3219 864 μοι
3264 796 3561 869 γνώριμος.
3597 803 3663 859 Ὠ

1986 878 2088 949 τῆς
2113 878 2426 950 ώμότητοςι
2453 878 2527 931 Τὸ
2551 879 2734 948 μεῖζον
2756 880 2996 949 ὑπέσχου
3018 880 3085 947 ³³,
3111 882 3289 935 καὶτὸ
3317 883 3538 938 ἔλαττον
3557 886 3661 941 οὐκ

1988 964 2212 1032 ἀνύεις;
2242 966 2329 1021 ἵνα
2363 967 2430 1020 σὺ
2467 966 2542 1036 μὴ
2584 965 2811 1037 βαδίσῃς
2856 967 3076 1038 μικρὸν,
3113 968 3321 1034 ἐκεῖνος
3359 970 3504 1043 λιμῷ
3541 973 3664 1026 δια-

1990 1052 2307 1125 φθείρεταις
2344 1054 2410 1105 Ὢ
2448 1053 2548 1124 τῆς
2572 1052 2816 1124 ὕϐρεωςί
2848 1052 2896 1107 ὣ
2925 1053 3021 1108 τοῦ
3046 1054 3254 1125 τύφουι
3288 1058 3351 1110 El
3383 1058 3493 1129 7&9
3528 1059 3665 1113 δέκα

1991 1140 2187 1195 στάδια
2216 1138 2429 1210 βαδίσαι
2472 1140 2671 1211 ἐχρῆν,
2705 1140 2934 1211 ὀκνῆσαι
2985 1140 3133 1206 ἐδει;
3169 1143 3307 1198 Οὐδὲ
3335 1145 3539 1209 ἐννοεῖς
3578 1147 3662 1199 ὅτι

1993 1225 2195 1302 μείζων
2230 1228 2258 1280 ὁ
2289 1226 2478 1298 μισθός
2516 1243 2598 1280 σοι
2620 1225 2764 1280 οὕτω
2786 1227 3031 1296 γίνεται;
3067 1230 3239 1284 Ὀταν
3264 1230 3362 1300 μὲν
3391 1230 3501 1300 7&9
3533 1232 3661 1302 δῷς.

1989 1300 2131 1387 ὑπὲρ
2159 1314 2251 1368 τοῦ
2298 1314 2576 1385 διδομένου
2621 1313 2916 1384 λαμϐάνεις
2957 1316 3148 1386 μισθὸν
3196 1316 3395 1387 μόνον·
3434 1300 3663 1373 δτανῖδέ

1989 1403 2084 1455 καὶ
2108 1401 2269 1464 αὐτὸς
2301 1401 2544 1474 βαδίσῃς,
2575 1401 2670 1455 καὶ
2697 1401 2890 1456 τούτου
2925 1419 3008 1457 σοι
3034 1406 3215 1457 κεῖται
3237 1404 3402 1458 πάλιν
3428 1405 3657 1478 ἀμοιϐή.

1958 1538 1961 1539 ,
2003 1488 2157 1541 Ἐπεὶ
2202 1489 2298 1541 καὶ
2334 1488 2381 1519 ³³
2426 1489 2518 1541 τὸν
2568 1488 2916 1561 πατριάρχην
2963 1490 3053 1543 διά
3081 1491 3244 1544 τοῦτο
3280 1491 3659 1563 θαυμάζομεν,

1988 1576 2077 1629 ὅτι
2112 1576 2274 1640 αὐτὸς
2311 1576 2405 1629 ἐπὶ
2435 1579 2535 1639 τὰς
2563 1574 2690 1646 βοῦς
2733 1576 2935 1647 έδραμε
2957 1615 2973 1640 ,
3005 1578 3098 1631 καὶ
3143 1578 3206 1631 τὸ
3237 1579 3532 1651 μοσχάριον
3560 1580 3663 1650 ήρ-

1990 1680 2167 1727 πασε,
2201 1664 2296 1717 καὶ
2327 1663 2501 1717 ταῦτα
2545 1664 2892 1735 τριακοσίους
2932 1664 3065 1717 δέκα
3107 1664 3252 1719 ὀκτὼ
3286 1666 3330 1698 ³³
3363 1668 3661 1735 οἰκογενεῖς

1989 1749 2148 1821 ἔχων.
2179 1749 2294 1804 Νῦν
2321 1749 2381 1804 δέ
2412 1749 2668 1803 τοσούτου
2699 1750 2843 1814 τινές
2876 1750 2984 1803 εἰσι
3014 1750 3184 1821 τύφου
3214 1752 3661 1824 πεπληρωμένοι,

1980 1838 2063 1902 ὡς
2087 1838 2175 1893 διὰ
2196 1838 2405 1892 παίδων
2433 1836 2607 1891 ταῦτα
2640 1840 2835 1905 ποιεῖν,
2871 1837 2967 1891 καὶ
2992 1839 3067 1909 μὴ
3098 1838 3467 1908 αἰσχύνεσθαι.
3499 1840 3662 1895 Ἀλλά

1985 1926 2053 1979 δι’
2087 1925 2328 1996 ἐμαυτοῦ
2373 1925 2421 1959 ³³
2466 1923 2641 1979 ταῦτα
2671 1924 2915 1990 κελεύεις
2953 1924 3171 1992 ἀνύειν;
3209 1926 3343 1997 φησί
3366 1942 3381 1957 ⁸
3412 1929 3506 1981 καὶ
3542 1927 3662 1990 πῶς

1986 2014 2048 2068 οὑ
2077 2013 2215 2079 δόξω
2242 2011 2539 2076 κενοδοξεῖν
2567 2028 2583 2079 ;
2614 2012 2725 2066 Kal
2755 2012 2862 2083 μὴν
2895 2013 2990 2065 καὶ
3019 2012 3115 2065 νῦν
3134 2013 3203 2066 δι’
3225 2015 3419 2084 ἐτέραν
3443 2015 3661 2069 κενοδο-

1988 2100 2106 2168 ξίαν
2138 2099 2295 2153 τοῦτο
2338 2103 2516 2162 ποιεῖς
2536 2139 2552 2162 ,
2580 2100 2968 2170 αἰσχυνόμενος
3005 2100 3234 2171 ὀφθῆναι
3262 2102 3454 2171 πένητι
3481 2101 3663 2156 διαλε-

1986 2190 2236 2261 γόμενος.
2285 2189 2426 2243 Ἀλλ’
2458 2188 2609 2243 οὐδὲν
2639 2188 2781 2260 ὑπὲρ
2808 2190 3014 2243 τούτων
3037 2189 3500 2262 ἀκριϐολογοῦμαι
3522 2206 3536 2220 ·
3567 2193 3663 2262 μόε-

1987 2296 2076 2333 νον
2107 2279 2272 2341 δίδου,
2302 2276 2412 2331 εἴτε
2441 2275 2528 2331 διά
2565 2276 2786 2341 σαυτοῦ,
2817 2276 2928 2330 εῐτε
2967 2277 3037 2329 δι’
3067 2277 3255 2349 ἐτέρου
3277 2278 3323 2310 ³³
3354 2279 3515 2332 τοῦτο
3538 2279 3663 2349 βού-

1987 2365 2066 2419 λει
2097 2367 2305 2419 ποιεῖν·
2348 2365 2443 2418 καὶ
2488 2363 2564 2435 μὴ
2605 2363 2862 2434 ἐγκάλει,
2897 2363 2972 2434 μὴ
3004 2364 3242 2434 πλῆττε,
3289 2365 3365 2436 μὴ
3406 2366 3658 2438 λοιδόρει.

1985 2455 2297 2526 Φαρμάκων
2319 2454 2450 2524 7&9,
2471 2453 2531 2506 οὑ
2552 2453 2904 2524 τραυμάτων,
2932 2452 3153 2506 δεῖταιὸ
3176 2453 3415 2525 προσιών
3443 2473 3457 2489 ο
3482 2455 3659 2523 ἐλέου,

1985 2540 2048 2595 οὐ
2083 2540 2284 2609 ξίφους.
2304 2539 2439 2593 Εἰπέ
2466 2539 2573 2610 γάρ
2607 2557 2716 2610 μοι,
2740 2538 2794 2591 εἴ
2818 2556 2903 2603 τις
2925 2538 3057 2609 λίθῳ
3087 2539 3304 2611 βληθεὶς
3325 2541 3419 2594 καὶ
3437 2540 3663 2612 τραῦμα

1986 2627 2165 2681 λαϐὼν
2191 2628 2334 2681 κατά
2359 2628 2459 2698 τῆς
2496 2628 2741 2697 κεφαλῆς
2764 2668 2780 2690 ,
2808 2627 2937 2689 τούς
2974 2626 3168 2691 ἄλλους
3194 2627 3444 2692 ἅπαντας
3476 2630 3659 2697 ἀφεὶς,

1988 2714 2335 2786 προσέδραμέ
2367 2730 2459 2767 σου
2494 2716 2607 2777 τοῖς
2645 2715 2835 2782 γόνασι
2869 2713 3309 2785 καταρῤεόμενος
3334 2712 3413 2785 τῷ
3442 2714 3660 2785 αἵματι,

1987 2797 2098 2873 ἆρα
2140 2803 2311 2873 ἐτέρῳ
2350 2801 2484 2873 λίθῳ
2530 2801 2777 2867 πατάξας
2822 2802 3171 2874 προσέθηκας
3202 2802 3268 2857 ἂν
3300 2804 3448 2874 αὑτῷ
3475 2803 3664 2874 ἓτερον

1986 2888 2239 2960 τραῦμα;
2267 2890 2380 2944 Οὐκ
2408 2889 2584 2959 ἔγωγε
2624 2885 2778 2961 οἶμαι
2796 2929 2812 2953 ,
2847 2888 2985 2943 ἀλλά
3018 2891 3114 2942 καὶ
3144 2889 3277 2944 αὐτὸ
3298 2891 3664 2961 ἐπεχείρησας

1988 2971 2056 3025 ἂν
2086 2971 2397 3043 διορθῶσαι.
2437 2973 2502 3025 Τί
2532 2966 2625 3025 οὖν
2654 2974 2747 3025 ἐπὶ
2784 2972 2894 3026 τῶν
2925 2974 3174 3043 πενήτων
3201 2975 3375 3036 ποιεῖς
3401 2972 3472 3025 τὰ
3506 2975 3663 3027 ἐναν-

1988 3060 2108 3127 τία;
2144 3060 2259 3114 Οὐκ
2286 3056 2435 3124 οἶδας
2455 3061 2578 3114 ὅσον
2606 3060 2828 3114 δύναται
2851 3060 2945 3114 καὶ
2970 3061 3270 3130 ἀναστῆσαι
3291 3063 3386 3114 καὶ
3413 3061 3664 3116 καθελεῖν

1987 3141 2174 3210 λόγος;
2201 3143 2483 3211 Κρεῖττον
2501 3144 2633 3212 7&9.
2655 3142 2811 3213 φησὶ,
2831 3143 3016 3212 λόγος
3047 3143 3085 3212 ἣ
3118 3143 3312 3208 δόσις.
3344 3145 3420 3197 Οὐ
3448 3144 3660 3214 λογίζῃ,

1987 3223 2069 3277 δτι
2096 3225 2237 3278 κατὰ
2268 3224 2464 3278 σαυτοῦ
2489 3225 2552 3277 τὸ
2576 3224 2728 3293 ξίφος
2755 3224 2916 3288 ὠθεῖς
2933 3264 2948 3289 ,
2982 3225 3077 3279 καὶ
3104 3225 3486 3297 χαλεπώτερον
3509 3225 3661 3298 μου]

1986 3310 2206 3381 τραῦμα
2227 3310 2544 3380 λαμϐάνεις,
2570 3311 2699 3363 ὅταν
2724 3309 3057 3380 λοιδορηθεὶς
3083 3313 3289 3374 ἐκεῖνος
3321 3313 3660 3383 ἀναχωρήσῃ

1991 3400 2137 3467 σιγῇ,
2180 3397 2381 3450 στένων
2414 3397 2509 3450 καὶ
2542 3396 2714 3449 πολλὰ
2744 3396 3037 3466 δακρύων;
3087 3398 3198 3451 Καὶ
3233 3399 3343 3468 7&9
3382 3399 3533 3469 παρά
3564 3398 3660 3452 τοῦ

1987 3484 2122 3537 Θεοῦ
2152 3484 2429 3552 πέμπεται
2461 3482 2598 3554 πρὸς
2626 3483 2704 3537 σέ.
2731 3483 3033 3560 ,Ἐννόησον
3056 3478 3170 3548 οὖν,
3206 3484 3446 3555 ὑϐρίζων
3475 3484 3660 3550 αὑτὸν,

1989 3570 2092 3624 ποῦ
2132 3570 2467 3635 διαϐιϐάζεις
2493 3572 2593 3639 τὴν
2639 3569 2818 3640 ὕϐριν,
2864 3570 2992 3623 ὅταν
3039 3570 3245 3634 ἐκεῖνος
3285 3571 3386 3640 μὲν
3419 3571 3555 3642 πρὸς
3600 3572 3662 3624 σέ

1989 3661 2185 3731 πέμπῃ
2208 3700 2223 3725 ,
2248 3659 2344 3713 καὶ
2374 3659 2458 3713 σοὶ
2485 3657 2668 3712 δοῦναι
2698 3655 2914 3729 κελεύῃ,
2940 3659 3004 3711 σὺ
3037 3657 3093 3710 δε
3129 3657 3204 3728 μὴ
3232 3658 3392 3727 μόνον
3429 3658 3503 3729 μή
3533 3657 3663 3729 δῷς,

1990 3747 2126 3802 ἀλλὰ
2154 3746 2247 3801 καὶ
2278 3745 2506 3817 ὑϐρίσῃς
2529 3745 2771 3798 ἐλθόντα.
2809 3745 2874 3797 Et
2901 3744 2958 3798 δὲ
2989 3746 3203 3811 ἀγνοεῖς
3224 3744 3323 3815 τὴν
3351 3744 3663 3817 ὑπερϐολὴν

1988 3834 2091 3905 τῆς
2138 3833 2369 3896 ἀτοπίας
2392 3872 2407 3897 ,
2455 3833 2541 3885 ἐπ’
2575 3830 2880 3902 ἀνθρώπων
2914 3830 3046 3883 αὐτὸ
3081 3831 3378 3899 σκόπησον,
3418 3833 3511 3885 καὶ
3539 3832 3662 3885 τότε

1989 3921 2112 3992 εἴσῃ
2145 3919 2323 3983 καλῶς
2360 3921 2421 3972 τὸ
2449 3917 2676 3988 μέγεθος
2707 3918 2807 3987 τῆς
2834 3918 3126 3988 ἁμαρτίας.
3160 3918 3222 3969 Εἰ
3252 3917 3362 3987 7&9
3392 3918 3483 3980 σὸς
3513 3919 3662 3972 οἰκέ-

1988 4025 2089 4080 της
2116 4008 2269 4078 παρά
2298 4004 2391 4059 σοῦ
2418 4006 2729 4067 κελευσθεὶς
2758 4004 2895 4075 πρὸς
2917 4004 3105 4075 ἕτερον
3134 4004 3390 4058 ἀπελθεῖν
3418 4005 3658 4076 οἰκέτην,

1989 4094 2252 4166 ἀργύριον
2280 4094 2471 4165 ἔχοντα
2498 4093 2590 4145 σὺν
2622 4092 2827 4156 λαϐεῖν,
2871 4093 2933 4144 οὐ
2979 4092 3138 4160 μόνον
3167 4095 3355 4155 κεναῖς
3387 4093 3658 4164 ἐπανῆλθε

1989 4183 2196 4254 χερσὶν,
2220 4179 2357 4234 ἀλλά
2387 4180 2481 4233 καὶ
2506 4178 2800 4250 ὑϐρισθεὶς,
2830 4174 2883 4230 τί
2906 4178 3006 4230 οὐκ
3031 4177 3098 4231 ἂν
3121 4177 3363 4248 εἰργάσω
3392 4178 3484 4231 τὸν
3510 4179 3660 4251 ὑϐρι-

1991 4269 2157 4335 κότα;
2192 4270 2364 4338 πόσην
2393 4266 2494 4320 οὐκ
2522 4266 2587 4320 ἂν
2618 4265 2773 4334 δίκην
2800 4264 3119 4335 άπῄτησας,
3150 4264 3245 4317 ἅτε
3283 4265 3471 4318 λοιπὸν
3500 4266 3661 4331 αὐτὸς

1985 4354 2062 4409 ὢν
2089 4357 2119 4408 ὁ
2157 4353 2481 4425 ὑϐρισμένος
2510 4370 2525 4418 ;
2557 4351 2728 4405 Τοῦτο
2753 4352 2849 4405 καί
2874 4351 2969 4404 ἐπὶ
2994 4350 3088 4404 τοῦ
3118 4350 3250 4405 Θεοῦ
3278 4351 3494 4421 λογίζου
3527 4367 3543 4383 ⁸
3567 4355 3660 4408 καί

1984 4442 2096 4514 γάρ
2133 4441 2294 4505 αὐτὸς
2331 4442 2536 4511 πέμπει
2592 4440 2728 4510 πρὸς
2767 4440 2916 4510 ἡμᾶς
2960 4439 3086 4502 τούς
3134 4439 3374 4509 πένητας
3400 4479 3416 4504 ,
3472 4440 3566 4493 καὶ
3586 4436 3657 4492 τά

1985 4529 2195 4583 ἐκείνου
2218 4528 2266 4561 ³³
2306 4527 2554 4599 δίδομεν,
2588 4526 2653 4581 ἂν
2682 4527 2792 4598 ἀρα
2813 4526 3121 4598 δῶμεν.“Αν
3170 4528 3227 4580 δέ
3266 4527 3404 4598 πρὸς
3451 4526 3530 4597 τῷ
3580 4528 3658 4600 μὴ

1986 4616 2169 4670 δοῦναι
2207 4615 2300 4670 καὶ
2348 4614 2705 4685 ὑϐρισθέντας
2753 4615 3144 4685 ἐκπέμψωμεν,
3186 4615 3440 4685 ἐννόησον
3474 4614 3656 4670 πόσων

1992 4702 2252 4775 σκηπτῶν
2273 4744 2289 4769 ,
2341 4702 2524 4756 πόσων
2571 4701 2850 4771 κεραυνῶν
2897 4700 3044 4765 ἀξιον
3090 4702 3322 4771 πρᾶγμα
3372 4692 3652 4772 ποιοῦμεν.

1989 4792 2153 4848 Ταῦτ’
2183 4787 2276 4845 οὖν
2302 4776 2522 4845 ’ἅπαντα
2555 4788 2925 4859 λογιζόμενοι,
2957 4788 3053 4841 καὶ
3089 4788 3190 4857 τὴν
3227 4788 3473 4855 γλῶτταν
3501 4788 3655 4860 χαλι-

1987 4879 2272 4951 νὼσωμεν,
2305 4881 2401 4933 καὶ
2427 4878 2528 4949 τὴν
2560 4876 2961 4949 ἀπανθρωπίαν
2993 4876 3040 4908 ³³
3063 4876 3403 4947 ἐκϐάλωμεν,
3436 4878 3530 4930 καὶ
3555 4879 3657 4947 τὴν

1985 4971 2144 5041 χεῖρα
2193 4967 2329 5037 πρὸς
2368 4964 2737 5037 ἐλεημοσύνην
2763 4963 3115 5034 ἐκτείνωμεν,
3162 4963 3257 5016 καὶ
3287 4963 3363 5035 μή
3411 4965 3657 5035 χρήμασι

1990 5056 2173 5126 μόνον,
2206 5053 2342 5107 ἀλλά
2367 5052 2463 5107 καὶ
2494 5052 2701 5123 ῥήμασι
2722 5050 2768 5083 ³⁸
2799 5049 3257 5121 παραμυθώμεθα
3297 5051 3425 5114 τοὺς
3469 5050 3657 5120 δεομέ-

1987 5160 2140 5208 νους’
2187 5143 2273 5197 ἵνα
2307 5143 2402 5197 καὶ
2442 5142 2542 5213 τὴν
2586 5141 2694 5194 ἀπὸ
2732 5140 2834 5210 τῆς
2890 5140 3158 5211 λοιδορίας
3202 5140 3424 5194 κόλασιν
3481 5138 3654 5209 ἐκφύ-

1989 5248 2175 5302 γωμεν
2190 5230 2257 5296 ⁸⁷,
2275 5232 2368 5284 καὶ
2386 5229 2483 5301 τὴν
2512 5228 2619 5283 ἀπὸ
2641 5228 2742 5299 τῆς
2764 5227 3011 5297 εὐλογίας
3039 5228 3134 5281 καὶ
3158 5227 3280 5299 ἐλεη
3290 5226 3525 5298 μοσύνης
3553 5227 3656 5297 βα-

1991 5322 2196 5378 σιλείαν
2222 5320 2743 5393 κληρονομήσωμεν,
2790 5317 2974 5389 χάριτι
3029 5317 3125 5371 καὶ
3152 5316 3531 5387 φιλανθρωπίᾳ
3558 5314 3656 5368 τοῦ

1988 5410 2193 5482 Κυρίου
2245 5407 2404 5480 ήμῶν
2440 5406 2615 5477 Ἰησοῦ
2638 5405 2896 5479 Χριστοῦ,
2927 5397 2970 5473 ᾧ
2998 5406 3031 5475 ὴ
3070 5404 3199 5472 δόξα
3234 5405 3329 5458 καὶ
3358 5402 3421 5456 τὸ
3455 5401 3657 5474 κράτος

1999 5499 2078 5561 εἰς
2110 5497 2238 5559 τούς
2266 5495 2466 5557 αἰῶνας
2497 5494 2605 5546 τῶν
2641 5491 3086 5563 αἰώνων.Ἀμήν.

891 5671 1030 5750 Εόά.
1104 5672 1151 5750 ³³
1173 5673 1254 5727 δτι
1285 5668 1416 5750 ξρον
1596 5669 1727 5750 ἄρῃ]
1752 5672 1812 5750 είΔ

1987 5671 2115 5750 ί⁰.τι]
2144 5670 2450 5750 αᾲόητδέ.
2571 5670 2841 5741 χρήσιμον
2869 5684 2979 5724 om.
3117 5669 3190 5750 _“
3214 5668 3488 5750 ἐκκακῇτε

286 5677 334 5710 ³⁸
357 5678 517 5758 ἀφεῖς
538 5676 697 5732 codd.
725 5676 870 5799 5:971?
891 5676 1030 5728 Edd.
1106 5676 1151 5705 ³³
1173 5676 1254 5727 ὅτι
1285 5676 1416 5746 ἆρον
1437 5676 1572 5727 Edd.
1596 5676 1727 5758 ἀρῃι
1752 5676 1800 5725 εί
1833 5676 1885 5726 F.

211 5749 262 5818 ³³
301 5748 574 5818 ἐκκακητε
606 5746 671 5800 Α.
712 5745 776 5818 Ε.
870 5742 1260 5818 .-ἐ-κκακή-σητε
1292 5742 1356 5797 D.
1395 5741 1717 5818 λζΔιατιλ]
1742 5743 1885 5818 _add._

1987 5676 2019 5706 ‘°
2037 5676 2115 5745 τι]
2144 5676 2269 5726 add.
2300 5676 2362 5723 τὸ
2385 5676 2450 5722 A.
2477 5676 2540 5722 (λ.
2571 5676 2841 5741 χρήσιμον
2869 5684 2979 5724 om.
3010 5676 3070 5724 ιε’.
3147 5676 3190 5701 ³³
3214 5676 3488 5738 ἐκκακῆτε
3516 5676 3652 5720 ma.

1987 5743 2031 5818 τέ
2061 5742 2248 5818 μοεΑ.
2372 5738 2445 5818 E._
2477 5737 3021 5818 Fo:_:_expl°p§segu_n_t
3053 5738 3305 5818 lnlﬁrpp‘.‘
3364 5734 3658 5818 “faith

213 5817 352 5872 Ειιιι.
389 5814 674 5872 καίάεοει
714 5816 769 5870 in
814 5814 975 5871 codd.
1019 5824 1071 5870 el

213 5887 262 5960 ’ξ
284 5885 464 5960 6va
485 5886 608 5960 arm.
636 5884 693 5960 δέ
716 5885 867 5960 εδει..
914 5884 988 5960 1°.
1013 5883 1118 5960 ρπέ

214 5955 276 6013 C.
305 5956 367 6009 Ι).
395 5950 464 6013 Ε.’
532 5956 576 5988 ⁸³
604 5956 701 6009 καὶ
737 5952 880 6007 ὀκτώ
914 5950 1049 6006 Edd.

1159 5812 1259 5867 Ιοτ.
1346 5851 1360 5865 .
1394 5812 1520 5866 557.

1159 5881 1276 5936 νου]
1302 5828 1393 5936 ἓίο
1417 5882 1520 5935 Arn

1625 5813 1669 5845 ³³
1696 5807 1820 5882 γίνῃ
1852 5811 1915 5882 Ι).
1960 5807 2094 5882 γένῃ
2119 5811 2197 5882 με.
2218 5879 2229 5882 _
2291 5811 2336 5842 ³³
2361 5807 2494 5882 τοῖς]
2516 5809 2652 5882 add.
2690 5807 2870 5882 καλῶς
2896 5808 3032 5882 Ειιιί.

1122 5881 1276 5984 σχου]
1302 5879 1393 5936 Sic
1413 5882 1662 5984 glirmhel
1697 5879 1885 5984 sodli."

1988 5879 2085 5945 σας
2116 5879 2252 5934 Ede].
2287 5890 2341 5935 cl
2374 5879 2519 5934 Ge."
2550 5880 2595 5911 ³ο
2625 5880 2718 5933 καί
2746 5895 2859 5933 οιη.
2892 5879 2952 5931 Ε.
2986 5894 3038 5946 p.
3072 5895 3124 5947 ρ.
3161 5880 3254 5931 καὶ
3285 5879 3372 5930 διὰ
3398 5879 3509 5929 τοῦιι

2010 5952 2057 5984 u
2095 5951 2299 5984 ειη-ἐΛιΛυ
2337 5949 2447 5984 mm
2547 5952 2594 5982 δι
2623 5947 2855 5984 autumn
2899 5947 3064 5984 Ini-mf.
3097 5949 3203 5984 sum
3303 5946 3349 5979 ιι
3382 5944 3509 5984 ιερεή

1200 5943 1622 6036 ἐμαυτοῦλιιιιιι.
1660 5951 1758 6036 μέν
1793 5951 1885 6036 ξοὶώ

2010 5943 2299 6036 ³³ἐτιξρων
2334 5949 2470 6004 Edd.
2539 5952 2594 6036 “‘
2622 5947 2855 6036 ἐκείνου]
2899 5943 3240 6036 αὑιξοῦίῐέιξ.¹
3303 5946 3349 5979 ³³
3381 5943 3656 6000 ἐκϐάλλω·

3129 5809 3173 5840 ³⁷
3337 5805 3487 5885 μηδέ.
3504 5803 3567 5857 Ε.
3592 5802 3655 5859 l“.

3161 5895 3254 5930 και
3317 5879 3372 5930 ια
3398 5891 3556 5929 τουτο
3587 5874 3651 5930 Λ.

3072 5895 3124 5947 p.
3161 5874 3254 5931 καὶ
3268 5874 3372 5947 ’διά
3388 5874 3563 5947 ,τοῦτο
3587 5874 3651 5931 Λ.

211 6040 318 6098 μεν
339 6026 402 6084 Λ.
482 6026 529 6059 ³⁸
568 6021 1087 6094 παραμυθησώμεθα
1120 6015 1256 6078 Εειάξ
1313 6023 1378 6108 ’⁸⁷
1412 6015 1672 6090 φύγωμεν
1701 6020 1763 6076 D.
1789 6021 2138 6089 διαφύγωμεν
2171 6015 2230 6073 F.
2278 6036 2329 6087 ῃ.
2374 6035 2424 6088 p.
2468 6020 2562 6074 καὶ
2595 6019 2694 6083 τῆς
2731 6015 3097 6092 ἐλεήμοσύνης
3129 6016 3263 6071 I'Idd.
3322 6052 3323 6057 η
