4118 6436
223 462 332 519 M3

242 581 1630 619 ___________________.._____._._.

1115 453 1182 510 IN
1221 445 1625 507 MATTHA‘IUM
1666 441 1894 500 HOMIL.
1926 440 2168 499 XXXVI.
2208 441 2278 497 al.
2321 442 2585 498 XXXVII.

1648 579 1896 592 —_-

3415 442 3518 500 ιη

3238 580 3516 599 -ησιμ-ιι-

1245 653 1592 717 HOMILIA
1647 646 1951 712 XXXVI.
2000 650 2090 711 al.
2132 651 2462 714 XXXVII.

223 815 362 872 CAP.
393 813 480 869 II.
516 825 569 866 v.
599 811 652 865 1.
685 807 753 863 Et
777 807 967 878 factum
994 810 1086 866 est,
1117 816 1232 854 cum
1260 799 1651 851 consummasset
1677 786 1828 842 Iesus

305 903 602 976 pra’cipiens
630 898 895 954 duodecim
920 891 1185 963 discipulis
1210 888 1313 944 suis
1332 928 1348 955 ,
1374 883 1573 939 transiit
1593 881 1711 935 inde
1733 919 1748 945 ,
1770 887 1826 930 ut

306 996 504 1050 doceret
526 1002 575 1047 et
601 991 897 1062 prtedicaret
924 987 977 1040 in
1001 981 1283 1039 civitatibus
1310 993 1502 1032 eorum.

307 1089 360 1142 1.
401 1085 536 1151 Quia
566 1061 709 1138 enim
740 1080 860 1135 illos
888 1078 1140 1138 miserat,
1172 1085 1293 1126 sese
1322 1063 1620 1128 subtraxit,
1651 1061 1828 1116 locum

231 1181 374 1233 dans
413 1183 518 1232 illis
547 1185 602 1234 et
645 1184 853 1242 tempus
890 1173 1119 1223 t’aciendi
1158 1177 1278 1233 qum
1324 1169 1439 1231 ipse
1482 1162 1828 1228 pra-ceperat.

233 1269 425 1340 Neque
452 1267 597 1324 enim
629 1265 720 1320 illo
745 1270 1011 1334 prmsente
1031 1266 1086 1312 et
1111 1269 1284 1326 {egros
1307 1258 1548 1311 curante,
1578 1245 1834 1299 voluisset

235 1360 505 1433 quispiam
543 1356 611 1412 ad
654 1357 775 1411 illos
825 1351 1103 1407 accedere.
1247 1343 1372 1400 Cum
1409 1340 1632 1396 audisset
1666 1344 1835 1390 autem

235 1456 468 1511 Joannes
495 1453 550 1506 in
573 1465 773 1506 carcere
801 1462 957 1517 opera
982 1430 1190 1505 Christi,
1219 1438 1418 1493 mittens
1444 1435 1571 1488 duos
1599 1447 1663 1487 ea:
1684 1429 1837 1482 disci-

236 1546 381 1615 pulis
409 1544 535 1612 suis,
560 1542 614 1597 5.
644 1536 987 1608 interrogabat
1012 1550 1124 1588 eum
1153 1531 1325 1585 dicens
1357 1542 1378 1583 :
1407 1525 1486 1580 Tu
1521 1541 1573 1579 es
1598 1522 1687 1593 qui
1714 1536 1835 1575 ven-

241 1611 391 1692 turus
410 1652 486 1701 es,
513 1651 580 1689 an
608 1633 766 1686 alium
790 1624 1172 1699 exspectamus?
1195 1622 1365 1678 Lucas
1387 1618 1404 1689 (
1431 1615 1560 1690 Cap.
1588 1615 1645 1669 7.
1667 1629 1717 1667 υ.
1745 1611 1834 1666 18.

245 1731 352 1801 19)
413 1743 542 1784 vero
583 1726 716 1782 dicit
755 1724 901 1794 ipsos
946 1716 1139 1775 Joanni
1183 1715 1332 1784 signa
1374 1710 1488 1780 ejus
1532 1705 1833 1767 nuntiasse,

244 1797 754 1891 tuncqueJoannem
779 1813 899 1869 illos
922 1810 1152 1866 misisse.
1182 1805 1377 1861 Verum
1402 1801 1453 1856 id
1478 1815 1544 1855 ne
1566 1797 1839 1852 minimam

250 1885 470 1984 quidem
503 1909 641 1980 parit
664 1904 1063 1967 difﬁcultatem,
1096 1897 1191 1953 sed
1235 1895 1340 1950 boc
1376 1893 1548 1947 solum
1590 1885 1842 1942 conside-

244 1975 684 2062 randum’tmdit,
719 2010 913 2066 nempe
940 1995 1086 2063 ipsos
1118 1988 1315 2045 invidia
1345 1993 1534 2040 contra
1565 1980 1712 2034 illum
1742 1975 1842 2030 ﬂa-

244 2112 455 2169 grasse.
476 2093 627 2161 Quod
649 2090 887 2162 sequitur
897 2095 1074 2142 autem
1090 2094 1432 2149 summopere
1448 2071 1843 2147 inquirendum.

248 2164 515 2255 Quidnam
547 2181 677 2238 illud
703 2180 823 2236 est?
867 2178 980 2233 lloc
1020 2175 1243 2238 dictum,
1274 2168 1352 2222 Tu
1395 2183 1448 2221 es
1483 2164 1570 2237 qui
1607 2170 1847 2217 petiturus

250 2296 328 2347 es,
350 2294 419 2332 an
446 2279 607 2331 etiam
642 2269 1033 2344 exspectamus?
1077 2266 1209 2322 Nam
1255 2262 1348 2335 qui
1392 2260 1477 2315 vel
1528 2266 1654 2313 ante
1696 2256 1846 2327 signa

252 2370 405 2427 illum
435 2374 685 2429 noverat,
729 2364 820 2434 qui
858 2377 889 2416 a
921 2359 1124 2432 Spiritu
1159 2355 1438 2416 didicerat,
1490 2351 1581 2421 qui
1618 2363 1652 2404 a
1692 2347 1849 2401 Patre

252 2462 521 2523 audierat,
570 2457 661 2528 qui
714 2469 897 2510 coram
945 2449 1194 2506 omnibus
1228 2447 1375 2502 illum
1420 2441 1846 2514 pratdicaverat:

254 2567 402 2608 nunc
445 2527 607 2604 mittit
645 2545 711 2601 ad
744 2545 891 2599 illum
939 2550 998 2595 ut
1023 2541 1194 2595 discat
1239 2537 1283 2591 si
1333 2535 1451 2606 ipse
1482 2532 1587 2595 sit,
1639 2527 1851 2584 necne?

254 2642 417 2713 Atqui
445 2640 491 2697 si
507 2641 651 2695 clare
695 2652 803 2694 non
831 2635 973 2690 nosti
1022 2630 1271 2687 eumdem
1311 2628 1483 2697 ipsum
1526 2638 1648 2679 esse
1673 2664 1689 2689 ,
1719 2636 1854 2692 quo-

257 2734 425 2791 modo
454 2733 684 2801 teipsnm
714 2729 819 2784 tide
859 2726 1078 2796 dignum
1108 2732 1266 2793 putas
1287 2762 1302 2789 ,
1331 2719 1422 2790 qui
1457 2717 1526 2773 de
1567 2717 1728 2770 rebus
1759 2713 1851 2767 tibi

259 2827 461 2899 ignotis
507 2825 617 2881 fers
643 2818 1008 2879 sententiam?
1046 2815 1180 2873 Nam
1210 2812 1309 2885 qui
1345 2812 1464 2867 aliis
1512 2809 1849 2872 testiﬁcatur,

260 2921 413 2993 prior
433 2919 547 2990 ipse
572 2916 738 2972 debet
771 2914 875 2969 lide
898 2913 1091 2982 dignus
1120 2923 1262 2963 esse.
1302 2904 1491 2964 Nonne
1521 2913 1576 2957 tu
1603 2900 1854 2966 dicebas,

263 3010 392 3067 Non
430 3026 544 3069 sum
588 3008 773 3079 dignus
809 3004 1003 3060 solvere
1049 2998 1320 3070 conigium
1373 2992 1700 3050 calceamenti
1749 2991 1860 3062 ejus

265 3106 286 3175 (
315 3102 444 3158 Luc.
476 3102 529 3157 5.
562 3100 630 3155 16
660 3102 717 3169 )Y
744 3096 932 3152 Nonne
955 3094 1194 3158 dicebas,
1226 3088 1349 3144 Non
1387 3101 1625 3141 noveram
1667 3084 1858 3155 ipsum,

267 3173 357 3251 sed
381 3193 467 3264 qui
495 3191 632 3245 misit
687 3205 768 3243 me
809 3186 1065 3257 baptizare
1107 3183 1163 3235 in
1199 3196 1354 3251 aqua,
1395 3178 1484 3232 ille
1520 3175 1645 3229 mihi
1688 3173 1815 3227 dixit
1841 3186 1863 3229 .'

269 3289 444 3357 Super
467 3301 615 3351 quem
644 3283 828 3338 videris
857 3276 1110 3349 Spiritum
1139 3272 1520 3328 descendentem
1537 3310 1553 3334 ,
1581 3278 1627 3322 et
1654 3282 1862 3321 manen-

270 3390 371 3434 tem
393 3393 549 3449 super
575 3390 711 3440 eum,
759 3371 849 3427 ille
873 3381 945 3424 est
979 3369 1068 3438 qui
1108 3365 1331 3435 baptizat
1368 3364 1423 3415 in
1465 3359 1664 3430 Spiritu
1691 3365 1866 3411 sancto

271 3468 483 3542 (Joan.
524 3467 578 3521 1.
610 3466 680 3521 53
708 3463 771 3537 )1
817 3467 1011 3517 Annon
1053 3456 1231 3513 vidisti
1274 3453 1530 3524 Spiritum
1588 3450 1642 3505 in
1690 3449 1868 3520 specie

271 3539 579 3617 columbae?
599 3559 790 3611 Annon
818 3551 1012 3608 audisti
1058 3546 1285 3604 vocem?
1311 3544 1501 3603 Nonne
1532 3551 1585 3596 tn
1614 3539 1869 3613 prohibe-

274 3656 376 3711 bas
404 3653 553 3710 illum
578 3649 786 3712 dicens,
814 3645 924 3719 Ego
951 3661 1081 3715 opus
1106 3641 1265 3696 habeo
1289 3656 1322 3693 a
1361 3648 1408 3693 te
1434 3635 1716 3707 baptizari,
1745 3643 1791 3688 et
1818 3648 1871 3687 tu

276 3750 416 3807 vertis
440 3747 510 3802 ad
531 3762 611 3801 me
643 3741 855 3817 (Matth.
874 3742 930 3796 5.
962 3738 1095 3809 14)?
1122 3736 1312 3792 Nonne
1338 3731 1614 3802 discipulis
1634 3729 1871 3792 dicebas,

282 3843 446 3901 Illum
472 3847 671 3909 oportet
693 3850 935 3899 crescere,
961 3847 1040 3886 me
1058 3839 1226 3884 autem
1256 3825 1416 3880 minui
1443 3822 1635 3898 (Joan.
1658 3822 1712 3876 5.
1743 3819 1875 3889 30)?

282 3936 474 3994 Nonne
494 3930 747 4003 populum
776 3941 989 3982 omnem
1016 3922 1269 3989 docebas,
1299 3920 1472 3989 ipsum
1491 3916 1876 3984 baptizatnrnm

285 4028 410 4085 illos
435 4038 557 4081 esse
599 4022 652 4077 in
695 4018 899 4090 Spiritu
950 4022 1138 4071 sancto
1172 4020 1228 4066 et
1272 4011 1396 4081 igne
1423 4005 1577 4077 (Luc.
1599 4005 1795 4084 5.16),
1825 4010 1877 4056 et

289 4119 465 4191 ipsum
507 4130 629 4174 esse
675 4126 870 4184 agnum
917 4108 1012 4164 Dci
1055 4104 1145 4177 qui
1187 4102 1327 4158 tollit
1371 4108 1648 4172 peccatum
1696 4094 1880 4150 mundi

292 4188 475 4283 (Joan.
505 4209 559 4264 1.
579 4205 711 4275 29)?
739 4202 927 4259 Nonne
963 4209 1087 4253 ante
1122 4196 1238 4250 hzcc
1262 4193 1442 4247 omnia
1465 4191 1614 4260 signa
1643 4197 1700 4243 et
1721 4188 1885 4242 mira-

292 4300 412 4356 cuia
458 4298 608 4354 illum
658 4291 1001 4365 prmdicasti?
1051 4283 1332 4356 Quomodo
1376 4297 1506 4352 ergo
1546 4294 1718 4346 nunc,
1760 4292 1883 4333 cum

294 4401 457 4450 notus
495 4398 580 4446 est
626 4387 896 4449 omnibus,
927 4384 1153 4452 ejusque
1191 4379 1331 4433 fama
1385 4375 1620 4444 untdique
1662 4371 1884 4439 volavit,

298 4492 579 4555 pestqnam
612 4475 808 4534 mortui
837 4480 1219 4536 surrexerunt,
1247 4470 1520 4524 daemones
1543 4464 1703 4536 fugati
1725 4473 1885 4527 sunt,

299 4587 357 4633 et
386 4585 531 4632 tanta
556 4574 830 4646 signorum
856 4569 939 4624 vis
962 4566 1181 4633 elTulsit,
1205 4562 1371 4619 mittis
1399 4569 1458 4616 ut
1486 4559 1539 4615 id
1566 4556 1748 4614 abillo
1774 4555 1891 4610 edi-

300 4684 422 4725 scas
436 4667 462 4721 3
490 4664 629 4736 Quid
665 4677 826 4735 porro
852 4660 1049 4715 factum
1073 4656 1198 4714 est?
1229 4670 1356 4710 num
1388 4650 1571 4708 omnia
1617 4648 1779 4703 verba
1805 4646 1893 4700 illa

304 4762 453 4819 fraus
481 4766 657 4823 erant,
682 4770 840 4812 scena
877 4763 932 4809 et
968 4750 1183 4806 fabula?
1207 4748 1277 4803 Et
1303 4746 1424 4818 quis
1453 4743 1648 4799 mentis
1675 4755 1897 4811 compos

308 4855 425 4909 haec
455 4848 696 4906 diceret?
726 4863 832 4902 non
877 4845 997 4898 dico
1021 4844 1090 4898 de
1136 4840 1377 4905 Joanne,
1416 4837 1507 4907 qni
1547 4837 1600 4890 in
1626 4843 1780 4889 utero
1805 4848 1901 4887 ex-

307 4944 522 5003 sultavit
545 4941 696 5015 (an.
716 4941 770 4994 1.
797 4937 909 5008 sl),
943 4935 1033 5006 qui
1061 4943 1185 4988 ante
1204 4942 1414 5004 partum
1442 4930 1615 4999 ipsum
1645 4925 1902 4997 praedica-

309 5038 423 5102 vit,
450 5033 647 5090 deserti
693 5030 888 5097 incola,
915 5028 1006 5099 qui
1050 5025 1348 5097 angelicam
1393 5021 1545 5077 duxit
1572 5020 1775 5085 vitam;
1805 5017 1902 5073 sed

310 5127 521 5186 etiamsi
542 5125 664 5198 quis
691 5131 923 5180 essetex
946 5119 1216 5175 vilissimis
1245 5117 1484 5174 omnium
1506 5155 1521 5181 ,
1563 5122 1684 5186 post
1724 5121 1803 5168 tot
1827 5121 1908 5167 te-

314 5223 588 5287 stimonia,
628 5227 683 5274 et
710 5232 804 5272 sua
833 5226 888 5271 et
932 5214 1158 5269 aliorum
1184 5253 1201 5279 ,
1245 5223 1577 5281 nequaquam
1617 5207 1900 5262 dubitaret.

320 5314 475 5372 Unde
495 5314 669 5383 palam
695 5318 778 5368 est
805 5322 927 5364 eum
957 5322 1065 5361 non
1092 5302 1427 5359 dubitantem
1457 5298 1670 5353 misisse
1688 5339 1705 5364 ,
1734 5310 1910 5367 neque

318 5410 655 5480 ignorantem
681 5404 1059 5470 interrogasse.
1092 5395 1276 5466 Neque
1296 5406 1427 5449 vero
1441 5390 1704 5464 quispiam
1730 5388 1912 5443 dicere

1933 797 2101 855 certe,
2130 790 2222 859 qui
2271 788 2639 860 prepbeticum
2688 803 2905 859 semper
2944 788 3168 846 fundere
3205 790 3525 862 saligninent

1932 880 2312 948 meditabatur,
2336 891 2536 937 tantam
2566 882 2729 937 animi
2771 883 3019 937 virtutem
3063 885 3526 946 demonstrasset;

1933 985 2039 1024 non
2070 971 2341 1027 crudelem
2366 972 2514 1027 ἰΙΙιιιιι
2546 983 2830 1045 tyrannum
2856 987 2978 1027 cum
3018 983 3162 1027 tanta
3193 976 3440 1029 libertate
3473 976 3527 1028 in

1933 1060 2107 1115 media
2137 1060 2268 1116 urbe
2289 1071 2345 1117 et
2393 1062 2513 1116 foro
2568 1063 2961 1132 redargnisset,
3006 1078 3129 1118 cum
3177 1065 3518 1120 audientibus

1933 1156 2182 1211 omnibus
2225 1153 2375 1211 illum
2422 1156 2573 1225 quasi
2616 1158 2894 1225 puerulqu
2942 1157 3263 1225 increparet.
3311 1154 3367 1213 Si
3398 1171 3531 1210 vero

1938 1246 2173 1301 timidior
2220 1247 2444 1303 effectus
2483 1257 2601 1303 erat
2624 1289 2640 1314 ,
2670 1264 2767 1303 cur
2805 1248 3098 1322 discipulos
3145 1263 3274 1303 suos
3316 1250 3532 1305 mittere

1939 1353 2045 1393 non
2074 1338 2307 1404 erubuit,
2335 1340 2388 1394 in
2414 1356 2639 1411 quorum
2666 1342 2951 1411 pra'sentia
2983 1349 3061 1395 tot
3091 1349 3348 1410 tantaque
3377 1341 3532 1395 testi-

1941 1428 2130 1484 ﬁcatus
2157 1439 2295 1498 erat,
2345 1431 2440 1485 sed
2467 1447 2563 1502 per
2591 1432 2711 1487 illos
2760 1432 3056 1503 interrogat
3100 1447 3220 1487 cum
3276 1447 3370 1504 per
3397 1432 3534 1486 alios

1940 1521 2258 1592 oporteret?
2284 1521 2616 1594 Quamquam
2665 1522 2811 1578 clare
2857 1532 3118 1589 noverat,
3152 1523 3298 1593 ipsos
3337 1523 3533 1580 invidia

1945 1615 1997 1667 in
2026 1613 2299 1670 Christum
2341 1630 2462 1669 esse
2512 1624 2801 1685 permotos,
2850 1622 2905 1668 et
2932 1613 3243 1670 occasiones
3293 1623 3531 1685 captare.

1943 1705 2225 1774 Quomodo
2254 1723 2359 1761 non
2387 1707 2456 1762 ob
2500 1706 2773 1762 Judaicam
2815 1706 3027 1776 plebem
3071 1708 3273 1777 pudore
3312 1708 3536 1762 alit-ctus

1945 1797 2156 1867 fuisset,
2184 1801 2276 1871 qui
2317 1809 2463 1855 tanta
2508 1800 2931 1871 pta-dicaverat?
2956 1799 3095 1871 Quid
3132 1816 3261 1855 vero
3286 1799 3409 1855 hinc
3437 1800 3535 1872 ipsi

1946 1890 2254 1945 adminiculi
2301 1890 2533 1945 futurum
2575 1901 2693 1945 erat
2738 1901 2797 1945 ut
2833 1906 2864 1945 a
2910 1890 3137 1945 vinculis
3184 1889 3539 1944 liberaretur?

1948 1982 2133 2053 Neque
2159 1983 2301 2037 enim
2331 1992 2550 2052 propter
2574 1980 2845 2036 Christmn
2888 1982 2979 2036 illo
3022 1981 3297 2050 conjectus
3326 1980 3492 2036 fuerat
3520 2020 3537 2045 ,

1950 2087 2127 2145 neque
2170 2073 2311 2142 quod
2336 2072 2455 2144 ejus
2476 2072 2724 2126 virtutem
2768 2071 3145 2143 praedicasset,
3176 2071 3271 2125 sed
3311 2070 3453 2143 quod
3474 2069 3543 2124 de

1951 2166 2135 2235 iniquo
2163 2164 2413 2235 conjugio
2446 2164 2827 2237 redarguisset.
2877 2165 3069 2219 Annon
3111 2163 3365 2219 insensati
3409 2178 3543 2231 pne-

1951 2256 2171 2320 ruli,vel
2203 2252 2432 2310 amenti's
2459 2255 2754 2326 cujuspiam
2788 2255 3019 2309 hominis
3058 2255 3157 2308 sibi
3188 2254 3381 2309 tamam
3409 2269 3545 2309 con-

1951 2346 2226 2401 ciliasset?
2253 2344 2392 2413 Quid
2415 2361 2545 2416 ergo
2561 2346 2651 2400 hic
2669 2345 2882 2416 agitur?
2906 2344 3059 2413 Quod
3076 2344 3218 2399 enim
3238 2343 3544 2414 hujusmodi

1952 2438 2213 2492 dubitatio
2240 2453 2344 2490 non
2385 2437 2453 2491 sit
2491 2436 2747 2499 Joannis,
2785 2435 2895 2489 imo
2923 2449 2989 2489 ne
3027 2434 3262 2507 cujusvis
3313 2433 3547 2487 hominis

1954 2531 2115 2586 etiam
2133 2530 2324 2595 insani,
2352 2545 2421 2584 ex
2451 2528 2608 2584 dictis
2628 2528 2737 2598 jam
2760 2528 2943 2598 liquet.
2966 2526 3084 2582 Jam
3117 2535 3285 2584 restat
3312 2534 3371 2580 ut
3397 2527 3547 2580 solu-

1958 2624 2157 2679 tionem
2183 2622 2488 2679 aderamus.
2517 2620 2626 2678 Cur
2644 2636 2773 2690 ergo
2799 2622 3182 2690 interrogatum
3197 2620 3339 2675 misit
3365 2618 3390 2671 ’ἒ
3417 2617 3548 2674 Jesu

1957 2714 2172 2769 Christo
2201 2713 2623 2768 adversabantur
2650 2710 2895 2782 discipuli
2912 2709 3154 2771 Jo:mnis.
3184 2709 3343 2781 idque
3368 2706 3548 2762 omni—

1958 2805 2060 2861 bus
2090 2805 2304 2876 planum
2332 2815 2433 2870 est,
2458 2819 2523 2858 ac
2547 2812 2730 2859 contra
2761 2804 2909 2859 illum
2940 2800 3134 2856 invidia
3160 2814 3374 2869 semper
3399 2814 3553 2853 com-

1961 2899 2090 2952 meti
2120 2906 2295 2961 erant,
2329 2895 2469 2967 quod
2500 2895 2836 2949 manifestum
2861 2902 2945 2951 est
2971 2909 3035 2948 ex
3070 2893 3134 2946 iis
3152 2908 3272 2962 qua:
3293 2890 3551 2960 magistro

1963 3004 2062 3044 suo
2090 2989 2337 3046 dicebant
2365 3005 2379 3041 :
2410 3001 2621 3059 nempe.
2643 2986 2742 3055 Qui
2767 2995 2929 3039 tecum
2951 2994 3058 3041 erat
3082 2993 3223 3039 trans
3247 2980 3555 3047 Iordanem,

1964 3082 2048 3135 cui
2075 3090 2129 3135 tu
2150 3081 2444 3150 testiﬁcatus
2468 3096 2543 3146 es,
2572 3095 2685 3133 ecce
2707 3079 2788 3131 hic
2809 3078 3054 3149 baptizat,
3088 3087 3132 3129 et
3160 3091 3332 3129 omnes
3350 3074 3559 3128 ueniunt

1965 3175 2033 3228 ad
2059 3173 2205 3227 illum
2234 3172 2411 3244 (Jaan.
2443 3173 2495 3227 5.
2524 3169 2636 3241 26).
2667 3172 2745 3225 Ac
2770 3183 2979 3225 rursum
3004 3168 3228 3242 quaestio
3256 3167 3391 3220 facta
3422 3173 3505 3220 est
3530 3181 3562 3219 ει

1967 3264 2168 3319 Judteis
2187 3274 2242 3318 et
2271 3278 2373 3317 una
2416 3277 2446 3315 a
2485 3261 2705 3316 Joannis
2730 3260 3008 3330 discipulis
3055 3258 3194 3313 circa
3238 3256 3565 3328 purillcatio-

1970 3371 2116 3422 nem,
2147 3363 2305 3426 atque
2332 3354 2397 3406 ad
2422 3353 2569 3408 illum
2592 3367 2776 3407 rursus
2805 3350 3119 3405 accedentes
3138 3349 3388 3404 dicebant
3414 3367 3427 3404 :
3460 3346 3567 3401 Cur

1973 3464 2065 3500 nos
2093 3456 2138 3500 et
2165 3445 2418 3500 Pltariswi
2441 3445 2739 3515 jejunamus
2785 3444 3100 3513 frequenter,
3129 3439 3372 3513 discipuli
3397 3450 3567 3493 autem

1974 3542 2048 3592 tui
2074 3555 2176 3591 non
2199 3538 2432 3610 jejunant
2468 3534 2683 3606 (Matth.
2713 3535 2767 3589 9.
2794 3533 2923 3605 M)?

2046 3630 2100 3685 2.
2141 3628 2389 3684 Nondum
2421 3627 2562 3682 enim
2587 3626 2846 3691 sciebant,
2877 3624 2996 3694 quis
3022 3632 3168 3678 esset
3185 3621 3449 3687 Christus,
3474 3619 3573 3675 sed

1977 3724 2161 3780 Jesum
2187 3736 2392 3775 merum
2429 3718 2701 3773 hominem
2733 3716 3070 3787 suspicantes
3117 3728 3237 3769 esse
3259 3753 3275 3779 ,
3307 3713 3570 3769 Joannem

1981 3831 2108 3872 vero
2135 3813 2434 3885 plusquam
2465 3809 2735 3864 hominem
2758 3849 2774 3874 ,
2820 3822 2964 3879 a-gre
3009 3804 3254 3860 ferebant
3299 3803 3571 3859 celebrem

1983 3907 2132 3963 illum
2166 3902 2408 3959 videntes
2459 3915 2599 3965 esse,
2627 3898 2890 3954 Joannem
2921 3912 3048 3950 vero
3075 3895 3265 3961 minui,
3296 3895 3432 3949 sicut
3459 3895 3575 3963 ipse

1985 3994 2325 4065 praedixerat.
2354 3991 2422 4045 Et
2445 3991 2548 4045 huc
2575 3987 2897 4056 impedit-bat
2919 3986 3207 4056 quominus
3233 3985 3575 4049 accederent,

1986 4085 2182 4142 invidia
2208 4084 2410 4141 aditum
2437 4082 2742 4137 dirimente.
2787 4079 2966 4134 Donec
2988 4087 3170 4133 autem
3195 4076 3429 4133 Joannes
3454 4090 3577 4132 cum

1988 4178 2093 4234 illis
2142 4184 2297 4240 erat,
2348 4171 2660 4228 hortabatur
2708 4170 2827 4225 illos
2870 4172 3177 4241 frequenter
3215 4178 3271 4222 et
3316 4166 3583 4234 docebat,

1992 4283 2166 4340 neque
2195 4266 2246 4322 id
2277 4265 2383 4320 illis
2407 4262 2729 4334 persuadere
2756 4268 2965 4333 poterat
2997 4278 3013 4314 :
3042 4274 3164 4314 cum
3197 4272 3326 4314 vero
3356 4261 3583 4311 moritu-

1996 4375 2089 4414 rus
2109 4366 2274 4422 esset,
2303 4358 2474 4427 majus
2530 4352 2599 4408 ad
2640 4353 2770 4407 illud
2799 4352 3018 4406 adhibet
3045 4350 3282 4405 studium
3316 4366 3331 4404 :
3362 4351 3587 4406 timebat

1995 4453 2139 4507 enim
2162 4465 2230 4504 ne
2254 4449 2400 4520 pravi
2430 4445 2696 4515 dogmatis
2721 4447 3055 4499 occasionem
3094 4443 3457 4517 relinqueret,
3482 4441 3588 4498 illi-

1998 4558 2102 4615 que
2129 4549 2408 4597 manerent
2434 4554 2466 4594 a
2489 4537 2706 4594 Christo
2734 4534 3006 4607 disjuncti.
3035 4533 3091 4588 ld
3134 4532 3220 4589 ille
3264 4532 3507 4598 curabat,
3538 4539 3593 4588 ct

2000 4637 2152 4692 initio
2182 4635 2282 4704 ipsi
2303 4646 2430 4687 suos
2458 4645 2647 4687 omnes
2669 4628 2984 4684 adducebat.
3014 4624 3146 4681 Cum
3172 4634 3351 4680 autem
3380 4623 3457 4680 illi
3484 4638 3592 4676 non

2003 4729 2464 4795 obtemperarent,
2493 4723 2787 4779 moriturus
2807 4719 3024 4774 demum
3073 4717 3261 4789 majori
3304 4724 3386 4770 est
3411 4713 3593 4770 studio

2007 4816 2294 4877 usus.Nam
2322 4816 2366 4870 si
2390 4815 2632 4877 dixisset,
2659 4812 2809 4867 Illum
2835 4807 3109 4878 adite,qui
3137 4806 3327 4860 melior
3352 4820 3438 4858 me
3468 4812 3592 4859 est:

2007 4926 2114 4966 non
2145 4910 2646 4978 obtemperassent,
2694 4899 2838 4974 quod
2890 4900 2968 4955 sic
3017 4898 3091 4952 illi
3136 4904 3319 4952 essent
3355 4893 3599 4950 addicti:

2012 5011 2289 5076 putassent
2313 4999 2459 5055 enim
2510 4997 2659 5053 illum
2708 5008 2806 5064 per
2846 4989 3168 5047 modestiam
3205 4988 3277 5042 ita
3319 4986 3505 5057 loqui.
3546 4996 3604 5040 et

2014 5096 2183 5167 magis
2209 5093 2282 5150 illi
2307 5091 2590 5147 haesissent
2617 5103 2633 5140 :
2665 5084 2712 5140 si
2745 5098 2871 5139 vero
2899 5081 3173 5145 tacuisset,
3206 5094 3293 5135 res
3317 5078 3513 5139 eodem
3548 5077 3604 5133 in

2013 5199 2155 5246 statu
2173 5198 2422 5243 mansura
2453 5190 2588 5239 erat.
2607 5174 2745 5246 Quid
2773 5172 3101 5247 igiturl'acit?
3119 5172 3409 5241 Exspectat
3432 5170 3607 5225 donec

2015 5282 2085 5338 ab
2112 5280 2217 5335 illis
2257 5277 2429 5332 audiat
2491 5274 2667 5341 ipsum
2722 5265 2974 5326 miracula
3023 5264 3216 5328 edere;
3266 5277 3441 5333 neque
3481 5271 3609 5321 tune

2019 5374 2139 5428 illos
2168 5370 2439 5430 hortatur,
2471 5377 2650 5432 neque
2677 5373 2869 5414 omnes
2919 5356 3102 5420 mittit,
3144 5353 3239 5410 sed
3288 5352 3425 5411 duos
3470 5367 3611 5424 quos

322 5442 336 5464 Ι
377 5442 655 5462 ιιυιιιιιινιιι
681 5442 881 5458 κιινυιυ
919 5442 1059 5454 ειν-ιν.
1092 5442 1169 5452 ιιι-ν
1214 5442 1274 5449 -ν
1308 5442 1318 5447 -
1335 5442 1381 5449 ν-
1399 5442 1421 5448 ν
1484 5442 1631 5462 _.-_',-,
1656 5442 1699 5443 κη
1802 5442 1807 5443 ,
1830 5442 1839 5443 κ

322 5442 527 5570 :ossit,
559 5496 733 5566 ipsum
764 5491 821 5549 id
847 5442 992 5547 caue
1019 5442 1336 5558 cogntrvisse
1360 5524 1379 5551 ,
1424 5442 1519 5538 52d
1543 5482 1613 5537 ob
1639 5494 1911 5535 carcerem
1946 5511 1998 5558 ,κ
2020 5464 2156 5520 forte
2175 5460 2429 5520 credebat
2452 5469 2575 5512 eSse
2601 5452 2667 5509 ad
2691 5448 3017 5511 credendum
3045 5445 3422 5519 promptiores,
3444 5454 3499 5499 ut
3530 5442 3616 5497 in-

2029 5568 2035 5570 .
2241 5555 2274 5570 .o
2359 5569 2382 5570 η
2400 5552 2481 5570 ..ηε
2540 5554 2674 5570 -..ηιιι
2723 5541 3009 5570 -..ι-..ηζηῖηηῖ
3057 5539 3283 5570 ηιῖηιινὶη
3348 5544 3508 5570 nlunn
3544 5550 3611 5570 ον

324 5590 655 5648 timidiorem
675 5585 911 5641 evasisse
940 5600 956 5638 ;
990 5594 1162 5651 neque
1181 5578 1322 5633 enim
1346 5591 1405 5630 se
1427 5590 1493 5630 ex
1521 5587 1738 5629 carcere
1776 5571 1913 5626 libe-

322 5684 551 5744 randum
577 5678 940 5749 exspectabat,
973 5687 1147 5745 neque
1175 5671 1218 5726 si
1247 5675 1630 5739 exspectasset,
1655 5664 1915 5738 prodidis-

325 5785 411 5834 set
430 5774 735 5836 veritatem,
758 5770 848 5839 qui
878 5768 946 5823 ad
985 5772 1188 5822 mortes
1216 5761 1474 5834 plurimas
1523 5767 1742 5830 paratus
1779 5764 1914 5811 erat.

331 5865 448 5929 Nisi
479 5864 623 5926 enim
662 5859 730 5917 ad
782 5873 968 5915 necem
998 5863 1215 5928 paratus
1264 5850 1479 5918 l'uiSset,
1513 5858 1638 5905 ante
1666 5847 1918 5921 populant

2021 5555 2313 5627 terrogatio
2356 5552 2485 5608 nulli
2536 5554 2680 5603 esset
2722 5541 3011 5614 suspicioni
3057 5539 3308 5604 obnoxia,
3347 5544 3508 5607 atque
3544 5550 3616 5597 ex

2025 5650 2155 5721 ipsis
2172 5624 2336 5704 rebus
2361 5642 2682 5703 ediscerent,
2714 5646 2970 5707 quantmn
2990 5624 3615 5685 interessetdiscriminis

2025 5714 2211 5799 J'esum
2252 5738 2391 5793 inter
2431 5743 2484 5791 et
2529 5729 2791 5787 Joannem
2820 5725 3042 5795 :aitque
3078 5740 3094 5776 :
3134 5719 3293 5777 Abite
3329 5726 3385 5774 et
3415 5714 3613 5773 dicite:

2028 5841 2111 5897 Tu
2138 5855 2190 5895 es
2230 5833 2317 5906 qui
2353 5840 2590 5888 venturus
2622 5842 2711 5895 cs,
2735 5841 2800 5880 an
2839 5820 2997 5879 alium
3041 5811 3437 5893 exspectamus?
3460 5805 3620 5867 Cill’l"
