4118 6440
561 458 669 517 413

566 580 680 626 stus
710 584 839 625 vero
858 568 1076 624 Joannis
1097 573 1328 620 mentem
1352 562 1657 632 intelligens
1673 600 1690 627 ,
1719 573 1825 614 non
1852 557 2018 623 dixit,
2043 557 2154 626 Ego

567 673 877 714 sum:nam
929 657 982 712 id
1031 657 1308 711 auditores
1352 652 1684 716 attendisset,
1734 661 2056 719 quamquam
2102 646 2153 701 id

565 755 957 818 consequenter
984 746 1087 802 dici
1111 753 1318 816 poterat
1342 762 1356 810 ;
1384 742 1478 800 sed
1496 742 1548 797 id
1583 757 1650 798 ex
1678 741 1807 811 ipsis
1847 740 2008 795 rebus
2033 738 2152 793 edi-

565 853 716 893 scere
737 837 884 892 sinit.
915 838 1115 892 Dicitur
1132 836 1277 891 enim
1306 834 1397 899 ibi,
1440 835 1612 904 ipsum
1634 831 2016 887 accedentibus
2042 829 2147 885 illis

567 927 765 982 multos
791 941 1027 983 curasse.
1075 928 1144 981 At
1187 926 1331 981 enim
1370 940 1488 990 qua:
1513 921 1703 977 fuisset
1743 919 2149 991 consequentia,

566 1019 954 1089 interrogatum
972 1033 1099 1073 num
1124 1017 1238 1088 ipse
1261 1024 1421 1080 esset,
1443 1014 1572 1069 nihil
1593 1013 1662 1068 ad
1679 1013 1779 1068 hoc
1803 1011 2148 1082 respondere,

563 1111 658 1166 sed
689 1110 870 1165 statim
896 1124 1070 1179 aegros
1097 1121 1318 1173 curare,
1356 1105 1459 1161 nisi
1497 1106 1599 1160 hoc
1637 1104 1814 1159 facere
1857 1101 2147 1168 voluisset,

563 1199 707 1271 quod
726 1199 875 1255 dixi?
895 1198 972 1254 Ex
1000 1197 1160 1253 rebus
1188 1196 1332 1252 enim
1361 1195 1491 1265 ipsis
1524 1193 1884 1249 testimonium
1915 1190 2149 1248 credibi-

564 1295 691 1359 lius,
747 1293 1026 1362 minusque
1079 1288 1365 1359 suspicioni
1417 1286 1703 1342 obnoxium
1746 1285 1966 1355 putabat
2003 1298 2146 1352 esse,

563 1399 720 1454 quam
742 1384 924 1439 verba.
953 1381 1085 1438 Cum
1112 1382 1272 1437 sciret
1293 1395 1440 1451 ergo,
1472 1388 1654 1444 utpote
1669 1378 1829 1444 Dens,
1849 1392 1950 1448 qua
1970 1386 2151 1433 mente

563 1477 684 1530 illos
714 1475 949 1529 misisset
971 1472 1225 1538 Joannes,
1254 1470 1435 1526 statim
1462 1470 1875 1537 sanavitca'cos,
1907 1468 2146 1535 claudos,

564 1566 805 1636 aliosque
838 1566 1051 1631 multos,
1100 1580 1208 1618 non
1255 1572 1312 1616 ut
1355 1563 1503 1617 illum
1542 1561 1793 1624 doceret,
1836 1559 1977 1630 (cur
2003 1558 2147 1614 enim

562 1655 836 1711 docuisset
863 1669 1007 1719 eum,
1036 1654 1125 1724 qui
1141 1653 1251 1725 jam
1278 1652 1531 1708 credebat
1570 1662 1626 1707 et
1665 1648 2145 1722 obtemperabat?)

560 1747 658 1803 sed
701 1757 758 1802 ut
803 1746 1094 1816 discipulos
1132 1744 1248 1813 ejus
1303 1743 1606 1799 dubitantes
1658 1742 1958 1797 institueret
1986 1758 2000 1796 :
2026 1740 2147 1797 ideo

561 1849 684 1908 post
726 1838 1011 1893 multorum
1040 1836 1366 1893 curationem
1405 1836 1479 1889 ait
1510 1834 1601 1891 ει.
1644 1832 1832 1887 Euntes
1867 1832 2149 1887 renuntiate

561 1928 752 1982 Joanni
790 1944 904 1998 qum
941 1927 1130 1981 auditis
1161 1936 1209 1980 et
1250 1926 1442 1979 videtis.
1482 1924 1538 1980 5.
1575 1922 1705 1978 chi
1740 1923 1926 1989 rident,
1975 1922 2149 1976 claudi

561 2017 843 2084 ambulant,
892 2019 1078 2086 leprosi
1117 2017 1444 2080 mandantur,
1485 2013 1626 2069 surdi
1674 2013 1907 2080 audiunt,
1960 2013 2147 2066 mortui

561 2111 868 2165 suscitantur
885 2150 901 2178 ,
932 2127 1179 2180 pauperes
1196 2109 1603 2179 euangelizantur
1626 2123 1646 2161 :
1671 2114 1726 2162 et
1754 2105 1935 2175 adjicit
1963 2123 1976 2159 :
2001 2104 2052 2160 6.
2079 2103 2145 2158 Et

559 2204 736 2257 beatus
760 2204 847 2274 qui
869 2221 970 2257 non
989 2203 1140 2272 fuerit
1161 2202 1532 2256 scandalizatus
1556 2200 1609 2253 in
1639 2216 1718 2252 me
1738 2214 1758 2253 :
1778 2197 2067 2253 ostendens
2086 2212 2144 2251 se

560 2296 738 2350 cordis
765 2311 951 2350 eorum
992 2301 1193 2349 secreta
1231 2306 1405 2347 nosse.
1443 2290 1498 2346 Si
1538 2290 1681 2345 enim
1725 2290 1986 2352 dixisset,
2032 2287 2144 2357 Ego

557 2401 697 2449 sum,
716 2384 767 2439 id
794 2384 935 2449 illos,
968 2392 1025 2438 ut
1044 2381 1154 2453 jam
1169 2380 1648 2446 dixi,olfeudisset,
1690 2379 2141 2448 cogitassentque,

557 2477 659 2532 etsi
687 2494 791 2533 non
821 2477 1113 2539 dixissent,
1144 2476 1193 2530 id
1221 2473 1364 2545 quod
1408 2473 1577 2528 Judaei
1626 2472 1698 2525 illi
1744 2471 1993 2524 dicebant
2020 2488 2035 2524 :
2066 2467 2142 2522 Tu

557 2570 621 2623 de
649 2579 695 2622 te
724 2569 836 2639 ipso
862 2568 1198 2622 testimonium
1233 2568 1325 2620 das
1353 2564 1373 2634 (
1397 2563 1554 2618 Joan.
1581 2563 1636 2618 8.
1666 2562 1737 2617 15
1760 2559 1803 2633 ).
1834 2561 2062 2629 Ideoque
2089 2560 2141 2615 id

557 2659 649 2714 ille
679 2675 782 2714 non
813 2658 976 2723 dicit,
1008 2657 1103 2712 sed
1149 2671 1217 2711 ex
1256 2654 1526 2709 miraculis
1562 2660 1713 2707 curat
1752 2658 1807 2704 ut
1852 2650 1925 2705 illi
1961 2649 2138 2704 omnia

556 2750 818 2816 ediscant,
866 2748 1163 2804 doctrinam
1212 2745 1424 2801 tradens
1479 2752 1536 2800 et
1585 2743 1865 2798 clariorem
1904 2749 1960 2797 et
2009 2739 2139 2795 nulli

555 2842 850 2913 suspicioni
892 2840 1200 2898 obnoxiam.
1232 2838 1434 2894 Idcirco
1471 2837 1611 2893 clam
1652 2836 1773 2892 illos
1811 2835 2140 2906 redargueus

554 2936 687 2990 illud
736 2934 947 3005 adjecit.
997 2933 1129 3001 Quia
1178 2936 1322 2987 enim
1362 2929 1414 2985 in
1459 2929 1576 2999 ipso
1618 2927 2135 2988 scandalizabantur,

554 3028 765 3084 illorum
790 3025 1033 3081 morbum
1063 3024 1286 3091 detexit,
1313 3029 1370 3077 et
1404 3020 1533 3075 illud
1558 3019 1897 3075 conscientiae
1933 3026 2136 3072 tantum

556 3120 791 3189 ipsorum
822 3118 1054 3189 reliquit,
1086 3116 1299 3171 nemine
1339 3115 1598 3170 advocato
1641 3111 1946 3167 maledicti'
1978 3119 2133 3176 teste,
2168 3114 2171 3119 '

555 3213 793 3282 ipsisque
838 3210 968 3266 solis
1011 3209 1062 3265 id
1103 3209 1438 3266 scientibus:
1474 3208 1659 3278 sicque
1704 3207 1891 3261 melius
1921 3206 2137 3260 attraxit

553 3303 697 3368 illos,
743 3301 963 3356 dicens:
995 3300 1185 3355 Beatus
1222 3301 1308 3368 qui
1344 3316 1442 3371 pou
1482 3301 1632 3369 fuerit
1668 3297 2042 3354 scandalizatus
2083 3298 2137 3352 in

552 3410 646 3447 me.
678 3393 808 3448 Nam
832 3392 946 3447 haec
970 3391 1122 3458 dixit,
1151 3392 1270 3447 illos
1298 3392 1441 3461 ipsos
1465 3390 1824 3445 subindicans.
1849 3388 1928 3446 Ne
1957 3400 2132 3445 autem

554 3495 735 3540 nostra
768 3492 968 3538 tantum
994 3483 1310 3547 referamus,
1336 3479 1431 3536 sed
1458 3490 1516 3537 ut
1542 3482 1618 3536 rei
1643 3481 1916 3536 ﬁrmandae
1941 3481 2007 3536 iis
2032 3480 2128 3535 ad-

552 3576 749 3641 ductis,
779 3590 898 3645 qua:
922 3575 990 3628 ab
1025 3574 1145 3629 aliis
1187 3574 1329 3628 dicta
1366 3582 1527 3640 sunt,
1552 3573 1834 3629 clariorem
1878 3573 2034 3628 vobis
2067 3587 2130 3629 ex

554 3664 818 3719 dictorum
871 3665 1270 3732 comparatione
1339 3664 1618 3717 veritatem
1681 3664 1989 3730 tradamus,
2043 3663 2129 3718 illa

555 3756 715 3810 etiam
747 3754 834 3809 hic
875 3754 1114 3825 proferre
1168 3767 1388 3808 necesse
1434 3762 1536 3807 est.
1587 3753 1725 3821 Quid
1775 3768 1902 3822 ergo
1950 3754 2133 3808 dicunt

554 3844 841 3900 nonnulli?
874 3845 1000 3899 Eam
1028 3858 1185 3914 quam
1214 3842 1512 3907 retulimus,
1531 3858 1637 3898 non
1665 3858 1844 3898 veram
1867 3858 1985 3900 esse
2006 3859 2131 3900 cau-

549 3952 664 3992 sam
698 3935 828 3992 :sed
853 3951 977 3990 vere
1005 3936 1275 4005 ignorasse
1306 3933 1589 4001 Joannem,
1618 3948 1717 3991 nec
1754 3944 1920 3989 totum
1951 3943 2128 3990 tamen

548 4028 827 4096 ignorasse
857 4044 871 4080 :
899 4036 953 4081 ct
979 4025 1128 4079 illum
1177 4024 1392 4095 quidem
1435 4038 1555 4080 esse
1592 4021 1864 4080 Christum
1891 4026 2125 4093 novisse,

546 4119 688 4190 quod
709 4127 886 4174 autem
912 4132 1007 4188 pro
1038 4116 1340 4172 hominibus
1359 4116 1649 4172 moriturus
1668 4125 1810 4172 esset
1825 4117 2126 4186 ignorasse:

547 4211 748 4265 idcirco
773 4210 993 4272 dixisse,
1022 4207 1103 4262 Tu
1130 4224 1182 4263 es
1209 4209 1293 4278 qui
1320 4218 1558 4262 venturus
1595 4209 1687 4263 es?
1716 4209 1767 4265 id
1796 4220 1911 4275 est,
1943 4209 2041 4276 Qui
2073 4211 2126 4267 in

546 4300 809 4356 infernum
841 4315 900 4354 es
926 4299 1303 4354 descensurus.
1322 4298 1517 4354 Verum
1542 4299 1593 4353 id
1611 4315 1730 4354 cum
1752 4308 1897 4354 recta
1921 4301 2125 4358 ratione

550 4400 808 4461 pugnaret
841 4391 1114 4446 :Joannes
1154 4392 1348 4460 quippe
1387 4407 1491 4446 non
1536 4392 1636 4446 hoc
1672 4392 1968 4462 ignorabat.
2012 4393 2124 4450 Hoc

543 4484 687 4539 enim
713 4494 837 4537 ante
863 4483 966 4537 alia
1000 4481 1322 4551 pratdicabat
1345 4497 1467 4537 cum
1512 4482 1747 4551 diceret,
1780 4483 1914 4539 Ecce
1963 4502 2125 4556 agnus

545 4575 660 4641 Dei,
691 4575 775 4645 qui
804 4573 936 4628 tollit
977 4582 1181 4644 peccata
1218 4573 1397 4627 mundi
1434 4572 1634 4645 (Joan.
1664 4575 1716 4630 I.
1747 4575 1818 4631 29
1843 4576 1882 4646 ).
1918 4578 2124 4648 Agnum

542 4682 673 4723 vero
698 4667 943 4729 vocavit,
975 4679 1187 4720 crucem
1220 4665 1550 4736 praedicans;
1580 4681 1643 4722 ac
1668 4682 1788 4722 cum
1836 4670 1987 4735 dicit,
2021 4671 2121 4737 Qui

543 4759 676 4814 tollit
724 4766 929 4829 peccata
967 4757 1181 4823 mundi,
1217 4756 1444 4825 idipsum
1471 4759 1803 4828 signiﬁcavit.
1859 4744 2122 4819 Non'alio

541 4850 684 4904 enim
711 4865 867 4918 quam
894 4864 989 4918 per
1012 4862 1224 4901 crucem
1266 4847 1426 4900 modo
1453 4847 1504 4901 id
1530 4860 1780 4917 operatus
1819 4860 1904 4905 est
1930 4866 1944 4904 :
1975 4852 2119 4920 quod

538 4942 701 4993 etiam
733 4937 923 4993 Paulus
950 4937 1196 4994 dicebat:
1228 4934 1295 4990 Et
1321 4937 1711 5009 chirographum
1730 4981 1744 5004 ,
1771 4941 1906 5010 quod
1945 4942 2124 4995 adver-

534 5046 650 5085 sum
678 5046 771 5083 nos
816 5039 942 5095 erat,
988 5031 1049 5084 de
1100 5030 1263 5085 medio
1307 5034 1527 5098 sustulit,
1557 5034 1758 5105 a/[igens
1806 5036 1935 5089 illud
1983 5037 2123 5091 cruci

539 5121 754 5190 (Coloss.
782 5119 839 5176 2.
869 5120 980 5191 14).
1001 5122 1133 5175 Cum
1160 5134 1337 5176 autem
1365 5124 1574 5178 dicebat
1596 5165 1611 5189 ,
1645 5124 1707 5179 In
1731 5126 1930 5195 Spiritu
1956 5128 2119 5198 bapti-

533 5210 668 5264 zabit
697 5225 780 5263 vos
808 5212 828 5241 ⁸
859 5209 1013 5281 (Luc.
1045 5213 1098 5266 ὅ.
1136 5213 1242 5283 I6),
1274 5227 1335 5268 ea
1363 5229 1482 5283 qua:
1514 5223 1635 5284 post
1672 5219 2116 5275 resurrectionem

542 5304 717 5357 futura
747 5309 902 5357 erant
935 5304 1347 5370 praenuntiabal.
1389 5307 1457 5359 At
1485 5317 1750 5375 reponunt
1788 5309 1861 5362 illi
1892 5327 1905 5362 :
1939 5309 2113 5379 Ipsum

537 5400 983 5458 resurrecturum,
1035 5402 1089 5446 et
1130 5393 1383 5463 Spiritqu
1428 5408 1668 5451 sanctum
1706 5399 1956 5455 daturum
1997 5417 2118 5459 esse

531 5484 734 5538 sciebat
763 5499 778 5537 :
809 5485 951 5555 quod
977 5493 1152 5539 autem
1175 5486 1318 5540 cruci
1346 5487 1643 5558 afﬁgendus
1667 5495 2114 5563 essetignorahat.

532 5571 636 5629 Sed
663 5576 929 5645 quomodo
955 5588 1355 5633 resurrecturus
1383 5590 1520 5647 erat,
1551 5583 1640 5652 qui
1670 5597 1771 5639 nec
1798 5600 1986 5655 passus
2015 5602 2115 5643 nec

594 5731 614 5802 ξ
649 5732 788 5802 savrl.
807 5730 983 5802 .ctalil,
1016 5731 1333 5802 aceruatim
1357 5746 1377 5784 :
1396 5742 1658 5802 utrumque
1677 5741 1894 5802 quadrat.

595 5792 615 5821 ³
646 5792 1215 5868 ίῃεςὲξίρ-ιυξῳιᾳτωεο,
1249 5793 1643 5868 respondent
1663 5792 1876 5868 vocibus,
1901 5802 2114 5868 baptiza-

530 5847 597 5900 btt
622 5862 714 5911 ws,
739 5847 872 5914 lapsu
893 5854 1138 5916 graphico,
1162 5847 1444 5908 exciderant
1463 5859 1589 5920 apud
1607 5847 1773 5912 Morel;

1345 452 1403 508 s.
1446 447 1726 507 JOANNIS
1764 442 2236 501 cnnvsos'rom
2272 445 2589 504 ancmcp.
2630 415 3161 512 musraurmor.

3744 456 3860 514 416

2263 558 2551 614 cruciﬁxus
2603 562 2834 618 fuisset?
2877 565 3153 633 Quomodo
3192 570 3316 627 item
3380 577 3552 645 major
3572 580 3865 648 prophetis

2260 658 2395 716 erat,
2426 651 2517 720 qui
2543 667 2606 707 ea
2636 669 2757 724 qua:
2785 657 3058 728 prophetm
3086 662 3331 719 sciebant
3358 665 3680 734 ignorabat?

2330 741 2383 797 5.
2402 741 2679 813 Prophette
2696 748 2936 817 sciebant,
2956 751 3211 807 Christum
3230 773 3337 810 esse
3353 759 3851 830 cruciﬁgeudum.—

2257 830 2409 899 Quod
2430 835 2573 890 enim
2601 836 2717 905 plus
2738 854 2898 909 quam
2926 842 3182 913 propheta
3211 856 3387 917 esset,
3425 848 3668 908 Christus
3691 856 3849 911 testi-

2259 926 2444 980 ﬁcatus
2467 936 2553 981 est
2578 930 2595 993 (
2622 927 2749 984 Luc.
2774 931 2826 986 7.
2850 930 2993 1004 9.8);
3024 935 3167 1004 quod
3194 949 3371 995 autem
3403 945 3678 1012 propheta:
3716 960 3846 1015 pas-

2255 1015 2463 1071 sionem
2491 1015 2685 1073 Christi
2716 1022 3002 1091 noverint,
3034 1026 3163 1082 nulli
3189 1044 3297 1084 non
3335 1042 3518 1086 notum
3549 1044 3654 1090 est.
3703 1037 3843 1093 Nam

2256 1103 2421 1160 Isaias
2443 1098 2613 1163 dicit:
2644 1108 2793 1164 Sicut
2836 1113 2942 1168 ovis
2989 1115 3059 1169 ad
3084 1116 3382 1174 occisionem
3424 1121 3608 1179 ductus
3651 1136 3726 1180 est
3746 1168 3764 1194 ,
3788 1139 3840 1186 et

2252 1195 2383 1249 sicut
2403 1212 2565 1267 agnus
2588 1214 2761 1255 coram
2803 1203 3038 1259 tondente
3070 1223 3126 1262 se
3161 1208 3270 1263 sine
3294 1225 3412 1265 voce
3435 1210 3596 1283 (lsai.
3624 1216 3715 1273 55.
3745 1219 3838 1288 7).

2256 1286 2538 1359 Etiamque
2565 1302 2689 1349 ante
2717 1293 2821 1349 hoc
2851 1297 3210 1355 testimonium
3241 1301 3382 1357 dixit
3409 1321 3424 1359 :
3464 1304 3534 1361 Et
3570 1309 3661 1363 erit
3685 1286 3840 1364 radix

2252 1379 2432 1445 Jesse,
2480 1390 2527 1436 et
2563 1383 2651 1452 qui
2705 1377 2949 1456 exsurget
3002 1389 3253 1461 imperare
3313 1396 3577 1465 gentibus,
3622 1399 3679 1453 in
3721 1401 3835 1471 ipso

2251 1483 2421 1544 gentes
2446 1476 2720 1544 sperabunt
2756 1477 2778 1551 (
2796 1476 2921 1532 Isai.
2954 1481 3039 1535 II.
3082 1481 3210 1554 1ο).
3240 1484 3440 1543 Deinde
3492 1491 3793 1558 passionem
3814 1535 3833 1560 ,

2251 1576 2307 1621 et
2326 1582 2489 1638 quam
2515 1570 2636 1623 inde
2656 1570 2883 1640 gloriam
2910 1586 3270 1645 consequutus
3298 1579 3369 1632 sit
3396 1595 3700 1653 exponens,
3733 1587 3832 1639 ad-

2245 1655 2396 1726 jicit,
2429 1656 2499 1711 Et
2537 1660 2631 1713 erit
2658 1661 2852 1726 requies
2899 1663 3007 1734 ejus
3044 1667 3206 1721 honor
3229 1665 3406 1740 (Ibid.
3427 1672 3467 1741 ).
3520 1672 3633 1729 Nec
3657 1676 3832 1732 solum

2249 1748 2391 1818 quod
2417 1749 2561 1804 cruci
2591 1750 2889 1821 adigendus
2935 1765 3115 1821 esset,
3155 1757 3251 1812 sed
3292 1760 3606 1830 quibuscum
3639 1780 3831 1836 passu.

2250 1854 2342 1894 rus
2367 1848 2511 1895 esset
2536 1841 2669 1895 dixit
2701 1859 2716 1897 :
2743 1840 2813 1897 Et
2850 1859 2965 1898 cum
2991 1846 3246 1902 sceleratis
3270 1863 3532 1920 reputatus
3556 1865 3626 1910 est
3651 1856 3829 1926 (lsai.

2247 1929 2483 2003 55.12).
2506 1930 2687 2001 Neque
2714 1932 2816 1987 hoc
2838 1943 3070 2012 tantum,_
3089 1939 3183 1994 sed
3211 1955 3317 1995 non
3339 1956 3460 1998 sese
3483 1944 3830 2005 defensurum

2247 2034 2367 2074 esse
2395 2021 2638 2090 praedixit
2671 2040 2685 2079 :
2720 2021 2820 2077 Hic
2865 2029 2997 2080 enim
3024 2043 3127 2081 non
3169 2032 3357 2100 aperiet
3395 2050 3452 2087 os
3477 2052 3625 2089 suum
3649 2037 3827 2107 (Ibid.

2247 2127 2299 2169 ν.
2329 2111 2397 2182 7)
2426 2129 2441 2179 ;
2497 2129 2722 2186 esseque
2768 2117 2964 2187 injuste
3004 2119 3363 2181 damnandum
3392 2145 3407 2179 :
3437 2124 3503 2181 In
3545 2129 3834 2188 humilitate

2239 2202 2493 2273 judicium
2536 2205 2648 2275 ejus
2690 2207 2947 2263 sublatum
2983 2220 3056 2265 est
3085 2211 3260 2283 (Ibid.
3289 2230 3340 2268 ν.
3363 2216 3454 2285 8).
3499 2219 3638 2273 Ante
3678 2221 3831 2277 illum

2245 2310 2457 2364 quoque
2485 2296 2714 2365 idipsum
2736 2299 2870 2355 dicit
2902 2301 3095 2368 David,
3127 2314 3182 2360 et
3219 2305 3483 2376 judicium
3523 2311 3779 2368 describit
3810 2332 3826 2369 :

2249 2386 2444 2453 Quare,
2482 2386 2680 2457 inquit,
2728 2395 3037 2460 fremuerunt
3077 2408 3284 2467 gentes,
3310 2411 3358 2455 et
3398 2405 3574 2474 populi
3602 2408 3830 2461 meditati

2242 2485 2360 2530 sunt
2388 2479 2603 2534 inania?
2624 2480 2937 2538 Adstitcrunt
2960 2502 3098 2557 reges
3126 2497 3292 2556 terrae,
3324 2500 3372 2545 et
3413 2495 3665 2565 principes
3706 2514 3830 2551 con-

2242 2580 2483 2625 venerunt
2530 2573 2584 2627 in
2643 2590 2801 2628 unum
2861 2578 3100 2633 adversus
3146 2580 3424 2639 Dominum
3479 2597 3530 2642 et
3586 2590 3828 2645 adversus

2241 2658 2497 2716 Christum
2534 2666 2644 2738 ejus
2694 2664 2880 2739 (Psat.
2909 2668 2964 2723 2.
2997 2672 3048 2726 1.
3088 2671 3181 2744 2).
3211 2674 3352 2729 Alibi
3393 2692 3604 2748 quoque
3649 2680 3829 2751 ipsum

2241 2755 2417 2807 crucis
2442 2756 2657 2811 modum
2683 2758 2818 2813 dixit
2848 2775 2862 2814 :
2892 2758 3158 2816 Foderuut
3206 2781 3388 2820 manus
3421 2784 3555 2823 meas
3579 2780 3625 2823 et
3671 2774 3826 2841 pedes

2241 2860 2377 2900 meos
2405 2846 2590 2917 (Psal.
2621 2848 2709 2904 21.
2744 2850 2842 2921 17)
2873 2867 2888 2918 ;
2919 2861 2974 2908 et
2999 2865 3247 2911 accurate
3288 2861 3505 2915 omnino
3530 2877 3648 2932 quae
3674 2865 3824 2918 mili-

2242 2942 2322 2990 tes
2364 2938 2478 2993 ausi
2525 2951 2647 2994 sunt
2674 2942 2856 3012 adjicit
2881 2962 2894 2998 :
2924 2945 3211 3001 Diviserunt
3234 2951 3330 3004 sibi
3355 2953 3641 3008 uestimenta
3669 2973 3781 3010 mea
3803 3000 3823 3024 ,

2240 3038 2286 3082 et
2306 3046 2460 3098 super
2506 3043 2688 3089 vestem
2719 3054 2881 3092 meam
2909 3040 3151 3095 miserunt
3176 3055 3360 3097 sortem
3397 3044 3569 3116 (Ibid.
3603 3064 3655 3101 ν.
3685 3049 3821 3121 19).

2241 3123 2381 3177 Alibi
2408 3136 2585 3180 autem
2621 3128 2856 3184 oblatum
2887 3142 3095 3187 acetum
3122 3134 3200 3189 sic
3219 3148 3479 3192 meruerat
3510 3157 3523 3193 :
3556 3138 3826 3195 Dederunt

2237 3215 2292 3268 in
2329 3231 2495 3270 escam
2520 3234 2679 3273 meam
2702 3221 2806 3293 fel,
2834 3232 2881 3276 et
2909 3224 2962 3277 in
2993 3225 3078 3278 siti
3106 3244 3215 3280 mea
3242 3240 3540 3298 potaverunt
3577 3249 3656 3287 me
3677 3244 3823 3289 aceto

2242 3305 2428 3377 (Psal.
2458 3307 2546 3365 68.
2578 3310 2707 3382 22).
2738 3312 3016 3384 Propheta:
3046 3318 3206 3386 igitur
3232 3330 3357 3375 ante
3384 3331 3460 3376 tot
3484 3338 3655 3378 annos
3678 3325 3825 3393 judi.

2237 3399 2377 3452 cium
2404 3440 2418 3462 ,
2450 3400 2947 3460 c0ndemnationem
2970 3449 2984 3470 ,
3016 3411 3192 3464 crucis
3231 3413 3431 3478 socios,
3465 3414 3820 3488 vestimentu-

2234 3505 2352 3545 rum
2385 3491 2734 3563 divisionem,
2768 3497 2985 3554 missam
3010 3511 3241 3567 sortem,
3274 3512 3329 3558 et
3348 3504 3503 3576 longe
3532 3506 3678 3576 plura
3712 3509 3821 3563 alia

2237 3595 2576 3639 memorant:
2609 3603 2781 3658 neque
2827 3597 2968 3645 enim
3013 3608 3234 3650 necesse
3258 3604 3341 3650 est
3364 3598 3543 3652 omnia
3581 3598 3776 3654 eﬂ'erre
3800 3642 3816 3664 ,

2236 3692 2303 3730 ne
2330 3678 2538 3746 longius
2574 3690 2830 3736 excurrat
2873 3685 3082 3750 oratio;
3132 3686 3217 3742 hic
3268 3704 3396 3745 vero
3424 3689 3528 3744 illis
3567 3694 3820 3749 omnibus

2234 3767 2438 3837 major,
2484 3768 2597 3824 lucc
2624 3773 2803 3828 omnia
2848 3773 3163 3846 ignorabat?
3212 3779 3324 3846 Qua
3358 3782 3560 3837 ratione
3588 3783 3638 3837 id
3665 3793 3818 3840 stare

2235 3860 2445 3927 possit?
2470 3860 2580 3915 Cur
2607 3877 2733 3917 vero
2757 3880 2860 3919 non
2893 3865 3057 3934 dixit,
3088 3868 3164 3923 Tu
3187 3884 3246 3925 cs
3284 3871 3370 3941 qui
3398 3883 3651 3928 venturus
3671 3889 3733 3929 es
3759 3878 3815 3930 in

2234 3949 2544 4007 infernum?
2589 3953 2683 4008 sed
2737 3955 3089 4025 simpliciter,
3144 3959 3247 4026 Qui
3287 3972 3521 4017 venturus
3566 3966 3665 4019 es?
3705 3965 3814 4021 Sed

2231 4042 2373 4112 quod
2397 4045 2563 4115 magis
2583 4045 2694 4101 risu
2720 4046 2936 4118 dignum
2960 4061 3125 4117 esset,
3147 4051 3331 4107 dicunt
3351 4054 3451 4109 hoc
3476 4055 3593 4110 ideo
3612 4058 3814 4114 dixisse

2231 4132 2527 4202 Joannem,
2556 4144 2614 4191 ut
2660 4138 2712 4192 in
2756 4138 2956 4194 inferos
2986 4142 3203 4197 veniens
3250 4146 3577 4213 praedicaret.
3609 4148 3814 4216 Quibus

2230 4238 2527 4296 opportune
2555 4229 2762 4285 dicatur
2791 4249 2804 4285 :
2834 4232 3045 4289 Fratres
3062 4277 3077 4300 ,
3110 4239 3264 4291 nolite
3290 4241 3431 4307 pueri
3459 4240 3583 4311 eﬂici
3608 4254 3770 4295 tuente
3792 4284 3811 4308 ,

2229 4321 2317 4372 sed
2345 4323 2537 4376 malitia
2562 4327 2763 4395 paruuli
2787 4330 2981 4399 estote(
3010 4331 3059 4385 1.
3088 4330 3205 4386 Cor.
3232 4334 3317 4387 14.
3346 4332 3415 4387 20
3430 4333 3476 4406 ).
3502 4334 3636 4389 Nam
3667 4352 3809 4406 pra:-

2230 4423 2355 4466 sens
2383 4414 2488 4468 vita
2518 4415 2652 4469 bene
2680 4419 2869 4488 agendi
2899 4431 3108 4491 tempus
3132 4433 3245 4487 est;
3280 4433 3400 4493 pust
3422 4437 3648 4483 mortem
3679 4445 3812 4484 vero

2228 4505 2402 4560 aderit
2446 4506 2703 4577 judicium
2734 4518 2787 4565 et
2811 4514 3148 4583 supplicium.
3180 4515 3312 4570 Nam
3353 4517 3427 4571 ait
3473 4535 3487 4571 :
3520 4516 3586 4572 In
3609 4520 3811 4573 inferno

2227 4596 2338 4666 quis
2384 4599 2699 4667 conﬁtebitur
2745 4602 2832 4655 tibi
2873 4603 3059 4671 (Psal.
3092 4607 3147 4661 6.
3181 4607 3284 4676 6)?
3318 4608 3595 4676 Quomodo
3649 4611 3810 4679 igitur

2228 4688 2474 4742 contrita:
2512 4700 2637 4745 sunt
2666 4702 2833 4761 portae
2862 4710 3038 4763 tarem,
3069 4707 3122 4751 et
3152 4706 3330 4752 vectes
3360 4697 3518 4754 ferrei
3546 4701 3805 4756 confracti

2228 4780 2388 4832 sunt?
2417 4780 2516 4834 I’cr
2555 4796 2749 4851 corpus
2794 4783 2929 4854 ejus.
2962 4785 3110 4840 Tunc
3152 4788 3292 4843 enim
3342 4789 3514 4857 primo
3563 4795 3809 4860 apparuit

2226 4884 2420 4938 corpus
2452 4872 2771 4941 immortale,
2803 4875 2940 4944 quod
2968 4878 3157 4933 mortis
3187 4880 3519 4949 tyrannidem
3548 4883 3801 4936 solveret.

2227 4964 2476 5033 Alioquin
2509 4981 2636 5020 vero
2662 4968 2714 5021 id
2744 4969 2977 5023 ostendit
3006 4973 3191 5026 mortis
3218 4971 3321 5025 vim
3348 4988 3468 5027 esse
3501 4974 3798 5037 sublatam,

2225 5069 2330 5109 non
2360 5064 2535 5111 autem
2556 5071 2743 5114 eorum
2759 5059 2848 5128 qui
2875 5068 2998 5114 ante
3018 5060 3301 5116 adventum
3324 5066 3440 5133 ejus
3468 5066 3661 5119 mortui
3685 5064 3802 5120 fue-

2225 5159 2346 5200 rant
2366 5184 2382 5211 ,
2406 5145 2577 5202 soluta
2620 5160 2836 5217 peccata
2857 5152 2875 5182 ί
2920 5150 3104 5207 fuisse.
3136 5152 3287 5220 Quod
3314 5154 3357 5208 si
3390 5169 3479 5209 res
3506 5172 3612 5210 non
3643 5157 3710 5210 ita
3739 5173 3800 5213 se

2223 5238 2450 5306 habeat,
2481 5249 2535 5294 et
2585 5241 2629 5294 si
2674 5257 2861 5298 omnes
2883 5255 3037 5298 antea
3067 5256 3305 5300 mortuos
3332 5262 3363 5300 a
3390 5248 3631 5317 gebenna
3660 5249 3800 5306 Iibe-

2223 5332 2357 5385 ravit
2375 5370 2390 5395 ,
2418 5332 2684 5396 quomodo
2713 5333 2785 5387 ait
2816 5351 2829 5387 :
2858 5333 3191 5390 Tolerabilius
3237 5338 3330 5391 erit
3374 5348 3521 5393 terra:
3547 5340 3803 5397 Sodomo-

2222 5436 2334 5472 rum
2377 5429 2426 5474 et
2457 5420 2752 5477 Comm-rho:
2806 5424 2972 5495 (Luc.
3027 5426 3290 5500 10.12)?
3331 5429 3462 5487 Illud
3514 5433 3654 5485 enim
3702 5448 3801 5490 ροε

2222 5514 2515 5581 puniendos
2546 5530 2664 5569 esse
2682 5515 2913 5571 declarat
2934 5560 2948 5586 ,
2976 5519 3248 5575 remissius
3278 5522 3522 5590 quidem,
3552 5525 3643 5578 scd
3693 5540 3799 5593 pu-

2222 5602 2444 5657 niendos
2474 5613 2670 5659 tamen.
2723 5606 2941 5662 Etiamsi
2984 5608 3070 5662 hic
3115 5619 3382 5665 extremas
3405 5611 3646 5667 dederint
3678 5629 3797 5682 p03-

2220 5708 2318 5749 nas
2346 5710 2359 5746 :
2387 5703 2620 5750 attamen
2643 5711 2750 5752 non
2779 5697 2879 5752 hoc
2916 5697 3037 5754 illos
3077 5698 3341 5757 liberabit.
3391 5702 3449 5759 Si
3472 5715 3653 5760 autem
3697 5707 3802 5765 hos

2284 5873 2301 5906 ι
2337 5870 2523 5933 Morel"
2541 5872 2696 5926 soluta
2714 5888 2933 5937 corpora.
