4118 6462
332 407 430 465 ιιτ

325 538 431 579 non
462 530 633 588 eruet,
664 522 833 576 multo
860 521 1036 574 minus
1063 534 1160 574 eos
1185 520 1276 590 qui
1305 519 1436 574 nihil
1480 519 1565 573 hic
1597 518 1736 579 passi
1766 525 1909 570 sunt.

322 613 460 681 Quid
506 628 669 684 ergo,
714 613 991 684 inquiunt,
1048 611 1313 681 injustene
1355 610 1530 682 agitur
1577 625 1694 664 cum
1741 609 1803 663 iis
1827 608 1916 679 qui

328 717 451 762 ante
478 707 764 762 adventum
789 706 906 776 ejus
927 704 1216 759 vixerunt?
1244 704 1587 773 Nequaquam
1622 719 1635 755 :
1668 710 1939 771 poterant'

322 797 466 850 enim
501 813 600 852 nec
641 797 913 851 Christum
951 794 1181 851 confessi
1226 793 1451 849 salutem
1482 791 1761 861 consequi.
1800 784 1918 844 Non

322 890 466 943 enim
499 889 600 943 hoc
623 889 692 943 ab
722 888 825 943 illis
866 886 1207 958 exigebatur,
1237 884 1331 940 sed
1361 900 1429 940 ne
1453 882 1592 938 idola
1632 883 1916 948 colerent,

323 991 380 1033 et
419 990 478 1034 ut
509 994 692 1034 verum
725 980 889 1033 Deum
921 986 1159 1032 nossent.
1211 958 1458 1029 Dominus
1500 974 1632 1028 enim
1662 1014 1677 1040 ,
1709 972 1916 1042 inquit,

326 1068 467 1124 Deus
513 1079 628 1123 tuus
653 1111 668 1136 ,
702 1068 953 1123 Dominus
984 1084 1114 1121 unus
1140 1077 1210 1122 est
1242 1065 1434 1140 (Deut.
1477 1065 1528 1119 6.
1552 1066 1646 1135 4).
1690 1062 1920 1132 Ideoque

322 1160 605 1215 Maccabtei
647 1160 987 1215 admirationi
1018 1160 1226 1213 fuerunt
1247 1197 1263 1225 ,
1297 1157 1419 1226 quia
1451 1171 1549 1227 pro
1576 1154 1708 1225 legis
1734 1153 1921 1208 obser-

324 1254 541 1307 vatione
569 1252 709 1323 passi
749 1259 896 1316 sunt,
927 1266 990 1305 ac
1019 1260 1126 1305 tres
1171 1250 1353 1321 pueri,
1384 1249 1641 1318 multique
1666 1247 1754 1301 alii
1780 1246 1919 1315 apud

329 1343 543 1400 ludteos
563 1384 577 1407 ,
605 1344 694 1413 qui
717 1344 880 1396 vitam
909 1341 1110 1411 optime
1135 1349 1438 1409 gesserunt,
1467 1348 1520 1392 et
1547 1337 1702 1407 hujus
1727 1337 1919 1406 eugnis

326 1438 490 1492 tionis
519 1435 737 1490 modum
767 1442 1079 1497 servarunt,
1110 1432 1245 1487 nihil
1290 1430 1437 1485 aliud
1479 1431 1772 1484 observare
1825 1428 1922 1483 de-

326 1527 580 1581 buerunt.
604 1525 756 1579 Tunc
792 1525 937 1579 enim
962 1523 1030 1577 ad
1062 1523 1291 1576 salutem
1321 1520 1650 1583 sufﬁciebat,
1680 1527 1738 1572 ut
1761 1519 1919 1584 dixi,

325 1619 496 1675 Deum
522 1626 725 1673 tantum
755 1630 1119 1687 cognoscere;
1168 1629 1310 1669 nunc
1346 1628 1476 1669 vero
1523 1613 1574 1667 id
1626 1614 1754 1667 satis
1809 1627 1919 1665 non

325 1720 411 1766 est
435 1752 450 1773 ,
477 1710 574 1766 sed
599 1709 870 1765 Christum
899 1723 1058 1763 nosse
1086 1716 1318 1778 Oportet.
1349 1706 1553 1761 Idcirco
1578 1707 1791 1760 dicebat
1816 1721 1829 1758 :
1859 1705 1921 1759 Si

325 1820 430 1857 non
481 1806 728 1858 uenissem
776 1811 825 1855 et
873 1802 1110 1869 loquutus
1136 1800 1344 1871 fuissem
1392 1799 1463 1853 eis
1483 1834 1500 1862 ,
1530 1808 1792 1868 peccatum
1822 1812 1923 1850 non

328 1895 606 1960 haberent;
654 1909 792 1948 nunc
844 1903 1015 1948 autem
1064 1892 1436 1947 excusationem
1485 1907 1588 1944 non
1640 1888 1822 1943 habent
1858 1888 1925 1943 de

322 1997 537 2057 peccato
576 2002 666 2039 suo
684 1983 882 2054 (Juno.
911 1984 1001 2039 £5.
1032 1982 1156 2054 22).
1201 1981 1292 2038 Sic
1332 1981 1500 2037 et‘de
1529 1980 1652 2035 vitae
1680 1981 1925 2035 instituto

329 2077 646 2147 putandum.
684 2077 835 2132 Tunc
857 2076 1039 2132 cades
1090 2074 1413 2130 homicidam
1444 2074 1736 2144 perdebat,
1778 2089 1925 2129 nunc

329 2169 414 2223 vel
435 2168 592 2222 irasci
623 2166 844 2221 vetitum
894 2174 999 2222 est.
1028 2165 1178 2220 Tune
1221 2165 1477 2220 mmehari
1518 2174 1724 2219 etcum
1749 2164 1924 2219 aliena

330 2258 554 2325 muliere
595 2255 932 2313 commisceri
974 2256 1293 2327 supplicium
1332 2254 1631 2321 afferebat;
1662 2271 1805 2311 nunc
1831 2271 1925 2310 au-

327 2358 436 2403 tem
465 2347 750 2418 impudicis
789 2347 960 2402 oculis
1004 2348 1305 2416 respicere,
1360 2346 1499 2401 idem
1542 2345 1717 2401 affert.
1775 2345 1927 2401 Sicut

324 2440 599 2512 cognitio,
631 2440 711 2495 sic
739 2447 795 2494 et
819 2439 924 2493 vita
969 2454 1113 2503 nunc
1165 2438 1447 2494 sublimior
1484 2437 1793 2508 requiritur.
1822 2435 1927 2491 ita-

326 2547 434 2603 que
460 2531 593 2587 nihil
621 2532 915 2587 Prodromo
936 2546 1073 2601 opus
1098 2540 1234 2585 erat.
1257 2530 1530 2599 Alioquin,
1557 2529 1601 2583 si
1620 2530 1660 2584 ii
1682 2529 1772 2600 qui
1804 2538 1925 2599 post

330 2634 559 2680 mortem
600 2623 857 2689 credent,
888 2622 1116 2677 salutem
1160 2622 1541 2692 consequuturi
1567 2630 1720 2687 sunt,
1749 2621 1928 2677 nullus

328 2731 581 2787 umquam
601 2715 817 2785 peribit.
832 2714 1030 2770 Omnes
1044 2714 1189 2770 enim
1208 2723 1334 2769 tunc
1352 2713 1721 2784 ptenitentiam
1743 2723 1925 2784 agent,

327 2816 384 2863 et
405 2807 677 2862 Christum
703 2807 1022 2861 adorabunt.
1047 2805 1203 2874 Quod
1230 2814 1407 2860 autem
1436 2805 1563 2860 ilhtd
1588 2807 1658 2860 sit
1689 2822 1877 2860 verum
1907 2846 1926 2871 ,

327 2898 454 2953 audi
478 2898 701 2953 Paulum
730 2897 999 2952 dicentem
1030 2915 1047 2952 :
1083 2896 1262 2952 Omnis
1290 2899 1464 2968 lingua
1491 2897 1845 2964 conﬁtebitur,
1878 2908 1930 2952 et

328 3007 479 3045 omne
523 3007 655 3062 genu
680 2990 908 3061 ﬂectetur
938 2990 1212 3045 otelestium
1231 3029 1247 3056 ,
1277 2990 1590 3053 terrestrium
1616 2998 1664 3043 et
1704 2990 1931 3057 inferno-

325 3101 443 3138 rum
473 3083 750 3154 (Philipp.
791 3084 846 3138 9..
878 3084 940 3138 Η
967 3083 1020 3152 );
1069 3091 1145 3147 et,
1179 3081 1372 3138 Ultima
1408 3083 1616 3137 inimica
1642 3084 1929 3138 destruetur

326 3192 466 3229 more
492 3173 584 3248 (l.
616 3173 737 3229 Cor.
769 3176 857 3229 l5.
880 3176 1012 3246 26).
1036 3172 1148 3229 Sed
1189 3174 1389 3229 nullam
1425 3175 1705 3230 utilitatem
1732 3190 1798 3229 ex
1830 3176 1930 3229 hac

327 3266 659 3336 subjectione
684 3274 1106 3336 cmusequentnr;
1157 3278 1264 3318 non
1310 3264 1461 3318 enim
1494 3278 1569 3319 ex
1600 3264 1739 3318 bona
1780 3265 1932 3317 volu-

330 3370 478 3431 ptate
508 3359 884 3430 proﬁciscitur,
919 3357 1014 3414 sed
1034 3375 1104 3414 ex
1150 3357 1264 3428 ipsa
1311 3368 1514 3421 rerum,
1544 3364 1602 3411 ut
1623 3358 1695 3414 ita
1724 3357 1929 3424 dicam,

331 3452 675 3509 necessitate.

399 3545 456 3598 4.
494 3543 574 3599 Ne
596 3543 713 3606 illa,
748 3556 962 3612 quaeso,
991 3540 1311 3597 inducamus
1349 3540 1509 3595 anilia
1536 3539 1786 3611 dogmata
1808 3579 1828 3607 ,
1872 3547 1931 3594 ‘et

328 3635 578 3691 Judaieas
617 3635 844 3689 fabulas.
877 3633 1014 3689 Audi
1040 3633 1188 3691 enim
1213 3632 1341 3703 quid
1370 3632 1438 3688 de
1472 3619 1558 3687 his
1598 3632 1746 3687 dicat
1792 3632 1929 3686 Pau-

329 3726 458 3781 lus:
501 3724 815 3795 Quicumque
837 3726 972 3778 enim
1009 3725 1119 3779 sine
1165 3725 1272 3794 lege
1316 3734 1586 3794 pett-amnt
1607 3765 1624 3791 ,
1670 3724 1780 3778 sine
1821 3724 1930 3794 lege

330 3818 600 3890 peribunt;
627 3818 851 3888 loquens
866 3816 940 3872 de
960 3816 1138 3887 iis'qui
1168 3826 1293 3872 ante
1316 3817 1485 3887 legem
1502 3825 1656 3870 erant
1677 3832 1692 3879 ;
1725 3815 1788 3869 Et
1811 3817 1925 3885 qni-

327 3922 544 3978 cumque
565 3908 619 3961 in
640 3908 749 3978 lege
769 3916 1060 3975 peccat-unt,
1081 3923 1171 3977 per
1187 3907 1344 3978 legem
1359 3907 1729 3978 judicabuntur
1745 3905 1924 3975 (Rom.

326 3999 387 4054 Ξ.
421 3998 565 4069 l2);
608 3997 680 4053 de
725 3998 790 4052 iis
834 3998 1089 4052 omnibus
1144 3997 1367 4066 loquens
1412 3997 1501 4066 qui
1542 4007 1663 4065 pust
1687 3996 1924 4068 Mnysem

330 4094 575 4156 fuerunt;
610 4101 687 4157 et,
718 4091 972 4158 Quoniam
995 4089 1246 4144 reveletur
1269 4089 1349 4142 ira
1375 4088 1472 4143 Dei
1508 4089 1572 4143 de
1593 4089 1719 4144 caelo
1744 4091 1797 4142 in
1810 4107 1925 4144 om-

331 4200 443 4240 neut
466 4185 775 4255 impietatem
792 4192 841 4237 et
865 4183 1166 4254 injustitiam
1192 4182 1452 4236 hominum
1472 4181 1492 4254 (
1515 4181 1666 4236 Rem.
1695 4182 1747 4237 i.
1777 4182 1844 4238 18
1865 4182 1884 4253 )
1907 4199 1923 4248 ;

330 4289 407 4342 et,
440 4278 632 4344 Furor,
659 4278 759 4343 ira,
789 4276 1045 4331 tribulatio
1064 4314 1083 4343 ,
1123 4275 1359 4347 angustia
1393 4275 1450 4328 in
1478 4289 1677 4328 onmem
1703 4274 1928 4328 animum

260 4422 265 4426 .
330 4369 550 4424 beluinis
594 4367 858 4439 mantis
898 4364 1129 4430 malum,
1183 4364 1357 4419 Judaei
1402 4364 1622 4433 primum
1673 4375 1720 4419 et
1760 4364 1928 4420 Graeci

331 4462 352 4525 (
372 4460 524 4515 llam.
555 4460 610 4514 2.
656 4460 713 4516 8.
744 4460 833 4531 9).
878 4460 943 4515 Et
972 4470 1120 4515 certe
1146 4459 1284 4513 mala
1313 4459 1591 4513 innumera
1618 4458 1757 4526 passi
1802 4468 1928 4515 sunt

328 4551 589 4623 gentiles;
638 4550 781 4621 quod
822 4558 883 4606 et
923 4559 1240 4606 extet-orum
1297 4548 1536 4603 historia:
1575 4549 1881 4619 significant
1907 4592 1923 4617 ,

333 4657 544 4698 necnon
586 4640 880 4711 Scriptum
926 4650 1145 4696 nosti-ie.
1175 4640 1304 4707 Quis
1331 4640 1476 4695 enim
1512 4639 1924 4711 Babyloniorum

331 4746 389 4794 et
415 4735 543 4809 Eg)
555 4739 790 4808 ptiorum
823 4736 1111 4808 tragoedias
1138 4733 1520 4790 enarravcrit?
1544 4733 1696 4802 Quod
1725 4735 1867 4790 enim
1883 4736 1926 4790 ~ii

331 4830 423 4901 qui
448 4828 724 4886 Christum
752 4845 863 4884 non
890 4836 1154 4884 noverunt
1181 4838 1305 4882 ante
1323 4828 1593 4883 carnalem
1614 4827 1923 4894 adventum,

328 4933 385 4979 et
426 4924 516 4994 qui
546 4923 616 4976 ab
662 4921 961 4979 idololatria
990 4920 1295 4976 resilientes
1334 4920 1502 4975 Deum
1543 4932 1705 4974 unum
1736 4921 1927 4975 adora-

327 5027 476 5082 runt,
503 5025 559 5071 et
585 5015 809 5087 probam
853 5014 1058 5072 duxere
1082 5015 1246 5068 vitam
1268 5054 1287 5081 ,
1326 5014 1509 5067 munia
1552 5013 1689 5068 bona
1736 5028 1963 5070 ροηδε..

327 5108 549 5179 quuturi
598 5107 747 5172 sint,
796 5104 919 5161 audi
952 5102 1221 5176 quomodo
1269 5104 1415 5159 dicat
1505 5102 1684 5159 Gloria
1706 5115 1877 5158 autem
1904 5146 1922 5171 ,

329 5201 494 5255 honor
514 5208 565 5253 ‘et
590 5213 695 5268 pom
719 5198 857 5252 (τητιιὶ
893 5195 1125 5266 aperanti
1170 5196 1353 5249 bonum
1368 5234 1392 5259 η
1408 5192 1605 5248 Iudae
1633 5193 1852 5264 primum
1875 5205 1925 5249 et

322 5291 504 5363 gentili
532 5290 725 5362 (Rom.
751 5288 808 5342 2.
834 5287 959 5358 l0).
994 5285 1185 5341 Viden’
1208 5285 1471 5340 bonorum
1512 5284 1727 5353 praemia
1748 5284 1926 5338 multa

328 5381 438 5435 illis
454 5395 584 5436 esse
603 5420 621 5446 ,
649 5388 703 5434 et
722 5387 919 5433 contra
948 5375 1267 5431 facientibus
1304 5374 1572 5444 supplicia
1604 5382 1662 5428 et
1684 5388 1875 5445 pennas
1899 5374 1925 5425 ἲ

329 5472 434 5528 Ubi
458 5484 603 5527 nunc
631 5480 756 5526 sunt
787 5470 821 5525 ii
850 5468 939 5539 qui
960 5468 1262 5540 gehennam
1290 5482 1396 5521 non
1424 5466 1694 5521 credunt?
1718 5464 1849 5519 Nam
1875 5480 1923 5521 ει

323 5565 487 5634 ti-qui
514 5572 640 5618 ante
667 5562 863 5618 Christi
892 5562 1178 5616 adventum
1228 5559 1486 5624 fuerunt,
1514 5560 1604 5628 qui
1633 5573 1702 5613 ne
1725 5573 1923 5613 nomen

332 5655 546 5725 quidem
592 5654 850 5726 gehenure
897 5653 1216 5720 aud-ierunt,
1244 5666 1420 5722 neque
1470 5650 1880 5707 resurrectionis
1902 5691 1921 5718 ,

332 5758 613 5822 postquam
632 5749 728 5805 hic
750 5761 936 5819 patrias
962 5745 1225 5803 dederunt
1244 5784 1260 5812 ,
1286 5744 1401 5800 illic
1424 5759 1641 5816 quoque
1686 5744 1920 5815 punien-

1214 403 1277 460 ΙΝ
1317 404 1723 462 ΜΑΤἸῊᾸΞΗΜ
1762 401 1988 459 HOMIL.
2023 408 2264 466 XXXVI.
2304 411 2382 466 al.
2416 408 2685 467 XXXVII.

3493 417 3602 475 418

2034 523 2123 569 tur
2138 530 2342 586 quanto
2356 523 2528 592 magis
2544 540 2645 577 nos
2658 524 2818 592 quiin
2842 534 2991 580 tanta
3005 527 3365 597 philosophia:
3381 531 3395 562 ¹
3413 534 3610 586 doctri-

2024 626 2091 664 na
2122 608 2330 668 educati
2361 612 2591 671 sumus?
2644 612 2712 671 Et
2737 631 2839 687 qua
2861 616 3072 673 ratione
3096 660 3112 683 ,
3134 618 3384 689 inquies,
3420 620 3503 677 illi
3526 621 3617 694 qui

2023 701 2155 756 nihil
2182 718 2437 774 umquam
2461 705 2527 761 de
2554 706 2797 776 gehenna
2838 707 3161 773 audierunt,
3214 710 3268 764 in
3314 712 3617 781 gehennam

2026 793 2302 849 incident?
2327 797 2514 851 Dicent
2539 799 2701 863 enim,
2730 797 2784 854 Si
2811 802 3108 869 gehennam
3139 802 3493 857 comminatus
3531 818 3620 860 es-

2029 894 2154 946 ses,
2186 890 2297 952 praa
2331 891 2477 937 metu
2506 894 2870 954 temperanter
2896 886 3242 947 vixissemus.
3285 887 3451 946 Plane
3475 892 3604 962 qui-

2028 970 2151 1024 dem
2201 974 2768 1044 (nonne?)vixissent
2807 986 2866 1030 ut
2894 993 2996 1034 nos
3048 982 3214 1035 vitam
3253 994 3466 1051 agmus
3509 980 3603 1053 qui

2025 1068 2263 1137 quotidie
2286 1084 2565 1125 sermones
2586 1071 2654 1126 de
2676 1071 2917 1141 gehenna
2943 1072 3210 1137 audimus,
3240 1089 3411 1142 neque
3441 1084 3617 1128 tamen

2026 1158 2091 1212 iis
2110 1159 2347 1213 animum
2379 1159 2716 1216 adhibemus.
2741 1161 2943 1218 Praeter
2968 1160 3082 1218 lucc
3109 1172 3287 1218 autem
3318 1162 3445 1218 illud
3485 1181 3620 1233 qua-

2025 1264 2129 1319 que
2160 1249 2447 1306 dicendum
2476 1263 2595 1319 est,
2637 1268 2761 1309 eum
2807 1255 2896 1324 qui
2953 1256 3304 1325 praesentibus
3342 1257 3621 1326 suppliciis

2020 1356 2131 1397 non
2164 1346 2443 1409 retinetur,
2472 1347 2641 1400 multo
2664 1349 2840 1402 minus
2876 1348 2976 1401 illis
3014 1350 3366 1403 coercebitur.
3418 1350 3622 1404 [ludio-

2025 1449 2114 1488 res
2137 1433 2281 1488 enim
2333 1430 2736 1506 crassioresquc
2762 1438 3010 1493 homines
3054 1439 3407 1508 praesentibus
3453 1441 3625 1514 magis

2024 1536 2079 1580 et
2102 1526 2427 1581 instantibus
2452 1528 2628 1582 solent
2648 1529 2713 1581 ad
2745 1528 3173 1598 resipisccntiam
3209 1530 3408 1595 vocari,
3460 1546 3620 1600 quam

2024 1617 2093 1671 iis
2121 1633 2244 1687 quin
2274 1618 2443 1672 multo
2468 1629 2587 1689 post
2627 1628 2867 1689 tempore
2914 1628 3038 1674 sunt
3082 1630 3367 1676 eventura.
3402 1620 3620 1686 Verum,

2027 1709 2263 1780 inquies,
2289 1711 2449 1765 nobis
2496 1713 2668 1780 major
2719 1712 2961 1767 imminet
3008 1721 3202 1786 terror,
3232 1713 3458 1784 ideoque
3499 1729 3632 1769 cum

2027 1800 2133 1855 illis
2159 1816 2264 1856 non
2310 1802 2510 1871 injuste
2551 1812 2728 1858 actum
2765 1802 2894 1857 est?
2946 1802 3290 1872 Nequaquam
3332 1820 3391 1859 se
3437 1819 3524 1860 res
3552 1805 3621 1859 ita

2030 1894 2211 1948 habet.
2240 1894 2423 1949 Primo
2474 1895 2618 1950 enim
2661 1910 2769 1949 non
2803 1893 2961 1950 iidem
2999 1895 3212 1949 labores
3247 1895 3403 1949 nobis
3428 1905 3483 1949 et
3522 1897 3621 1950 illis

2028 1987 2287 2056 propositi
2315 1994 2478 2049 sunt;
2507 1986 2602 2041 sed
2633 1986 2803 2040 multo
2829 1987 3067 2057 majores
3091 1987 3268 2042 nobis.
3297 1984 3423 2042 illos
3444 1999 3623 2043 autem

2029 2075 2118 2145 qui
2149 2076 2381 2144 majores
2409 2077 2710 2146 suscipiunt
2735 2077 2979 2142 labores,
3013 2078 3201 2144 majori
3240 2089 3451 2148 oportet
3470 2079 3622 2134 auxi-

2032 2167 2104 2221 lio
2147 2168 2270 2222 inti.
2320 2169 2592 2224 Auxilium
2639 2178 2819 2224 autem
2870 2185 2977 2223 non
3026 2170 3296 2225 modicum
3346 2171 3476 2226 illud
3502 2181 3625 2240 est,

2029 2273 2152 2313 cum
2180 2259 2338 2315 timor
2362 2269 2605 2331 augetur.
2624 2258 2678 2317 Si
2709 2272 2888 2315 autem
2917 2261 2967 2315 id
2994 2262 3113 2330 plus
3136 2278 3299 2332 quam
3331 2264 3400 2317 illi
3431 2264 3628 2320 habea-

2033 2364 2171 2413 mus,
2201 2350 2339 2420 quod
2365 2350 2538 2405 futura
2566 2365 2872 2417 noscamus,
2903 2352 2975 2406 illi
3004 2368 3217 2422 quoque
3245 2353 3296 2407 id
3320 2355 3438 2423 plus
3465 2370 3627 2425 quam

2033 2456 2132 2496 nos
2174 2441 2393 2507 habent,
2427 2441 2569 2513 quod
2592 2457 2769 2512 poena:
2813 2442 3057 2513 ingentes
3087 2443 3190 2497 illis
3224 2444 3505 2499 confestim
3538 2444 3625 2501 in-

2031 2532 2294 2589 ferantur.
3182 2516 3186 2521 ’

2101 2625 2315 2680 Iustitia
2338 2624 2452 2691 Dei,
2474 2634 2522 2678 et
2549 2625 2795 2695 puniendi
2822 2626 3052 2680 ratio.—
3078 2624 3275 2680 Verum
3302 2625 3443 2681 aliud
3471 2627 3626 2698 quid-

2035 2720 2174 2790 piam
2205 2720 2392 2773 dicunt
2420 2718 2655 2789 plurimi.
2682 2717 2784 2773 Ubi
2806 2726 2887 2773 est
2906 2759 2923 2783 ,
2949 2718 3231 2788 inquiunt,
3256 2716 3460 2786 iustitia
3494 2719 3625 2785 Dei,

2034 2810 2277 2877 quando,
2306 2809 2349 2864 si
2377 2809 2495 2879 quis
2526 2808 2612 2863 hic
2640 2818 2855 2879 peccet,
2883 2818 2938 2863 et
2968 2808 3053 2864 hic
3078 2818 3133 2864 et
3156 2810 3266 2864 illic
3287 2824 3477 2878 pmnas
3497 2812 3581 2866 de;
3602 2812 3629 2867 τ

2035 2901 2211 2956 Vultis
2241 2900 2400 2971 igitur
2439 2908 2495 2954 ut
2520 2898 2661 2954 dicta
2695 2909 2871 2955 vestra
2902 2901 2952 2954 in
2985 2901 3303 2955 memoriam
3345 2900 3495 2957 vobis
3536 2917 3626 2956 re-

2034 3007 2242 3058 vocem,
2269 3008 2342 3046 ne
2371 2992 2508 3047 ultra
2541 2993 2776 3046 laborem
2804 2991 2959 3046 nobis
2984 2990 3241 3058 ali‘eratis,
3268 2991 3363 3047 sed
3384 3006 3450 3049 ex
3474 2993 3629 3050 vobis

2034 3086 2166 3156 ipsis
2204 3085 2524 3141 solutionem
2572 3085 2751 3140 detis?
2775 3083 2968 3140 Multos
2998 3100 3064 3139 ex
3092 3084 3290 3140 nostris
3315 3085 3496 3140 audivi
3510 3126 3528 3151 ,
3556 3085 3631 3140 si-

2034 3176 2247 3247 quando
2273 3175 2580 3232 ediscerent
2603 3175 2925 3232 homicidam
2952 3176 3183 3245 aliquem
3215 3176 3283 3233 iu,
3289 3176 3491 3247 judicio
3511 3179 3632 3248 ple-

2034 3285 2163 3324 xum
2192 3269 2388 3334 fuisse,
2413 3283 2533 3323 cum
2564 3268 2927 3338 indignatione
2957 3266 3197 3322 dicentes
3229 3285 3243 3321 :
3275 3267 3510 3338 Triginta
3542 3270 3627 3324 vel

2014 3360 2277 3430 pluribus
2300 3358 2537 3412 aedibus
2557 3397 2572 3421 ,
2603 3360 2897 3413 sceleratus
2925 3358 3049 3423 ille,
3079 3358 3336 3427 patratis,
3368 3374 3470 3413 una
3508 3368 3631 3414 tan-

2036 3462 2147 3507 tum
2176 3453 2295 3507 vice
2324 3461 2550 3505 mortem
2577 3449 2740 3505 subit.
2773 3450 2840 3505 Et
2879 3450 3093 3504 ubinam
3124 3447 3334 3518 justitia
3364 3448 3491 3505 est?
3522 3450 3630 3506 Vos

2031 3563 2161 3617 ergo
2186 3544 2423 3600 fatemini
2452 3552 2678 3599 mortem
2708 3558 2867 3598 unam
2896 3557 3004 3596 non
3025 3541 3157 3598 satis
3177 3556 3392 3612 semper
3414 3557 3536 3598 esse
3560 3543 3631 3600 ad

2033 3637 2348 3707 supplicium
2392 3635 2736 3707 condignum.
2765 3634 2874 3690 Cur
2901 3649 3030 3704 ergo
3064 3649 3202 3689 nunc
3237 3634 3502 3689 contraria
3531 3634 3630 3689 de-

2032 3728 2295 3785 cernitis?
2320 3727 2454 3795 Quia
2483 3742 2592 3782 non
2621 3727 2691 3781 de
2727 3725 2884 3792 aliis,
2925 3723 3021 3780 sed
3045 3723 3114 3779 de
3140 3723 3290 3780 vobis
3317 3723 3449 3795 ipsis
3481 3723 3635 3792 judi-‘

2031 3823 2175 3877 cium
2202 3820 2372 3876 fertis.
2419 3818 2510 3874 Sic
2542 3817 2768 3888 proprio
2804 3829 2991 3871 amore
3014 3814 3337 3884 impedimur
3358 3853 3374 3879 ,
3400 3829 3474 3868 .nc
3502 3814 3629 3884 quid

2029 3913 2232 3982 justum
2258 3910 2330 3965 sit
2352 3909 2651 3965 videamus.
2685 3906 2889 3961 Idcirco
2914 3921 3038 3959 cum
3067 3904 3136 3959 de
3160 3903 3279 3958 aliis
3301 3902 3627 3971 judicamus,

2031 4004 2432 4059 accuratissime
2483 4016 2598 4055 rem
2641 3998 2995 4068 indagamus;
3046 4011 3167 4051 cum
3205 4009 3336 4050 vero
3363 3994 3431 4049 de
3473 3996 3630 4049 nobis

2034 4094 2165 4164 ipsis
2188 4135 2203 4159 ,
2238 4091 2474 4148 tenebris
2501 4089 2822 4145 invulvimur
2849 4105 2863 4143 τ
2894 4088 2984 4158 qui
3014 4089 3059 4141 si
3096 4101 3311 4141 causam
3342 4094 3577 4140 nostram
3604 4126 3625 4152 ,

2034 4199 2090 4240 ut
2112 4187 2341 4241 alienam
2366 4184 2775 4253 exploraremus
2795 4221 2811 4247 ,
2842 4181 3052 4233 sincere
3090 4187 3147 4231 et
3182 4178 3297 4232 sine
3336 4177 3442 4231 ulla
3471 4192 3629 4234 acce-

2032 4278 2215 4347 ptione
2233 4274 2498 4330 calculum
2521 4272 2803 4328 ferremus.
2831 4270 3050 4324 Pcceata
3079 4272 3273 4338 quippe
3296 4277 3484 4322 nostra
3518 4284 3629 4323 non

2029 4370 2237 4424 duabus
2260 4368 2343 4422 vel
2361 4366 2549 4428 tribus,
2572 4363 2668 4419 sed
2689 4363 2836 4417 mille
2856 4360 3118 4417 mortibus
3140 4359 3299 4429 digna
3317 4368 3460 4413 sunt.
3484 4356 3550 4412 Et
3570 4368 3631 4414 ut

2032 4463 2135 4516 alia
2162 4460 2427 4523 omittam,
2457 4455 2806 4512 recordemur
2820 4460 2951 4523 quot
2978 4461 3034 4505 et
3056 4451 3242 4520 quanti
3262 4451 3517 4520 mysteria
3547 4450 3631 4504 in-

2030 4555 2191 4625 digne
2211 4550 2595 4622 partieipamus
2626 4562 2642 4601 :
2673 4546 2750 4601 illi
2781 4561 2911 4601 vero
2938 4544 3027 4614 qui
3054 4543 3134 4598 sic
3162 4543 3519 4613 participant,
3547 4541 3627 4596 rei

2034 4656 2160 4702 sunt
2187 4643 2430 4715 corporis
2448 4652 2513 4698 et
2532 4639 2810 4710 sanguinis
2830 4636 3052 4693 Christi.
3078 4636 3260 4705 Itaque
3286 4649 3406 4688 cum
3433 4633 3501 4688 de
3522 4634 3627 4686 lio-

2032 4736 2223 4793 micida
2240 4733 2478 4806 loqueris
2497 4772 2512 4795 ,
2538 4731 2715 4802 cogita
2739 4729 2969 4798 teipsum
3000 4724 3323 4779 homicidam
3352 4737 3493 4778 esse.
3529 4722 3624 4778 Ille

2034 4843 2264 4895 namque
2309 4828 2578 4882 hominem
2608 4821 2849 4887 occidit,
2904 4828 2962 4874 tu
3008 4832 3136 4872 vero
3181 4816 3369 4871 mortis
3411 4816 3624 4873 Domini

2032 4935 2155 4976 reus
2174 4933 2233 4975 es
2256 4936 2270 4973 :
2296 4917 2389 4972 ille
2414 4932 2519 4970 non
2550 4912 2928 4984 mysteriorum
2952 4908 3217 4980 particeps
3239 4907 3351 4972 fuit,
3376 4921 3475 4962 nos
3495 4922 3625 4963 vrro

2029 5026 2181 5068 sacra
2207 5022 2392 5064 mensa
2425 5005 2670 5061 fruimur.
2699 5001 2836 5070 Quid
2878 5000 2948 5056 de
2974 5000 3039 5054 iis
3072 4998 3245 5055 dicam
3265 5040 3281 5067 ,
3309 5000 3397 5070 qui
3430 4998 3625 5055 fratres

2026 5116 2158 5157 suos
2194 5098 2474 5161 mordent,
2506 5096 2799 5158 devorant,
2847 5091 3178 5161 multumque
3223 5089 3415 5144 veneni
3454 5088 3627 5144 etl‘un-

1997 5234 2003 5244 .
2028 5192 2200 5249 dunt?
2224 5188 2354 5261 quid
2375 5188 2441 5242 de
2459 5187 2551 5242 illo
2577 5187 2667 5255 qui
2690 5184 2870 5238 cibum
2890 5180 3217 5253 pauperibus
3241 5179 3471 5251 abripit?
3490 5179 3623 5235 Nam

2028 5287 2072 5342 si
2100 5286 2186 5351 is,
2217 5284 2309 5355 qui
2349 5282 2745 5352 eleemosynam
2776 5292 2883 5332 non
2922 5285 3132 5347 erogat,
3176 5277 3226 5330 id
3257 5276 3421 5340 facit,
3452 5276 3623 5330 multo

2028 5376 2199 5447 magis
2230 5375 2319 5429 ille
2347 5373 2436 5445 qui
2466 5372 2639 5426 aliena
2664 5368 2876 5438 abripit.
2910 5368 3051 5435 Quot
3074 5366 3302 5420 duribus
3316 5365 3652 5427 deteriores

2027 5475 2155 5523 sunt
2179 5466 2368 5520 avari?
2397 5472 2528 5534 quot
2557 5459 2840 5517 homicidia
2868 5468 2925 5514 et
2942 5458 3318 5529 sepulcrorum
3351 5454 3626 5511 effossori-

2028 5559 2132 5615 bus
2156 5558 2369 5629 pejores
2408 5566 2538 5612 sunt
2586 5553 2878 5625 raptores?
2923 5560 3055 5623 quot
3096 5550 3442 5621 reperiuntur
3478 5549 3624 5618 qui,

2028 5660 2309 5723 postquam
2332 5647 2652 5718 spoliarunt,
2664 5645 2739 5702 ad
2759 5644 3108 5716 spoliatorum
3129 5643 3289 5697 etiam
3310 5641 3624 5715 sanguinem

2024 5743 2284 5801 inhiant?
2309 5741 2490 5809 Absit,
2522 5739 2751 5811 inquies.
2782 5737 2936 5794 Nunc
2962 5735 3116 5801 dicis,
3148 5734 3302 5791 Absit
3327 5751 3345 5803 ;
3371 5746 3494 5790 cum
3521 5730 3624 5786 ini-

2095 5856 2114 5888 ι
2148 5851 2256 5915 alii,
2292 5850 2562 5916 sapientia.
