4118 6434
573 418 675 475 M9

573 537 768 588 inicum
791 528 1051 592 habebis,
1081 536 1191 581 tum
1213 526 1319 589 dic,
1356 525 1541 585 Absit,
1583 537 1647 577 ac
1678 523 1942 576 dictorum
1975 533 2161 574 recor-

571 628 703 680 dare
727 665 741 687 ,
773 632 828 678 et
848 620 1008 675 vitam
1036 627 1178 673 luant
1207 633 1327 672 cum
1369 631 1559 684 magna
1589 615 1806 668 institue
1849 611 2158 679 diligentia,

571 734 638 771 ne
686 714 1040 770 Sodomorum
1088 711 1226 764 tnala
1277 723 1375 763 nos
1415 708 1720 776 excipiant,
1752 721 1821 759 ne
1847 701 2162 758 Gomorrhze

576 807 712 860 mala
741 806 1037 874 patiamur,
1071 818 1138 858 ne
1167 801 1450 872 Tyriorum
1489 808 1543 853 et
1585 797 1923 853 Sidoniorum
1975 807 2161 863 poenas

567 897 756 950 demus
783 914 798 962 ;
850 898 956 950 imo
998 896 1176 965 potius
1222 910 1288 948 ne
1313 893 1584 947 Christum
1609 888 1945 945 oﬁ'endamus
1971 928 1984 948 ,
2017 885 2158 955 quod

569 987 810 1043 omnium
839 997 922 1041 est
963 987 1333 1056 gravissimum
1361 994 1416 1037 et
1445 981 1921 1037 terribilissitnum.
1952 977 2084 1031 Nam
2114 975 2158 1028 si

570 1079 754 1134 multis
775 1079 1016 1149 gehenna
1056 1078 1265 1130 videtur
1293 1075 1547 1128 terribilis
1572 1087 1721 1136 esse,
1767 1086 1873 1123 non
1909 1070 2067 1122 ﬁnem
2100 1069 2176 1119 l'a-

576 1195 2604 1222 _____________________________________

1317 411 1374 465 S.
1407 407 1686 465 JOANNlS
1722 400 2197 464 CHRYSOSTOMI
2251 401 2569 462 ARCI'IIEP.
2611 406 3154 464 CONSTANTINOI‘.

3751 408 3854 464 420

2267 521 2410 576 ciam
2435 522 2699 577 clamandi
2733 522 2833 575 hoc
2869 537 2989 577 esse
3016 523 3260 593 gehenna
3303 524 3518 594 gravius
3554 541 3621 582 ac
3642 528 3860 584 terribi-

2267 613 2390 668 lius.
2423 614 2488 669 Et
2527 629 2622 669 vos
2664 617 2732 669 ita
2765 615 2984 670 allectos
3013 631 3135 671 esse
3159 631 3288 687 rogo
3314 636 3327 670 :
3356 619 3436 674 sic
3461 621 3606 674 enim
3631 631 3688 674 et
3714 639 3742 673 ει
3771 637 3860 690 ge-

2267 709 2440 760 henna
2472 707 2817 761 liberabimur
2835 749 2851 773 ,
2887 719 2941 762 et
2964 708 3162 763 Christi
3190 709 3358 778 gloria
3386 711 3630 766 lruemur
3658 731 3674 766 :
3698 729 3857 783 quam

2265 812 2366 851 nos
2392 812 2582 852 omnes
2609 801 2819 866 assequi
2851 801 3156 870 contingat,
3189 805 3357 872 gratia
3405 814 3459 858 et
3491 806 3859 862 misericordia

2267 888 2476 942 Domini
2515 890 2682 944 nostri
2718 889 2844 944 Jesn
2874 891 3069 946 Christi
3094 933 3109 957 ,
3139 893 3224 947 cui
3255 895 3422 964 gloria
3454 903 3510 950 ct
3537 897 3820 968 imperintn
3840 941 3856 966 ,

2265 981 2317 1034 in
2346 981 2540 1035 smcula
2567 983 2904 1036 siccnlormn.
2929 984 3118 1038 Amen.

2611 1193 3850 1222 ____.__.___________________

1564 1275 1914 1339 HOMILIA
1982 1268 2314 1333 XXXVII.
2362 1267 2448 1329 al.
2499 1269 2857 1333 XXXVIII.

565 1427 696 1482 CAP.
727 1428 816 1482 II.
843 1444 896 1480 v.
926 1427 980 1479 7.
1019 1424 1136 1479 Illis
1167 1434 1334 1478 autem
1364 1423 1688 1484 abeuntibus,
1720 1419 1868 1488 cmpit
1895 1417 2047 1471 Jesus
2076 1414 2160 1467 di-

640 1535 750 1572 cere
789 1519 856 1570 ad
901 1519 1071 1571 turbas
1111 1519 1174 1570 de
1197 1515 1400 1569 Joanne
1421 1534 1439 1568 :
1473 1514 1610 1581 Quid
1640 1513 1810 1567 existis
1830 1512 1882 1564 in
1909 1511 2162 1562 desertum

637 1607 845 1661 uidere?
886 1607 1187 1660 arundinem
1235 1623 1265 1658 a
1303 1615 1448 1658 uento
1486 1603 1774 1672 agitatam?
1819 1601 1870 1654 4.
1907 1598 2012 1653 Sed
2038 1597 2162 1662 quid

638 1701 814 1754 existis
862 1700 1074 1753 videre?
1116 1699 1369 1751 hominem
1419 1695 1656 1750 mollibus
1696 1694 1984 1748 vestitum?
2033 1691 2162 1744 Ecce

637 1793 724 1857 qui
778 1791 1014 1844 mollibus
1065 1791 1362 1853 vestiuntur,
1416 1789 1468 1841 in
1518 1788 1748 1840 domibus
1794 1802 1968 1855 regum
2021 1794 2158 1838 sunt.

640 1883 698 1938 9.
729 1882 836 1937 Sed
857 1882 980 1953 quid
1009 1882 1178 1935 existis
1209 1881 1418 1934 videre?
1446 1878 1794 1949 prophetam?
1820 1875 2014 1942 Etiam,
2048 1876 2161 1930 dico

641 1972 796 2036 vobis,
829 1982 874 2026 et
898 1972 1012 2040 plus
1041 1988 1192 2041 quam
1222 1971 1543 2041 prophetam.

643 2067 692 2119 I.
717 2065 946 2119 Christus
963 2065 1212 2134 quomodo
1233 2065 1424 2133 famam
1443 2061 1662 2116 Joannis
1690 2060 1764 2114 Ba
1771 2061 1935 2130 ptista:
1957 2059 2163 2112 adstru—

569 2158 698 2211 xerit
717 2169 762 2210 et
785 2157 1287 2228 defenderit—Qum
1304 2155 1368 2208 ad
1387 2155 1678 2225 discipulos
1704 2154 1924 2208 Joannis
1953 2162 2164 2222 specta-

572 2252 700 2305 bant
727 2259 871 2304 recte
893 2251 1135 2304 ordinata
1157 2259 1279 2304 sunt
1303 2266 1318 2313 ;
1341 2249 1523 2317 illique
1543 2249 1921 2307 discesserunt,
1941 2260 1971 2298 a
1997 2245 2161 2314 signis

566 2359 686 2412 qua:
711 2343 889 2396 statim
922 2344 1058 2396 facta
1091 2355 1214 2395 sunt
1253 2341 1552 2396 conlirmati
1589 2356 1602 2392 :
1633 2338 1868 2393 restabat
1897 2337 2115 2391 demum
2139 2375 2158 2402 ,

571 2441 628 2488 ut
659 2450 778 2505 quae
806 2434 871 2488 ad
904 2433 1082 2504 populi
1108 2435 1416 2502 Opinionem
1449 2433 1786 2502 pertinebant
1814 2437 2154 2483 curarentur.

573 2527 651 2580 llli
675 2529 869 2596 quippe
895 2527 963 2580 de
991 2527 1248 2596 magistro
1278 2541 1376 2579 suo
1403 2524 1530 2578 nihil
1562 2539 1721 2590 supra
1761 2522 2023 2576 dictorum
2065 2535 2159 2572 su-

568 2617 946 2684 Spit'abaltlul‘;
981 2616 1130 2670 turba
1157 2631 1282 2670 vero
1314 2616 1512 2685 populi,
1542 2628 1607 2669 ex
1641 2613 2054 2682 interrogatione
2081 2609 2162 2664 di-

576 2709 902 2778 scipulorum
948 2708 1205 2773 Joannis,
1237 2708 1465 2763 absurda
1517 2707 1679 2761 multa
1723 2707 1989 2775 suspicata
2042 2713 2158 2768 est,

566 2800 711 2869 quod
765 2799 994 2853 nesciret
1044 2815 1145 2870 qua
1200 2808 1381 2853 mente
1428 2798 1516 2853 ille
1561 2797 1852 2865 discipulos
1884 2796 2158 2850 misisset:

567 2891 966 2961 verisimileqne
995 2899 1077 2945 est
1118 2891 1238 2944 illos
1265 2889 1342 2944 sic
1370 2889 1508 2943 intra
1540 2903 1598 2942 sc
1624 2887 1967 2942 ratiocinatos
1995 2899 2116 2940 esse
2143 2901 2158 2938 :

567 2984 669 3053 Qui
717 2991 796 3037 tot
844 2993 1095 3054 tantaque
1127 2982 1439 3036 testiﬁcatus
1465 2991 1599 3043 erat,
1628 2994 1771 3034 nunc
1799 2987 2031 3033 mutatus
2058 2977 2161 3031 dn-

569 3075 722 3137 hitat,
749 3089 874 3127 num
907 3074 1014 3139 hic,
1047 3089 1172 3126 num
1201 3074 1334 3126 alius
1365 3081 1624 3125 venturus
1650 3071 1750 3123 sit?
1775 3068 1908 3122 Num
1936 3070 2024 3138 qui
2047 3067 2160 3122 haec

567 3166 699 3220 dicit
726 3165 944 3218 dissidia
966 3180 1087 3219 cum
1123 3164 1248 3218 Jesu
1277 3161 1494 3218 movet?
1521 3178 1646 3216 num
1679 3160 1913 3215 timidior
1941 3177 2002 3214 ex
2036 3175 2158 3213 car-

567 3271 692 3309 cere
724 3255 929 3309 factus?
961 3270 1086 3309 num
1116 3267 1316 3309 temere
1342 3255 1523 3324 priora
1553 3253 1801 3306 dixerat?
1830 3252 1964 3320 Quia
1997 3251 2157 3321 igitur

570 3349 864 3404 verisimile
886 3357 998 3402 erat
1029 3349 1170 3418 ipsos
1194 3348 1315 3402 talia
1354 3347 1521 3402 multa
1549 3347 1805 3416 suspicari
1831 3387 1846 3410 ,
1876 3344 1996 3399 vide
2021 3360 2156 3414 quo-

568 3441 729 3496 modo
771 3441 984 3495 illorum
1031 3440 1396 3494 inﬁrmitatem
1426 3438 1680 3508 corrigat,
1713 3445 1767 3490 et
1794 3436 1888 3489 has
1913 3444 2159 3490 auios-eat

565 3531 922 3599 suspiciones.
969 3529 1216 3584 Euntibus
1263 3531 1396 3582 enim
1441 3529 1576 3592 illis,
1611 3528 1756 3597 cmpit
1782 3527 1947 3579 dicere
1976 3525 2154 3579 turbis.

565 3620 674 3674 Cur
706 3620 954 3673 Euntibus
984 3620 1084 3674 illis
1104 3621 1129 3673 .9
1155 3620 1233 3674 Ne
1258 3620 1533 3674 videretur
1566 3618 1770 3673 adulari
1795 3617 1990 3670 virum.
2022 3616 2155 3668 Dum

566 3719 745 3764 autem
779 3711 957 3780 populi
987 3711 1294 3783 opinionem
1324 3709 1594 3774 emendat,
1624 3709 1767 3761 illius
1793 3707 2153 3776 suspicionem

565 3817 674 3856 non
701 3803 919 3857 adducit
950 3803 1001 3857 in
1030 3801 1286 3864 medium,
1310 3799 1402 3855 sed
1430 3799 1748 3854 solutionem
1773 3807 1975 3852 tantum
2003 3797 2158 3852 all'ert

565 3893 990 3958 ratiociniorum,
1016 3909 1136 3962 qua:
1158 3893 1367 3946 illormn
1387 3900 1620 3947 mentem
1645 3889 1947 3955 turbabant,
1977 3897 2159 3944 osten-

566 3987 702 4040 dens
751 4001 809 4040 se
853 3987 1092 4040 omnium
1143 3995 1352 4039 secreta
1402 3998 1750 4052 cognoscere.
1800 3982 1984 4052 Neque
2011 3983 2153 4036 enim

563 4077 692 4130 dicit
710 4077 848 4130 sicut
866 4075 1067 4131 Judasis
1082 4073 1292 4130 dicebat
1319 4091 1333 4127 :
1366 4074 1504 4141 Quid
1525 4075 1752 4142 cogitatis
1778 4073 1913 4126 mala
1938 4071 2152 4141 (Matth.

563 4167 617 4221 9.
649 4165 752 4234 4)?
799 4165 1018 4220 Etiamsi
1055 4166 1198 4219 enim
1243 4165 1567 4234 cogitarent,
1600 4180 1704 4218 non
1733 4179 1797 4218 ex
1827 4164 2155 4234 malignitate

563 4257 898 4326 cogitabant.
933 4257 1027 4311 sed
1058 4256 1200 4324 quod
1230 4271 1292 4311 ea
1324 4271 1443 4324 qua).
1482 4254 1797 4310 dicebautur
1825 4256 2153 4325 ignorarent.

569 4347 694 4401 Ideo
715 4363 819 4401 non
850 4348 1048 4401 acriter
1072 4347 1361 4416 alloquitur
1387 4346 1528 4411 illos,
1558 4345 1652 4400 sed
1681 4346 1892 4400 illorum
1919 4356 2152 4401 mentem

565 4446 771 4493 tantum
813 4439 1069 4508 corrigit,
1119 4438 1493 4508 Joannemque
1536 4436 1810 4502 defendit,
1861 4439 2155 4508 probatque

565 4531 712 4585 illum
742 4546 845 4584 non
883 4545 910 4582 a
937 4532 1116 4598 priore
1140 4529 1404 4583 sententia
1431 4527 1738 4592 deﬂexisse,
1771 4544 1869 4583 nec
1895 4538 2153 4584 mutatum

564 4620 748 4675 fuisse.
783 4619 966 4689 Neque
991 4619 1133 4673 enim
1161 4628 1263 4683 est,
1296 4618 1487 4687 inquit,
1517 4617 1678 4672 homo
1702 4618 1834 4672 levis
1877 4620 1959 4673 vel
2002 4621 2153 4673 volu-

566 4711 710 4771 bilis,
757 4711 850 4765 sed
891 4712 1094 4771 lirmus,
1130 4720 1418 4775 censtans;
1449 4724 1549 4763 nec
1578 4710 1718 4775 talis,
1744 4712 1834 4779 qui
1869 4711 2060 4780 prodat
2091 4726 2154 4764 ea

560 4818 684 4870 qua:
710 4803 811 4856 sibi
840 4801 1149 4856 cont-redita
1182 4809 1326 4855 sunt.
1363 4800 1485 4854 llaec
1512 4808 1688 4856 autem
1721 4802 1791 4854 ita
1832 4803 2152 4868 concinnat,

563 4903 619 4946 ut
669 4909 774 4947 non
821 4895 999 4948 statim
1049 4909 1114 4948 ex
1165 4893 1379 4963 propria
1410 4895 1699 4955 sententia,
1729 4892 1823 4947 sed
1849 4910 1914 4948 ex
1941 4896 2154 4949 illorum

563 4984 870 5038 testimonio
898 4984 1152 5052 procedat
1179 5002 1192 5038 :
1219 4999 1326 5037 non
1355 4999 1420 5037 ex
1450 4982 1609 5037 dictis
1637 4993 1840 5036 tantum
1878 4985 2112 5053 ipsorum
2137 5026 2152 5050 ,

531 5078 534 5082 '
562 5071 660 5128 sed
691 5081 745 5126 et
771 5089 837 5126 ex
871 5074 1126 5142 operibus
1153 5073 1444 5129 omendens
1473 5073 1619 5143 ipsos
1645 5074 1762 5140 ejus
1800 5077 2154 5130 constantiam

564 5166 882 5220 testiiiratos
898 5180 1036 5221 esse.
1068 5167 1358 5237 Propterea
1380 5166 1530 5231 dicit,
1559 5167 1694 5233 Quid
1717 5169 1892 5222 existis
1914 5169 1968 5222 in
1995 5169 2156 5224 deser-

565 5269 671 5310 tum
696 5257 908 5311 uidere?
937 5272 1000 5311 ac
1029 5256 1074 5310 si
1101 5258 1344 5324 diceret,
1374 5258 1486 5313 Cur
1511 5258 1712 5312 relictis
1740 5260 1993 5324 urbibus,
2025 5262 2156 5316 acdi-

563 5349 794 5419 busque,
825 5350 875 5402 in
903 5349 1177 5404 desertum
1203 5350 1530 5404 convenistis
1557 5352 1783 5404 omnes?
1823 5361 1881 5405 ut
1904 5353 2156 5408 miserum

494 5463 498 5469 -
565 5441 851 5508 quemdam
880 5451 934 5496 et
958 5441 1129 5496 levem
1155 5440 1424 5496 hominem
1451 5442 1746 5498 videretis?
1765 5443 1868 5499 Sed
1894 5444 1945 5498 id
1971 5456 2156 5500 contra

566 5538 764 5586 rectam
797 5534 1060 5587 rationem
1103 5541 1269 5588 esset.
1316 5533 1498 5602 Neque
1527 5533 1670 5587 enim
1710 5535 1781 5588 ita
1819 5537 2058 5606 arguitur
2092 5553 2156 5591 ex

530 5631 532 5646 ‘
565 5625 656 5679 ilio
681 5632 828 5682 tanto
882 5624 1060 5678 studio
1083 5664 1098 5689 ,
1142 5637 1248 5693 quo
1294 5622 1346 5676 in
1373 5623 1648 5679 desertum
1671 5628 1978 5680 accurristis
2016 5645 2028 5678 :
2061 5643 2160 5683 nec

568 5726 748 5771 tantus
771 5714 1001 5786 populus
1022 5756 1037 5778 ,
1069 5723 1146 5768 tot
1173 5714 1417 5769 civitates
1453 5730 1575 5769 cum
1608 5723 1761 5771 tanto
1785 5718 1965 5772 studio
1987 5715 2036 5772 in
2063 5718 2156 5772 de-

567 5816 769 5859 sertum
795 5814 850 5860 et
881 5806 948 5859 ad
976 5804 1265 5860 Iordanem
1296 5804 1502 5862 diﬁ'usa:
1525 5813 1743 5874 essent,
1783 5808 1883 5865 nisi
1912 5823 2163 5880 magnum

2273 1412 2588 1480 quemdam,
2635 1416 3006 1474 admirandum
3044 1432 3098 1477 et
3142 1427 3632 1481 constantiSsimnm
3683 1430 3855 1483 virum

2268 1520 2366 1558 vos
2395 1505 2604 1562 visuros
2633 1511 2970 1577 spcrassrtis.
3002 1513 3184 1585 Neque
3213 1518 3354 1571 enim
3388 1519 3650 1572 calamum
3671 1522 3859 1575 existis

2271 1597 2442 1650 visum
2470 1639 2484 1662 ,
2518 1616 2546 1651 a
2575 1611 2734 1656 vento
2769 1605 3056 1670 agitatum;
3096 1622 3217 1661 nam
3268 1609 3413 1662 leves
3441 1608 3686 1666 homines
3708 1653 3722 1676 ,
3769 1616 3858 1680 qui

2271 1687 2374 1742 huc
2400 1691 2524 1743 illuc
2565 1692 3054 1761 circumferuntur,
3087 1707 3141 1752 et
3169 1699 3331 1752 tnodo
3374 1699 3523 1760 hzcc.
3567 1702 3727 1755 modo
3771 1703 3856 1756 illa

2269 1778 2475 1846 dicunt,
2529 1783 2579 1835 in
2629 1783 2879 1853 miliaque
2929 1802 2983 1839 re
3026 1789 3349 1856 ennsisttmt,
3379 1792 3586 1846 calamo
3616 1802 3742 1846 sunt
3780 1795 3857 1848 si-

2268 1871 2442 1925 miles.
2474 1872 2552 1926 Ac
2580 1874 2848 1943 perpende
2880 1879 3149 1946 quomodo
3178 1881 3324 1935 omni
3368 1881 3586 1937 dimissa
3633 1885 3857 1946 malitia,

2265 1961 2337 2017 de
2368 1961 2468 2017 hac
2494 1963 2604 2016 sola
2634 1979 2778 2020 nunc
2797 1975 2937 2036 agat,
2956 1985 3077 2038 quae
3128 1971 3276 2042 ipsos
3307 1971 3570 2039 subierat,
3625 1974 3858 2029 levitatis

2268 2053 2574 2122 suspicione
2593 2095 2608 2117 ,
2639 2072 2798 2126 quam
2829 2073 3078 2114 amovere
3106 2072 3347 2116 conatur.
3386 2064 3491 2117 Sed
3530 2065 3652 2132 quid
3687 2067 3858 2118 existis

2267 2145 2474 2199 videre?
2504 2147 2754 2202 hominem
2780 2151 3013 2204 mollibus
3043 2155 3270 2208 vestitum
3290 2157 3317 2209 Ρ
3347 2155 3476 2210 Ecce
3512 2160 3597 2226 qui
3625 2160 3859 2212 mollibus

2269 2239 2545 2292 vestiuntur
2569 2281 2581 2304 ,
2631 2241 2680 2294 in
2707 2243 2937 2296 domibus
2982 2261 3154 2314 regum
3179 2256 3315 2299 sunt.
3345 2248 3497 2313 Quod
3528 2265 3656 2303 vero
3687 2251 3854 2315 dicit,

2267 2338 2352 2383 cst
2380 2329 2684 2396 ltujnsmodi
2718 2350 2731 2385 :
2762 2335 2801 2386 A
2828 2334 3006 2402 seipso
3028 2337 3114 2389 ille
3144 2353 3248 2390 non
3283 2340 3533 2394 volubilis
3553 2353 3633 2394 est
3660 2360 3672 2394 :
3698 2342 3856 2412 idque

2267 2434 2364 2472 vos
2404 2419 2720 2476 declarastis
2763 2439 2827 2478 ex
2875 2436 3053 2479 vestro
3081 2442 3205 2497 erga
3254 2429 3402 2484 illum
3445 2433 3642 2485 studio.
3673 2432 3857 2504 Neque

2267 2510 2395 2563 illud
2417 2511 2520 2565 dici
2543 2514 2729 2580 possit,
2756 2515 2900 2569 illum
2919 2517 3043 2570 olim
3068 2531 3400 2575 constantem
3422 2526 3648 2591 primum
3673 2524 3854 2589 fuisse,

2267 2599 2363 2655 sed
2410 2603 2728 2658 cx-dcliciis
2777 2615 2963 2674 postea
3012 2609 3226 2663 mollem
3272 2610 3518 2665 elTectum
3551 2628 3688 2672 esse.
3722 2614 3855 2669 Nam

2265 2693 2408 2762 apud
2439 2693 2684 2750 homines
2708 2697 2922 2765 quidam
2955 2699 3031 2752 sic
3056 2711 3367 2766 nascuntur,
3397 2704 3485 2757 alii
3519 2706 3648 2760 tales
3670 2718 3854 2774 postea

2268 2783 2402 2838 ﬁunt
2427 2802 2440 2840 :
2473 2786 2705 2855 exempli
2735 2802 2916 2854 causa,
2939 2790 3074 2843 alius
3103 2800 3291 2846 natura
3320 2808 3412 2847 sua
3445 2797 3730 2851 iracundus
3751 2809 3853 2862 est,

2265 2875 2403 2930 alius
2448 2892 2511 2930 ex
2567 2878 2721 2948 longa
2767 2881 3082 2950 :rgritudiue
3129 2884 3181 2937 in
3228 2885 3367 2940 hunc
3414 2889 3576 2942 animi
3607 2891 3855 2945 morbum

2267 2967 2473 3026 incidit.
2498 2971 2584 3024 Sic
2611 2972 2699 3026 alii
2729 2973 3096 3032 inconstantes
3122 2989 3176 3032 et
3201 2978 3343 3034 leves
3375 2993 3561 3036 natura
3587 2999 3682 3038 sua
3707 2996 3853 3049 sunt,

2264 3059 2352 3112 alii
2392 3061 2534 3128 quod
2574 3062 2780 3118 deliciis
2817 3074 2872 3119 et
2911 3067 3166 3136 voluptati
3196 3069 3538 3136 indulserint,
3571 3075 3706 3128 tales
3732 3086 3856 3130 sunt

2262 3152 2456 3207 ell'ecti.
2484 3156 2553 3208 At
2576 3154 2832 3220 Joannes,
2864 3158 3052 3228 inquit,
3085 3176 3193 3215 non
3227 3176 3415 3217 natura
3444 3167 3563 3219 talis
3601 3177 3684 3221 est
3714 3187 3727 3221 :
3761 3184 3856 3225 ne-

2265 3257 2372 3312 que
2414 3245 2556 3297 enitn
2599 3247 2862 3301 calamum
2912 3250 3097 3304 existis
3129 3252 3331 3318 videre,
3371 3272 3545 3324 neque
3594 3259 3854 3328 voluptati

2262 3333 2475 3388 deditus
2505 3352 2624 3388 eam
2653 3352 2811 3404 quam
2844 3338 3446 3399 habebatanimidotem
3469 3349 3670 3404 amisit.
3699 3351 3852 3415 Quod

2261 3425 2405 3478 enim
2432 3426 2687 3494 voluptati
2720 3443 2826 3482 non
2855 3431 3074 3493 serviat,
3109 3431 3160 3486 id
3188 3446 3416 3503 arguunt
3442 3437 3666 3492 vestitus
3691 3439 3809 3509 ejus
3835 3481 3851 3505 ,

2261 3515 2533 3571 desertum
2558 3559 2573 3583 ,
2601 3535 2810 3578 carcer.
2837 3521 2969 3577 Nam
2997 3523 3042 3577 si
3071 3526 3320 3582 mollibus
3348 3530 3530 3584 vestiri
3554 3532 3810 3588 voluisset
3835 3576 3851 3599 ,

2263 3623 2367 3662 non
2396 3609 2662 3663 desertum
2695 3612 2988 3679 coluisset,
3019 3631 3124 3669 non
3161 3631 3429 3673 carcerem
3457 3662 3471 3686 ,
3503 3623 3597 3676 sed
3627 3625 3850 3693 regiam.

2261 3697 2476 3752 Licebat
2507 3701 2648 3754 enim
2677 3701 2792 3768 illi,
2823 3704 2867 3757 si
2900 3705 3191 3769 tacuisset,
3224 3707 3420 3778 ingenti
3471 3711 3568 3765 frui
3622 3713 3851 3773 hei-tore.

2262 3787 2472 3842 Etenim
2521 3805 2682 3860 quem
2730 3791 2970 3849 Herodes
3000 3796 3085 3850 vel
3115 3801 3520 3868 redarguentem
3563 3819 3622 3857 se
3651 3815 3706 3858 et
3732 3807 3852 3860 vin-

2261 3889 2407 3934 ctum
2427 3882 2501 3934 ita
2533 3887 3061 3950 reverebatur,certe
3086 3888 3131 3942 si
3159 3890 3416 3945 tacuisset
3447 3903 3564 3946 erat
3583 3893 3840 3949 adulatu«

2261 3985 2377 4026 rus.
2409 3973 2544 4027 Cum
2586 3992 2718 4046 ergo
2751 3980 2919 4048 gestis
2949 3980 3065 4034 suis
3089 3979 3363 4037 ﬁrmitatis
3407 3987 3838 4055 constantiaeque

2259 4080 2370 4118 suae
2399 4065 2822 4133 experimentum
2859 4068 3098 4136 dederit,
3129 4072 3396 4140 quomodo
3425 4075 3478 4128 in
3513 4077 3642 4130 tales
3669 4079 3851 4148 suspi-

2259 4158 2442 4212 ciones
2461 4159 2584 4228 jure
2613 4160 2810 4214 cadat?

2330 4247 2384 4300 2.
2408 4247 2635 4302 Joannes
2658 4248 2888 4320 Baptista
2909 4251 3023 4322 plus
3042 4269 3193 4323 quam
3216 4255 3459 4325 prepheta
3482 4274 3512 4309 a
3527 4255 3729 4314 Christo
3750 4277 3851 4331 ap-

2261 4339 2498 4408 pellatus,
2515 4342 2568 4394 in
2588 4359 2688 4412 quo
2709 4345 2899 4398 caneris
2921 4356 3120 4414 praestet
3146 4351 3420 4416 prophetis.
3438 4349 3668 4406 Christus
3694 4370 3854 4423 neque

2258 4449 2374 4486 cum
2404 4432 2608 4488 Joanne
2648 4451 2807 4504 neque
2853 4453 2969 4490 cum
2992 4438 3094 4491 alio
3129 4439 3330 4494 homine
3357 4446 3645 4511 comparari
3665 4457 3850 4516 potest.

2239 4553 2332 4574 .—
2357 4524 2642 4593 Postquam
2665 4543 2792 4596 ergo
2813 4537 2868 4582 et
2891 4543 2921 4581 a
2954 4528 3072 4582 loco
3091 4571 3105 4593 ,
3137 4543 3188 4586 et
3218 4548 3246 4584 a
3278 4535 3516 4590 vestibus
3538 4578 3553 4602 ,
3580 4547 3632 4590 et
3659 4553 3686 4589 a
3714 4554 3851 4592 con-

2261 4631 2428 4672 cursu
2469 4620 2654 4688 populi
2701 4637 2880 4675 mores
2919 4623 3037 4689 ejus
3069 4624 3381 4694 descripsit,
3423 4627 3636 4680 induxit
3669 4637 3857 4696 postea

2263 4709 2604 4779 prophetam.
2632 4713 2770 4766 Cum
2800 4713 3032 4769 dixisset
3053 4715 3222 4781 enim,
3249 4717 3392 4782 Quid
3421 4720 3606 4773 existis
3640 4718 3858 4772 videre?

2264 4796 2573 4866 Prop/ictam
2588 4798 2793 4852 ?Etiam
2815 4800 2929 4853 dico
2952 4802 3109 4867 vobis,
3133 4811 3179 4855 et
3204 4804 3318 4872 plus
3343 4821 3492 4872 quant
3516 4809 3811 4874 prophetam
3830 4824 3854 4864 :

2259 4890 2408 4944 addit
2438 4908 2450 4943 :
2485 4892 2572 4946 10.
2619 4890 2719 4945 llic
2748 4901 2818 4946 est
2846 4895 2976 4946 enim
3001 4934 3016 4957 ,
3060 4895 3123 4947 de
3159 4911 3258 4966 quo
3301 4898 3549 4967 scriptum
3571 4910 3644 4953 est
3673 4916 3690 4953 :
3723 4901 3855 4956 Ecce

2261 4984 2402 5036 mitto
2430 4985 2666 5054 angelum
2689 5000 2854 5038 meum
2879 4996 2995 5039 ante
3023 4987 3205 5056 faciem
3231 4997 3367 5041 tuam
3390 5029 3405 5053 ,
3433 4991 3518 5060 qui
3547 4994 3853 5061 prteparabit

2261 5073 2394 5126 uiam
2415 5084 2551 5126 tuam
2567 5084 2687 5127 ante
2709 5083 2757 5126 te
2777 5073 2858 5139 (Μ
2863 5075 3032 5128 alach.
3054 5077 3106 5130 5.
3128 5077 3202 5147 l).
3227 5075 3356 5131 Cum
3377 5081 3524 5146 prius
3542 5080 3851 5136 Judamrum

2265 5165 2629 5219 testimonium
2651 5165 2985 5233 adduxisset,
3015 5176 3139 5224 tunc
3163 5169 3472 5238 prophetam
3495 5173 3666 5228 al'l'ert.
3688 5175 3854 5243 Quin~

2263 5256 2369 5311 imo
2394 5255 2674 5311 Judaicum
2705 5257 2968 5312 calculum
2998 5260 3168 5326 primo
3198 5261 3362 5328 ponit,
3391 5265 3530 5330 quod
3562 5267 3854 5322 maximum

2262 5360 2347 5404 est
2386 5361 2793 5420 argumentum,
2841 5351 3055 5420 quando
3093 5353 3433 5409 inimicorum
3489 5359 3855 5412 testimonium

2264 5442 2523 5498 aﬁ'ertur:
2570 5444 2805 5499 secundo
2829 5486 2842 5505 ,
2883 5445 3106 5500 Joannis
3140 5448 3334 5514 vitam;
3366 5451 3556 5514 tertio,
3596 5453 3859 5521 judicium

2265 5552 2451 5600 suum;
2501 5547 2716 5606 quat-to,
2789 5537 3146 5606 prephctam,
3196 5541 3430 5611 undique
3488 5545 3696 5599 illorum
3763 5562 3860 5600 ora

2265 5627 2540 5681 claudens.
2572 5627 2775 5682 Deinde
2799 5643 2864 5683 ne
2884 5630 3124 5684 dicerent
3155 5647 3169 5684 :
3199 5631 3334 5700 Quid
3358 5649 3487 5705 ergo
3516 5637 3560 5689 si
3592 5637 3711 5691 talis
3737 5653 3860 5691 cum

2265 5729 2412 5774 esset
2445 5719 2556 5788 jam
2586 5728 2824 5773 nmtatus
2859 5719 2960 5774 sit?
2989 5729 3181 5776 caetera
3232 5721 3430 5792 adjecit
3451 5767 3470 5793 ,
3499 5727 3818 5782 vestimenta
3847 5771 3865 5791 .

2269 5825 2563 5882 carcerem,
2584 5820 2639 5866 et
2664 5821 2844 5884 postea
2873 5810 3228 5881 prophetiam.
3246 5815 3438 5870 Postea
3469 5830 3597 5872 vero
3622 5833 3746 5874 cum
3778 5817 3862 5873 di-
