4118 6448
489 417 584 473 ιρι

486 533 649 585 xissct
676 531 818 585 ithxm
848 528 1101 599 propheta
1132 528 1384 598 majorem
1413 544 1564 597 esse,
1594 528 1828 584 ostendit
1865 529 1915 582 in
1963 543 2069 598 quo

484 622 554 676 sit
600 621 789 691 major.
845 621 899 674 ln
952 634 1058 690 quo
1096 635 1223 689 ergo
1266 620 1437 689 major
1464 630 1543 675 est
1570 620 1593 673 ?
1619 618 1771 686 Quod
1803 618 1874 673 sit
1905 633 2071 688 prope

482 729 604 767 cum
647 713 735 782 qui
781 711 1013 767 advenit.
1069 710 1201 765 Nam
1247 711 1319 765 ait
1354 727 1367 763 :
1403 712 1599 767 Mittam
1638 712 1875 780 angelum
1907 726 2072 763 meum

482 816 599 859 ante
642 805 822 874 facient
868 814 1046 868 tuam;
1076 803 1124 857 id
1157 812 1237 857 est
1261 844 1276 869 ,
1310 816 1475 872 prope
1510 811 1581 857 te.
1611 802 2070 871 Quemadmodum

481 901 624 956 enim
667 899 805 968 apud
846 912 1031 967 reges,
1065 897 1152 966 qui
1186 910 1351 967 prope
1380 908 1594 951 currum
1637 896 1919 962 incedunt,
1952 896 2070 951 aliis

480 995 738 1064 dignitate
778 998 1010 1067 majores
1040 1005 1165 1053 sunt
1194 1013 1207 1049 :
1239 998 1317 1052 sic
1344 994 1580 1052 Joannes
1606 1010 1773 1065 prope
1799 992 2068 1048 Christum

479 1085 848 1142 advenientem
892 1088 1141 1144 incedere
1185 1087 1447 1144 cernitur.
1471 1086 1608 1142 Vide
1637 1084 1904 1157 quomodo
1948 1083 2072 1139 hinc

482 1176 597 1245 ejus
627 1178 1001 1233 excellentiam
1027 1177 1294 1243 declarat;
1324 1192 1496 1247 neque
1524 1174 1613 1231 hic
1641 1175 1862 1246 gradum
1891 1174 2030 1229 sistit
2049 1213 2066 1236 ,

480 1266 576 1323 sed
605 1284 755 1323 suam
785 1280 971 1340 postea
999 1269 1152 1324 offert
1183 1269 1501 1324 sententiam
1539 1267 1723 1323 dicens
1751 1284 1763 1321 :
1795 1267 1881 1321 ll.
1910 1264 2070 1319 Amen

412 1412 415 1416 .
482 1361 594 1415 dico
638 1361 775 1416 vobis
800 1404 814 1428 ,
868 1379 969 1417 non
1007 1364 1224 1417 surrexit
1263 1363 1394 1417 inter
1436 1370 1581 1415 natos
1608 1360 1876 1414 mulierum
1906 1360 2072 1429 major

480 1454 683 1510 Joanne
709 1455 962 1527 Baptista.
991 1455 1049 1511 ld
1070 1466 1171 1521 est,
1200 1471 1305 1510 non
1334 1455 1541 1527 peperit
1568 1453 1757 1509 mulier
1785 1453 1875 1507 illo
1905 1450 2071 1520 majo-

482 1561 617 1601 rem.
651 1546 859 1603 Sufﬁcit
882 1546 999 1603 hac
1037 1548 1328 1613 sententia;
1364 1545 1461 1600 sed
1494 1544 1539 1600 si
1561 1545 1640 1599 vis
1669 1558 1734 1598 ex
1761 1542 1920 1598 rebus
1941 1540 2070 1611 ipsis

481 1639 723 1696 ediscere
744 1682 759 1706 ,
803 1640 1082 1696 considera
1114 1640 1253 1695 illius
1281 1654 1518 1694 mensam
1541 1679 1555 1703 ,
1597 1637 1794 1692 victum
1819 1676 1835 1703 ,
1876 1634 2070 1690 mentis

482 1730 884 1786 sublimitatem.
918 1731 1048 1786 Nam
1078 1731 1157 1786 sic
1181 1729 1414 1795 vivebat,
1444 1744 1505 1784 ac
1532 1730 1575 1784 si
1608 1729 1661 1782 in
1691 1728 1821 1782 caelo
1848 1725 2066 1791 fuisset,

483 1833 641 1892 atque
670 1824 999 1878 naturalibus
1026 1821 1271 1892 superior
1297 1819 1702 1876 necessitatibus
1723 1860 1737 1885 ,
1768 1815 2067 1871 mirabilem

481 1915 764 1985 quamdam
816 1916 1070 1987 carpebat
1110 1916 1248 1970 viam
1275 1956 1289 1983 ,
1336 1915 1389 1968 in
1420 1912 1631 1984 hymnis
1660 1920 1714 1966 et.
1740 1908 2071 1965 orationibus

482 2014 650 2063 totum
688 2016 896 2080 tempus
942 2007 1237 2077 transigens
1265 2047 1281 2074 ,
1312 2020 1434 2061 cum
1472 2004 1775 2059 mortalium
1818 2003 2066 2068 nemine,

480 2099 576 2155 sed
601 2114 720 2157 cum
751 2100 868 2155 solo
890 2101 1000 2155 Deo
1020 2097 1281 2169 colloquia
1301 2095 1553 2151 miscens.
1576 2093 1851 2149 Neminem
1874 2092 2070 2162 quippe

480 2207 859 2250 conservorum
878 2198 1116 2256 noverat,
1135 2203 1239 2245 non
1253 2202 1311 2244 se
1326 2185 1757 2258 conSpiciendum
1776 2183 2066 2257 praebebat,

483 2299 588 2338 non
615 2283 752 2339 lacte
780 2282 1056 2348 alebatur,
1092 2295 1197 2335 non
1226 2280 1400 2347 lecto,
1431 2293 1538 2333 non
1571 2285 1746 2344 tecto,
1779 2290 1885 2330 non
1923 2274 2066 2338 foro,

481 2389 587 2432 non
632 2374 736 2429 alia
782 2373 1029 2445 quapiam
1079 2371 1309 2425 humana
1352 2384 1410 2425 re
1447 2368 1752 2432 fruebatur;
1793 2373 1849 2421 et
1891 2372 2067 2419 tamen

480 2479 792 2523 mansuetus
830 2474 946 2522 erat
989 2463 1146 2520 simul
1185 2472 1345 2534 atque
1383 2460 1692 2517 vehemens.
1732 2456 1873 2512 Audi
1911 2456 2070 2527 igitur

479 2577 600 2615 cum
641 2568 839 2631 quanta
872 2558 1237 2613 moderatione
1279 2553 1567 2624 discipulos
1595 2552 1917 2621 alloquatur,
1944 2563 2066 2602 cum

478 2662 673 2724 quanta
698 2653 747 2707 vi
778 2650 1010 2715 ludat-os,
1042 2664 1161 2705 cum
1189 2653 1385 2719 quanta
1415 2644 1659 2700 libertate
1687 2656 1888 2711 regem.
1914 2638 2067 2694 Ideo-

477 2760 582 2815 que
607 2744 815 2799 dicebat
846 2742 1090 2797 Christus
1108 2782 1123 2805 ,
1157 2739 1276 2793 Non
1302 2737 1520 2793 surrexit
1559 2736 1687 2789 inter
1712 2740 1854 2787 natos
1882 2731 2061 2785 mulie-

478 2853 590 2890 rum
634 2836 799 2906 major
820 2832 1022 2889 Joanne
1040 2831 1292 2903 Baptista.
1324 2828 1428 2885 Sed
1456 2842 1524 2883 ne
1552 2825 1768 2882 laudum
1802 2823 2063 2894 magnitu-

478 2931 549 2986 do
577 2928 772 3001 aliquid
806 2927 1004 2984 erroris
1036 2932 1279 2997 pareret,
1310 2937 1445 2978 neve
1474 2919 1643 2976 Judaei
1682 2918 1829 2974 illum
1856 2915 2069 2972 Christo

479 3022 827 3094 pra-ferrent,
877 3019 997 3075 vide
1038 3016 1305 3089 quomodo
1351 3015 1453 3070 hoc
1499 3010 1889 3069 accommodet.
1934 3009 2066 3065 Nam

479 3116 618 3173 sicut
645 3130 708 3169 ex
751 3113 942 3184 quibus
968 3109 1214 3180 discipuli
1244 3106 1626 3171 ﬁrmabantur,
1678 3103 1849 3159 turba:
1897 3101 2067 3157 detri-

481 3215 718 3261 mentum
747 3201 1114 3272 accipiebant,
1144 3199 1314 3253 levem
1342 3197 1493 3251 illum
1531 3209 1651 3251 esse
1683 3200 1928 3264 putantes
1955 3209 1966 3244 :
1990 3191 2069 3246 sic

479 3312 544 3352 ex
571 3297 761 3367 quibus
790 3292 958 3348 turbae
980 3288 1418 3355 cmendabantur,
1441 3286 1614 3354 majus
1634 3283 1887 3338 damnum
1917 3295 2071 3335 acce-

479 3387 659 3452 debat,
691 3401 812 3442 cum
832 3399 897 3440 ex
924 3383 1080 3438 dictis
1108 3379 1365 3449 majorem
1387 3377 1452 3433 de
1479 3377 1569 3432 illo
1591 3390 1749 3447 quam
1771 3374 1837 3429 de
1854 3371 2070 3428 Christo

481 3481 761 3537 sumebant
802 3477 1128 3548 opinionem.
1161 3472 1291 3527 Illud
1323 3486 1450 3541 ergo
1478 3512 1493 3538 ,
1534 3470 1730 3524 nullam
1761 3466 2070 3534 relinquens

481 3573 858 3644 suspicionem,
913 3565 1131 3636 corrigit
1172 3565 1254 3618 his
1308 3563 1483 3619 verbis
1526 3577 1542 3618 :
1589 3559 1689 3628 Qui
1713 3568 1881 3613 autem
1905 3556 2069 3609 minor

482 3675 554 3721 est
579 3666 631 3720 in
655 3678 813 3735 regno
837 3662 1096 3725 caelorum,
1122 3659 1288 3728 major
1307 3664 1378 3711 est
1406 3655 1516 3709 illo.
1553 3651 1744 3717 Minor,
1776 3648 2067 3706 secundum

482 3766 732 3824 aztatem,
778 3763 834 3811 et
874 3752 1167 3811 secundum
1211 3750 1499 3805 multorum
1547 3744 1853 3817 opinionem
1890 3759 1905 3797 :
1948 3756 2070 3797 nam

483 3852 727 3908 dicebant
784 3849 958 3920 ipsum
1014 3844 1233 3900 edacem
1301 3855 1421 3897 esse
1469 3848 1525 3896 et
1596 3836 1706 3893 vini
1773 3844 2070 3906 potatorem

488 3941 702 4013 (Matth.
723 3940 808 3996 ll.
828 3938 938 4008 l9):
955 3947 1029 4003 et,
1050 3934 1237 3989 Nonne
1256 3934 1336 3987 hic
1360 3931 1493 4004 fabri
1513 3929 1650 4001 [ilius
1665 3937 1734 3983 est
1752 3925 1962 3998 (Matth.
1984 3925 2070 3979 15.

484 4032 611 4100 55)?
640 4039 801 4102 atque
842 4027 1037 4098 ubique
1067 4026 1241 4095 ipsum
1274 4020 1657 4091 despiciebant.
1693 4016 1830 4086 Quid
1875 4015 2034 4086 igitur
2055 4054 2071 4081 ,

486 4123 726 4194 inquies,
757 4125 1096 4190 comparatus
1137 4129 1257 4171 cum
1285 4112 1491 4170 Joanne
1522 4111 1692 4181 major
1716 4105 1870 4164 erat?
1896 4105 2070 4161 Absit.

488 4217 672 4287 Neque
719 4213 861 4268 enim
909 4210 1144 4267 Joannes
1186 4204 1399 4277 quando
1441 4202 1609 4266 dicit,
1660 4198 1869 4254 Fortior
1896 4212 1976 4251 me
2003 4204 2075 4251 est

491 4306 705 4380 (Matth.
736 4306 789 4361 5.
835 4302 928 4374 ll)
948 4344 962 4369 ,
990 4301 1042 4357 id
1068 4295 1426 4369 comparando
1451 4294 1618 4359 dicit;
1648 4305 1821 4362 neque
1849 4288 2072 4356 Paulus,

488 4413 609 4455 cum
635 4400 874 4469 Moysem
922 4394 1001 4450 sic
1030 4398 1329 4455 memorat,
1361 4385 1612 4457 Ampliori
1646 4384 1777 4438 enim
1811 4382 1976 4455 gloria
1996 4381 2077 4435 hic

487 4507 641 4565 quam
662 4488 861 4560 Moyses
883 4486 1119 4557 dignatus
1136 4490 1206 4538 est
1232 4478 1415 4553 (Hebr.
1440 4479 1492 4534 5.
1524 4477 1600 4547 'o'),
1631 4475 1746 4531 [nec
1771 4481 2077 4544 comparate

490 4584 635 4639 dicit.
674 4581 739 4637 Et
762 4581 874 4651 ipse
902 4593 1023 4633 cum
1052 4576 1153 4643 ait,
1185 4573 1316 4629 Ecce
1353 4570 1468 4644 plus
1515 4586 1667 4640 quam
1706 4566 1957 4625 Salomon
1996 4566 2078 4619 hic

491 4676 704 4749 (Matth.
740 4673 827 4729 12.
858 4670 947 4743 24)
965 4709 979 4734 ,
1003 4671 1119 4725 haec
1147 4682 1252 4724 non
1280 4663 1643 4735 comparando
1668 4661 1815 4720 dicit.
1849 4659 2003 4728 Quod
2032 4659 2078 4715 si

490 4769 851 4827 concedamus
901 4765 1050 4819 illum
1091 4762 1207 4817 haec
1231 4775 1330 4830 per
1357 4757 1811 4828 comparationem
1840 4754 2075 4817 dixisse,

492 4875 580 4916 res
631 4861 702 4914 ita
757 4856 822 4912 ad
870 4854 1197 4910 audientium
1246 4849 1610 4907 inﬁrmitatem
1675 4843 2074 4902 accommodata

491 4951 676 5006 fuerit.
732 4948 788 5003 ln
836 4959 1026 5017 magna
1080 4944 1223 4999 enim
1289 4939 1682 4997 existimatione
1744 4937 2076 5001 habebatur,

493 5043 750 5113 illumque
786 5053 971 5095 carcer
999 5037 1342 5109 insigniorem
1389 5030 1738 5097 reddiderat,
1776 5043 1984 5086 necnon
2010 5027 2078 5082 lio

491 5135 677 5192 bertas
720 5135 772 5190 in
821 5131 1094 5203 arguendo
1123 5145 1249 5200 rege
1274 5169 1289 5197 ,
1317 5137 1476 5199 atque
1506 5126 1558 5182 id
1582 5125 1814 5181 libenter
1839 5137 1868 5177 a
1898 5121 2082 5176 multis

491 5231 573 5287 sic
622 5228 1001 5301 accipiebatur.
1050 5225 1264 5282 Etenim
1315 5222 1481 5279 Vetus
1529 5233 1742 5291 quoque
1803 5216 2081 5285 Scriptura

496 5326 633 5383 solet
674 5320 963 5378 errantium
1012 5319 1221 5373 animos
1267 5312 1562 5371 emendare
1587 5353 1602 5379 ,
1630 5306 1991 5380 comparando
2016 5320 2080 5362 ea

490 5433 616 5490 qua:
645 5411 946 5484 comparari
969 5424 1073 5466 non
1099 5415 1355 5480 possunt;
1376 5415 1434 5461 ut
1459 5402 1671 5475 quando
1697 5401 1892 5458 dicitur
1917 5417 1930 5454 :
1961 5396 2083 5453 Non

494 5521 573 5568 est
596 5507 777 5563 similis
821 5504 893 5559 tui
932 5503 985 5557 in
1025 5502 1145 5567 diis,
1188 5498 1408 5554 Domine
1433 5495 1603 5571 (Psal.
1632 5495 1723 5552 85.
1752 5494 1844 5564 8),
1875 5501 1931 5549 et
1956 5508 2081 5549 rur-

496 5617 612 5657 sum
633 5640 650 5666 ,
699 5596 823 5654 Non
863 5604 936 5651 est
974 5594 1096 5649 deus
1120 5593 1249 5649 sicut
1286 5590 1422 5646 Deus
1446 5598 1615 5644 noster
1641 5585 1814 5660 (Psal.
1844 5584 1933 5641 76.
1965 5583 2078 5656 M).

501 5691 695 5746 Volunt
738 5697 918 5744 autem
956 5684 1171 5757 quidam
1202 5682 1255 5737 id
1294 5681 1361 5738 de
1402 5678 1659 5750 apostolis
1684 5676 1887 5733 dixisse
1922 5674 2082 5732 Chri—

496 5792 641 5843 stum
704 5777 794 5833 alii
831 5776 899 5833 de
935 5771 1175 5854 angelis;
1216 5767 1312 5824 sed
1379 5770 1538 5828 male.
1585 5767 1720 5825 Nam
1766 5781 1887 5823 cum
1914 5765 2082 5823 semel

498 5874 711 5948 quidam
741 5889 774 5933 ι
793 5873 1016 5931 veritate
1044 5867 1362 5937 aberrarint,
1386 5862 1561 5923 solent
1585 5863 1640 5921 in
1669 5859 1864 5919 multos
1886 5859 2078 5918 deduci

1374 412 1441 467 IN
1476 408 1884 469 MATTH/EUM
1927 394 2157 464 itoutL.
2191 407 2451 466 xxxvu.
2496 412 2562 466 al.
2606 410 2891 469 xxxvttt.

3657 416 3767 473 ως

2181 536 2412 581 errores.
2445 526 2558 594 Qua
2588 528 2730 582 enim
2758 530 3136 600 consequentia
3170 530 3220 586 id
3249 529 3329 586 vel
3360 534 3427 588 de
3464 533 3720 602 apostolis
3740 575 3760 602 ,

2175 616 2256 671 vel
2287 618 2355 673 de
2377 621 2581 690 angelis
2609 620 2875 677 dixisset?
2898 622 3147 694 Alioquin
3169 639 3317 691 vero,
3345 625 3391 680 si
3413 625 3482 681 de
3503 628 3761 697 apostolis

2175 707 2429 777 dixisset,
2476 712 2603 782 quid
2647 713 2861 770 vetabat
2908 717 3193 785 quominus
3237 719 3579 774 nominaret?
3630 720 3761 775 Cum

2174 810 2351 854 autem
2396 800 2463 856 de
2510 804 2687 873 seipso
2719 803 2883 871 dicit,
2909 805 3032 875 jure
3065 821 3348 877 personam
3377 809 3518 864 celat
3547 809 3617 866 ob
3643 825 3759 866 eam

2175 907 2293 960 quae
2319 893 2591 950 obtinebat
2630 896 2934 965 opinionem
2962 914 2977 964 ;
3018 912 3081 954 ac
3115 913 3183 953 ne
3211 899 3486 956 videretur
3511 916 3762 973 magnum

2176 984 2445 1053 quidpiam
2468 986 2536 1041 de
2562 1001 2620 1042 se
2649 987 2828 1044 dicere
2859 1006 2873 1044 :
2904 989 2956 1045 id
2985 990 3127 1062 quod
3156 1005 3300 1062 saepe
3325 992 3593 1048 observat.
3625 994 3761 1062 Quid

2175 1083 2353 1130 autem
2387 1076 2515 1130 illud
2544 1086 2646 1146 est,
2679 1078 2745 1133 In
2775 1097 2930 1152 regno
2953 1082 3191 1137 actorum
3212 1083 3239 1137 .9
3268 1082 3324 1137 ln
3355 1084 3753 1154 spiritualibus,

2175 1178 2228 1224 et
2268 1170 2320 1224 in
2364 1170 2666 1228 ctelestibus
2711 1174 2979 1231 onmibus.
3021 1176 3152 1232 Cum
3200 1185 3379 1233 autem
3427 1177 3592 1245 dicit,
3641 1178 3767 1233 Non

2175 1255 2392 1317 surrexit
2423 1260 2563 1314 inter
2598 1274 2744 1321 natos
2782 1268 3049 1323 mulierum
3087 1270 3252 1339 major
3302 1274 3539 1337 Joanne,
3569 1270 3763 1326 distin-

2174 1352 2369 1419 guebat
2395 1368 2453 1409 se
2477 1368 2505 1408 a
2531 1354 2757 1423 Joanne,
2782 1367 2837 1413 et
2861 1374 2919 1414 se
2945 1358 3294 1415 subtrahebat
3313 1363 3697 1431 comparationi
3721 1364 3759 1415 '.

2245 1444 2298 1498 5.
2338 1444 2469 1500 Nam
2500 1446 2545 1502 si
2573 1448 2687 1518 ipse
2712 1449 2854 1505 inter
2880 1460 3033 1507 natos
3062 1452 3343 1509 mulierum
3374 1462 3521 1523 erat,
3566 1465 3621 1511 at
3658 1472 3764 1512 non

2174 1535 2313 1592 sicut
2339 1538 2574 1596 Joannes
2603 1560 2616 1595 :
2645 1557 2819 1614 neque
2847 1545 2989 1601 enim
3034 1546 3197 1603 homo
3236 1557 3439 1604 tantum
3476 1559 3620 1616 erat,
3665 1566 3765 1606 nee

2175 1627 2311 1683 sicut
2354 1628 2515 1685 homo
2553 1631 2727 1690 editus
2766 1634 2967 1700 fuerat,
3017 1637 3112 1693 sed
3155 1640 3414 1707 stupende
3451 1641 3680 1710 quodam
3711 1651 3764 1696 et

2175 1720 2403 1777 mirabili
2434 1734 2606 1793 partu.
2641 1725 2727 1780 12.
2770 1727 2813 1780 A
2852 1727 3026 1782 diebus
3051 1740 3214 1783 autem
3242 1729 3457 1787 Joannis
3485 1730 3761 1804 Baptism,

2174 1810 2374 1883 inquit,
2408 1831 2563 1886 usque
2594 1833 2762 1884 nunc,
2806 1834 3017 1889 regnum
3055 1821 3293 1874 malorum
3328 1822 3427 1875 vim
3466 1824 3676 1895 patitur,
3717 1833 3765 1879 et

2173 1904 2378 1958 violenti
2404 1908 2608 1977 rapiunt
2627 1907 2776 1966 illud.
2801 1910 2869 1964 Et
2887 1926 2992 1980 quo
3019 1920 3202 1981 pacto,
3232 1913 3438 1984 inquies
3456 1956 3472 1982 ,
3497 1914 3610 1971 haec
3631 1930 3765 1985 prte-

2174 1993 2486 2055 cedentibus
2508 1997 2817 2054 cohaerent?
2845 2000 3055 2071 Optime
3077 2012 3224 2060 certe
3249 2014 3302 2060 et
3327 2004 3611 2061 admodum
3637 2022 3765 2062 con-

2176 2098 2461 2156 sequenter
2485 2106 2499 2144 :
2522 2093 2717 2146 etenim
2742 2092 2865 2150 hinc
2888 2094 3004 2149 illos
3026 2095 3093 2150 ad
3112 2096 3438 2153 credendum
3458 2099 3508 2153 in
3535 2114 3594 2154 se
3612 2113 3764 2155 com-

2176 2177 2324 2248 pellit
2351 2188 2405 2235 et
2432 2180 2650 2248 incitat,
2683 2184 2948 2255 simulque
2989 2187 3077 2241 illa
3120 2202 3241 2258 quae
3282 2203 3442 2258 supra
3472 2189 3612 2245 dicta
3641 2200 3762 2246 sunt

2173 2282 2203 2322 a
2232 2268 2438 2326 Joanne
2466 2275 2796 2343 comprobat.
2828 2274 2959 2330 Nam
2986 2277 3030 2331 si
3065 2293 3233 2348 usque
3260 2280 3327 2333 ad
3356 2279 3616 2336 Joannem
3644 2296 3758 2337 om-

2175 2360 2261 2414 nia
2290 2364 2555 2433 completa
2583 2374 2725 2432 sunt,
2757 2367 2871 2438 Ego
2895 2382 3011 2423 sum
3040 2372 3130 2440 qui
3160 2372 3353 2426 venio:
3384 2387 3507 2428 nam
3536 2374 3611 2428 ait
3635 2391 3647 2428 :
3674 2375 3761 2429 15.

2178 2451 2364 2507 Omnes
2394 2455 2655 2526 prophetae
2682 2467 2730 2511 et
2769 2459 2852 2512 lex
2878 2475 3034 2530 usque
3061 2462 3128 2515 ad
3155 2460 3406 2517 Joannem
3433 2465 3764 2535 prophetaue-

2171 2553 2308 2597 runt.
2328 2544 2443 2601 Non
2462 2548 2602 2602 enim
2621 2560 2922 2606 cessassent
2937 2553 3231 2622 prophetae,
3247 2553 3347 2609 nisi
3364 2569 3464 2625 ego
3477 2557 3760 2613 venissem.

2171 2633 2314 2690 Nihil
2344 2651 2471 2706 ergo
2501 2638 2636 2694 ultra
2666 2643 3007 2712 exspectetis,
3039 2657 3137 2698 nec
3165 2644 3325 2699 alium
3368 2647 3594 2716 speretis
3629 2662 3762 2704 ven-

2174 2732 2371 2783 turum.
2395 2727 2548 2798 Quod
2569 2745 2667 2801 ego
2695 2733 2794 2786 sim
2823 2731 2993 2803 palam
3024 2743 3105 2789 est
3131 2749 3198 2793 ex
3229 2749 3294 2790 eo
3323 2736 3463 2806 quod
3491 2737 3765 2808 prophetat

2171 2819 2453 2888 cessarint,
2472 2831 2526 2876 et
2545 2822 2686 2893 quod
2709 2824 2861 2878 multi
2884 2824 3119 2896 quotidie
3143 2827 3303 2882 ﬁdem
3326 2829 3379 2882 in
3401 2842 3488 2884 me
3508 2830 3719 2900 rapiant
3742 2849 3756 2886 :

2172 2910 2246 2966 ita
2275 2912 2469 2982 quippe
2494 2915 2640 2971 clara
2669 2925 2752 2972 est
2780 2926 2833 2972 cl
2859 2918 3166 2987 manifesta,
3199 2930 3254 2975 ut
3293 2935 3412 2977 eam
3442 2922 3593 2977 multi
3618 2922 3761 2979 abriv

2176 3005 2340 3073 piant.
2372 3005 2441 3061 Et
2466 3006 2615 3077 quis,
2643 3023 2846 3078 quasso,
2882 3011 3093 3080 rapuit?
3122 3011 3392 3083 Quotquot
3429 3028 3551 3069 cum
3590 3015 3764 3070 studio

2173 3109 2534 3155 accesserunt.
2590 3102 2749 3158 Aliud
2792 3102 2984 3159 deinde
3030 3103 3281 3159 indicium
3334 3105 3482 3175 ponit
3523 3106 3708 3165 dicens
3747 3128 3762 3163 :

2175 3191 2262 3244 Μ.
2295 3191 2358 3246 Si
2385 3193 2535 3248 vultis
2561 3194 2811 3265 recipere,
2839 3196 2950 3265 ipse
2973 3205 3047 3251 est
3069 3195 3250 3252 Helias
3267 3238 3282 3263 ,
3309 3197 3396 3266 qui
3414 3210 3652 3257 venturus
3672 3212 3763 3258 est.

2176 3282 2377 3337 Mittam
2426 3287 2586 3350 ierim,
2629 3287 2832 3356 inquit,
2883 3287 3020 3341 vobis
3064 3287 3271 3344 Heliam
3315 3289 3635 3360 Thesbitem,
3680 3295 3768 3365 qui

2174 3383 2428 3426 convertat
2454 3374 2615 3428 corda
2639 3377 2798 3442 patris
2831 3376 2884 3430 in
2923 3377 3058 3446 ﬁlios
3097 3379 3267 3450 (Mal.
3297 3381 3350 3434 4.
3395 3379 3485 3452 5).
3520 3381 3617 3437 Hic
3644 3392 3764 3449 est,

2174 3463 2280 3529 ait,
2312 3463 2487 3519 Helias
2507 3506 2523 3532 ,
2553 3465 2599 3519 si
2623 3465 2908 3522 attendatis
2936 3467 3231 3539 diligenter.
3270 3468 3411 3524 Nam
3438 3471 3652 3539 mittam,
3686 3474 3767 3527 in—

2174 3556 2325 3625 quit,
2358 3556 2594 3628 angelum
2623 3574 2783 3612 meum
2815 3570 2932 3613 ante
2970 3561 3148 3630 [aciem
3189 3570 3326 3615 luant
3359 3560 3538 3633 (Ibid.
3574 3563 3627 3618 5.
3677 3563 3765 3636 1).

2177 3646 2342 3704 Recte
2383 3649 2549 3713 dixit,
2596 3649 2657 3705 Si
2696 3651 2844 3704 vultis
2884 3651 3131 3720 recipere,
3175 3651 3463 3708 ostendens
3498 3653 3765 3710 neminem

2180 3742 2444 3797 violenter
2471 3741 2607 3813 cogi.
2639 3741 2755 3797 Non
2796 3757 2957 3813 cogo,
2997 3742 3185 3812 inquit.
3238 3743 3351 3799 lloc
3390 3752 3566 3799 autem
3602 3745 3766 3810 dixit,

2177 3842 2381 3904 gratam
2405 3842 2589 3903 petens
2616 3835 2942 3889 voluntatem
2962 3875 2978 3901 ,
3005 3844 3061 3889 et
3096 3834 3385 3889 ostendens
3419 3834 3558 3889 hunc
3584 3835 3728 3890 illum
3749 3878 3765 3902 ,

2178 3936 2233 3981 et
2262 3926 2405 3980 illum
2436 3925 2578 3980 hunc
2606 3940 2744 3980 esse.
2790 3924 2962 3980 Ambo
2988 3926 3129 3980 enim
3159 3940 3320 3979 unum
3349 3939 3633 3995 suscepere
3664 3928 3767 3981 mi-

2179 4018 2454 4072 nisterium
2476 4057 2490 4081 ,
2523 4025 2579 4071 et
2603 4031 2961 4087 praecursores
2987 4016 3146 4071 ambo
3172 4016 3403 4072 fuerunt.
3437 4016 3771 4088 Quapropter

2179 4124 2285 4164 non
2322 4107 2632 4177 simpliciter
2660 4106 2824 4170 dixit,
2858 4106 2959 4161 llic
2988 4115 3060 4161 est
3099 4105 3311 4173 Helias,
3353 4107 3479 4173 sed,
3524 4107 3587 4162 Si
3622 4108 3769 4161 vultis

2179 4201 2400 4270 recipere
2416 4239 2432 4263 ,
2463 4199 2544 4253 hic
2569 4208 2641 4254 est
2656 4214 2676 4264 ;
2698 4198 2749 4253 id
2771 4206 2854 4255 est
2871 4238 2887 4264 ,
2918 4197 2973 4253 Si
3003 4198 3172 4268 proba
3197 4206 3377 4252 mente
3405 4199 3568 4268 gestis
3592 4206 3766 4253 alten-

2180 4291 2335 4347 datis.
2382 4289 2564 4362 Neque
2611 4290 2698 4345 hic
2734 4293 2914 4357 stetit,
2956 4289 3052 4345 sed
3096 4289 3386 4345 ostendens
3424 4289 3770 4361 intelligentia

2180 4398 2301 4440 esse
2329 4399 2498 4454 Opus,
2545 4382 2667 4438 huic
2696 4382 2870 4450 dicto,
2914 4380 3015 4436 Hic
3052 4392 3125 4437 est
3157 4381 3371 4448 Helias,
3408 4383 3498 4455 qui
3539 4393 3773 4438 venturus

2182 4488 2282 4543 est,
2312 4476 2539 4546 adjecit,
2571 4475 2658 4531 15.
2691 4474 2791 4543 Qui
2814 4473 2961 4528 habet
2986 4490 3135 4529 aures
3157 4473 3432 4542 audiendi,
3454 4474 3650 4528 audiat.
3673 4473 3776 4529 Tot

2182 4569 2462 4639 atnigmata
2502 4566 2766 4637 ponebat,
2812 4574 2871 4621 ut
2913 4565 2977 4619 ad
3029 4564 3461 4635 interrogandum
3507 4565 3770 4621 incitaret.

2181 4661 2335 4729 Quod
2377 4659 2421 4714 si
2453 4675 2522 4715 ne
2550 4659 2627 4715 sic
2666 4656 2878 4727 quidem
2909 4654 3263 4727 evigilabant,
3305 4655 3474 4709 multo
3511 4654 3686 4709 minus
3728 4656 3772 4709 si

2183 4754 2328 4810 clara
2357 4762 2412 4807 et
2440 4749 2719 4806 manifesta
2747 4747 2992 4802 fuissent.
3026 4746 3211 4814 Neque
3238 4743 3289 4799 id
3318 4744 3421 4798 dici
3448 4743 3635 4813 possit,
3667 4759 3773 4799 non

2184 4859 2345 4901 ausos
2372 4843 2534 4898 fuisse
2563 4841 2889 4911 interrogare
2910 4878 2926 4904 ,
2956 4837 3041 4892 vel
3072 4837 3216 4891 illum
3248 4835 3409 4891 fuisse
3446 4834 3595 4890 aditu
3631 4833 3775 4890 difﬁ-

2186 4937 2364 4994 cilem.
2394 4933 2525 4989 Nam
2553 4932 2643 5003 qui
2673 4929 2820 4985 illum
2846 4928 2914 4983 de
2944 4926 3140 4983 nullius
3166 4927 3321 4997 pretii
3353 4925 3513 4983 rebus
3542 4927 3778 4983 interro-

2184 5034 2439 5101 gaverunt
2486 5030 2951 5089 tentavcrantque,
3001 5019 3106 5075 etsi
3155 5018 3461 5073 sexcenties
3513 5017 3777 5089 repulsam

2189 5123 2466 5187 tulissent,
2511 5131 2687 5188 neque
2714 5121 3022 5180 cessarent,
3063 5109 3333 5182 quomodo
3372 5123 3479 5164 non
3523 5109 3674 5164 illum
3710 5110 3780 5163 de

2187 5211 2505 5273 necessariis
2546 5212 2994 5276 interrogassent,
3029 5203 3073 5258 si
3102 5201 3317 5274 quidem
3356 5201 3597 5257 ediscere
3629 5201 3779 5268 cupi-

2186 5306 2430 5366 vissent?
2465 5304 2521 5362 Si
2554 5303 2623 5359 de
2651 5298 2910 5369 legalibus
2939 5295 3372 5365 interrogabant,
3409 5291 3551 5363 quod
3583 5305 3780 5362 praece-

2189 5412 2336 5476 ptum
2386 5399 2617 5471 primum
2661 5400 2838 5459 esset,
2884 5399 2939 5446 et
2985 5389 3053 5445 de
3096 5387 3391 5450 similibus,
3433 5399 3555 5439 cum
3605 5392 3781 5438 tamen

2188 5496 2333 5552 nulla
2363 5498 2578 5564 urgeret
2603 5486 2925 5553 necessitas,
2955 5480 3225 5554 quomodo
3252 5493 3373 5533 cum
3402 5477 3527 5534 talia
3556 5476 3779 5542 diceret,

2191 5586 2258 5644 de
2303 5582 2495 5655 quibus
2541 5578 2877 5650 respondere
2924 5573 3142 5630 omnino
3185 5568 3455 5636 debebat,
3513 5581 3618 5622 non
3668 5566 3785 5635 ejus

2189 5692 2422 5742 mentem
2463 5672 2868 5749 explorassent?
2911 5682 3034 5725 cum
3080 5661 3310 5721 maxime
3351 5659 3419 5716 ad
3448 5658 3552 5715 hoc
3579 5657 3783 5712 hortari

2253 5800 2268 5832 ι
2309 5795 2392 5846 alii
2411 5792 2613 5847 habent,
2634 5792 2679 5838 et
2718 5798 2767 5837 se
2789 5776 3095 5835 subtrahebat
3114 5769 3474 5837 comparationi,
3501 5778 3716 5833 quorum
3735 5772 3785 5821 et

2192 5865 2294 5929 ipse
2313 5871 2377 5912 ex
2397 5850 2601 5908 muliere
2619 5855 2740 5903 esset
2761 5851 2915 5900 natus.
