4118 6432
387 394 500 452 123

394 519 446 562 et
479 506 692 563 trahere
722 497 1028 555 videretur?
1054 494 1183 549 Nam
1211 506 1333 546 cum
1364 487 1608 551 dicebat,
1647 483 1864 540 Violenti
1892 499 1979 535 ra-

397 605 544 672 piunt
572 596 736 662 illud,
770 592 821 649 id
850 590 1056 645 illorum
1084 583 1347 641 excitabat
1373 581 1606 672 animum
1627 595 1648 672 ;_
1670 585 1723 672 et
1748 591 1869 631 cum

394 667 542 749 ceret
562 730 576 755 ,
609 688 708 753 Qui
735 686 879 739 habet
917 694 1064 736 aures
1087 675 1363 742 audiendi,
1393 671 1605 739 audiat,
1638 668 1862 739 idipsum
1905 667 1983 721 la.

397 782 586 837 ciebat.
632 776 719 833 16.
759 773 854 831 Cui
891 780 1054 826 autem
1091 766 1379 823 assimilabo
1408 762 1777 836 generationem
1814 757 1986 813 hanc?

399 872 584 943 inquit.
616 866 813 925 Similis
842 872 914 921 est
942 860 1112 935 pueris
1138 856 1422 915 sedentibus
1462 854 1513 908 in
1554 855 1694 925 foro,
1728 858 1776 905 et
1797 849 1984 943 ﬁdicen-

397 940 560 1029 tibus,
591 962 680 1018 17.
712 957 856 1015 Tibia
882 956 1149 1011 cecinimus
1176 949 1313 1006 vobis
1336 990 1352 1016 ,
1396 956 1442 1001 et
1480 962 1581 1000 non
1610 942 1831 998 saltastis
1848 957 1867 1006 ;
1901 940 1981 995 la-

396 1055 601 1112 mentati
638 1068 813 1110 suntus
841 1048 1010 1116 vobis,
1038 1055 1084 1100 et
1110 1060 1211 1099 non
1236 1039 1522 1113 planxistis.

468 1146 655 1202 Christi
693 1152 739 1200 et
779 1140 997 1197 Joannis
1036 1137 1171 1193 idem
1198 1148 1379 1205 scapus
1408 1137 1609 1185 erat.—
1630 1127 1757 1184 limo
1801 1136 1986 1181 rursus

396 1239 643 1295 videntur
667 1252 695 1290 a
722 1229 1147 1307 prmcedentibus
1177 1241 1281 1282 non
1311 1222 1564 1295 pendere,
1588 1220 1683 1276 sed
1704 1218 1771 1274 ad
1798 1231 1983 1273 eorum

398 1333 619 1389 omnino
665 1330 857 1385 seriem
902 1323 1168 1397 pertinent
1212 1336 1225 1372 :
1267 1316 1463 1372 etenim
1513 1313 1579 1369 ad
1622 1310 1867 1367 eamdem
1909 1309 1986 1365 rei

398 1437 660 1481 summam
690 1426 970 1490 spectant,
998 1421 1058 1469 ut
1082 1408 1394 1467 ostendatur
1416 1405 1677 1465 Joannem
1708 1402 1808 1473 ipsi
1849 1415 1983 1457 con-

398 1530 528 1572 sona
550 1512 754 1575 iecisse,
777 1504 983 1565 etiamsi
1005 1518 1123 1575 qua:
1147 1500 1346 1556 ﬁebant
1364 1495 1630 1556 contraria
1647 1494 1985 1549 viderentur:

397 1603 537 1676 quod
563 1603 721 1658 etiam
747 1599 814 1655 de
839 1595 1252 1665 interrogatione
1276 1591 1473 1646 dictum
1495 1595 1578 1643 est
1606 1604 1620 1641 :
1649 1583 1989 1653 ostenditque

398 1696 531 1751 nihil
553 1691 969 1769 praetermissum
991 1688 1152 1743 luisse
1173 1698 1358 1742 eorum
1375 1696 1494 1751 qua:
1512 1678 1579 1735 ad
1601 1678 1825 1735 salutem
1848 1676 1995 1748 ipso-

397 1805 513 1845 rum
535 1784 779 1842 conl‘erre
795 1787 1036 1855 possent;
1055 1777 1195 1851 quod
1212 1775 1280 1832 de
1295 1775 1447 1829 vinea
1462 1771 1671 1828 dicebat
1690 1769 1951 1842 propheta
1971 1785 1986 1823 :

401 1879 539 1947 Quid
566 1877 734 1933 adhuc
753 1875 939 1949 faciam
957 1872 1114 1927 vinea:
1141 1868 1280 1936 huic,
1310 1865 1445 1938 quod
1474 1881 1573 1919 non
1602 1862 1804 1934 fecerim
1835 1859 1887 1935 (Ι
1891 1862 1987 1917 sai.

398 1968 550 2042 SJ)?
568 1969 658 2023 Cui
676 1966 829 2030 enim,
847 1964 939 2029 ait,
955 1959 1244 2018 assimilabo
1258 1958 1625 2031 generationem
1647 1954 1777 2042 hanc
1794 1954 1818 2010 ?
1834 1953 1992 2010 Simi-

402 2062 465 2118 lis
479 2039 551 2117 est
573 2059 739 2131 pueris
751 2055 1034 2115 sedentibus
1050 2053 1105 2107 in
1119 2052 1254 2124 fore,
1270 2060 1314 2106 et
1331 2048 1627 2115 dicentibus,
1648 2039 1796 2100 Tibia
1816 2046 1992 2101 cecini-

399 2168 511 2209 mus
527 2150 680 2216 vobis,
688 2158 733 2203 et
747 2165 845 2205 non
858 2144 1078 2202 saltastis
1092 2160 1110 2198 :
1125 2142 1382 2199 lamentati
1397 2156 1589 2206 sumus,
1608 2147 1655 2194 et
1673 2154 1771 2193 non
1784 2137 1991 2209 planxi-

398 2243 505 2297 stis.
542 2241 627 2296 18.
675 2238 822 2295 Venit
863 2237 994 2292 enim
1039 2234 1264 2290 Joannes
1292 2248 1450 2303 neque
1477 2230 1812 2294 mmtducans,
1837 2245 1993 2299 neque

397 2333 588 2401 bibens,
612 2341 657 2388 et
679 2328 1217 2389 dicunt:Da:monium
1240 2325 1404 2381 habet.
1434 2323 1520 2380 19.
1548 2321 1692 2381 Venit
1712 2321 1880 2378 Filius
1900 2322 1991 2376 Ιιο-

398 2425 549 2481 minis
594 2422 909 2479 manducans
947 2430 995 2475 et
1034 2419 1242 2484 bibens,
1288 2427 1334 2471 et
1373 2415 1547 2471 dicunt
1595 2431 1614 2469 :
1663 2412 1795 2469 Ecce
1842 2413 1992 2468 homo

398 2532 556 2571 uorax
582 2523 628 2571 et
652 2514 754 2568 vini
783 2522 1006 2583 potator,
1038 2509 1418 2581 publicanorum
1448 2517 1492 2561 et
1523 2516 1841 2576 peccatorum
1864 2504 1991 2558 ami-

399 2626 507 2664 cus.
539 2608 650 2665 lloc
678 2615 782 2673 est,
805 2604 1083 2662 Contraria
1112 2617 1211 2673 ego
1231 2611 1285 2659 et
1310 2600 1543 2657 Joannes
1566 2599 1648 2655 via
1671 2596 1991 2661 incedimus,

401 2710 458 2755 et
486 2698 716 2773 idipsum
742 2696 995 2766 facimus,
1021 2709 1085 2749 ac
1110 2694 1156 2750 si
1185 2700 1487 2756 venatores,
1515 2690 1679 2747 feram
1706 2699 1863 2758 captu
1888 2688 1994 2743 dil-

404 2791 597 2847 licilem
620 2789 862 2846 videntes
880 2830 896 2856 ,
923 2801 1044 2858 qua:
1068 2800 1163 2857 per
1186 2784 1297 2840 vias
1316 2782 1448 2843 duas
1468 2783 1533 2839 ad
1564 2796 1745 2839 casses
1774 2780 1995 2837 tendere

399 2881 597 2952 possit,
629 2888 908 2950 utramque
942 2878 1083 2933 viam
1112 2875 1301 2948 singuli
1330 2881 1625 2945 occupent,
1658 2881 1712 2929 et
1738 2873 1872 2928 alter
1901 2887 1997 2942 per

399 2972 721 3027 contrariam
764 2960 920 3026 alteri
962 2968 1102 3024 viam
1152 2965 1422 3037 impellat,
1474 2973 1532 3019 ut
1576 2964 1628 3018 in
1679 2964 1997 3020 alterutrum

402 3064 621 3123 omnino
644 3060 875 3117 decidat.
908 3059 1136 3129 Respice
1172 3057 1315 3115 enim
1355 3056 1658 3111 universum
1697 3070 1865 3126 genus
1896 3053 1996 3107 hu-

403 3170 619 3212 manum
639 3196 654 3218 ,
685 3151 955 3224 quomodo
978 3148 1239 3222 jejunium
1269 3149 1441 3204 soleat
1469 3147 1750 3214 admirari,
1788 3160 1997 3202 necnon

402 3250 567 3307 vitam
609 3260 855 3318 asperam
885 3252 938 3300 et
968 3240 1414 3313 pbilosophicam.
1451 3238 1576 3295 Ideo
1606 3238 1684 3295 sic
1712 3238 1998 3294 constituta

403 3356 493 3398 res
536 3339 662 3405 luit,
707 3347 767 3393 ut
799 3337 1032 3394 Joannes
1070 3352 1099 3389 a
1145 3334 1315 3406 prima
1344 3342 1503 3390 aetate
1530 3333 1635 3389 hoc
1672 3332 1794 3388 vitae
1829 3347 2000 3403 genus

401 3434 661 3500 duceret,
704 3441 764 3488 ut
806 3447 925 3503 quce
953 3430 1187 3497 diceret,
1219 3428 1345 3484 hinc
1383 3426 1485 3483 ﬁde
1511 3427 1669 3499 digna
1704 3434 1905 3483 essent.
1934 3426 2001 3483 Et

402 3542 504 3595 qua
542 3526 609 3581 de
639 3540 798 3581 causa
820 3566 835 3591 ,
863 3522 1074 3595 inquies
1093 3562 1107 3588 ,
1134 3519 1379 3576 Christus
1401 3533 1506 3574 non
1531 3517 1773 3574 eamdem
1803 3518 1999 3590 ingres-

400 3638 517 3683 sus.
537 3620 675 3676 viam
721 3619 839 3674 est?
884 3617 997 3672 imo
1019 3629 1150 3672 vero
1187 3616 1459 3687 ingressus
1488 3622 1604 3679 est,
1646 3612 1859 3685 quando
1904 3626 2000 3684 per

405 3711 748 3782 quadraginta
778 3709 892 3765 dies
916 3707 1174 3779 jejunavit
1197 3745 1211 3771 ,
1256 3714 1310 3761 et
1334 3706 1532 3760 docens
1558 3705 1849 3770 circuibat,
1888 3718 1996 3759 non

408 3805 614 3861 habens
646 3803 735 3859 ubi
766 3811 921 3877 caput
953 3801 1239 3857 reclinaret
1267 3816 1279 3852 :
1310 3806 1562 3854 czcterum
1596 3796 1685 3852 ille
1709 3796 1817 3851 alio
1843 3795 2003 3853 modo

412 3898 517 3953 hoc
545 3894 704 3962 fecit,
731 3903 791 3953 ut
820 3893 942 3949 inde
986 3892 1190 3947 lucrum
1232 3888 1348 3944 ﬁeri
1380 3886 1702 3958 provideret.
1743 3885 1874 3941 Nam
1920 3885 2003 3942 id~

410 3989 580 4055 ipsum
608 3994 757 4052 erat,
799 3982 939 4059 quod
968 3981 1211 4038 eamdem
1252 3986 1457 4037 teneret
1494 3978 1668 4044 viam;
1703 3976 1810 4033 imo
1850 3977 2005 4048 longe

412 4076 583 4147 majus
607 4084 755 4143 erat,
781 4073 922 4149 quod
950 4074 1027 4141 is,
1055 4072 1147 4142 qui
1188 4072 1276 4127 illa
1308 4070 1391 4126 via
1421 4069 1726 4136 incederet,
1759 4070 2004 4127 testimo-

409 4173 501 4232 nio
525 4187 623 4231 suo
647 4174 821 4243 ipsum
847 4170 1163 4228 celebraret.
1186 4168 1433 4242 Alioquin
1461 4183 1589 4225 vero
1615 4167 1849 4227 Joannes
1872 4167 2005 4225 nihil

407 4264 551 4320 aliud
579 4280 738 4336 quam
766 4264 888 4318 vitm
910 4263 1252 4333 asperitatem
1280 4259 1585 4317 exhibebat.
1616 4259 1829 4319 Nullum
1859 4258 2002 4314 enim

407 4355 620 4423 signum
649 4353 776 4413 fecit
818 4371 830 4407 :
873 4353 1119 4408 Christus
1147 4367 1274 4407 vero
1300 4360 1355 4406 et
1391 4350 1662 4422 signorum
1692 4358 1746 4405 et
1772 4349 2004 4404 miracu-

408 4445 584 4505 lorum
618 4444 983 4501 testimonium
1011 4442 1193 4497 habuit
1220 4440 1413 4512 (Joan.
1448 4440 1533 4495 10.
1567 4438 1696 4512 41).
1742 4439 2003 4497 Joannem

408 4553 536 4609 ergo
566 4536 876 4608 relinquens
902 4549 935 4590 a
968 4533 1173 4604 jejunio
1210 4531 1508 4597 celebrari,
1554 4531 1642 4589 illc
1682 4531 2006 4589 contrariam

408 4629 548 4684 viam
592 4628 799 4697 tenuit,
847 4625 914 4681 ad
960 4638 1175 4681 mensas
1211 4622 1514 4694 ingrediens
1561 4623 2001 4701 publicanorum,

412 4719 740 4777 manducans
770 4727 827 4774 et
848 4717 1057 4773 bibens.

480 4811 535 4867 4.
578 4808 973 4883 interrogemus
1000 4808 1183 4878 itaque
1210 4805 1425 4867 Judazos
1473 4823 1486 4860 :
1524 4804 1743 4867 Bonane
1786 4819 1876 4862 res
1923 4813 2006 4863 est

405 4901 668 4973 jejunium
689 4942 707 4968 ,
745 4909 805 4956 ει
844 4897 1193 4959 admiranda?
1220 4896 1363 4971 Ergo
1400 4895 1634 4968 oportuit
1665 4894 1854 4954 Joanni
1885 4910 2006 4951 ere-

412 4997 578 5060 dero,
604 5004 660 5061 et
682 4996 832 5055 illum
858 4996 1140 5053 admittere
1162 5038 1179 5061 ,
1212 4994 1434 5066 ejusque
1464 4992 1620 5049 dictis
1662 5005 1870 5065 parere.
1917 4991 2007 5049 Sic

411 5089 556 5149 enim
586 5087 673 5143 illa
711 5086 874 5142 verba
912 5102 1009 5143 vos
1045 5087 1113 5143 ad
1153 5086 1334 5143 Jesum
1375 5085 1669 5145 adductura
1707 5093 1878 5144 erant.
1921 5082 2005 5141 An

409 5194 638 5239 onerosa
666 5188 716 5239 et
748 5178 882 5237 dura
911 5193 998 5234 res
1025 5187 1108 5237 est
1146 5178 1446 5247 jejunium?
1479 5176 1619 5253 Ergo
1640 5175 1764 5233 Jesu
1789 5175 2006 5235 Christo

410 5270 892 5343 obtemperantium
923 5279 1070 5335 erat,
1100 5270 1304 5343 ipsique
1327 5269 1580 5334 credere,
1622 5268 1712 5342 qui
1739 5262 2005 5329 contraria

415 5362 694 5423 incedebat
723 5362 826 5417 via.
854 5360 960 5419 Per
986 5366 1265 5429 utramque
1291 5362 1307 5392 ¹
1334 5361 1474 5416 viam
1503 5360 1554 5415 in
1587 5376 1807 5430 regnum
1836 5359 2004 5413 intra-

413 5452 517 5513 ιυῐί
542 5452 728 5513 oratis.
758 5451 829 5508 At
856 5451 932 5506 illi
961 5449 1112 5527 quasi
1143 5448 1251 5507 fera
1281 5449 1532 5507 immanis
1557 5459 1840 5522 utrumque
1866 5449 2007 5505 male

409 5542 760 5612 accipiebant.
803 5540 957 5601 Nulla
992 5554 1119 5617 ergo
1146 5540 1299 5612 culpa
1326 5549 1621 5599 esteorum
1664 5539 1859 5613 quibus
1898 5556 2003 5595 non

410 5634 675 5691 creditum
698 5640 816 5705 est,
836 5631 931 5693 sed
954 5645 1141 5693 eorum
1168 5639 1368 5691 tantum
1390 5630 1478 5701 qui
1507 5646 1612 5686 non
1639 5628 1999 5685 crediderunt.

413 5722 578 5783 Nemo
598 5725 739 5787 enim
759 5724 1025 5787 contraria
1045 5723 1200 5780 simul
1223 5723 1506 5795 vituperet,
1525 5730 1583 5778 ut
1604 5737 1778 5794 neque
1799 5722 1997 5777 laudet.

473 5837 490 5868 ί
525 5836 738 5896 Quidam,
764 5849 848 5899 per
873 5835 1170 5887 alterutram

1125 381 1180 437 S.
1218 376 1494 435 JOANNIS
1528 369 1998 430 CHRYSOSTOMI
2038 366 2355 427 AllClilEP.
2397 366 2929 425 CONSTANTINOP.

3579 372 3685 430 424

2096 482 2252 537 Verbi
2277 483 2444 553 gratia
2462 524 2477 550 ,
2506 483 2595 554 qui
2625 483 2797 538 virum
2828 481 3052 537 hilarem
3081 496 3145 537 ac
3172 482 3457 538 remissum
3486 498 3681 553 appro-

2089 572 2179 627 bat
2198 613 2213 637 ,
2242 587 2487 629 severum
2515 573 2599 628 vel
2626 572 2911 628 barbarum
2949 588 3055 628 non
3084 573 3399 643 approbabit
3426 592 3438 627 :
3468 575 3557 644 qui
3596 591 3684 631 se-

2092 678 2271 719 verum
2299 663 2510 731 laudat,
2547 664 2727 719 Iustum
2760 680 2864 720 non
2896 663 3150 719 laudabit.
3183 663 3301 720 Non
3332 676 3509 735 potest
3542 667 3684 721 enim

2090 762 2145 808 et
2170 753 2285 809 lucc
2311 762 2368 809 et
2396 754 2486 810 illa
2528 753 2684 810 simul
2715 755 2997 825 approbari
3029 756 3313 810 sententia.
3348 755 3579 828 Ideoque
3615 758 3690 812 ait

2092 847 2213 915 ille,
2261 846 2405 903 Tibia
2441 848 2712 903 cecinimus
2738 847 2895 916 vobis,
2933 857 2980 902 et
3019 864 3121 905 non
3150 849 3406 914 saltastis;
3436 850 3540 904 hoc
3567 859 3649 904 est
3672 890 3689 914 ,

2091 941 2390 997 Remissam
2416 940 2632 998 exhibui
2669 942 2829 997 vitam
2850 983 2866 1010 ,
2896 950 2954 997 et
2996 956 3103 996 non
3142 941 3584 1012 obtemperastis;
3613 954 3690 1010 et,

2091 1029 2377 1086 Lamentati
2418 1049 2625 1100 sumus,
2664 1043 2712 1088 et
2749 1048 2851 1088 non
2883 1033 3152 1104 planxistis
3172 1051 3193 1100 ;
3232 1031 3282 1087 id
3311 1043 3426 1101 est,
3457 1032 3693 1089 Joannes

2091 1138 2331 1180 severam
2360 1133 2415 1180 et
2431 1139 2650 1195 gravem
2677 1126 2837 1179 vitam
2866 1125 3142 1196 amplexus
3166 1134 3271 1191 est,
3301 1135 3355 1181 et
3381 1141 3485 1180 non
3516 1134 3693 1181 atten—

2092 1216 2265 1273 distis.
2295 1217 2411 1274 Non
2441 1218 2607 1285 dixit,
2633 1218 2749 1290 Ego
2780 1219 2922 1274 illam
2950 1260 2965 1286 ,
2997 1218 3087 1273 ille
3127 1217 3265 1275 banc
3292 1218 3455 1275 vitam
3486 1218 3637 1276 duxit
3674 1236 3689 1273 :

2091 1312 2186 1371 sed
2213 1312 2334 1383 quia
2361 1314 2638 1400 utriusque
2660 1329 2761 1368 una
2788 1322 2900 1370 erat
2931 1314 3216 1382 sententia,
3240 1314 3340 1369 etsi
3363 1315 3536 1373 studia
3558 1329 3691 1370 con-

2094 1404 2289 1470 traria,
2319 1404 2440 1461 ideo
2491 1405 2793 1461 communia
2843 1415 2990 1476 gesta
3040 1405 3169 1462 dicit
3209 1421 3350 1466 esse.
3379 1406 3510 1464 Nam
3551 1406 3692 1480 quod

2093 1494 2415 1551 contrariam
2446 1494 2602 1551 iniret
2629 1496 2767 1550 viam
2789 1536 2805 1563 ,
2846 1512 2911 1551 ex
2953 1497 3158 1567 majore
3181 1500 3465 1555 concordia
3494 1499 3694 1559 factum

2093 1594 2177 1643 εει
2196 1627 2212 1653 ,
2240 1602 2358 1658 qua:
2384 1586 2632 1643 eumdem
2661 1587 2938 1658 Spectabat
2965 1587 3145 1643 linem.
3186 1587 3356 1657 Quam
3389 1605 3516 1662 ergo
3539 1589 3694 1645 dein-

2095 1695 2223 1751 ceps
2250 1679 2621 1737 defensionem
2651 1680 2924 1735 trabeatis?
2955 1680 3079 1735 ideo
3106 1680 3380 1750 subjunxit
3412 1700 3425 1733 :
3458 1681 3522 1737 Et
3538 1682 3699 1752 justi-

2096 1773 2249 1842 ﬁcata
2273 1780 2345 1827 est
2375 1771 2623 1842 sapientia
2650 1787 2683 1825 a
2710 1771 2831 1840 ﬁliis
2869 1770 3010 1837 suis;
3057 1770 3158 1826 hoc
3186 1779 3270 1826 est
3290 1813 3307 1837 ,
3334 1771 3557 1826 Etiamsi
3599 1787 3696 1828 vos

2096 1881 2202 1921 non
2229 1864 2746 1936 obtemperaveritis,
2765 1872 2820 1919 at
2837 1879 2924 1919 me
2946 1864 3082 1918 ultra
3110 1864 3384 1920 criminari
3414 1880 3519 1921 non
3541 1875 3694 1937 pote-

2095 1959 2232 2015 ritis.
2261 1957 2414 2025 Quod
2445 1956 2512 2013 de
2543 1956 2701 2014 Patre
2725 1956 2854 2013 dicit
2879 1955 3138 2027 prephcta
3173 1974 3187 2012 :
3224 1957 3292 2012 Ut
3319 1959 3615 2029 iustiﬁceris
3640 1960 3693 2015 in

2094 2051 2406 2111 sermonibus
2432 2052 2530 2107 tuis
2548 2049 2717 2125 (Psal.
2749 2051 2835 2108 50.
2871 2050 2947 2122 6).
2976 2051 3115 2107 Deus
3136 2050 3278 2107 enim
3306 2052 3537 2122 etiamsi,
3566 2052 3694 2107 dum

2096 2144 2268 2203 nostri
2292 2158 2473 2201 curam
2503 2144 2672 2217 gerit,
2717 2143 2848 2200 nihil
2877 2143 3119 2215 perﬁciat
3141 2184 3157 2210 ,
3188 2158 3281 2200 sua
3316 2152 3495 2201 tamen
3518 2147 3695 2201 omnia

2097 2235 2314 2305 implet,
2344 2237 2417 2293 ita
2443 2244 2500 2291 ut
2526 2250 2593 2291 ne
2622 2234 2838 2305 quidem
2866 2234 3108 2291 umbram
3138 2235 3492 2292 dubitationis
3518 2237 3694 2308 impu-

2096 2327 2347 2385 dentibus
2375 2326 2738 2398 improbisquc
2766 2326 3052 2398 relinquat.
3079 2326 3137 2383 Si
3166 2342 3294 2383 vero
3333 2328 3578 2398 exempla
3606 2329 3697 2385 illa

2097 2420 2291 2493 quibus
2306 2420 2475 2475 utitur
2493 2420 2614 2475 vilia
2632 2421 2740 2477 sint
2756 2428 2809 2475 et
2827 2420 3199 2491 incomposita,
3224 2434 3291 2475 ne
3306 2419 3515 2476 mireris
3534 2437 3548 2487 ;
3571 2436 3694 2476 nam

2097 2514 2164 2569 ad
2194 2513 2500 2570 auditorum
2530 2512 2895 2569 inﬁrmitatem
2925 2528 3048 2569 sese
3071 2513 3304 2583 aptabat.
3338 2512 3614 2584 Siquidem
3644 2524 3699 2568 et

2102 2604 2551 2665 Ezechicl'multa
2580 2604 2736 2662 all'ert
2763 2607 3008 2676 exempla
3040 2605 3144 2661 illis
3171 2616 3492 2678 Opportuna,
3517 2615 3570 2660 et
3606 2605 3698 2660 Dei

2100 2696 2383 2769 majestate
2411 2695 2626 2771 indigna
2657 2695 2884 2768 (Ezech.
2924 2696 2959 2750 4
2997 2706 3045 2751 et
3085 2696 3213 2767 16).
3264 2696 3457 2754 Verum
3502 2705 3556 2752 et
3600 2695 3699 2751 hoc

2100 2791 2261 2846 etiam
2288 2790 2503 2865 dignum
2532 2797 2617 2846 est
2643 2789 2809 2863 ipsius
2836 2789 3188 2862 providentia.
3219 2789 3509 2847 Considera
3541 2804 3699 2860 porro

2102 2883 2220 2938 illos
2246 2882 2406 2939 etiam
2443 2880 2661 2939 aliunde
2702 2880 2756 2937 in
2793 2882 3090 2937 contrarias
3114 2881 3443 2939 circumferri
3474 2890 3699 2936 senten-

2104 2975 2225 3029 tias.
2254 2972 2387 3028 Nam
2407 2988 2527 3029 cum
2547 2972 2806 3031 Joannem
2835 2972 3096 3029 dixissent
3113 2973 3437 3031 daemonium
3477 2973 3696 3040 habere,

2103 3083 2211 3121 non
2242 3066 2329 3122 hic
2356 3073 2656 3133 steterunt,
2688 3065 2786 3122 sed
2814 3066 2916 3125 hoc
2942 3066 3115 3137 ipsum
3144 3065 3210 3121 de
3237 3066 3449 3121 Christo
3489 3075 3705 3121 contra-

2104 3159 2186 3215 rio
2215 3158 2376 3214 modo
2400 3158 2611 3215 vivente
2639 3157 2891 3215 dixerunt
2932 3175 2944 3211 :
2987 3159 3063 3215 sic
3089 3174 3303 3229 semper
3328 3160 3379 3215 in
3408 3158 3705 3214 sententias

2105 3263 2287 3307 secum
2314 3259 2610 3320 pugnantes
2651 3247 3048 3305 deferebantur.
3100 3248 3269 3307 Lucas
3309 3264 3437 3305 vero
3469 3263 3588 3302 cum
3621 3247 3704 3302 his

2105 3342 2267 3399 aliam
2294 3357 2508 3417 quoque
2550 3341 2807 3412 majorem
2848 3340 3002 3399 affert
3039 3356 3226 3401 eorum
3274 3342 3703 3406 accusationem,

2105 3432 2335 3491 dicens:
2380 3431 2651 3489 Publiceni
2696 3434 2828 3488 enim
2866 3434 3271 3504 justi/icaverunt
3317 3433 3507 3499 Deum,
3539 3436 3704 3489 susci-

2111 3526 2303 3595 pientes
2330 3524 2585 3594 baptisma
2626 3524 2844 3581 Joannis
2875 3526 2892 3595 (
2916 3524 3038 3579 Luc.
3071 3525 3121 3578 7.
3152 3525 3222 3580 29
3242 3524 3282 3596 ).
3311 3524 3461 3579 Tunc
3487 3524 3703 3579 demum

2107 3616 2409 3673 civitatibus
2446 3615 2767 3686 exprobrat,
2813 3630 2932 3673 cum
2959 3615 3245 3685 justiticata
3275 3616 3372 3671 fuit
3398 3616 3655 3686 Sapientia
3688 3658 3704 3681 ,

2108 3706 2321 3777 quando
2342 3706 2517 3763 omnia
2540 3706 2759 3778 impleta
2787 3706 2948 3762 fuisse
2969 3705 3374 3761 demonstravit.
3402 3706 3533 3775 Quia
3560 3707 3705 3762 enim

2109 3798 2162 3854 id
2192 3813 2299 3855 non
2339 3798 2604 3869 persuasit
2643 3798 2778 3865 illis,
2825 3799 3051 3855 miseros
3083 3800 3201 3854 illos
3241 3799 3525 3869 praedicat;
3565 3799 3705 3870 quod

2111 3891 2264 3963 pejus
2283 3899 2546 3967 estquam
2564 3891 2608 3947 si
2627 3893 3087 3962 perterrefaeeret.
3113 3891 3320 3949 Etenim
3340 3902 3392 3946 et
3412 3892 3708 3949 doctrinam

2108 3983 2354 4043 adhibuit
2390 3992 2448 4043 ει
2486 3983 2765 4045 miracula.
2796 3984 2930 4053 Quia
2961 3998 3088 4040 vero
3121 3983 3171 4041 in
3199 3983 3384 4039 eadem
3417 3983 3707 4047 increduli.

2111 4083 2220 4135 tate
2244 4082 2590 4142 manserunt,
2619 4074 2836 4133 demum
2862 4075 3169 4146 exprobrat.
3214 4074 3304 4131 ΞΟ.
3349 4073 3496 4133 Tunc
3537 4077 3706 4138 enim,

2109 4165 2219 4234 ait,
2244 4163 2398 4223 Iesus
2427 4166 2575 4237 erepit
2603 4165 2911 4237 exprobrare
2940 4165 3245 4234 civitatibus,
3272 4167 3326 4220 in
3354 4163 3534 4239 quibus
3560 4165 3711 4235 facile

2113 4262 2312 4330 fuerant
2356 4258 2591 4331 plurima:
2627 4258 2835 4317 virtutes
2864 4259 3009 4329 ejus,
3053 4258 3175 4331 quia
3222 4258 3563 4325 preniteutiam
3607 4274 3710 4311 non

2107 4359 2315 4423 egerant
2338 4392 2353 4418 ,
2386 4350 2558 4407 dicens
2590 4350 2724 4409 εει.
2769 4349 2854 4405 Va:
2882 4351 2972 4411 tibi
3003 4349 3293 4415 Chorazin;
3325 4366 3396 4405 ea:
3421 4350 3507 4409 tibi
3549 4349 3707 4405 Beth-

2109 4442 2277 4501 saidu.
2322 4441 2524 4501 Deinde
2572 4450 2631 4499 ut
2675 4441 2850 4501 discas
2892 4455 2987 4501 eos
3017 4457 3122 4497 non
3168 4450 3354 4496 natura
3385 4441 3517 4501 tales
3545 4456 3664 4497 esse
3689 4483 3704 4508 ,

2111 4551 2305 4592 nomen
2336 4535 2486 4591 urbis
2530 4534 2670 4591 illius
2708 4535 2897 4607 ponit,
2942 4534 3086 4593 unde
3123 4536 3358 4606 quinque
3400 4535 3709 4607 prodierant

2108 4626 2356 4697 apostoli.
2379 4624 2511 4682 Nam
2538 4625 2815 4696 Philippus
2841 4635 2895 4685 et
2921 4625 3031 4685 duo
3058 4626 3142 4681 illa
3172 4628 3582 4698 coryphzeorum
3614 4642 3707 4700 pa-

2111 4719 2188 4773 ria
2221 4718 2294 4790 (α)
2326 4716 2450 4775 inde
2474 4726 2646 4773 erant.
2682 4718 2814 4784 Quia
2856 4718 2900 4772 si
2936 4718 2989 4773 in
3037 4705 3171 4789 Tyro
3212 4727 3258 4774 et
3306 4718 3500 4774 Sidone
3527 4762 3540 4785 ,
3593 4720 3705 4784 ait,

2110 4811 2260 4885 facta:
2290 4809 2501 4882 fuissent
2529 4809 2756 4873 virtutes,
2789 4825 2901 4876 (μεθ’
2919 4808 2973 4863 in
2995 4808 3131 4863 vobis
3158 4809 3309 4879 facite
3335 4821 3473 4878 sunt,
3503 4811 3622 4869 olirrt
3653 4812 3704 4865 in

2110 4917 2255 4959 sacco
2291 4911 2337 4956 et
2368 4901 2534 4957 cinere
2563 4902 2908 4975 postulantium
2934 4902 3171 4973 egissent,
3216 4900 3309 4957 22.
3350 4900 3706 4959 Verumtamen

2110 4992 2223 5047 dico
2250 4992 2407 5058 vobis,
2437 4989 2575 5065 Tyro
2603 5001 2650 5047 et
2682 4991 2866 5049 Sidoni
2892 4992 3151 5048 remissius
3180 4993 3272 5046 erit
3300 4993 3352 5046 in
3381 4993 3465 5047 die
3498 4995 3706 5065 judicii,

2109 5098 2261 5152 quant
2284 5082 2441 5141 vobis.
2470 5082 2561 5140 25.
2585 5080 2656 5139 Et
2681 5092 2735 5137 tu
2754 5083 3073 5155 Capernaum
3088 5126 3104 5153 ,
3133 5100 3247 5155 qua:
3266 5100 3421 5156 usque
3447 5086 3516 5139 ad
3532 5088 3708 5142 malum

2110 5174 2333 5233 exaltata
2362 5189 2413 5229 es
2432 5214 2447 5241 ,
2491 5190 2648 5245 usque
2683 5174 2753 5227 ad
2790 5175 3047 5244 infernum
3075 5175 3345 5235 descendes
3376 5193 3396 5232 ε
3439 5178 3557 5247 quia
3586 5178 3630 5231 si
3652 5178 3708 5230 in

2112 5263 2351 5320 Sodomis
2378 5267 2528 5336 [actm
2557 5265 2768 5336 fuissent
2794 5264 3023 5332 virtutes,
3053 5280 3165 5336 quae
3190 5265 3342 5336 facta:
3364 5276 3484 5321 sunt
3525 5268 3578 5321 in
3621 5277 3666 5322 te
3687 5309 3708 5335 ,

2110 5357 2410 5411 mansissent
2441 5356 2612 5428 utique
2640 5355 2708 5409 ad
2736 5356 2867 5409 hanc
2897 5356 3051 5410 diem.
3079 5353 3171 5412 21.
3212 5355 3568 5414 Verumtamen
3596 5358 3709 5412 dico

2110 5447 2247 5501 vobis
2272 5488 2286 5513 ,
2328 5447 2447 5518 quia
2488 5457 2635 5505 terra:
2662 5446 3005 5507 Sodomorum
3040 5448 3297 5507 remissius
3320 5448 3415 5502 erit
3439 5449 3494 5504 in
3521 5451 3602 5506 die
3618 5452 3706 5522 ju-

2111 5536 2233 5593 dicii
2254 5578 2268 5602 ,
2299 5554 2453 5607 quam
2484 5537 2590 5592 tibi.
2617 5536 2733 5591 Non
2763 5537 2880 5593 sine
2901 5550 3061 5597 causa
3088 5537 3319 5593 Sodoma
3348 5540 3588 5610 apponit,
3615 5538 3708 5595 sed

2060 5618 2071 5631 ’
2112 5639 2168 5684 ιιι
2193 5638 2382 5702 augeat
2402 5629 2817 5687 accusationem.
2850 5628 3097 5705 Magnum
3124 5630 3320 5703 quippe
3348 5629 3595 5703 nequitia:
3619 5645 3704 5687 ab

2177 5771 2251 5838 (α)
2284 5771 2395 5821 Duo
2415 5770 2782 5834 eoryphteorum
2800 5773 2933 5836 paria
2952 5779 3087 5834 sunt,
3108 5778 3283 5825 νεα-νε
3302 5779 3352 5825 ει
3379 5773 3611 5838 Andreas,
3632 5782 3710 5827 ω·

2114 5834 2264 5883 cobus
2286 5841 2337 5884 et
2355 5841 2580 5884 Joannes.
