4118 6430
314 464 420 522 425

312 576 415 632 ὅσα
440 573 683 639 τοιαῦτα,
717 573 958 643 καίτοιγε
985 573 1210 647 οὐδεμία
1237 572 1305 647 ἦν
1347 577 1560 648 ἀνάγκη
1593 575 1765 631 ταῦτα
1792 577 1986 640 εἰπεῖν,

310 661 431 725 πῶς
456 662 566 714 τῶν
598 664 726 734 παρ’
750 662 915 717 αὑτοῦ
946 662 1272 733 λεγομένων,
1298 658 1374 721 ὧν
1399 668 1494 720 καὶ
1516 668 1637 730 ταῖς
1668 664 1990 735 ἀποκρίσεσι

314 750 516 819 μᾶλλον
550 750 850 815 ὑπεύθυνος
891 747 988 822 ἦν,
1040 753 1139 805 οὐκ
1183 753 1249 807 ἂν
1284 753 1547 825 ἐξήταζον
1577 753 1675 824 τὴν
1711 752 1988 815 διάνοιαν;

311 838 425 891 Καὶ
454 837 686 908 μάλιστα
717 839 878 893 ὁπότε
908 838 1069 904 αὐτὸς
1097 836 1164 910 ἦν
1188 843 1216 895 6
1242 840 1565 912 προτρέπων
1595 842 1676 904 είς
1697 839 1874 904 τοῦτο,
1898 841 1992 892 καὶ

312 925 715 997 ἐφελκόμενοςς
761 927 852 998 Τῷ
871 928 919 960 ⁵⁵
959 929 1066 1000 γὰρ
1092 930 1285 996 εἰπεῖν,
1321 928 1574 983 Βιασταί
1622 926 1992 997 ἁρπάζουσιν

308 1012 529 1082 αὐτὴν,
566 1015 646 1078 είς
671 1014 981 1087 προθυμίαν
1007 1018 1204 1081 αὐτοὺς
1233 1016 1489 1087 διεγείρει
1515 1034 1529 1048 ·
1568 1016 1663 1071 καὶ
1695 1016 1771 1086 τῷ
1794 1018 1987 1078 εἰπεῖν,

321 1099 389 1153 '0
417 1099 575 1168 ἔχων
611 1097 733 1157 ὦτα
758 1102 1024 1167 ἀκούειν,
1060 1103 1342 1167 ἀκουέτω,
1382 1103 1443 1157 τὸ
1476 1103 1607 1158 αὐτὸ
1638 1101 1796 1156 τοῦτο
1826 1103 1986 1157 ποιεῖ.

316 1184 439 1238 Τίνι
467 1185 535 1240 δὲ
562 1185 831 1255 ὁμοιώσω
861 1187 977 1255 τὴν
1008 1187 1224 1258 γενεὰν
1246 1189 1476 1257 ταύτην
1500 1203 1520 1253 ;
1559 1186 1743 1258 φησίν.
1789 1186 1992 1256 Ὀμοία

307 1271 445 1327 ἐστὶ
479 1275 738 1341 παιδίοις
770 1274 1264 1345 καθημένοις.ἐπί
1309 1273 1417 1347 τῆς
1455 1274 1698 1346 ἀγορᾶς,
1752 1274 1847 1329 καί
1889 1272 1991 1329 λέ-

306 1376 565 1430 γουσιν·
615 1364 986 1432 Ηύλήσαμεν
1028 1364 1205 1434 ὑμῖν,
1264 1365 1362 1419 καὶ
1425 1366 1537 1418 οὐκ
1590 1363 1988 1433 ὠρχήσασθεο

306 1449 732 1520 ἐθρηνήσαμεν
759 1451 918 1520 ὑμῖν,
958 1452 1056 1505 καὶ
1083 1455 1193 1507 οὐκ
1220 1454 1547 1522 ἐκόψασθε.

384 1536 556 1590 Πάλιν
596 1536 769 1592 ταῦτα
810 1537 959 1591 δοκεῖ
997 1539 1097 1610 μὲν
1143 1540 1493 1610 ἀπηρτῆσθαι
1531 1538 1640 1591 τῶν
1686 1537 1989 1609 προτέρων,

308 1625 520 1695 σφόδρα
542 1624 598 1679 δέ
627 1626 810 1689 αὐτοῖς
840 1628 989 1680 ἐστιν
1014 1628 1300 1683 ἀκόλουθα.
1329 1629 1439 1682 Καὶ
1462 1628 1570 1699 γὰρ
1596 1626 1675 1680 ἔτι
1702 1625 1797 1679 τοῦ
1824 1643 1991 1694 κεφα-

306 1712 464 1766 λαίου
498 1712 680 1783 ἔχεται
710 1714 803 1767 τοῦ
838 1714 1029 1780 αὐτοῦ,
1072 1716 1167 1770 καὶ
1197 1717 1290 1769 τοῦ
1311 1716 1358 1747 ⁴⁹
1402 1714 1573 1780 δεῖξαι
1604 1713 1814 1784 συνῳδά
1843 1711 1990 1783 αὐτῷ

309 1801 625 1871 πράττοντα
670 1801 760 1856 τὸν
812 1803 1098 1875 Ἰωάννην,
1149 1806 1198 1858 εί
1233 1804 1421 1858 καὶτὰ
1464 1803 1723 1874 γινόμενα
1771 1803 1987 1855 ἐναντία

305 1885 415 1961 ἦν·
463 1889 652 1963 ὥσπερ
686 1887 780 1947 οῦν
810 1894 905 1947 καὶ
930 1894 1023 1947 ἐπί
1051 1894 1151 1965 τῆς
1180 1894 1499 1964 ἐρωτήσεως
1524 1912 1538 1925 ·
1583 1893 1679 1947 καὶ
1723 1892 1995 1946 δείκνυσιν

305 1979 397 2031 ὅτι
421 1978 574 2032 οὐδὲν
615 1975 683 2051 ἦν
710 1981 921 2049 ὀφεῖλον
963 1982 1211 2049 γενέσθαι
1248 1984 1328 2046 είς
1359 1982 1630 2052 σωτηρίαν
1661 1980 1860 2040 αὐτῶν,
1903 1979 1995 2032 καὶ

309 2064 655 2138 παρελείφθη
676 2083 691 2097 ·
734 2068 763 2121 ὂ
791 2067 928 2141 πρὸς
957 2067 1047 2122 τὸν
1079 2067 1382 2140 ἀμπελῶνά
1411 2085 1572 2138 φησιν
1606 2070 1635 2121 6
1663 2069 1951 2139 προφήτης
1977 2082 1992 2098 ’

315 2152 382 2205 Τί
430 2150 552 2206 ἔδει
591 2170 670 2222 με
710 2152 958 2224 ποιῆσαι
1001 2153 1083 2221 τῷ
1110 2155 1419 2225 ἀμπελῶνι
1468 2157 1693 2223 τούτῳ,
1744 2155 1842 2209 καί
1882 2157 1994 2209 οὑκ

307 2237 573 2306 ἐποίησα
598 2255 619 2303 ;
657 2240 779 2295 Τίνι
805 2241 934 2312 γὰρ,
964 2241 1147 2313 φησὶν,
1183 2240 1459 2313 ὁμοιώσω
1474 2241 1593 2311 τὴν
1613 2243 1828 2311 γενεὰν
1856 2242 1994 2295 ταύ-

307 2342 426 2395 την
435 2343 457 2391 ;
489 2328 683 2397 Ὁμοία
699 2328 831 2383 ἐστὶ
852 2329 1109 2395 παιδίοις
1129 2329 1487 2398 καθημένοις
1506 2329 1604 2382 ἐπὶ
1625 2327 1735 2396 τῆς
1753 2327 1991 2396 ἀγορᾶς,

307 2413 411 2467 καί
430 2413 746 2485 λέγουσιν·
770 2416 1142 2486 Ηύλήσαμεν
1161 2417 1323 2486 ὑμῖν,
1349 2415 1447 2470 καὶ
1471 2418 1581 2470 οὐκ
1602 2414 1989 2484 ὠρχήσασθε·

304 2501 732 2573 ἐθρηνήσαμεν
741 2503 902 2573 ὑμῖν,
918 2503 1015 2557 καὶ
1031 2507 1141 2559 οὐκ
1157 2499 1668 2573 ἐκόψασθε.Ἦλθε
1686 2503 1795 2573 γὰρ
1808 2502 1996 2556 ’Ῑωάνο

306 2606 426 2659 νης
436 2590 588 2659 μήτε
602 2592 841 2658 ἐσθίων,
860 2591 1013 2661 μήτε
1032 2592 1244 2656 πίνων,
1266 2591 1362 2645 καὶ
1386 2591 1655 2660 λέγουσι·
1679 2591 1995 2659 Δαιμόνιον

304 2675 460 2748 ἔχει.
479 2673 700 2735 Ἦλθεν
723 2681 756 2733 ό
781 2679 913 2743 Υἱὸς
937 2678 1042 2733 τοῦ
1068 2679 1382 2749 ἀνθρώπου
1407 2679 1628 2733 ἐσθίων
1655 2678 1753 2732 καί
1780 2677 1991 2743 πίνων,

308 2763 720 2835 καίλέγουσιν
737 2782 751 2797 ο
800 2764 953 2819 Ἰδοὺ
978 2765 1287 2833 ἅνθρωπος
1310 2765 1502 2835 φάγος
1528 2764 1625 2821 καὶ
1648 2765 1991 2832 οίνοπότης,

310 2851 590 2906 τελωνῶν
621 2852 800 2921 φίλος
838 2852 936 2905 καὶ
967 2850 1349 2921 ἁμαρτωλῶν.
1382 2854 1446 2906 Ὃ
1473 2852 1530 2905 δὲ
1556 2850 1725 2921 λέγει,
1752 2849 1993 2906 τοιοῦτόν

308 2941 492 2992 ἐστιν·
529 2939 805 2994 Ἐναντίαν
831 2938 1090 3010 ἑκάτερος
1114 2939 1350 3011 ἤλθομεν
1377 2940 1515 3004 666v,
1551 2939 1662 3008 ἐγὼ
1696 2941 1788 2994 καὶ
1818 2940 1997 2994 Ἰωάν-

309 3043 449 3097 νης,
491 3025 587 3079 καὶ
627 3026 824 3079 ταύτὸν
871 3028 1227 3097 ἐποιήσαμεν,
1263 3020 1376 3080 οἷον
1404 3027 1469 3081 ἂν
1505 3026 1557 3080 εί
1579 3044 1723 3090 τινες
1758 3025 1993 3097 θηραταὶ

308 3113 453 3180 ζῶον
482 3113 819 3187 δυσθήρατον
860 3114 951 3168 διὰ
979 3114 1074 3167 δύο
1105 3113 1300 3185 μέλλον
1328 3114 1621 3185 ἐμπίπτειν
1653 3114 1789 3169 ὁδῶν
1814 3117 1894 3179 είς
1924 3115 1993 3169 τὰ

309 3202 562 3274 θήρατρα
584 3242 598 3267 ,
668 3201 934 3271 ἑκατέραν
993 3201 1223 3265 ἕκαστος
1275 3200 1567 3255 ἀπολαϐὼν
1615 3202 1733 3256 ὁδὸν
1783 3202 1993 3256 ἐλαύνοι

309 3290 621 3356 ἐξεναντίας
659 3288 832 3352 ἐστὼς
873 3288 951 3360 τῷ
981 3289 1171 3360 ἑτέρῳ,
1211 3288 1352 3342 ὥστε
1400 3290 1616 3355 πάντως
1644 3292 1724 3353 είς
1768 3289 1994 3361 θάτερον

310 3378 594 3449 ἐμπεσεῖν.
619 3377 818 3431 Σκόπει
837 3376 966 3446 γοῦν
982 3375 1127 3430 ἅπαν
1143 3375 1202 3429 τὸ
1215 3375 1325 3429 τῶν
1339 3375 1435 3429 ἀνθ
1443 3375 1640 3447 ρώπων
1657 3375 1832 3444 γένος,
1847 3377 1993 3442 ὅπως

311 3465 453 3537 πρὸς
478 3465 540 3519 τὸ
566 3466 668 3536 τῆς
710 3464 962 3536 νηστείας
994 3464 1255 3534 ἐπτόηται
1284 3462 1489 3534 θαῦμα,
1516 3462 1610 3517 καὶ
1638 3462 1729 3517 τὸν
1760 3464 1995 3536 σκληρὸν

309 3553 502 3607 τοῦτον
529 3554 623 3607 καὶ
648 3552 936 3623 φιλόσοφον
968 3551 1098 3622 βίον.
1138 3552 1237 3605 Διά
1281 3552 1439 3605 τοῦτο
1467 3550 1786 3623 ᾡκονόμητο
1815 3552 1993 3618 τοῦτο,

310 3644 381 3695 ἐκ
406 3640 629 3713 πρώτης
665 3640 880 3712 ἡλικίας
925 3638 1068 3694 οὕτω
1100 3640 1373 3711 τραφῆναι
1412 3639 1503 3693 τὸν
1539 3639 1819 3712 Ἰωάννην,
1855 3639 1995 3695 ὥστε

311 3729 411 3784 καὶ
437 3727 588 3801 [419]
619 3727 870 3783 ἐντεῦθεν
900 3727 1189 3792 ἀξιόπιστα
1209 3725 1462 3796 γενέσθαι
1489 3728 1558 3783 τὰ
1577 3727 1845 3800 λεγόμενα
1865 3730 1993 3799 παρ’

311 3816 504 3872 αὐτοῦ.
551 3816 664 3871 Καὶ
696 3816 840 3880 τίνος
889 3815 1075 3870 ἕνεκεν
1112 3816 1222 3869 ὀὐκ
1254 3814 1437 3882 αὐτὸς,
1483 3816 1638 3887 φησὶ,
1685 3816 1890 3888 ταύτην
1920 3816 1998 3870 εῖ-

309 3906 436 3960 λετο
465 3906 511 3937 “
560 3904 659 3977 τὴν
688 3904 841 3969 ὁδύν;
890 3903 1141 3958 Μάλιστα
1175 3904 1272 3974 μὲν
1300 3897 1393 3957 οὗν
1439 3904 1537 3958 καὶ
1585 3904 1750 3968 αὐτὸς
1792 3905 1997 3975 ταύτην

308 3989 513 4067 ἦλθεν,
560 3993 650 4046 ὅτε
691 3992 791 4056 τὰς
822 3991 1230 4063 τεσσαράκοντα
1282 3990 1495 4062 ἡμέρας
1527 3992 1816 4063 ἐνήστευσε
1842 4033 1856 4058 ,
1902 3993 1997 4046 καὶ

311 4081 530 4153 περιῄει
553 4080 839 4144 διδάσκων,
873 4080 967 4134 καὶ
990 4080 1090 4133 οὐκ
1118 4078 1256 4150 ἔχων
1284 4078 1387 4132 ποῦ
1415 4079 1513 4150 τὴν
1542 4078 1783 4151 κεφαλὴν
1816 4080 1994 4153 κλίνῃο

312 4170 455 4241 πλὴν
489 4169 624 4223 ἀλλά
654 4169 749 4223 καὶ
779 4169 981 4241 ἑτέρως
1022 4168 1082 4222 τὸ
1119 4168 1251 4222 αὐτὸ
1282 4168 1441 4222 τοῦτο
1474 4166 1863 4235 κατεσκεύαζε,
1900 4170 1996 4222 καὶ

309 4260 376 4313 τὸ
408 4250 656 4313 ἐντεῦθεν
682 4258 949 4331 ᾠκονόμει
980 4259 1187 4331 κέρδος.
1226 4256 1334 4311 Τοῦ
1361 4257 1469 4329 γὰρ
1496 4256 1672 4313 ἐλθεῖν
1705 4257 1867 4311 αὑτὸν
1894 4258 1994 4330 τὴν

308 4345 431 4401 ὁδὸν
462 4345 688 4417 ταύτην,
723 4346 916 4401 ταύτὸν
944 4342 1035 4418 ἦν,
1060 4344 1094 4417 ἢ
1126 4346 1218 4399 καὶ
1243 4344 1421 4416 πολλῷ
1457 4345 1665 4416 μεῖζον,
1684 4345 1746 4399 τὸ
1774 4345 1879 4398 ὑπὸ
1900 4344 1992 4398 τοῦ

310 4433 560 4498 ἐλθόντος
588 4432 1002 4506 μαρτυρεῖσθαι.
1046 4431 1256 4497 Ἀλλως
1290 4431 1368 4499 δὲ,
1400 4434 1428 4485 ό
1464 4432 1561 4502 μὲν
1607 4430 1861 4503 Ἰωάννης
1902 4432 1991 4484 0'3-

310 4523 404 4579 δέν
429 4523 588 4577 πλέον
618 4522 953 4590 ἐπεδείξατο,
984 4522 1122 4594 πλὴν
1152 4522 1246 4575 τοῦ
1276 4521 1392 4592 βίου
1424 4520 1519 4576 καὶ
1548 4522 1649 4593 τῆς
1678 4520 1952 4584 πολιτείας
1973 4537 1989 4551 ο

324 4610 603 4679 Ἰωάννης
652 4611 790 4683 γὰρ,
845 4610 1101 4682 φησὶνδτ,
1165 4609 1350 4664 οὐδὲν
1400 4608 1653 4677 ἐποίησε
1702 4607 1991 4677 σημεῖον-ο

312 4699 480 4763 αὐτὸς
500 4700 556 4754 δὲ
580 4700 674 4752 καί
698 4700 797 4770 τὴν
820 4698 927 4752 ἀπὸ
954 4697 1063 4751 τῶν
1095 4696 1334 4768 σημείων
1361 4696 1457 4750 καὶ
1477 4695 1574 4767 τὴν
1602 4695 1710 4749 ἀπὸ
1736 4695 1846 4749 τῶν
1870 4694 1997 4747 θαυ-

315 4787 507 4859 μάτων
540 4785 846 4859 μαρτυρίαν
870 4780 1034 4855 είχεν.
1077 4785 1259 4853 Ἀφεὶς
1283 4784 1463 4837 τοίνυν
1496 4783 1748 4854 Ἰωάννην
1771 4781 1879 4836 ἀπὸ
1899 4783 1998 4851 τῆς

312 4874 572 4946 νηστείας
620 4875 893 4946 λάμπειν.
948 4874 1109 4937 αὐτὸς
1152 4874 1253 4944 τὴν
1302 4872 1554 4927 ἐναντίαν
1600 4867 1754 4942 ἦλθε,
1791 4871 1886 4926 καὶ
1918 4872 1999 4934 εἰς

312 4962 594 5036 τραπέζας
618 4963 804 5016 εἰσιὼν
831 4961 1096 5025 τελωνῶν,
1132 4960 1224 5016 καὶ
1251 4960 1446 5015 ἐσθίων
1473 4960 1566 5013 καὶ
1593 4959 1783 5016 πίνων.

388 5050 451 5103 δ’.
506 5048 791 5122 Ἐρώμεθα
816 5050 992 5103 τοίνυν
1028 5049 1313 5113 Ἰουδαίους
1337 5066 1349 5079 ⁸
1387 5048 1566 5103 Καλὸν
1593 5048 1627 5120 ἡ
1658 5046 1880 5118 νηστεία
1907 5047 2000 5100 καὶ

313 5138 665 5209 θαυμαστόν;
704 5137 912 5191 Οὐκοῦν
944 5137 1050 5191 ἔδει
1080 5136 1366 5191 πείθεσθαι
1403 5134 1645 5206 Ἰωάννῃ,
1682 5134 1775 5188 καὶ
1808 5134 2002 5188 ἀποδέ-

314 5225 513 5298 χεσθαι
544 5225 729 5289 αὑτὸν,
752 5226 846 5279 καὶ
874 5225 1151 5280 πιστεύειν
1196 5227 1309 5288 τοῖς
1338 5223 1433 5276 ὑπ’
1465 5221 1632 5276 αὐτοῦ
1664 5221 1998 5292 λεγομένοις.

311 5311 478 5368 Οὖτω
509 5314 618 5385 γὰρ
668 5314 813 5384 ὑμᾶς
848 5313 1072 5384 ἔμελλεν
1118 5316 1300 5368 ἐκεῖνα
1332 5311 1403 5365 τὰ
1432 5311 1653 5382 ῥήματα
1702 5310 2004 5381 προσάγειν

309 5399 398 5471 τῷ
455 5400 650 5473 Ἰησοῦ.
718 5400 878 5456 Ἀλλά
927 5401 1186 5473 φορτικὸν
1230 5403 1265 5472 ἡ
1312 5398 1535 5470 νηστεία
1579 5396 1674 5451 καὶ
1724 5396 2001 5466 ἐπαχθές;

315 5488 534 5543 Οὐκοῦν
562 5489 668 5543 ἔδει
724 5488 1009 5544 πείθεσθαι
1054 5488 1135 5560 τῷ
1179 5486 1375 5559 Ἰησοῦ,
1408 5486 1504 5540 καὶ
1548 5484 1827 5539 πιστεύειν
1856 5482 2006 5554 αὐτῷ

313 5575 421 5648 τὴν
455 5578 704 5632 ἐναντίαν
731 5577 958 5635 ἐλθόντι.
1001 5579 1081 5630 Δι’
1109 5575 1424 5647 ἀμφοτέρας
1445 5574 1491 5606 ⁵⁸
1519 5574 1628 5645 γάρ
1654 5572 1773 5625 ὁδοῦ
1803 5573 1883 5636 είς
1909 5572 2008 5641 τὴν

318 5664 604 5738 βασιλείαν
637 5665 892 5738 ἐμέλλετε
920 5666 1236 5738 ἐμπίπτειν.
1291 5662 1430 5716 Ἀλλ’
1457 5661 1648 5733 ὥσπερ
1671 5661 1859 5733 θηρίον
1883 5659 2010 5713 δύσ-

396 5830 443 5864 ιι
481 5830 596 5904 Τῷ]
627 5832 687 5885 τό
718 5832 803 5904 ιιῑξ
838 5832 900 5887 ι).

324 5972 376 6006 ⁸ο
413 5971 860 6057 ἐπέδειξα-μυιιι.
934 5974 978 6005 ⁵¹
1019 5971 1280 6057 ῇιγνώμτζί

1238 467 1305 524 IN
1343 464 1758 527 MATTH/EUM
1795 460 2031 520 HOMIL.
2074 459 2339 516 XXXVII.
2373 463 2444 517 al.
2487 461 2771 520 XXXVI".

396 5830 443 5864 “
481 5830 596 5904 Τῷ]
627 5832 687 5885 τό
718 5832 803 5888 bis
838 5832 900 5887 D.
1008 5833 1053 5866 “
1092 5830 1186 5886 τοῦ
1214 5847 1327 5887 om.
1361 5828 1426 5883 Α.
1457 5828 1518 5883 C.
1558 5829 1620 5883 Ε.
1667 5825 1898 5900 συνῳδὰ]
1942 5842 1994 5882 ει

322 5902 372 5936 ιτ
413 5902 576 5936 ..η-...ιη
606 5918 692 5936 nm
746 5902 863 5936 um-
916 5902 1024 5936 nm.
1141 5903 1187 5935 ιε
1226 5897 1564 5936 κηηωφέηηρῖ
1602 5898 1692 5936 mn
1726 5899 1756 5936 Δ
1824 5897 1864 5936 n
1911 5896 1949 5936 Ρ

2098 5824 2344 5895 βούλεται
2372 5825 2433 5881 C.
2471 5825 2533 5880 E.
2561 5835 2618 5881 et
2646 5842 2729 5897 pr.
2759 5827 2907 5898 αύτῷ
2936 5843 3048 5884 om.
3084 5823 3143 5881 Ι).

2133 5897 2314 5936 omnan
2359 5897 2627 5936 Evnrlnnr
2686 5897 2817 5936 νᾶηἶ
2864 5898 2961 5936 "lu
3005 5897 3119 5936 ΕΔΑ

412 5895 715 5971 φησίνόιιι.
746 5902 881 5955 Mor.
916 5902 1047 5958 Ben.
1141 5903 1187 5935 ⁸⁸
1225 5897 1567 6027 ἀμὲοτὶραςλ
1602 5898 1694 5954 Sic
1719 5895 1794 5954 Αἰ
1821 5895 1968 5951 Ι).”Ι·“.
2003 5895 2104 5967 Ep.
2133 5897 2314 5951 calori
2359 5895 2662 5968 ἐκατέραςξ
2686 5897 2817 5970 γάρ]
2862 5895 2961 5968 μέν
3005 5897 3142 5952 Edd.
3247 5895 3294 5930 δ’
3336 5895 3433 5966 βάρ

413 5971 860 6053 ἐπέδειξα-βοαί.
934 5974 978 6005 ⁸⁸
1019 5972 1280 6053 ήιγνώ-μη
1361 6011 1374 6025 .
1458 6009 1471 6023 .
1512 5972 1590 6053 .-³
1619 5967 1998 6053 ἐγένετοηειιίι.
2074 5967 2120 5999 ⁸³
2157 5964 2336 6053 σκιάγ]
2370 5966 2815 6053 ἢάύ.ΛτιγαῖΕᾳά.
2851 5978 3041 6053 ςοιηερ
3072 5966 3433 6053 Ερλειροόό.

3668 464 3737 520 ιν
3748 464 3791 520 ι.

2096 591 2295 645 τροπον
2314 576 2605 647 ἑκατέρους
2636 575 2908 641 ἐκάκιζον.
2937 578 3049 633 Οὐκ
3074 579 3181 651 ἄρα
3202 580 3262 634 τὸ
3288 581 3537 655 ἔγκλημα
3563 586 3674 640 τῶν
3695 588 3767 658 μὴ

2098 660 2497 714 πιστευθέντων
2516 702 2531 725 ,
2580 662 2694 715 ἀλλ’
2724 664 2756 732 ή
2782 664 3087 736 κατηγορία
3117 665 3227 717 τῶν
3260 666 3335 737 μὴ
3370 671 3775 725 πιστευσάντων

2095 741 2184 830 ἦν.
2220 748 2407 812 Οὐδεὶς
2436 749 2546 819 γάρ
2581 767 2710 803 ποτε
2735 749 2805 803 τὰ
2829 752 3043 805 ἐναντία
3083 752 3329 817 κακίζειν
3361 756 3551 816 ἕλοιτο.
3587 757 3776 830 ὥσπερ

2097 829 2191 887 οὖν
2220 835 2342 887 οὐδὲ
2373 837 2636 889 ἐπαινεῖν.
2670 832 2795 890 Οἷόν
2824 854 2876 890 τι
2914 837 3057 907 λέγω
3083 856 3096 869 ο
3151 842 3179 893 ὁ
3212 841 3304 895 τὸν
3335 843 3557 913 φαιδρὸν
3585 829 3777 900 ἀποδεέ

2098 922 2327 994 χόμενος
2369 921 2658 994 ἄνθρωπον
2704 925 2798 978 καὶ
2843 924 3146 996 ἀνειμένον,
3190 927 3282 981 τὸν
3328 930 3653 1001 σκυθρωπὸν
3683 935 3777 986 καὶ

2100 1009 2272 1081 βαρὺν
2288 1010 2332 1041 δ’
2358 1010 2457 1063 οὐκ
2480 1011 2835 1078 ἀποδέξεται·
2872 1014 2900 1066 6
2927 1014 3018 1068 τὸν
3051 1015 3375 1086 σκυθρωπὸν
3405 1018 3662 1083 ἐπαινῶν,
3685 1020 3775 1073 τὸν

2100 1097 2324 1170 φαιδρὸν
2361 1098 2461 1152 οὐκ
2502 1100 2798 1154 ἐπαινέσει.
2842 1101 3148 1173 Ἀμήχανον
3190 1104 3298 1175 γὰρ
3324 1105 3418 1158 καὶ
3443 1105 3646 1176 ταύτην
3678 1108 3778 1160 κά-

2098 1186 2284 1257 κείνην
2308 1187 2516 1242 τιθέναι
2547 1188 2645 1257 τὴν
2672 1188 2872 1259 ψῆφον.
2915 1190 3014 1244 Διά
3045 1191 3206 1246 τοῦτο
3250 1194 3345 1246 καὶ
3377 1193 3539 1258 αὐτός
3568 1211 3734 1265 φησιν
3758 1209 3773 1223 ·

2097 1273 2472 1345 Ηύλήσαμεν
2491 1276 2655 1345 ὑμῖν,
2690 1279 2789 1332 καὶ
2813 1281 2924 1333 οὐκ
2952 1279 3312 1349 ὠρχήσασθε
3329 1298 3342 1312 ο
3381 1281 3647 1346 τουτέστι,
3672 1281 3775 1335 Τὺν

2097 1364 2384 1434 ἀνειμένον
2432 1363 2544 1433 βίον
2593 1365 2849 1431 ὑπέδειξα
2867 1368 2947 1433 ⁵ο,
3002 1369 3096 1422 καὶ
3136 1370 3237 1423 οὐκ
3283 1370 3594 1440 ἐπείσθητε.
3642 1370 3774 1438 Καὶ,

2110 1450 2578 1521 Ὲθρηνήσαμεν,
2612 1452 2709 1507 καί
2734 1456 2845 1508 οὐκ
2868 1455 3178 1524 ἐκόψασθε
3202 1474 3215 1487 ·
3251 1457 3549 1523 τουτέστιν,
3597 1458 3776 1513 Ἰωάν-

2096 1555 2198 1610 νης
2220 1537 2312 1593 τὸν
2343 1539 2580 1611 σκληρὸν
2613 1541 2706 1593 καὶ
2740 1541 2910 1612 βαρὺν
2942 1543 3175 1615 μετῆλθε
3211 1543 3347 1615 βίον,
3379 1544 3475 1597 καὶ
3505 1544 3568 1597 οὐ
3604 1562 3775 1617 προσ-

2099 1625 2306 1697 έσχετε.
2359 1628 2469 1680 Καὶ
2496 1627 2556 1680 οὑ
2591 1627 2759 1695 λέγει,
2802 1629 3038 1693 Ἐκεῖνος
3075 1630 3294 1695 τοῦτον,
3350 1630 3505 1700 κάγὼ
3544 1632 3772 1685 τοῦτονο

2098 1715 2212 1769 ἀλλ’
2240 1715 2427 1786 ἐπειδὴ
2458 1715 2558 1786 μία
2587 1714 2777 1787 γνώμη
2796 1718 2841 1748 ⁸¹
2874 1718 3150 1788 ἑκατέρων
3181 1715 3267 1790 ἦν,
3301 1721 3348 1772 εί
3372 1721 3468 1773 καὶ
3488 1719 3557 1773 τά
3590 1721 3775 1792 ἐπιτη-

2096 1802 2343 1873 δεύματα
2365 1803 2604 1867 ἐναντία,
2635 1804 2721 1857 διὰ,
2757 1803 2915 1857 τοῦτο
2945 1805 3098 1859 κοινά
3136 1807 3203 1859 τὰ
3234 1808 3574 1878 γεγενημένα
3609 1810 3774 1879 φησὶν

2097 1886 2254 1944 εἶναι.
2291 1891 2401 1946 Καὶ
2430 1891 2539 1963 γάρ
2562 1892 2656 1946 καὶ
2683 1892 2745 1945 τὸ
2763 1892 2860 1963 τὴν
2880 1894 3130 1948 ἐναντίαν
3152 1894 3326 1948 ἐλθεῖν
3343 1896 3481 1959 ὁδὸν,
3515 1896 3623 1949 ἀπὸ
3645 1914 3777 1968 συμ-

2098 1980 2303 2049 φωνίας
2333 1981 2733 2051 ἐπιτεταμένης
2763 1982 2973 2051 ἐγίνετο
2988 1983 3057 2049 ⁸⁸,
3103 1984 3353 2055 καὶπρὸς
3381 1983 3439 2039 ἐν
3470 1985 3774 2055 βλεπούσης

2095 2067 2269 2131 τέλος.
2313 2067 2482 2121 Ποίαν
2513 2063 2605 2122 οὖν
2645 2069 2863 2140 σχοίητε
2894 2069 3080 2124 λοιπὸν
3115 2071 3447 2141 ἁπολογίαν;
3484 2074 3583 2128 Διᾶ
3619 2073 3777 2129 τοῦτο

2097 2156 2191 2209 καί
2221 2157 2470 2227 ἐπήγαγε
2501 2172 2514 2187 ο
2551 2156 2663 2211 Καί
2711 2156 3021 2228 ἐδικαιώθη
3055 2162 3094 2228 η
3146 2162 3333 2230 σοφία
3379 2162 3499 2218 ἀπὸ
3531 2161 3651 2216 τῶν
3680 2162 3773 2217 τέ-

2097 2262 2257 2298 κνων
2300 2244 2491 2313 αὐτῆς
2511 2261 2524 2275 ·
2577 2245 2886 2306 τουτέστιν,
2921 2248 2983 2300 Et
3012 2248 3105 2301 καὶ
3137 2248 3294 2318 ὑμεῖς
3325 2250 3426 2303 οὐκ
3461 2251 3774 2323 ἐπείσθητε,

2096 2332 2210 2385 ἀλλ’
2250 2334 2373 2403 ἐμοὶ
2409 2332 2595 2386 λοιπὸν
2633 2334 2883 2401 ἐγκαλεῖν
2911 2336 3011 2388 οὐκ
3039 2335 3211 2406 ἔχετε.
3255 2338 3319 2390 Ὃ
3369 2337 3499 2408 περὶ
3529 2339 3622 2391 τοῦ
3666 2335 3779 2391 Πα-

2095 2415 2224 2485 τρός
2258 2432 2421 2486 φησιν
2450 2417 2478 2469 6
2510 2418 2797 2489 προφήτης
2820 2435 2834 2449 ·
2871 2419 3069 2486 Ὅπως
3102 2418 3179 2473 ἂν
3207 2418 3528 2489 δικαιωθῇς
3555 2423 3626 2474 ἐν
3653 2422 3776 2489 τοῖς

2095 2499 2301 2566 λόγοις
2333 2513 2469 2553 σου.
2519 2500 2578 2553 'O
2613 2501 2722 2573 γὰρ
2750 2501 2902 2566 Θεὸς.
2952 2503 3055 2557 κᾶν
3092 2502 3258 2573 μηδὲν
3299 2503 3436 2574 ἀνύῃ
3480 2504 3639 2557 πλέον
3670 2506 3777 2558 ἀπὸ

2095 2584 2192 2653 τῆς
2218 2600 2285 2634 πε
2296 2582 2347 2653 ρὶ
2368 2584 2514 2654 ἡμᾶς
2536 2584 2879 2655 κηδεμονίας,
2903 2584 2970 2638 τά
2993 2590 3121 2656 παρ’
3144 2586 3337 2640 ἑαυτοῦ
3362 2589 3536 2641 πάντα
3558 2588 3662 2661 πλη
3671 2592 3774 2662 ροί,

2095 2666 2236 2719 ὥστε
2258 2671 2370 2729 τοῖς
2398 2669 2774 2737 ἀναισχυντεῖν
2808 2668 3157 2739 βουλομένοις
3196 2670 3330 2741 μηδὲ
3357 2670 3513 2724 σκιὰν
3534 2672 3580 2703 ⁸³
3612 2689 3778 2725 κατα-

2094 2749 2275 2802 λιπεῖν
2316 2749 2631 2825 ἀγνώμονος
2665 2750 3015 2820 ἀμφιεολίας.
3063 2752 3124 2804 EE
3153 2752 3208 2805 δὲ
3254 2752 3324 2807 τὰ
3358 2754 3778 2824 παραδείγματα

2096 2830 2291 2900 εὐτελῆ
2334 2830 2428 2884 καὶ
2474 2832 2830 2901 κακέμφατα,
2877 2832 2951 2905 μὴ
2994 2832 3321 2907 θαυμάσῃς·
3368 2837 3506 2907 πρὸς
3543 2837 3652 2908 γὰρ
3680 2838 3778 2910 τήν

2096 2913 2383 2969 ἀσθένειαν
2422 2914 2530 2967 τῶν
2559 2915 2868 2969 ἀκουόντων
2889 2916 3178 2986 διελέγετο.
3240 2919 3393 2973 Ἐπεὶ
3433 2921 3577 2974 καὶὸ
3613 2921 3777 2986 Ἰεζε-

2096 2998 2222 3069 κιὴλ
2269 2997 2440 3051 πολλά
2485 2997 2633 3066 λέγει
2687 3000 3107 3070 παραδείγματα
3162 3003 3346 3067 αὐτοῖς
3402 3006 3687 3075 πρόσφορα
3707 3006 3778 3071 ⁸⁸,

2098 3079 2250 3154 [420]
2287 3082 2381 3135 καὶ
2408 3081 2508 3151 τῆς
2538 3080 2630 3133 τοῦ
2650 3082 2785 3135 θεοῦ
2821 3083 3209 3155 μεγαλωσύνης
3243 3086 3458 3151 ἀνάξια.
3503 3087 3660 3142 Ἀλλά
3686 3088 3781 3143 καὶ

2095 3163 2253 3218 τοῦτο
2299 3164 2533 3234 μάλιστα
2567 3165 2718 3231 ἄξιον
2762 3165 2926 3219 αὐτοῦ
2960 3167 3060 3237 τῆς
3100 3169 3448 3240 κηδεμονίας.
3491 3171 3690 3226 Σκόπει
3722 3173 3780 3227 δέ

2096 3247 2292 3310 αὐτοὺς
2324 3246 2417 3299 καὶ
2437 3246 2705 3316 ἑτέρωθεν
2736 3250 2815 3311 είς
2847 3250 3099 3315 ἐναντίας
3126 3251 3574 3323 περιενεχθέντας
3602 3252 3777 3319 δόξας.

2095 3329 2356 3392 Είπόντες
2394 3327 2504 3398 γὰρ
2533 3330 2663 3400 περὶ
2715 3330 2987 3395 Ἰωάννου,
3036 3334 3117 3386 ὅτι
3169 3334 3446 3405 δαιμόνιον
3491 3337 3641 3407 ἔχει,
3679 3338 3781 3392 οὐκ

2096 3412 2331 3481 ἔστησαν
2356 3410 2518 3483 μέχρι
2548 3409 2765 3474 τούτου,
2797 3411 2932 3464 ἀλλά
2967 3414 3063 3466 καὶ
3091 3416 3219 3484 περὶ
3246 3415 3415 3469 αὑτοῦ
3455 3416 3524 3470 τά
3561 3419 3780 3472 ἐναντία

2096 3493 2423 3566 αἱρουμένου
2452 3494 2514 3547 τὸ
2551 3495 2683 3548 αὐτὸ
2721 3494 2882 3549 τοῦτο
2912 3490 3064 3549 εἷπον
3096 3498 3258 3551 πάλιν
3283 3514 3297 3528 ·
3349 3498 3524 3563 οὕτως
3565 3502 3645 3565 εἰς
3678 3519 3782 3573 μα-

2096 3577 2332 3649 χομένας
2372 3578 2461 3631 ἀεὶ
2508 3578 2902 3649 περιεφέροντο
2941 3580 3119 3644 δόξας.
3166 3581 3225 3634 '0
3268 3581 3324 3634 δὲ
3360 3585 3575 3648 Λουκᾶς
3643 3587 3780 3655 μετά

2095 3660 2303 3715 τούτων
2339 3661 2435 3714 καὶ
2465 3661 2657 3732 ἑτέραν
2691 3660 2916 3733 μείζονα
2951 3663 3165 3733 τίθησιν
3202 3664 3385 3718 αὐτῶν
3421 3667 3779 3738 κατηγορίαν,

2097 3742 2268 3797 εἰπών
2289 3760 2304 3775 ·
2351 3746 2417 3799 Ol
2453 3744 2563 3814 γὰρ
2600 3743 2850 3798 τελῶναι
2881 3745 3244 3801 ἐδικαίωσαν
3272 3748 3380 3801 τὸν
3414 3748 3583 3813 Θεὸν,
3615 3750 3785 3815 δεξά·

2092 3844 2266 3897 μενοι
2311 3827 2378 3881 τὸ
2413 3826 2735 3896 βάπτισμα
2786 3826 3092 3884 Ἰωάννου.
3140 3830 3273 3883 Τότε
3314 3830 3501 3884 λοιπὸν
3531 3832 3781 3896 ὀνειδίζει

2097 3908 2198 3971 τὰς
2226 3908 2429 3972 πόλεις,
2459 3910 2548 3962 ὅτε
2576 3908 2869 3981 ἐδικαιώοη
2898 3912 2931 3980 ἡ
2963 3911 3144 3978 σοφία,
3181 3912 3269 3964 ὅτε
3313 3912 3563 3980 ἀπέδειξε
3605 3917 3783 3970 πάντα

2098 3982 2526 4062 πεπληρωμένα.
2578 3992 2794 4063 Ἐπειδὴ
2823 3994 2933 4065 γὰρ
2957 3994 3057 4047 οὐκ
3092 3994 3298 4059 ἔπεισε,
3348 3995 3622 4060 ταλανίζει
3666 3999 3780 4051 λοι-

2097 4075 2220 4141 πὸν,
2256 4075 2284 4128 ὃ
2318 4073 2413 4127 τοῦ
2460 4074 2693 4145 φοὸἧσαι
2723 4075 2885 4129 πλέον
2914 4077 3050 4130 ἐστί.
3101 4078 3213 4131 Καὶ
3237 4078 3345 4150 γὰρ
3383 4078 3481 4149 τὴν
3517 4080 3628 4133 ἀπὸ
3672 4081 3777 4136 τῶν

2096 4158 2270 4227 λόγων
2311 4157 2662 4211 διδασκαλίαν
2715 4159 3046 4225 ἐπεδείξατο,
3099 4161 3192 4214 καὶ
3241 4162 3339 4232 τὴν
3391 4162 3501 4215 ἀπὸ
3546 4163 3653 4216 τῶν
3685 4181 3781 4234 ση-

2102 4242 2270 4311 μείων
2300 4240 2766 4313 θαυματουργίαν.
2826 4241 3042 4314 Ἐπειδὴ
3082 4243 3138 4297 δὲ
3171 4242 3393 4313 ἔμειναν
3432 4245 3525 4299 ἐπὶ
3554 4247 3657 4319 τῆς
3683 4249 3781 4302 αὐ-

2099 4323 2206 4377 τῶν
2244 4323 2525 4387 ἀπειθείας
2540 4324 2609 4387 ",
2657 4322 2901 4389 ὀνειδίζει
2930 4325 3141 4381 λοιπόν.
3186 4327 3325 4382 Τότε
3364 4324 3493 4400 γὰρ,
3529 4331 3713 4400 φησὶν,
3746 4333 3781 4385 ό

2110 4406 2341 4475 Ἰησοῦς
2389 4406 2613 4475 ἤρξατο
2643 4406 2949 4468 ὀνειδίζειν
2985 4409 3091 4474 τὰς
3132 4410 3363 4476 πόλεις,
3403 4412 3472 4464 ἐν
3521 4408 3616 4479 αἶς
3652 4413 3781 4478 ἐγέ-

2097 4505 2276 4543 νοντο
2306 4492 2366 4544 αί
2390 4489 2669 4543 πλεῖσται
2711 4489 2996 4560 δυνάμεις
3019 4493 3228 4556 αὐτοῦ,
3271 4492 3361 4547 ὅτι
3394 4496 3467 4547 οὺ
3501 4494 3782 4563 μετενοή-

2098 4587 2239 4635 σαν.
2267 4573 2488 4643 λέγων·
2518 4574 2666 4628 Οὐαί
2690 4590 2811 4638 σοι,
2834 4574 3083 4643 Χοραζῖν
3103 4590 3117 4607 ·
3146 4578 3285 4631 οὐαί
3310 4591 3429 4641 σοι,
3454 4576 3779 4644 Βηθσαϊδὰ.

2100 4651 2235 4708 Εἶτα
2263 4655 2350 4708 ἵνα
2379 4654 2557 4726 μάθῃς
2584 4655 2685 4709 οὐκ
2706 4657 2814 4710 ἀπὸ
2840 4656 3055 4726 φύσεως
3085 4660 3284 4722 αὐτοὺς
3306 4659 3579 4725 τοιούτους
3598 4660 3777 4728 ὄντας,

2099 4736 2281 4807 τίθησι
2312 4736 2408 4790 καὶ
2435 4738 2496 4790 τὸ
2518 4737 2688 4808 ὄνομα
2713 4738 2809 4809 τῆς
2833 4738 3062 4804 πόλεως,
3096 4740 3191 4809 ἀφ’
3219 4736 3287 4811 ἧς
3318 4741 3481 4795 πέντε
3511 4745 3783 4815 προήλθοι

2100 4819 2411 4874 ἀπόστολοι.
2464 4821 2531 4874 "0
2565 4835 2625 4872 τε
2657 4819 2765 4890 γὰρ
2802 4819 3068 4884 Φίλιππος
3118 4823 3212 4876 καὶ
3255 4825 3310 4875 αἱ
3359 4822 3453 4877 δύο
3493 4823 3783 4896 ξυνωρίδες

2100 4908 2306 4961 ἐκεῖναι
2328 4909 2384 4961 αἱ
2415 4907 2461 4939 ⁸⁸
2494 4907 2603 4960 τῶν
2628 4907 2940 4979 κορυφαίων
2998 4910 3249 4963 ἐντεῦθεν
3280 4906 3443 4982 ἦσαν.
3474 4914 3600 4968 Ὅτι
3631 4918 3685 4970 εὶ
3714 4916 3785 4970 ἐν

2108 4992 2268 5058 Τύρῳ
2288 4989 2387 5044 καὶ
2411 4989 2623 5045 Σιδῶνι
2650 4990 2952 5060 ἐγένοντο,
2987 4993 3173 5063 φησιν,
3205 4997 3265 5048 al
3290 4994 3580 5065 δυνάμεις
3604 5002 3664 5052 αί
3690 5016 3784 5068 γε-

2102 5075 2350 5145 νόμεναι
2370 5076 2441 5128 έν
2456 5075 2598 5144 ὑμῖν
2614 5075 2682 5139 ³⁷,
2703 5074 2773 5128 ἐν
2802 5074 3013 5140 σάκκῳ
3036 5075 3134 5129 καὶ
3158 5077 3370 5143 σποδῷ
3379 5083 3781 5149 μετενόησαν.

2104 5158 2282 5226 Πλὴν
2305 5160 2461 5228 λέγω
2476 5158 2641 5229 ὑμῖν,
2671 5159 2834 5226 Τύρῳ
2851 5159 2951 5212 καί
2968 5159 3181 5216 Σιδῶνι
3198 5163 3594 5233 ἀνεκτότερον
3609 5164 3784 5220 ἔσται

2101 5240 2172 5294 ἐν
2204 5240 2393 5309 ἡμέρᾳ
2438 5240 2717 5307 κρίσεως,
2748 5241 2785 5307 ἢ
2816 5239 2981 5309 ὑμῖν.
3031 5243 3143 5296 Καὶ
3175 5245 3257 5298 σὺ
3289 5245 3704 5314 Καπερναοὺμ,
3747 5249 3786 5313 ἠ

2102 5323 2215 5390 ἕως
2244 5322 2355 5377 τοῦ
2385 5324 2647 5391 οὐρανοῦ
2684 5326 2723 5379 ὑ
2733 5324 3020 5393 ψωθεῖσα,
3052 5324 3165 5393 ἕως
3200 5327 3350 5394 ᾅδου
3385 5327 3430 5359 ³⁸
3474 5331 3786 5382 καταϐιϐα-

2105 5406 2319 5475 σθήσῃ
2344 5421 2358 5436 ·
2389 5405 2478 5458 ὅτι
2501 5408 2555 5459 εί
2579 5406 2650 5459 ἐν
2670 5406 2960 5476 Σοδόμοις
2996 5408 3278 5478 ἐγένοντο
3326 5412 3388 5465 al
3424 5410 3709 5481 δυνάμεις
3729 5416 3789 5467 al

2106 5490 2422 5560 γενόμεναι
2452 5489 2523 5542 ἐν
2553 5489 2677 5552 σοὶ,
2722 5489 2970 5560 ἔμειναν
2996 5491 3075 5545 ἂν
3120 5492 3300 5562 μέχρι
3352 5492 3464 5562 τῆς
3499 5492 3786 5563 σήμερον.

2109 5573 2286 5641 Πλὴν
2304 5573 2460 5642 λέγω
2480 5573 2642 5642 ὑμῖν,
2669 5573 2759 5628 ὅτι
2781 5573 2860 5643 τῇ
2881 5574 3165 5644 Σοδόμων
3194 5576 3591 5647 ἀνεκτότερον
3618 5578 3792 5633 ἔσται

2109 5655 2178 5709 ἐν
2201 5656 2392 5726 ἡμέρα
2419 5657 2696 5726 κρίσεως,
2719 5658 2757 5728 ἢ
2784 5660 2907 5715 σοί.
2954 5662 3066 5714 Καὶ
3084 5660 3153 5714 τά
3178 5661 3458 5732 Σόδομαδέ
3490 5662 3674 5726 αὐτοῖς
3693 5663 3792 5733 οὑχ

3262 5825 3309 5859 ⁸⁸
3345 5822 3539 5896 εἵλετο]
3569 5819 3792 5896 66°91’-

3247 5894 3793 5996 ‘Z.E?.P6“£°‘1.F:“;E-

3591 5965 3791 6018 ἀπρόσο

328 6011 1471 6121 ἑῖἲὲἓῆεεεηὲευἶιέψιῖδοῖιὶιιῗ
1511 6041 1556 6075 ⁸³
1596 6011 1708 6121 τὲιῖξ
1723 6011 1994 6121 ἓξὲξ)ξὲἓί

2098 6011 2353 6121 μσὲἆξέ.
2370 6011 3049 6110 ξιέτέὶοὲίἐιξ]“ἇξόπξᾶἔ’ὲῖ.
3073 6011 3172 6069 ’ῗὸ
3196 6011 3453 6093 ἷῐᾶἑὲέι
3475 6034 3531 6090 in
3563 6011 3797 6090 Εἶίᾶῗὲι

509 6113 554 6147 ⁸⁷
596 6113 747 6187 ὑμῖν]
778 6106 1107 6175 εύά.“πάιλαι
1134 6113 1197 6171 ἄν
1223 6117 1285 6168 Α.
1323 6106 1357 6168 1⁷
1379 6106 1550 6185 Μοειι.
1630 6106 1675 6144 ³⁸
1715 6107 1807 6165 τοῦ
1834 6106 1961 6184 ᾅδου
1990 6106 2126 6163 Edd.
