4118 6450
408 444 511 501 1⁵25

401 566 713 630 gumentum
746 562 846 622 est,
871 568 988 609 cum
1013 568 1117 606 non
1142 551 1301 606 modo
1324 550 1692 621 praesentibus,
1717 550 1810 605 sed
1832 549 1992 604 etiam

404 654 466 706 iis
487 651 577 722 qui
600 650 725 705 olim
749 648 961 702 fuerunt
979 645 1253 702 sceleratis
1274 644 1567 699 deteriores
1587 657 1705 698 esse
1728 642 1990 697 videntur.

401 743 490 798 Sic
515 750 570 798 et
595 742 720 797 alibi
751 741 893 811 ipsos
927 738 1247 794 condemnat
1286 737 1684 807 comparatione
1710 734 1844 790 facta
1871 751 1993 789 cum

404 833 654 889 Ninivitis
678 842 729 888 et
763 847 884 888 cum
923 832 1106 901 regina
1135 829 1315 885 Austri
1350 828 1559 902 (Matth.
1598 829 1687 884 12.
1721 829 1810 883 41.
1842 826 1940 900 42)
1975 846 1988 882 :

403 940 585 981 verum
616 924 723 981 illic
761 924 825 979 iis
864 924 950 994 qui
994 932 1140 979 recte
1181 921 1455 987 fecerunt,
1504 922 1593 978 hic
1636 936 1765 977 vero
1799 921 1862 975 iis
1904 920 1991 991 qui

403 1016 542 1071 male
561 1024 785 1087 egerunt
809 1015 955 1085 ipsos
979 1023 1273 1084 comparat,
1301 1012 1441 1084 quod
1472 1014 1627 1083 longe
1652 1014 1865 1083 gravius
1888 1021 1987 1068 est.

403 1107 555 1162 llunc
576 1122 785 1177 quoque
813 1104 1096 1160 damnandi
1125 1103 1337 1159 modum
1359 1104 1503 1159 novit
1527 1102 1799 1169 Ezechiel;
1828 1118 1992 1172 quare

400 1197 535 1252 dixit
558 1196 905 1269 Jerosolymm
935 1213 948 1248 :
989 1194 1296 1262 litati/icain
1324 1211 1519 1249 sorores
1542 1204 1653 1249 tuas
1681 1195 1732 1248 in
1761 1193 1991 1248 omnibus

402 1291 613 1359 peccatis
638 1293 736 1344 tuis
766 1287 988 1359 (Ezech.
1036 1287 1119 1343 16.
1167 1288 1296 1355 51).
1342 1288 1430 1343 Sic
1475 1288 1671 1358 ubique
1716 1287 1768 1342 in
1810 1284 1988 1343 Veteri

400 1383 744 1438 Testamento
771 1382 824 1435 in
854 1380 939 1435 his
966 1380 1167 1435 versari
1194 1380 1347 1435 solet.
1381 1378 1562 1450 Neque
1592 1379 1678 1434 hic
1714 1379 1872 1436 linem
1910 1379 1989 1434 di-

399 1473 553 1530 cendi
582 1473 726 1539 facit,
759 1472 853 1528 sed
888 1472 1133 1527 timorem
1160 1479 1317 1541 auget
1340 1469 1523 1526 dicens
1547 1510 1562 1536 ,
1591 1470 1831 1541 graviora
1861 1484 1988 1539 pas-

399 1580 554 1621 suros
582 1564 701 1620 ilius
725 1578 843 1619 esse
862 1604 877 1631 ,
906 1578 1065 1635 quam
1089 1561 1393 1618 Sodomitas
1417 1571 1472 1617 et
1497 1561 1710 1633 Tyrios.
1738 1562 1814 1617 Ita
1843 1561 1990 1632 ipsos

396 1657 633 1728 undique
660 1657 927 1723 concitat,
960 1665 1160 1712 etcum
1202 1656 1431 1712 miseros
1455 1655 1744 1728 praedicat,
1774 1666 1829 1712 et
1864 1672 1987 1711 cum

401 1747 790 1818 perterrefacit.

473 1840 526 1895 5.
557 1838 897 1909 Hospitalilas
921 1838 1317 1893 commendatur.
1350 1836 1537 1893 Contra
1562 1840 1842 1894 meretricia
1866 1855 1987 1894 can-

398 1932 519 1985 lica.
561 1960 633 1971 ——-
673 1929 799 1985 llaec
825 1944 1041 2001 quoque
1070 1945 1168 1984 nos
1198 1930 1492 1985 audiamus.
1528 1929 1709 2001 Neque
1734 1932 1876 1987 enim
1903 1931 1986 1986 in-

396 2020 633 2076 credulis
678 2027 879 2075 lantum
905 2062 920 2088 ,
958 2021 1053 2076 sed
1092 2021 1251 2075 etiam
1284 2021 1436 2075 nobis
1465 2022 1676 2091 gravius
1714 2024 1987 2078 constituit

395 2111 712 2181 supplicium
734 2153 748 2178 ,
782 2126 942 2182 quam
970 2109 1260 2166 Sodomitis
1284 2153 1298 2177 ,
1330 2111 1430 2166 nisi
1463 2113 1770 2183 peregrinos
1796 2112 1861 2168 ad
1889 2127 1987 2169 nos

396 2205 671 2260 venientes
704 2204 1029 2275 excipiamus
1053 2248 1068 2271 ,
1095 2219 1213 2259 cum
1243 2204 1401 2260 etiam
1429 2204 1701 2274 pulverem
1730 2215 1986 2261 excutere

391 2296 645 2367 jusserit;
694 2313 757 2353 ac
792 2298 914 2368 jure
943 2299 1151 2352 merito.
1196 2295 1274 2352 illi
1316 2313 1580 2367 namque,
1612 2298 1713 2353 etsi
1754 2298 1986 2368 graviter

397 2397 686 2460 peccarunt
709 2432 724 2455 ,
756 2398 810 2443 at
837 2398 961 2445 ante
990 2390 1160 2461 legem
1188 2401 1241 2444 et
1268 2391 1493 2461 gratiam
1518 2390 1650 2459 lapsi
1681 2399 1841 2457 sunt;
1886 2406 1985 2445 nos

396 2496 524 2535 vero
552 2481 636 2551 qui
679 2490 797 2550 post
833 2490 1029 2535 tantam
1079 2482 1229 2536 nobis
1261 2481 1547 2536 exhibitam
1578 2496 1760 2535 curam
1802 2497 1985 2551 pecca-

394 2587 515 2625 mus
537 2612 551 2636 ,
579 2586 680 2642 qua
710 2571 911 2626 erimus
953 2571 1107 2626 venia
1138 2571 1280 2640 digni
1308 2613 1324 2637 ,
1353 2571 1442 2641 qui
1480 2580 1684 2625 tantum
1713 2572 1981 2642 hospitum

392 2662 573 2718 odium
606 2661 919 2718 exhibemus
946 2704 961 2730 ,
1005 2661 1293 2733 egenisque
1328 2672 1509 2732 portas
1530 2703 1543 2725 ,
1571 2672 1623 2718 et
1648 2672 1771 2718 ante
1804 2674 1984 2733 portas

391 2770 549 2810 aures
592 2754 931 2810 claudimus?
978 2769 1076 2810 nec
1114 2755 1274 2812 modo
1312 2755 1631 2826 pauperibus
1656 2798 1670 2821 ,
1702 2755 1796 2811 sed
1823 2756 1983 2811 etiam

392 2848 521 2919 ipsis
549 2848 840 2917 apostolis?
869 2846 992 2904 ideo
1018 2848 1158 2903 enim
1185 2848 1532 2919 pauperibus,
1558 2849 1681 2918 quia
1707 2849 1979 2917 apostolis.

389 2942 525 2997 Cum
547 2941 690 2997 enim
720 2942 915 3014 legitur
943 2941 1138 2997 Paulus
1158 2983 1171 3006 ,
1200 2956 1298 2996 nec
1330 2949 1383 2995 tu
1410 2940 1671 3007 attendis;
1700 2956 1819 2996 cum
1848 2957 1985 3011 prte-

388 3034 533 3091 dicat
558 3032 827 3102 Joannes,
860 3041 913 3089 et
956 3042 1012 3089 tu
1056 3048 1161 3088 non
1196 3032 1348 3088 audis
1377 3050 1390 3086 :
1417 3032 1753 3105 quandonam
1787 3048 1984 3104 paupe-

390 3141 502 3181 rem
532 3127 779 3196 recipies,
807 3126 896 3197 qui
923 3127 1227 3196 apostolum
1256 3142 1362 3182 non
1390 3126 1616 3196 recipis?
1640 3124 1708 3181 Ut
1733 3126 1909 3197 itaque
1928 3134 1984 3182 et

388 3219 474 3274 his
501 3219 665 3286 mdes,
697 3228 751 3274 et
780 3219 882 3273 illis
910 3234 1068 3276 aures
1096 3227 1353 3288 perpetuo
1380 3227 1579 3287 aperta:
1605 3219 1731 3283 sint,
1765 3218 1979 3274 sordem

387 3326 602 3366 omnem
646 3309 714 3365 ab
754 3309 972 3366 auribus
1013 3312 1205 3364 anima:
1245 3324 1618 3380 expurgemus.
1660 3308 1807 3365 Sicut
1837 3311 1978 3365 enim

387 3403 574 3459 sordes
599 3411 652 3458 et
676 3404 837 3458 limus
857 3417 1012 3459 aures
1036 3402 1300 3473 corporis,
1325 3402 1401 3456 sic
1426 3400 1726 3460 meretricia
1752 3403 1976 3469 cantica,

387 3498 674 3554 saeculares
712 3495 1044 3552 narrationes
1062 3536 1077 3561 ,
1106 3496 1304 3563 debita,
1337 3510 1614 3551 sermones
1644 3493 1712 3550 de
1741 3510 1897 3549 usura
1926 3503 1981 3549 et

385 3599 571 3645 mutuo
594 3632 609 3657 ,
650 3589 817 3660 magis
844 3604 1002 3657 quam
1035 3587 1234 3656 quasvis
1261 3572 1447 3642 sordes
1477 3602 1635 3642 aures
1662 3587 1853 3642 anima:
1879 3587 1976 3643 oh-

389 3690 602 3746 turant;
637 3681 743 3735 imo
773 3695 877 3735 non
909 3679 1162 3735 obturant
1191 3678 1370 3747 modo,
1402 3678 1495 3733 sed
1527 3678 1829 3733 immundas
1860 3680 1980 3734 red-

385 3772 537 3826 dunt.
570 3772 701 3826 Nam
731 3771 818 3842 qui
871 3771 969 3826 ista
1009 3778 1260 3837 narrant,
1292 3770 1476 3824 limum
1509 3770 1561 3824 in
1592 3785 1746 3825 aures
1777 3778 1980 3825 vestras

388 3863 650 3934 injiciunt.
693 3863 770 3917 Ac
790 3862 929 3933 quod
951 3862 1205 3917 barbarus
1224 3862 1313 3917 ille
1328 3862 1750 3917 comminabatur
1765 3862 1946 3917 dicem
1962 3881 1979 3916 :

387 3956 668 4011 Comedelis
692 3964 880 4009 stercus
919 3963 1152 4018 vestrum,
1184 3963 1286 4008 etc.
1321 3953 1340 4024 (
1371 3952 1497 4007 Isat'.
1528 3952 1613 4007 56.
1644 3951 1747 4023 12)
1780 3971 1792 4007 :
1820 3952 1895 4007 sic
1926 3961 1979 4007 ct

388 4049 474 4103 isti
502 4064 608 4103 non
636 4047 819 4113 verbo,
852 4046 947 4102 sed
970 4046 1221 4116 operibus
1248 4060 1313 4099 eo
1337 4059 1432 4099 vos
1457 4043 1742 4108 deducunt,
1776 4052 1831 4097 ut
1862 4042 1977 4097 haec

387 4139 729 4204 sustineatis;
760 4138 868 4193 imo
892 4145 945 4192 et
977 4136 1132 4207 longe
1156 4135 1386 4206 gravius.
1417 4134 1624 4190 Etenim
1657 4133 1743 4188 illa
1770 4133 1975 4189 cantica

389 4231 470 4285 his
502 4230 669 4299 tange
712 4227 934 4284 fmdiora
965 4234 1091 4282 sunt.
1132 4243 1145 4279 :
1191 4226 1436 4296 quodque
1464 4225 1697 4281 deterius
1722 4232 1833 4289 est,
1870 4239 1975 4279 non

388 4319 547 4375 modo
570 4320 686 4375 hzec
713 4319 938 4373 moleste
968 4331 1075 4371 non
1107 4316 1283 4383 fertis,
1314 4316 1409 4371 sed
1436 4316 1593 4370 etiam
1623 4314 1824 4381 ridetis,
1855 4331 1974 4369 cum

387 4419 659 4482 oporteret.
684 4410 951 4467 exsecrari
983 4425 1045 4464 ac
1078 4408 1278 4479 fugere.
1309 4408 1460 4476 Quod
1494 4408 1537 4463 si
1562 4407 1675 4463 lucc
1703 4407 1978 4462 abomina-

386 4504 513 4558 hilia
540 4518 645 4559 non
672 4510 815 4567 sunt,
843 4499 1108 4557 descende
1138 4501 1189 4554 in
1217 4499 1563 4564 orchestram,
1599 4499 1806 4553 imitare
1835 4497 1974 4567 quod

387 4594 603 4661 laudas;
649 4595 757 4649 imo
783 4593 867 4648 adi
897 4609 1016 4648 eum
1039 4593 1129 4663 qui
1157 4592 1297 4647 hunc
1323 4592 1487 4647 risum
1515 4592 1728 4648 excitat.
1779 4591 1974 4646 Verum

388 4686 441 4742 id
468 4700 756 4757 numquam
781 4684 956 4739 facere
982 4684 1144 4739 ausis.
1176 4685 1281 4740 Cur
1305 4700 1432 4755 ergo
1458 4685 1534 4739 illi
1562 4693 1762 4739 tantum
1791 4683 1976 4739 tribuis

388 4776 692 4832 honorem?
716 4775 876 4845 Atqui
904 4774 1214 4830 Graecorum
1246 4774 1390 4845 leges
1415 4775 1714 4845 descriptae,
1749 4775 1865 4828 illos
1892 4776 1974 4829 in-

386 4868 554 4923 fames
583 4867 766 4922 habcri
800 4866 984 4921 volunt
1015 4885 1028 4920 :
1057 4874 1112 4919 tu
1151 4881 1280 4920 vero
1322 4866 1440 4920 illos
1471 4881 1591 4920 cum
1624 4874 1733 4920 tota
1762 4866 1975 4922 civitate

387 4960 580 5030 recipis
600 5000 615 5026 ,
661 4959 813 5029 quasi
840 4957 1041 5028 legatos
1067 4958 1083 4988 ¹
1114 4966 1167 5011 et
1193 4956 1358 5012 duces
1377 4999 1390 5022 ,
1423 4966 1933 5026 omnesque‘evocas
1957 4998 1971 5023 ,

387 5060 445 5105 ut
490 5051 672 5104 lituum
717 5050 768 5103 in
808 5048 1026 5103 auribus
1066 5047 1347 5118 accipiant.
1411 5048 1489 5101 Ac
1532 5061 1717 5101 servus
1760 5047 1975 5117 quidem

386 5155 528 5211 tuus,
558 5144 601 5199 si
633 5142 759 5213 quid
788 5151 939 5211 turpe
958 5182 973 5207 ,
1005 5149 1056 5195 te
1084 5139 1363 5205 audiente,
1395 5139 1657 5209 loquatur,
1689 5140 1832 5193 mille
1859 5139 1974 5208 pla-

383 5250 479 5305 gas
505 5234 733 5304 accipit;
762 5241 816 5287 et
841 5234 884 5286 si
916 5232 1056 5286 filius
1075 5273 1088 5297 ,
1118 5232 1161 5286 si
1192 5247 1343 5297 uxor,
1370 5230 1415 5284 si
1446 5231 1685 5301 quisquis
1708 5231 1845 5285 alius
1874 5230 1976 5286 hoc

385 5327 581 5393 faciat,
611 5341 723 5380 rem
763 5324 906 5378 illam
937 5337 1096 5378 vocas
1124 5322 1499 5378 contumeliam
1531 5338 1543 5373 :
1571 5322 1616 5376 si
1647 5336 1773 5376 vero
1803 5320 1976 5374 homi-

387 5433 483 5473 nes
513 5416 834 5471 verberones
867 5423 915 5469 et
955 5413 1146 5484 ahjecti
1187 5421 1238 5467 te
1263 5421 1493 5478 vocent,
1526 5421 1582 5467 ut
1613 5414 1781 5480 turpia
1815 5412 1973 5465 verba

386 5509 592 5576 audias,
626 5523 730 5561 non
763 5505 922 5561 modo
950 5520 1055 5560 non
1085 5504 1397 5575 indignaris,
1426 5503 1521 5559 sed
1553 5504 1704 5559 etiam
1733 5503 1929 5573 gaudes
1953 5545 1969 5569 ,

390 5599 590 5655 laudas.
618 5597 822 5668 Ecquid
849 5597 975 5652 huic
999 5596 1281 5651 dementiae
1305 5611 1400 5664 par
1421 5594 1648 5649 fuerit’?
1671 5594 1775 5648 Sed
1801 5594 1972 5664 turpia

390 5688 754 5761 hujuscemodi
800 5705 906 5743 non
949 5687 1219 5757 loqueris?
1263 5685 1465 5754 Εοιιιιίά
1505 5684 1629 5739 hinc
1657 5684 1832 5739 lucri?
1860 5684 1973 5739 lino

452 5822 714 5889 Ξουίάθιᾏξι
738 5820 875 5889 quasi
898 5819 1214 5889 εοηείιὶανὲρδι
1327 5879 1338 5889 .
1483 5876 1513 5889 ..
1626 5877 1636 5889 .
1725 5878 1745 5889 .
1831 5877 1843 5888 .

448 5881 474 5915 ³
502 5877 717 5935 Nonmulli
738 5877 925 5935 habent
949 5896 961 5934 :
986 5881 1171 5948 Ecquid
1191 5879 1281 5933 hac
1304 5877 1543 5931 dementia
1554 5877 1695 5944 pejus
1711 5877 1859 5943 fuerit
1882 5877 1907 5930 ?

1225 436 1291 492 IN
1328 436 1734 493 MATTllrEUM
1774 434 2003 491 l-lOMiL.
2048 433 2311 490 XXXVII.
2352 438 2423 492 al.
2468 438 2755 495 XXXVI".

3587 451 3690 507 420

2102 563 2229 603 vero
2252 549 2390 605 unde
2412 550 2609 621 liqueat
2632 563 2680 608 te
2704 568 2806 608 non
2829 555 3009 624 loqui?
3031 555 3085 612 Si
3108 558 3249 613 enim
3266 540 3386 616 haec
3406 577 3692 633 numquam

2102 636 2407 706 proferres,
2443 656 2545 696 non
2589 642 2794 699 rideres
2835 646 3058 701 audiens
3082 688 3097 714 ,
3132 664 3302 719 neque
3346 661 3493 709 tanto
3518 656 3693 711 studio

2098 742 2346 785 curreres
2372 731 2440 785 ad
2470 748 2653 788 vocem
2681 750 2800 805 quae
2829 745 2879 791 te
2905 736 3169 795 dedecore
3194 740 3375 797 aflieit.
3428 745 3519 801 Dic
3548 747 3690 803 enim

2101 819 2230 874 mihi
2257 861 2271 887 ,
2299 822 2570 892 gaudesne
2599 825 2819 882 audiens
2859 827 3258 899 hlaSphemias?
3286 848 3463 889 annon
3489 836 3688 892 exhor-

2100 912 2284 978 reseis,
2309 921 2364 969 et
2387 928 2543 969 aures
2567 916 2845 972 obstruis?
2875 919 2987 990 Ego
3011 931 3156 976 certe
3178 923 3227 977 id
3251 933 3398 993 puto.
3421 925 3532 981 Cur
3554 927 3690 984 hoc?

2096 1001 2226 1068 Quia
2267 1010 2323 1058 tu
2365 1020 2649 1076 numquam
2689 1008 3045 1078 blasphemas.
3092 1013 3321 1083 ldipsum
3355 1015 3511 1072 facito
3545 1019 3686 1074 circa

2098 1094 2267 1165 turpia
2298 1097 2391 1151 illa
2423 1098 2604 1154 verba.
2654 1101 2720 1155 Et
2748 1101 2794 1155 si
2819 1102 2895 1156 vis
2926 1103 3079 1159 nobis
3108 1105 3250 1160 clare
3279 1106 3645 1167 demonstrare
3668 1154 3682 1176 ,

2096 1195 2148 1241 te
2171 1203 2274 1243 non
2297 1191 2533 1260 gaudere
2554 1191 2678 1247 dum
2703 1194 2875 1266 turpia
2895 1195 3160 1262 dicuntur,
3185 1214 3253 1255 ne
3271 1201 3453 1256 auditu
3474 1203 3685 1272 quidem

2096 1278 2183 1333 illa
2211 1282 2368 1337 feras.
2402 1283 2749 1349 Quandonam
2777 1287 2974 1357 probus
3001 1288 3081 1344 vir
3105 1305 3225 1347 esse
3254 1293 3473 1361 poteris,
3505 1295 3558 1351 in
3587 1296 3686 1352 hu-

2090 1370 2324 1440 jusmodi
2351 1376 2592 1446 turpibus
2619 1378 2897 1435 audiendis
2918 1383 3215 1439 enutritus?
3239 1387 3575 1456 quandonam
3596 1406 3687 1446 ca-

2093 1464 2291 1522 5titatis
2321 1468 2544 1524 sudores
2584 1470 2724 1525 ferre
2764 1473 2965 1541 poteris
2988 1515 3002 1538 ,
3032 1474 3111 1529 sic
3149 1477 3398 1545 paulatim
3435 1480 3684 1537 diffluens

2092 1572 2156 1612 ex
2201 1558 2310 1615 risu
2335 1602 2349 1627 ,
2382 1561 2625 1617 cantibus
2647 1604 2662 1629 ,
2695 1572 2749 1617 et
2797 1565 2972 1619 verbis
2999 1566 3307 1624 obscoenis?
3348 1570 3479 1626 Nam
3523 1574 3567 1628 si
3597 1575 3681 1630 vix

2092 1649 2268 1705 anima
2294 1691 2307 1714 ,
2340 1667 2458 1721 quae
2482 1651 2550 1706 ab
2580 1651 2664 1707 his
2690 1655 2937 1710 onmibus
2960 1670 3021 1711 se
3051 1673 3234 1726 puram
3262 1673 3438 1716 servat
3461 1703 3476 1727 ,
3509 1672 3685 1733 potest

2094 1755 2213 1796 esse
2240 1740 2461 1798 honesta
2491 1753 2541 1798 et
2574 1753 2737 1811 casta,
2766 1754 2964 1816 quanto
2987 1749 3160 1803 minus
3187 1752 3382 1819 poterit
3408 1768 3528 1823 qua:
3568 1753 3684 1811 haec

2091 1832 2276 1889 audire
2299 1835 2474 1889 solet?
2503 1837 2583 1889 An
2611 1836 2846 1903 nescitis,
2878 1851 2974 1893 nos
2995 1838 3061 1893 ad
3094 1840 3382 1910 nequitiam
3405 1844 3683 1914 proniores

2091 1927 2249 1983 esse?
2273 1927 2407 1983 Cum
2433 1936 2609 1983 autem
2639 1929 2753 1984 haec
2781 1930 2835 1984 in
2861 1939 3031 1986 artem
3054 1940 3108 1986 et
3131 1947 3265 2003 opus
3285 1946 3679 2004 convertamus,

2091 2020 2359 2088 quomodo
2402 2020 2671 2075 fornacem
2721 2021 2866 2076 illam
2909 2021 3143 2093 eﬂ‘ugere
3188 2026 3522 2094 poterimus?
3566 2028 3681 2085 Non

2090 2109 2281 2165 audisti
2303 2111 2429 2181 quid
2453 2110 2582 2167 dicit
2603 2112 2817 2179 Paulus,
2849 2111 3079 2169 Gaudete
3100 2115 3151 2169 in
3177 2113 3393 2171 Domino
3419 2117 3696 2192 (Philipij

2091 2202 2144 2256 4.
2171 2202 2205 2257 4
2224 2202 2283 2273 )?
2308 2203 2422 2258 Non
2451 2202 2604 2272 dixit,
2640 2203 2694 2259 In
2724 2204 2955 2261 diabolo.

2163 2294 2211 2349 6.
2252 2293 2587 2350 Tlteatrorum
2614 2298 2905 2368 spectacula
2937 2315 3090 2370 quam
3117 2299 3362 2356 damnosa
3399 2313 3449 2358 et
3489 2306 3675 2376 turpia.

2088 2415 2159 2424 —
2180 2383 2403 2451 Quando
2430 2387 2589 2456 igitur
2612 2387 2797 2442 audire
2826 2388 3045 2444 Paulum
3085 2392 3327 2461 poteris?
3364 2393 3588 2460 Quando
3629 2397 3681 2451 iu

2088 2490 2302 2530 sensum
2348 2478 2528 2532 venire
2582 2488 2919 2547 peccatorum
2946 2520 2961 2546 ,
3003 2482 3089 2551 qui
3124 2480 3206 2536 ex
3248 2484 3550 2552 spectaculo
3591 2486 3682 2541 illo

2088 2566 2268 2623 ebrius
2294 2584 2508 2638 semper
2532 2571 2636 2624 es?
2683 2570 2834 2636 Quod
2863 2571 3002 2626 enim
3034 2573 3137 2627 huc
3167 2577 3409 2643 veneris,
3449 2592 3555 2631 non
3585 2580 3682 2632 mi-

2088 2674 2207 2713 rum
2250 2676 2350 2717 nec
2392 2678 2641 2732 magnum
2680 2673 2795 2730 est;
2845 2664 2953 2720 imo
2991 2666 3167 2735 potius
3197 2667 3392 2722 mirum
3420 2678 3520 2724 est.
3567 2670 3685 2725 lluc

2088 2751 2229 2805 enim
2265 2760 2319 2807 et
2359 2754 2595 2823 segniter
2633 2764 2686 2809 et
2726 2755 3087 2825 perfunctorie
3121 2760 3304 2825 venis;
3346 2760 3473 2817 illuc
3499 2772 3677 2819 autem

2087 2858 2282 2914 magno
2320 2845 2497 2901 studio
2526 2856 2582 2901 et
2618 2848 2797 2903 animo
2828 2850 3080 2904 accurris.
3113 2850 3275 2921 quue
3303 2854 3473 2923 palam
3504 2863 3586 2909 est
3613 2873 3679 2911 ex

2087 2933 2152 2988 iis
2180 2950 2298 3005 quae
2329 2935 2544 2992 domum
2567 2937 2738 2995 refers
2759 2981 2773 3005 ,
2801 2954 2921 2995 cum
2952 2941 3074 2997 inde
3099 2943 3327 2999 recedis.
3358 2946 3564 3001 Etenim
3594 2948 3677 3003 lu-

2088 3033 2198 3079 tum
2229 3026 2381 3081 vobis
2419 3028 2528 3083 illic
2570 3027 2801 3085 infusum
2833 3046 2929 3100 per
2960 3032 3121 3097 verba
3147 3075 3162 3101 ,
3191 3034 3395 3091 cantica
3422 3078 3437 3104 ,
3467 3038 3631 3092 risum
3660 3080 3676 3106 ,

2086 3118 2279 3189 singuli
2299 3120 2516 3176 domum
2539 3124 2852 3193 reportatis;
2876 3124 2982 3179 imo
3007 3141 3110 3181 non
3139 3126 3190 3181 in
3211 3126 3428 3183 domum
3452 3139 3676 3199 tantum,

2085 3210 2180 3265 sed
2208 3212 2260 3265 in
2292 3222 2523 3269 mentem
2559 3223 2789 3270 vestram
2816 3216 3066 3272 inducitis
3095 3238 3108 3273 :
3136 3227 3191 3274 et
3216 3219 3285 3276 ab
3312 3221 3376 3276 iis
3403 3237 3523 3292 qua:
3546 3223 3678 3279 abo-

2086 3303 2378 3359 minatione
2421 3304 2580 3375 digna
2626 3322 2730 3361 non
2774 3314 2935 3376 sunt,
2981 3310 3275 3376 averteris;
3324 3313 3677 3369 abominanda

2085 3408 2213 3448 vero
2239 3408 2345 3448 non
2377 3395 2502 3449 odio
2528 3395 2709 3463 habes,
2747 3399 2853 3452 imo
2874 3398 3069 3469 diligis.
3104 3400 3246 3455 Multi
3269 3411 3416 3458 certe
3445 3418 3473 3458 a
3503 3407 3680 3475 sepul-

2084 3486 2187 3538 cris
2228 3484 2509 3539 redeuntes
2548 3499 2668 3542 sese
2706 3487 2964 3555 abluunt;
2995 3504 3023 3541 a
3057 3489 3278 3547 theatris
3311 3507 3440 3549 vero
3476 3498 3677 3551 reversi

2085 3591 2191 3631 non
2214 3585 2451 3647 gemunt,
2475 3593 2578 3635 non
2601 3578 2952 3651 lacrymarum
2976 3580 3150 3637 fontes
3172 3583 3480 3654 effundunt;
3500 3603 3679 3660 quam-

2084 3685 2243 3740 quam
2290 3680 2534 3727 mortuus
2580 3686 2687 3726 non
2732 3673 2801 3727 sit
2843 3672 3192 3731 immundus:
3232 3689 3509 3748 peccatum
3550 3697 3679 3738 vero

2089 3775 2286 3823 tantam
2319 3765 2582 3819 maculam
2610 3775 2886 3837 aspergat,
2917 3777 2972 3822 ut
3002 3785 3070 3824 ne
3099 3770 3248 3826 mille
3276 3773 3490 3843 quidem
3520 3775 3678 3830 fonti-

2085 3852 2182 3910 bus
2212 3857 2380 3926 possit
2402 3856 2568 3921 ablui,
2596 3857 2691 3911 scd
2718 3857 2847 3912 solis
2876 3857 3127 3929 lacrymis
3150 3868 3203 3916 et
3228 3862 3673 3921 confessionibus.

2082 3944 2186 4001 Sed
2217 3963 2375 4002 nemo
2403 3949 2662 4002 maculam
2691 3947 3059 4019 hujuscemodi
3084 3953 3263 4007 sentit.
3292 3954 3424 4022 Quia
3451 3957 3591 4010 cnint
3613 3973 3675 4012 ea

2083 4052 2200 4105 qua:
2233 4038 2463 4093 timenda
2494 4048 2673 4094 essent
2698 4056 2804 4095 non
2841 4040 3089 4096 timemus
3115 4084 3128 4108 ,
3158 4058 3219 4098 ca
3246 4087 3260 4112 ,
3295 4061 3411 4116 qua:
3444 4046 3673 4103 timenda

2083 4148 2187 4186 non
2215 4139 2376 4197 sunt,
2408 4132 2713 4188 metuimus.
2749 4134 2878 4201 Quis
2904 4142 3083 4191 autem
3116 4137 3204 4191 ille
3234 4139 3526 4207 strepitus?
3554 4142 3675 4211 quis

2084 4223 2363 4291 tumultus,
2390 4223 2478 4294 qui
2505 4225 2726 4279 satanici
2760 4226 3026 4281 clamores
3073 4235 3128 4283 et
3156 4227 3402 4285 diabolici
3430 4230 3676 4288 habitus?

2082 4316 2230 4371 Alius
2251 4315 2462 4385 juvenis
2483 4332 2605 4371 cum
2634 4317 2737 4385 sit,
2772 4332 2978 4373 comam
3008 4328 3151 4374 retro
3175 4319 3448 4376 reductam
3475 4322 3673 4390 habet,

2082 4415 2137 4460 ct
2179 4416 2421 4461 naturam
2464 4407 2630 4477 ipsam
2668 4408 2941 4464 effeminat
2978 4420 3193 4481 aspectu
3219 4452 3233 4478 ,
3267 4412 3447 4468 habitu
3473 4454 3485 4478 ,
3520 4416 3678 4470 vesti-

2082 4497 2277 4552 mentis
2296 4541 2309 4564 ,
2342 4498 2556 4553 demum
2585 4500 2831 4555 omnibus
2852 4542 2865 4566 ,
2897 4500 3232 4572 formamque
3258 4510 3457 4560 tenerae
3488 4506 3675 4575 puella:

2082 4591 2314 4647 alTectat.
2361 4592 2512 4647 Alius
2547 4608 2674 4649 vero
2703 4594 2963 4664 quispiam
3001 4610 3163 4650 senex
3191 4638 3204 4661 ,
3232 4611 3263 4651 e
3291 4596 3558 4651 contrario
3588 4612 3676 4652 ca-

2083 4684 2222 4753 pillis
2252 4686 2505 4740 novacula
2534 4686 2761 4752 abrasis,
2792 4685 3009 4740 renibus
3041 4686 3360 4752 succinctus,
3391 4697 3670 4757 pOSIquam

2084 4775 2338 4845 pudorem
2382 4788 2506 4833 ante
2548 4777 2770 4847 capillos
2809 4777 3054 4843 succidit,
3087 4786 3193 4833 stat
3220 4779 3286 4833 ad
3327 4779 3506 4849 alapas
3532 4781 3655 4835 acci-

2085 4868 2304 4938 piendas
2344 4879 2396 4925 et
2445 4870 2512 4924 ad
2555 4869 2733 4923 omnia
2769 4868 2991 4924 dicenda
3040 4868 3388 4940 faciendoque
3433 4882 3666 4941 paratus.

2083 4960 2329 5017 Mulieres
2368 4970 2545 5016 autem
2592 4960 2735 5015 nudo
2775 4960 2986 5029 capite,
3028 4961 3173 5015 onmi
3222 4962 3389 5017 misso
3429 4962 3667 5029 rubore,

2081 5060 2224 5106 stant
2245 5053 2495 5122 pupulum
2517 5051 2867 5120 alloqucntes,
2894 5059 3098 5105 tantum
3120 5051 3367 5108 videlicet
3388 5054 3671 5124 impuden-

2085 5145 2171 5198 tia:
2200 5143 2435 5198 studium
2467 5143 2722 5197 habentes
2743 5183 2758 5208 ,
2786 5157 3106 5213 omnemque
3138 5144 3479 5213 petulantiam
3509 5155 3561 5200 et
3589 5146 3669 5201 la-

2079 5233 2304 5289 sciviam
2329 5234 2380 5287 in
2405 5233 2706 5288 auditorum
2734 5232 2940 5287 animos
2963 5233 3317 5289 infundentes.
3350 5233 3480 5291 Illud
3504 5252 3665 5290 unum

2081 5325 2313 5380 studium
2344 5323 2561 5389 habent,
2590 5332 2648 5377 ut
2676 5324 2973 5379 castitatem
3000 5341 3214 5380 onmem
3246 5324 3496 5382 radicitus
3524 5328 3670 5383 evel-

2082 5416 2214 5484 lant,
2245 5428 2489 5471 naturam
2516 5416 2820 5485 deturpent,
2853 5416 2976 5471 mali
3002 5417 3260 5472 daemonis
3288 5419 3672 5488 concupiscen-

2082 5510 2208 5563 tiam
2257 5506 2531 5577 expleant.
2584 5506 2718 5563 Nam
2767 5507 2856 5562 hic
2896 5509 3057 5563 verba
3107 5509 3357 5564 obscaena
3387 5551 3402 5574 ,
3459 5509 3669 5567 habitus

2079 5600 2326 5667 ridiculi,
2368 5609 2585 5655 tonsura
2626 5600 2852 5667 similis,
2895 5601 3135 5656 incessus
3159 5641 3174 5666 ,
3216 5611 3477 5670 vestitus,
3525 5619 3623 5659 vox
3647 5644 3666 5669 .

2078 5690 2443 5747 membrorum
2468 5691 2741 5757 mollities,
2771 5692 3046 5747 oculorum
3077 5692 3425 5761 inversiones,
3454 5695 3664 5759 fistula),

2079 5781 2238 5848 tibia,
2266 5781 2506 5837 dramata
2526 5823 2543 5849 ,
2573 5792 2907 5853 argumenta,
2938 5783 3223 5854 omniaque
3250 5784 3461 5839 demum
3488 5793 3666 5842 extre-

2077 5887 2179 5929 ma:
2208 5872 2437 5931 lasciviae
2462 5874 2615 5946 plena
2645 5883 2787 5930 sunt.
2817 5873 3164 5943 Quandonam
3184 5914 3199 5939 ,
3232 5890 3441 5945 quaeso,
3474 5876 3663 5945 resipi~
