4118 6428
451 384 552 439 «ιεξγ

447 516 599 569 sees,
626 515 749 557 cum
779 507 982 556 tantum
1015 497 1105 553 tibi
1132 496 1495 554 fornicationis
1518 496 1764 566 poculum
1796 492 2039 549 infundat

445 593 692 649 diabolus
710 635 724 659 ,
750 600 931 661 totque
956 589 1381 659 intemperantiae
1404 588 1599 644 calices
1624 585 1879 642 misceat?
1905 583 2036 640 Nam

447 686 556 740 illic
600 683 1018 748 fornicationes,
1062 680 1319 735 adulteria
1344 721 1361 747 ,
1402 681 1657 736 mulieres
1700 678 2033 752 prostitutaz,

450 778 547 834 viri
578 774 855 841 muliebria
885 774 1151 847 patientes
1172 814 1187 839 ,
1216 772 1443 844 juvenes
1471 771 1664 827 molles
1687 811 1701 837 ,
1734 769 1909 824 omnia
1937 768 2038 822 ini-

444 872 644 942 quitate
693 868 851 941 plcua
875 907 892 935 ,
932 866 1257 937 portentosis
1301 864 1461 920 rebus
1498 878 1563 920 ac
1601 861 1873 934 prodigiis.
1917 859 2034 915 Non

443 978 572 1033 ergo
596 961 665 1018 de
695 959 1002 1033 hujusmodi
1040 958 1201 1015 rebus
1236 956 1414 1014 ridere
1450 955 1698 1012 sedentes
1722 962 2031 1025 oporteret,

443 1055 538 1111 sed
565 1054 853 1127 lacrymari
876 1063 930 1110 et
960 1051 1329 1122 ingemiscere.
1359 1049 1495 1119 Quid
1524 1049 1718 1121 igitur?
1745 1062 1812 1103 an
1838 1046 2034 1103 orche-

442 1157 608 1205 stram
633 1148 964 1211 claudemus,
992 1146 1219 1216 inquies,
1244 1151 1298 1198 et
1318 1143 1472 1213 jussu
1494 1150 1588 1197 tuo
1612 1140 1789 1197 omnia
1815 1138 2037 1195 subver-

444 1239 661 1297 tentur?
705 1238 859 1295 Nunc
882 1245 1030 1293 certe
1058 1236 1237 1293 omnia
1267 1233 1522 1291 subversa
1560 1239 1705 1288 sunt.
1752 1230 2032 1286 Undenam

444 1333 480 1388 ii
521 1334 613 1404 qui
654 1332 852 1403 nuptiis
880 1329 1102 1387 insidias
1142 1327 1369 1399 parant?
1400 1340 1578 1382 nonne
1605 1324 1673 1380 ab
1701 1322 1802 1380 hac
1830 1322 2033 1378 scena?

446 1426 595 1483 Unde
635 1425 671 1480 ii
701 1424 792 1495 qui
832 1423 1094 1479 thalamos
1133 1419 1427 1476 eﬁ‘odiunt?
1458 1431 1638 1473 nonne
1664 1416 1733 1471 ab
1757 1414 2031 1471 orchestra

441 1520 571 1576 illa?
605 1533 784 1575 nonne
827 1516 952 1573 hinc
986 1515 1086 1570 viri
1125 1512 1381 1569 uxoribus
1415 1520 1541 1567 sunt
1569 1507 1824 1566 molesti?
1855 1521 2034 1562 nonne

441 1612 566 1667 hinc
589 1625 620 1665 a
649 1608 779 1664 viris
806 1622 1002 1663 uxores
1029 1601 1441 1675 despiciuntur?
1471 1614 1647 1656 nonne
1676 1599 1800 1654 hinc
1837 1596 2031 1653 moechi

441 1701 699 1775 plurimi?
730 1700 915 1771 Itaque
954 1697 1046 1769 qui
1088 1695 1267 1751 omnia
1309 1692 1603 1756 subvertit,
1648 1690 1693 1744 is
1735 1696 1819 1744 est
1846 1688 1933 1758 qui
1964 1686 2032 1742 ad

442 1794 707 1850 theatrum
737 1790 945 1862 pergit,
975 1789 1171 1859 quique
1195 1798 1410 1856 gravem
1441 1780 1775 1855 tyrannidem
1808 1778 2027 1834 inducit.

440 1886 806 1958 Nequaquam,
837 1882 1064 1954 inquies,
1095 1879 1187 1935 sed
1214 1878 1265 1934 id
1292 1878 1434 1934 bono
1464 1876 1640 1947 legum
1666 1873 1854 1930 ordine
1880 1872 2028 1927 insti-

442 1990 612 2036 tutum
635 1986 737 2035 est.
764 1975 899 2032 Nam
918 1973 1170 2029 mulieres
1189 1969 1455 2041 abripere,
1481 1980 1674 2040 pueros
1693 1961 2031 2021 contumeliis

439 2073 727 2138 adbibere,
759 2070 949 2126 domos
977 2074 1220 2123 evertere
1240 2105 1256 2132 ,
1289 2062 1406 2118 Itth
1433 2064 1501 2117 ad
1528 2060 1648 2116 illos
1673 2068 1917 2131 spectant
1940 2056 2031 2127 qui

438 2178 590 2219 arces
629 2169 913 2231 occupant.
962 2158 1031 2212 Et
1073 2156 1193 2225 quis
1232 2153 1513 2217 mmchus,
1545 2152 1753 2222 inquies
1777 2192 1793 2218 ,
1831 2164 1895 2205 ex
1945 2148 2031 2204 his

438 2253 756 2327 spectaculis
800 2251 967 2306 factus
1011 2247 1135 2304 est?
1182 2245 1294 2302 lmo
1333 2244 1450 2316 quis
1495 2258 1601 2301 non
1642 2241 1927 2298 mmchus?
1973 2240 2029 2296 Si

438 2348 624 2403 liceret
662 2341 977 2399 nominatim
1010 2337 1202 2395 efferre
1224 2377 1240 2401 ,
1269 2336 1453 2392 dicere
1499 2334 1697 2406 possim
1728 2343 1860 2429 quot
1886 2332 2030 2386 viros

439 2437 554 2493 huic
583 2436 653 2491 ab
679 2432 932 2491 uxoribus
963 2428 1349 2502 sequestrarint
1371 2469 1387 2497 ,
1416 2436 1470 2483 et
1492 2436 1624 2498 quot
1650 2426 1889 2495 captivos
1918 2439 2031 2479 me-

437 2529 660 2584 retrices
690 2525 794 2580 illa:
823 2522 1096 2593 ceperint,
1125 2534 1353 2592 quorum
1381 2519 1513 2575 alios
1541 2534 1571 2574 a
1602 2518 1864 2589 conjugali
1891 2518 2029 2573 lecto

436 2620 791 2684 abduxerunt,
813 2614 948 2669 alios
970 2627 1038 2669 ne
1060 2626 1256 2667 uxores
1274 2610 1534 2666 ducerent
1556 2608 1866 2673 effecerunt.
1890 2607 2025 2676 Quid

437 2713 637 2786 igitur?
680 2725 863 2783 quaeso
891 2726 905 2762 :
937 2709 1150 2780 legesne
1176 2722 1364 2763 omnes
1388 2705 1734 2761 evertcmus?
1777 2704 2029 2770 Quinimo

438 2805 660 2862 theatris
674 2803 877 2860 eversis
896 2802 1072 2872 legum
1090 2797 1540 2870 transgressiones
1558 2796 1869 2853 evertimus.
1892 2795 2025 2851 Nam

435 2898 525 2969 qui
561 2896 806 2952 civitates
846 2892 1228 2967 pessumdant,
1265 2905 1333 2947 ex
1373 2890 1564 2946 horum
1598 2905 1822 2945 numero
1851 2898 1976 2945 sunt
2007 2906 2023 2945 :

437 2991 563 3049 hinc
588 2991 878 3048 seditiones
906 2997 958 3045 et
985 2986 1436 3059 perturbationes.
1474 2985 1610 3041 Nam
1636 2985 1725 3056 qui
1757 2985 1808 3040 in
1836 2985 1921 3040 his
1945 2985 2026 3041 lu-

435 3082 519 3138 dis
559 3081 804 3149 aluntur,
835 3080 1035 3151 quique
1074 3092 1262 3134 vocem
1307 3068 1508 3133 ve'ntris
1544 3091 1702 3133 causa
1747 3077 2024 3144 vendunt,

433 3188 662 3244 quorum
677 3186 814 3242 opus
829 3170 1170 3240 ofﬁciumque
1184 3176 1268 3225 est
1283 3168 1535 3234 clamare,
1554 3177 1605 3223 et
1621 3168 1831 3239 quidvis
1847 3169 2025 3225 absur-

432 3266 561 3325 dum
590 3264 798 3333 facere;
832 3263 885 3317 hi
916 3262 1145 3318 maxime
1181 3270 1306 3317 sunt
1338 3262 1427 3331 qui
1459 3262 1681 3331 populos
1708 3263 2020 3329 concitant,

431 3358 523 3428 qui
548 3356 803 3411 tumultus
823 3355 877 3410 in
901 3354 1118 3409 urbibus
1143 3352 1361 3409 faciunt.
1383 3352 1645 3409 Iuventus
1665 3354 1807 3409 enim
1828 3354 2019 3421 otiosa,

429 3451 483 3505 in
513 3450 661 3505 hisce
686 3447 842 3504 malis
870 3445 1115 3514 educata,
1144 3445 1255 3501 fera
1280 3444 1466 3516 quavis
1491 3445 1668 3501 acrior
1694 3443 1947 3500 efﬁcitur.

500 3543 556 3597 7.
598 3540 876 3598 Undenam
900 3578 915 3605 ,
946 3552 1129 3607 qumso
1153 3579 1168 3605 ,
1194 3536 1651 3608 prtestigiatorcs?
1686 3551 1866 3593 nonne
1896 3535 2021 3592 inde

430 3632 871 3704 proﬁciscuntur,
898 3636 959 3684 ut
984 3628 1237 3698 populum
1266 3636 1543 3683 vacantem
1572 3636 1773 3684 temere
1804 3627 2016 3682 initam-

428 3731 600 3790 ment,
632 3720 791 3792 idque
816 3719 1011 3776 faciant
1039 3726 1099 3773 ut
1126 3733 1190 3773 ex
1224 3717 1533 3772 tumultibus
1560 3719 1841 3775 saltatores
1864 3719 2017 3774 bonis

428 3817 692 3882 fruantur,
723 3821 779 3869 et
817 3810 1131 3869 meretrices
1164 3808 1405 3867 honestis
1443 3809 1757 3865 mulieribus
1786 3809 2013 3879 impedi-

427 3916 611 3967 mento
638 3906 785 3962 sint?
814 3905 870 3962 ln
916 3912 1121 3960 tantum
1147 3902 1293 3960 enim
1329 3901 1577 3958 maleficii
1614 3917 1785 3973 genus
1827 3918 2016 3973 perve-

425 4003 596 4068 niunt,
617 4009 676 4056 ut
694 4005 1025 4055 mortuorum
1046 4011 1166 4053 ossa
1185 4009 1402 4052 movere
1424 4010 1530 4051 non
1545 3994 1807 4051 dubitent.
1829 3995 2015 4052 Nonne

426 4109 541 4155 tunc
566 4092 690 4150 inde
720 4091 841 4148 ideo
861 4091 1127 4159 oriuntur,
1149 4088 1292 4160 quod
1315 4088 1383 4144 ad
1407 4088 1553 4145 illum
1573 4088 1769 4144 diaboli
1790 4089 2012 4144 chorum

423 4193 666 4256 sumptus
681 4185 992 4240 innumeros
1010 4196 1328 4237 consumere
1345 4181 1641 4251 cogantur?
1659 4181 1898 4236 Lascivia
1918 4196 2011 4237 an;

424 4286 534 4331 tem
562 4274 724 4343 unde,
750 4287 961 4330 necnon
990 4272 1129 4329 mala
1154 4271 1472 4329 innumera?
1498 4270 1683 4327 Viden'
1708 4279 1759 4327 te
1781 4287 1900 4328 csse
1920 4273 2012 4343 qui

420 4368 583 4422 vitam
608 4366 893 4421 humanam
922 4364 1120 4420 evertis
1137 4402 1154 4430 ,
1182 4363 1309 4421 dum
1334 4363 1399 4418 ad
1425 4362 1541 4419 haec
1568 4363 1868 4433 pcrtrahis?
1898 4364 2011 4435 Ego

420 4471 551 4513 vero
576 4471 691 4512 rem
718 4454 1099 4511 destruendam
1129 4468 1352 4511 censeo.
1373 4453 1643 4510 Tollamus
1667 4470 1795 4527 ergo
1817 4457 2009 4512 orche-

419 4556 605 4616 stram,
633 4546 860 4619 inquies.
884 4545 1099 4602 Utinam
1121 4543 1236 4599 tolli
1258 4553 1473 4617 posset;
1496 4546 1605 4601 imo
1632 4562 1781 4614 vero,
1815 4548 1861 4603 si
1887 4548 2006 4603 vul-

418 4642 488 4697 tis
510 4682 526 4711 ,
558 4639 700 4713 quod
729 4638 797 4697 ad
827 4647 1063 4694 nostram
1093 4646 1296 4710 partem
1327 4639 1549 4708 attinet,
1583 4641 1692 4710 jam
1719 4642 1926 4698 sublata
1950 4651 2007 4699 et

416 4734 674 4790 subversa
699 4740 801 4788 est.
833 4731 1081 4787 Attamen
1111 4745 1219 4787 non
1246 4729 1347 4786 hoc
1372 4730 1554 4802 jubeo.
1587 4731 1825 4789 Stantem
1857 4733 2003 4790 illam

418 4837 523 4878 non
565 4822 953 4893 frcquentatam
997 4820 1243 4887 reddite,
1285 4836 1404 4891 quae
1450 4821 1621 4893 major
1659 4823 1775 4883 laus
1819 4834 2000 4893 esset,

416 4927 573 4983 quam
590 4911 824 4973 diruere.
846 4912 901 4971 Si
923 4926 1028 4969 non
1044 4912 1200 4981 alios,
1219 4911 1475 4969 barbaros
1491 4915 1677 4975 saltem
1696 4915 1999 4984 imitamini,

1231 381 1288 437 S.
1326 378 1605 438 JOANNIS
1639 371 2117 435 CllRYSOSTOMl
2159 372 2476 437 ARCIIIEP.
2518 378 3059 438 CONSTANTINOP.

3631 388 3731 445 ιεε

2145 490 2235 563 qui
2263 491 2568 563 hujusmodi
2593 493 2880 566 spectaculi
2905 490 3229 565 turpitudine
3256 506 3458 552 carent.
3483 497 3612 566 Qum
3633 516 3731 557 no-

2142 582 2226 638 bis
2255 583 2413 655 igitur
2435 582 2687 654 deinceps
2715 586 2988 640 excusatio
3018 586 3120 641 erit
3141 627 3157 653 ,
3185 600 3305 641 cum
3344 603 3443 644 nos
3480 590 3733 647 caclomm

2141 675 2320 741 cives.
2368 674 2793 731 Cherubinorum
2831 674 2998 731 choro
3039 675 3327 748 adscripti,
3370 681 3681 750 angelorum
3713 689 3735 715 ι

2142 777 2421 824 consortes
2440 810 2455 834 ,
2478 767 2723 826 barbaris
2751 769 2850 825 hac
2881 771 2934 826 in
2962 785 3020 827 re
3047 771 3258 842 pejores
3282 774 3452 830 simus
3471 816 3487 841 ,
3514 790 3635 831 cum
3666 777 3731 832 li-

2139 868 2263 915 ceat
2290 869 2573 916 sescentas
2597 860 2730 916 alias
2759 860 2842 915 his
2867 861 3099 932 majores
3125 862 3422 933 voluptates
3452 866 3734 935 reperire?

2140 950 2198 1007 Si
2223 952 2303 1007 vis
2327 952 2470 1007 enim
2499 953 2733 1009 animum
2765 967 3013 1010 recreare
3037 995 3052 1018 ,
3080 954 3214 1011 vade
3249 955 3317 1010 ad
3351 958 3589 1027 pomaria
3612 1000 3629 1026 ,
3665 958 3731 1013 ad

2140 1043 2381 1112 fluvium,
2406 1044 2474 1101 ad
2499 1055 2719 1116 stagna:
2744 1045 2930 1103 hortos
2955 1048 3343 1118 contemplare,
3372 1049 3586 1105 cicadas
3610 1051 3734 1105 audi

2137 1146 2427 1204 canentes;
2467 1148 2761 1211 martyrum
2791 1140 3035 1211 sepulcra
3064 1140 3340 1211 frequenta
3368 1183 3384 1208 ,
3416 1143 3504 1198 ubi
3535 1158 3731 1215 corpo-

2138 1230 2213 1286 ris
2238 1229 2487 1286 valetudo
2507 1270 2525 1297 ,
2570 1231 2762 1287 animae
2799 1231 3032 1300 utilitas,
3080 1232 3318 1303 nihilque
3344 1233 3561 1302 damni,
3590 1234 3731 1291 nulla

2138 1332 2259 1395 post
2287 1322 2483 1379 factum
2512 1323 2846 1394 poenitentia,
2876 1334 2934 1381 ut
2962 1334 3083 1396 post
3112 1326 3201 1382 illa
3232 1328 3554 1397 spectacula.
3582 1326 3728 1384 Uxo-

2137 1429 2252 1471 rem
2281 1414 2445 1471 habes
2465 1424 2518 1471 et
2537 1414 2674 1471 ﬁlios
2696 1432 2711 1470 :
2733 1431 2853 1486 qua:
2879 1416 3122 1487 voluptas
3146 1415 3267 1472 huic
3298 1432 3395 1487 par
3415 1418 3537 1473 est?
3558 1417 3731 1475 Habes

2136 1506 2353 1563 domum
2381 1516 2438 1562 et
2464 1507 2664 1564 amicos
2694 1525 2707 1562 :
2742 1509 2855 1563 haec
2877 1507 3134 1578 jucunda,
3162 1518 3211 1565 ct
3232 1524 3355 1587 cum
3380 1511 3727 1581 temperantia

2136 1615 2386 1670 magnum
2426 1599 2632 1654 lucrum
2675 1599 2902 1669 pariunt.
2956 1599 3095 1669 Quid
3134 1601 3310 1667 enim,
3340 1617 3522 1673 quaeso
3549 1645 3564 1667 ,
3607 1601 3730 1657 ﬁliis

2132 1690 2456 1762 jucundius?
2482 1689 2608 1761 quid
2645 1705 2810 1745 uxore
2838 1691 3044 1747 dulcius
3081 1691 3145 1746 iis
3165 1733 3179 1756 ,
3209 1691 3299 1762 qui
3330 1692 3606 1748 continere
3632 1709 3727 1748 ve-

2138 1781 2291 1837 lunt?
2312 1781 2505 1837 Fertur
2530 1781 2879 1838 barbarorum
2902 1781 3101 1838 dictum
3129 1783 3460 1855 philosOphia
3488 1786 3723 1857 plenum.

2136 1872 2267 1928 Nam
2294 1872 2363 1928 de
2392 1872 2613 1928 theatris
2641 1873 2744 1929 illis
2772 1873 2987 1944 iniquis,
3012 1884 3066 1929 et
3090 1873 3157 1929 de
3187 1875 3487 1946 importuna
3521 1877 3610 1932 illa
3636 1895 3725 1934 vo-

2135 1965 2337 2034 luptate
2374 1964 2654 2020 audientes
2693 1964 2943 2020 dicebant
2977 1983 2990 2020 :
3026 1965 3254 2021 Romani
3297 1982 3359 2022 ac
3403 1968 3449 2022 si
3492 1967 3633 2023 ﬁlios
3671 1979 3722 2025 et

2137 2071 2331 2112 uxores
2360 2072 2465 2111 non
2510 2056 2801 2125 haberent,
2846 2055 2939 2112 has
2978 2058 3351 2127 excogitavere
3379 2058 3676 2129 voluptates
3705 2078 3722 2115 :

2134 2147 2327 2219 quibus
2355 2147 2661 2212 ostendunt,
2691 2147 2820 2203 nihil
2849 2146 3057 2203 dulcius
3082 2163 3203 2203 esse
3233 2147 3356 2204 ﬁliis
3385 2158 3439 2204 et
3463 2165 3650 2218 uxore,
3677 2152 3721 2205 si

2133 2240 2253 2311 quis
2278 2240 2502 2295 honeste
2527 2240 2705 2295 vivere
2729 2238 2874 2294 velit.
2903 2239 3040 2307 Quid
3071 2255 3199 2311 ergo
3224 2240 3269 2295 si
3296 2242 3576 2296 ostendam
3598 2285 3613 2305 ,
3640 2243 3719 2297 in-

2133 2333 2305 2405 quies,
2331 2332 2463 2388 nihil
2483 2332 2662 2387 damni
2683 2347 2751 2387 ex
2782 2330 2885 2387 hac
2910 2330 3204 2403 frequentia
3232 2335 3545 2404 emergere?
3565 2334 3723 2391 Certe

2135 2424 2219 2479 vel
2246 2424 2349 2479 hoc
2375 2423 2548 2494 ipsum
2574 2422 2827 2479 damnum
2846 2433 2949 2491 est,
2972 2424 3088 2479 sine
3112 2440 3273 2482 causa
3292 2440 3357 2480 ac
3373 2435 3571 2480 temere
3594 2434 3724 2479 tem-

2133 2532 2232 2587 pus
2273 2517 2543 2572 insumere
2566 2556 2582 2583 ,
2627 2523 2682 2573 et
2721 2516 2838 2572 aliis
2876 2515 3195 2572 oﬁ'endiculo
3224 2532 3365 2573 esse.
3409 2514 3540 2570 Nam
3585 2516 3629 2570 si
3668 2525 3719 2571 tu

2131 2611 2385 2667 damnum
2415 2625 2521 2666 non
2552 2610 2794 2681 patiaris,
2825 2609 2986 2665 alium
3016 2609 3175 2679 hujus
3202 2609 3493 2680 spectaculi
3518 2609 3721 2663 Studio-

2131 2703 2328 2759 siorem
2352 2701 2552 2757 reddis.
2575 2701 2854 2769 Quomodo
2874 2710 3050 2756 autem
3073 2700 3323 2755 damnum
3345 2716 3448 2753 non
3478 2701 3719 2770 patiaris,

2130 2793 2221 2863 qui
2247 2792 2453 2863 prmbes
2483 2791 2567 2845 his
2592 2789 2911 2861 spectaculis
2940 2789 3321 2846 occasionem?
3350 2790 3482 2845 Nam
3511 2791 3718 2860 praesti-

2130 2885 2322 2957 giator,
2356 2891 2638 2952 corruptus
2670 2898 2801 2952 puer
2820 2922 2835 2948 ,
2866 2880 3152 2937 fornicaria
3182 2880 3393 2947 mulier,
3424 2895 3720 2950 omnesque

2131 2973 2209 3028 illi
2235 2972 2483 3029 diabolici
2513 2972 2662 3028 chori
2692 2972 2746 3028 in
2773 2980 2932 3043 caput
2960 2980 3105 3028 tuum
3135 2987 3349 3027 causam
3390 2972 3721 3043 spectaculo.

2129 3082 2246 3121 rum
2271 3074 2540 3137 regerunt.
2560 3064 3019 3133 Quemadmodum
3036 3065 3175 3119 enim
3200 3064 3246 3121 si
3267 3074 3594 3136 spectatores
3612 3081 3718 3121 non

2129 3169 2348 3225 essent,
2380 3174 2478 3215 nec
2507 3168 2689 3215 essent
2729 3159 2819 3229 qui
2849 3158 3003 3215 ludos
3026 3157 3333 3229 hujnsmodi
3359 3158 3715 3215 exhiberem:

2128 3254 2206 3309 sic
2245 3253 2369 3324 quia
2410 3261 2740 3323 spectatores
2779 3259 2945 3317 sunt,
2989 3260 3044 3306 et
3088 3251 3189 3321 ipsi
3231 3259 3501 3322 gestorum
3543 3252 3717 3323 ignem

2126 3348 2447 3419 partiuntdr.
2467 3346 2648 3416 Itaque
2666 3345 2788 3399 licet
2811 3345 2926 3399 sine
2943 3345 3201 3399 castitatis
3224 3343 3503 3414 dispendio
3522 3344 3571 3398 id
3590 3360 3715 3414 age-

2124 3453 2234 3504 res,
2264 3436 2316 3493 id
2341 3436 2482 3508 quod
2508 3445 2654 3492 certe
2684 3434 2798 3491 ﬁeri
2830 3434 3047 3506 nequit,
3079 3435 3303 3491 aliorum
3332 3447 3507 3490 tamen
3537 3435 3719 3505 perni.

2124 3529 2223 3585 ciei
2252 3542 2443 3599 graves
2471 3527 2622 3583 dabis
2651 3541 2836 3597 poenas
2856 3568 2871 3593 ,
2899 3527 3015 3582 sive
3044 3528 3397 3597 spectantium
3418 3568 3432 3592 ,
3458 3528 3571 3582 sive
3593 3542 3718 3598 spe-

2122 3620 2330 3676 ctacula
2382 3616 2674 3673 edentium.
2720 3620 2895 3688 Atque
2937 3619 3005 3672 ad
3048 3619 3349 3673 castitatem
3398 3617 3714 3673 servandam

2121 3714 2294 3784 majus
2322 3712 2528 3767 lucrum
2564 3711 2782 3767 fecisses
2802 3753 2820 3781 ,
2855 3711 2902 3768 si
2942 3712 3034 3767 illo
3064 3727 3169 3767 non
3201 3713 3459 3769 venisses.
3488 3712 3544 3769 Si
3569 3713 3713 3768 enim

2121 3816 2301 3865 castus
2332 3820 2475 3861 nunc
2503 3820 2564 3861 es
2589 3845 2602 3871 ,
2633 3805 2801 3860 multo
2825 3805 3023 3861 castior
3047 3819 3195 3861 esses
3222 3806 3266 3860 si
3291 3806 3592 3876 spectacula
3620 3805 3714 3861 illa

2123 3901 2364 3957 vitasses.
2389 3898 2467 3955 Ne
2486 3899 2664 3970 itaque
2685 3899 2940 3956 inutiliter
2960 3901 3366 3969 contendamus,
3392 3917 3566 3973 neque
3588 3904 3713 3957 inu-

2119 3995 2243 4053 tiles
2264 3993 2605 4051 defensiones
2630 3994 3015 4064 excogitemus.
3044 3994 3159 4050 Una
3192 3992 3431 4050 defensio
3460 4005 3515 4050 et
3543 4011 3711 4051 excu-

2118 4088 2253 4163 satio
2280 4096 2383 4153 est,
2411 4086 2455 4141 si
2487 4085 2749 4158 fugiamus
2779 4085 3048 4141 fornacem
3080 4084 3479 4156 Babylonicam,
3510 4087 3555 4141 si
3587 4103 3711 4156 pro-

2116 4179 2204 4236 cul
2240 4179 2308 4234 ab
2342 4178 2591 4250 Egyptia
2629 4178 2914 4235 meretrice
2958 4177 3249 4249 degamus,
3281 4179 3492 4235 etiamsi
3536 4178 3710 4257 nudos

2116 4276 2363 4342 oporteat
2394 4268 2464 4324 ab
2491 4269 2583 4324 illa
2612 4268 2869 4339 etl‘ugere.
2913 4267 2985 4324 Ita
3016 4270 3158 4324 enim
3189 4278 3243 4326 et
3270 4268 3438 4325 multa
3465 4271 3709 4325 fruemur

2114 4364 2409 4434 voluptate,
2436 4362 2759 4418 conscientia
2792 4377 2891 4418 nos
2917 4376 3022 4418 non
3051 4370 3355 4430 accusante,
3383 4372 3703 4434 praesentem

2114 4457 2275 4512 vitam
2314 4464 2460 4511 caste
2497 4469 2715 4525 agemus
2739 4496 2753 4521 ,
2797 4453 3076 4524 futuraque
3114 4453 3252 4509 bona
3289 4468 3699 4526 consequemur,

2112 4548 2284 4619 gratia
2310 4556 2366 4603 et
2393 4546 2719 4617 benignitate
2749 4545 2958 4601 Domini
2995 4546 3161 4601 nostri
3199 4545 3326 4601 Jesu
3348 4545 3582 4613 Christi,
3614 4548 3701 4602 cui

2110 4639 2279 4711 gloria
2308 4646 2363 4694 et
2386 4637 2692 4709 imperium,
2722 4652 2863 4693 nunc
2887 4646 2941 4693 et
2963 4652 3196 4708 semper,
3219 4636 3347 4695 etin
3378 4639 3572 4695 saecula
3600 4653 3703 4693 sa).

2109 4731 2370 4787 culorum.
2401 4728 2591 4787 Amen.

2171 4867 2190 4900 ι
2223 4864 2442 4933 Nonnulli
2461 4864 2676 4933 habent,
2696 4861 3115 4933 «changequ
3138 4875 3242 4924 pro,
3266 4861 3566 4926 angelorum.
3592 4870 3694 4913 uox

2104 4928 2274 4992 iidem,
2294 4927 2369 4980 bat
2535 4924 2629 4977 hac
2648 4926 2700 4977 in
2720 4938 2774 4975 re
2793 4924 2981 4989 pejores
3003 4924 3269 4976 rideamur.

1444 5143 1791 5206 HOMILIA
1827 5147 2186 5209 XXXVIII.
2229 5146 2316 5209 aI.
2357 5144 2666 5207 XXXIX.

411 5283 539 5345 Cap.
569 5286 657 5342 II.
680 5300 734 5341 v.
761 5282 853 5340 25.
883 5281 951 5339 lu
974 5282 1063 5338 illa
1087 5291 1308 5354 tempore
1329 5286 1637 5358 respondens
1654 5286 1807 5343 Jesss
1828 5291 1957 5345 dixit
1972 5306 1992 5345 :

481 5375 737 5445 Conﬁteor
763 5374 872 5440 tibi,
898 5374 1072 5441 Pater,
1095 5372 1309 5430 Domine
1327 5378 1442 5433 ctuti
1459 5386 1505 5431 et
1527 5387 1701 5445 terra,
1728 5380 1850 5448 quia
1873 5380 1994 5435 abs-

479 5468 695 5527 condistt'
720 5471 826 5524 haec
844 5485 879 5527 α
902 5467 1211 5539 sapientibus
1235 5476 1282 5521 et
1313 5469 1659 5538 prudentibus,
1691 5481 1740 5527 st
1764 5473 1994 5529 κυριωιὶ

2099 5305 2222 5346 eum
2260 5305 2511 5361 magnum
2544 5288 2952 5361 mirabilemque
2979 5304 3099 5346 esse
3119 5331 3135 5354 ,
3159 5289 3277 5359 ejus
3302 5289 3445 5346 dicta
3471 5299 3527 5345 et
3551 5290 3688 5346 facta

2101 5379 2206 5436 fide
2235 5380 2396 5450 digna
2424 5394 2546 5436 esse
2571 5380 2850 5450 probavit,
2881 5395 2980 5451 per
3007 5396 3125 5452 qua:
3154 5381 3273 5435 illus
3296 5381 3362 5435 ad
3392 5381 3475 5437 sui
3500 5382 3687 5452 cogni-

2100 5472 2294 5527 tionem
2312 5471 2551 5528 attraxit.
2574 5470 2841 5539 Secundo,
2866 5472 3009 5544 quod
3034 5472 3246 5540 dixerit,
3280 5472 3508 5544 Regnum
3530 5475 3682 5528 etate-

478 5574 537 5611 ea
570 5557 812 5628 parvulis.
854 5557 948 5615 26.
990 5557 1079 5613 Ita
1100 5599 1116 5626 ,
1152 5556 1332 5626 Pater,
1365 5560 1486 5630 quia
1520 5561 1592 5619 sic
1617 5564 1714 5633 fuit
1749 5564 1992 5633 placitum
2095 5580 2211 5618 rum
2235 5564 2334 5619 vim
2371 5565 2661 5634 patitur,“
2690 5565 2895 5620 violasti
2926 5566 3133 5635 rapiunt
3169 5565 3301 5619 illud
3325 5565 3344 5637 (
3370 5564 3551 5619 Matth.
3594 5566 3680 5620 ll.

474 5658 593 5703 ante
615 5658 683 5703 lc.

476 5741 529 5795 l.
548 5738 684 5796 Vide
710 5748 841 5809 quot
866 5741 1182 5812 quantisque
1206 5741 1382 5798 modis
1408 5742 1528 5798 il'os
1554 5743 1619 5800 ad
1642 5722 1799 5801 ﬁdem
1819 5746 1988 5803 dedu-

406 5834 509 5882 cat.
539 5827 717 5884 Primo
741 5868 756 5895 ,
788 5845 881 5899 per
906 5831 1121 5888 Joannis
1152 5831 1353 5889 laudes.
1381 5831 1514 5891 Nam
1543 5848 1662 5892 cum
1694 5838 1986 5896 ostenderit

2098 5654 2220 5725 12).
2254 5655 2367 5710 Hoc
2408 5655 2550 5711 etiim
2591 5656 2860 5713 incitantis
2886 5664 2939 5713 et
2974 5655 3296 5725 impcllentis
3333 5664 3436 5710 est.
3468 5654 3681 5721 Tertio,

2095 5747 2235 5818 quod
2261 5747 2710 5803 demonstraverit
2740 5747 3113 5818 prophetarum
3148 5747 3288 5802 dicta
3324 5747 3503 5800 omnia
3533 5760 3678 5800 com—

2095 5839 2233 5910 plcta
2258 5855 2397 5899 csse.
2427 5839 2560 5895 Nam
2591 5838 2715 5896 hinc
2754 5839 3056 5897 declaratur
3084 5840 3256 5913 ipsum
3285 5837 3352 5893 ab
3378 5837 3479 5893 illis
3518 5836 3681 5893 fuisse

3956 774 4011 899 li“.

3953 967 3974 1060 ii
3989 993 4065 1058 Et:

3949 1075 3972 1096 .',
3985 1061 4032 1096 In“:
4043 1075 4048 1080 .

3961 1109 3968 1124 τ
3989 1099 4020 1120 μ,
4041 1099 4062 1106 ..

4041 1123 4064 1154 ἶε

4057 1223 4064 1250 ;

3995 3135 4038 3189 5;:
4062 3154 4063 3157 η

4046 3674 4063 3691 η

4054 3958 4062 4101 ἔ

4052 4106 4061 4165 i
