4118 6448
297 446 404 503 429

299 557 734 630 pramuntiatum.
755 551 973 619 Quarto,
989 545 1132 619 quod
1148 544 1442 602 ostenderit
1459 541 1634 596 omnia
1648 537 1717 591 ab
1733 550 1791 591 se
1804 533 1886 588 t'a-

297 664 383 707 eta
406 665 525 706 esse
540 662 659 720 qua:
681 647 791 702 ﬁeri
809 641 1105 715 oportebat,
1124 636 1336 709 quando
1355 642 1412 691 et
1429 646 1712 703 puerorum
1737 643 1889 698 para-

300 742 478 797 bolam
500 737 835 795 memoravit.
851 733 1066 803 Quinto,
1084 746 1203 786 cum
1222 724 1508 783 incredulis
1525 720 1885 792 exprobravit,

300 834 596 888 terroribus
607 840 765 900 atque
780 828 938 881 minis
954 823 1166 880 additis.
1183 820 1366 881 Sexto,
1383 832 1501 872 cum
1521 830 1616 886 pro
1629 812 1887 869 credenti-

299 923 404 978 bus
424 923 619 993 gratias
638 921 764 990 agit.
789 918 917 973 Nam
936 914 1085 978 illud,
1104 909 1478 979 Conﬁteortibi,
1505 906 1590 960 hic
1602 903 1883 973 signiﬁcat,

300 992 513 1070 Gratias
537 1028 637 1082 ago
666 1011 758 1066 tibi
779 1026 793 1067 :
818 1008 1029 1065 Gratias
1056 1019 1177 1076 ago,
1200 1002 1389 1072 inquit,
1423 999 1556 1067 Quia
1584 992 1889 1050 abscondisti

299 1108 453 1161 [iteca
468 1103 775 1177 sapientibus
796 1113 839 1156 et
857 1098 1203 1173 prudentibus.
1222 1093 1357 1162 Quid
1383 1090 1579 1162 igitur?
1594 1105 1659 1143 an
1682 1087 1749 1141 de
1767 1101 1887 1154 per-

299 1199 444 1255 nicie
469 1176 696 1269 gaudet,
727 1203 780 1250 et
804 1192 944 1264 quod
974 1191 1049 1245 illi
1076 1189 1191 1243 lucc
1220 1182 1500 1242 noverint?
1528 1180 1772 1237 Minime:
1794 1176 1889 1234 sed

300 1292 423 1347 hare
441 1298 525 1346 est
545 1288 732 1345 salutis
756 1288 841 1341 via
869 1284 1090 1356 optima,
1117 1290 1174 1337 ut
1200 1280 1288 1351 qui
1317 1285 1596 1348 respuunt,
1621 1282 1679 1329 et
1707 1273 1891 1326 nolunt

299 1399 368 1440 ea
383 1398 502 1455 qua:
515 1383 761 1437 dicuntur
775 1379 1064 1449 suscipere,
1080 1375 1228 1431 nullo
1240 1380 1393 1444 pacto
1405 1380 1681 1441 cogantur,
1694 1374 1752 1422 ut
1765 1368 1888 1439 quia

298 1475 477 1530 vocati
501 1490 605 1529 non
633 1472 886 1527 meliores
906 1470 1029 1525 facti
1067 1476 1210 1530 sunt,
1233 1466 1327 1521 sed
1350 1465 1652 1521 reciderunt
1677 1473 1731 1518 et
1758 1477 1889 1516 con-

300 1572 657 1635 tempserunt,
676 1563 815 1633 quod
834 1577 891 1616 se
908 1561 1133 1631 rejectos
1149 1560 1386 1624 videant,
1406 1558 1456 1611 in
1474 1556 1663 1610 horum
1682 1552 1891 1609 deside-

298 1648 444 1712 rium
462 1654 813 1710 adducantur.
834 1652 908 1708 lta
926 1653 1067 1707 enim
1095 1652 1152 1720 ii,
1175 1651 1265 1722 qui
1290 1649 1525 1703 animum
1551 1646 1887 1711 adhiberent,

299 1747 656 1803 studiosiores
685 1744 843 1799 futuri
874 1751 1047 1799 erant.
1078 1742 1209 1797 Nam
1237 1741 1377 1812 quod
1402 1755 1462 1795 ea
1488 1739 1618 1809 ipsis
1641 1737 1889 1792 revolen-

302 1849 414 1904 tur,
438 1838 489 1893 id
515 1838 637 1908 jure
660 1837 908 1908 gaudium
942 1834 1110 1905 pariat
1137 1853 1150 1888 :
1176 1832 1318 1905 quod
1348 1846 1474 1887 vero
1501 1829 1892 1886 abscondantur

300 1930 432 1996 illis,
463 1944 567 1983 non
591 1927 805 1999 gaudio,
834 1927 929 1982 sed
957 1925 1207 1997 lacrymis
1236 1923 1452 1993 dignum
1479 1928 1579 1976 est.
1606 1919 1739 1973 illud
1767 1933 1893 1973 vero

300 2021 454 2085 facit,
479 2020 603 2075 dum
633 2020 957 2091 lacrymatur
985 2016 1244 2071 miserans
1269 2013 1561 2069 civitatem.
1596 2011 1710 2066 Non
1735 2010 1893 2081 igitur

301 2110 429 2166 ideo
459 2109 689 2181 gaudet,
719 2108 810 2163 sed
848 2106 988 2178 quod
1030 2121 1092 2161 ea
1121 2120 1240 2175 qua:
1268 2104 1536 2173 sapientes
1581 2118 1685 2156 non
1720 2115 1890 2155 nove-

302 2211 452 2267 runt,
482 2201 578 2271 ipsi
610 2199 878 2264 noverint,
906 2206 965 2253 ut
991 2212 1111 2252 cum
1143 2195 1270 2251 dicit
1299 2193 1491 2249 Paulus
1519 2209 1532 2245 :
1563 2190 1769 2246 Gratias
1796 2206 1894 2261 ago

302 2291 421 2347 Deo
444 2334 459 2358 ,
487 2291 724 2360 quoniam
755 2290 920 2360 fuistis
948 2288 1075 2342 serui
1108 2286 1300 2357 peccati
1324 2327 1339 2352 ,
1373 2282 1607 2339 obedistis
1638 2292 1804 2336 autem
1834 2297 1895 2335 ea:

301 2383 460 2438 corde
487 2383 539 2436 in
568 2399 719 2452 quam
748 2380 922 2434 traditi
947 2379 1064 2434 estis
1095 2382 1314 2449 formam
1340 2375 1583 2430 doctrina:
1609 2371 1628 2444 (
1651 2370 1804 2425 Rom.
1836 2371 1887 2425 6.

304 2473 436 2543 17).
462 2472 578 2527 Νοιι
608 2488 733 2543 ergo
764 2471 958 2526 Paulus
983 2477 1264 2540 propterea
1296 2466 1512 2537 gaudet,
1543 2463 1685 2535 quod
1714 2470 1895 2519 essent

303 2565 448 2621 servi
480 2564 719 2635 peccati,
757 2561 852 2617 sed
889 2560 1030 2632 quod
1067 2560 1200 2614 tales
1228 2573 1350 2613 cum
1380 2564 1561 2612 essent
1584 2597 1599 2622 ,
1638 2563 1716 2609 tot
1756 2554 1892 2609 bona

305 2655 523 2709 tandem
559 2654 666 2709 sint
702 2651 1038 2722 consequuti.
1083 2650 1365 2719 Sapientes
1402 2657 1579 2703 autem
1625 2646 1711 2700 hic
1740 2658 1889 2701 vocat

303 2745 512 2800 scribas
537 2753 593 2798 et
622 2742 938 2797 Pharisazos.
969 2741 1097 2796 [late
1127 2755 1286 2811 porro
1312 2739 1474 2806 dicit,
1509 2746 1566 2792 ut
1601 2736 1895 2805 discipulos

303 2834 600 2891 alacriores
620 2833 825 2898 reddat,
859 2841 913 2888 et
932 2831 1207 2899 ostendat,
1227 2837 1424 2902 quanta
1447 2827 1762 2896 consequuti
1789 2827 1895 2880 sint

305 2928 626 2998 piscatores,
654 2938 683 2977 a
710 2923 901 2994 quibus
928 2922 1004 2977 illi
1028 2936 1219 2977 omnes
1242 2920 1575 2977 exciderunt.
1606 2917 1739 2972 Cum
1764 2930 1896 2983 vero

305 3017 579 3083 sapientes
608 3023 758 3069 vocat
790 3013 929 3079 illos,
959 3028 1063 3067 non
1092 3011 1160 3067 de
1184 3025 1309 3066 vera
1331 3017 1384 3063 et
1409 3008 1655 3063 laudabili
1686 3007 1898 3076 sapien-

308 3107 384 3160 tia
413 3105 664 3174 lequitur,
686 3103 781 3159 sed
808 3102 878 3159 de
902 3103 991 3158 illa
1016 3117 1173 3172 quam
1207 3100 1524 3155 videbantur
1547 3113 1615 3153 ex
1634 3096 1896 3168 gravitate

305 3196 644 3266 consequuti.
679 3195 881 3251 Idcirco
908 3209 1017 3249 non.
1044 3193 1208 3256 dixit,
1246 3192 1511 3245 Revelasti
1539 3189 1743 3253 stultis,
1777 3187 1893 3253 sed,

314 3289 551 3346 Part-ulls
572 3305 590 3343 ξ
613 3288 837 3343 sinceris
867 3287 1070 3342 scilicet
1090 3300 1152 3338 ac
1168 3282 1500 3352 simplicibus
1523 3300 1535 3335 ε
1561 3281 1898 3349 ostenditque

307 3382 435 3437 illos
454 3397 559 3435 non
588 3380 758 3434 soium
781 3377 921 3449 quod
948 3376 1091 3447 digni
1120 3390 1224 3431 non
1252 3382 1451 3437 essent,
1481 3371 1573 3425 sed
1592 3373 1711 3440 jure
1736 3372 1895 3426 etiam

307 3475 428 3529 hinc
454 3488 559 3527 non
589 3486 707 3526 esse
733 3471 954 3540 adeptos
981 3487 993 3522 :
1023 3481 1227 3537 nosque
1255 3480 1347 3535 per
1374 3463 1551 3520 omnia
1577 3461 1751 3526 docet,
1784 3468 1840 3515 ut
1867 3475 1896 3513 a

306 3563 560 3634 superbia
594 3561 854 3632 fugiamus
872 3601 887 3623 ,
916 3558 1010 3615 sed
1039 3558 1432 3628 simplicitatem
1457 3563 1743 3609 sectemur.
1775 3553 1897 3607 Ideo

309 3655 509 3711 Paulus
536 3654 651 3708 haec
679 3652 915 3723 pluribus
940 3648 1257 3719 ampliﬁcat,
1292 3649 1363 3700 ita
1389 3646 1631 3701 scribens
1658 3660 1670 3696 :
1697 3644 1756 3699 Si
1786 3645 1898 3713 quis

309 3748 371 3802 in
395 3746 528 3801 vobis
552 3744 746 3799 videtur
761 3745 812 3797 in
828 3744 922 3797 hoc
941 3741 1126 3796 swculo
1147 3742 1347 3811 sapiens
1367 3755 1491 3804 esse,
1514 3740 1559 3792 is
1584 3739 1675 3807 ﬁat
1692 3738 1895 3800 stultus,

308 3850 371 3895 ut
409 3839 610 3907 sapiens
644 3837 886 3907 e/ﬁciatur
919 3834 1008 3908 (1.
1036 3832 1155 3889 Cor.
1190 3835 1243 3888 5.
1278 3832 1402 3903 18).
1444 3832 1532 3888 Sic
1561 3831 1702 3887 enim
1729 3831 1899 3901 gratia

309 3931 412 3987 Dei
442 3929 857 3984 demonstratur.
891 3925 998 3981 Cur
1024 3934 1198 3979 autem
1230 3923 1373 3978 Patri
1401 3922 1598 3993 gratias
1625 3921 1754 3991 agit,
1778 3935 1899 3974 cum

314 4024 428 4079 hoc
454 4022 569 4091 ipse
602 4018 830 4075 fecerit?
859 4018 925 4073 Ut
957 4016 1123 4071 Deum
1157 4022 1425 4083 precatur,
1458 4024 1709 4080 magnam
1735 4022 1890 4063 suam

318 4131 453 4187 erga
503 4130 602 4171 nos
639 4114 919 4169 caritatem
951 4111 1256 4174 declarans,
1304 4108 1382 4162 sic
1403 4116 1458 4162 et
1495 4105 1696 4176 gratias
1738 4102 1888 4174 agit:

321 4224 451 4263 nam
485 4206 616 4261 illud
654 4220 864 4275 magnae
894 4203 1137 4258 caritatis
1166 4209 1249 4255 est
1288 4197 1583 4263 indicium;
1623 4205 1678 4251 et
1710 4203 1895 4249 osten-

314 4302 441 4365 dit,
489 4302 609 4355 illos
655 4315 763 4354 non
809 4314 839 4353 a
873 4298 1054 4366 seipse
1091 4294 1289 4353 solum,
1327 4291 1418 4346 sed
1465 4290 1627 4343 etiam
1658 4304 1690 4342 a
1738 4288 1896 4342 Patre

315 4391 602 4448 excidisse.
636 4389 767 4444 Nam
805 4386 947 4459 quod
975 4385 1111 4442 dixit
1134 4383 1408 4453 discipulis
1430 4423 1446 4451 ,
1474 4380 1650 4435 Nolite
1673 4389 1904 4435 sanctum

315 4484 446 4537 dare
474 4480 679 4535 canibus
707 4477 931 4550 (Matth.
959 4478 1010 4531 7.
1042 4474 1147 4547 6),
1178 4475 1231 4529 id
1252 4474 1362 4544 jam
1396 4472 1538 4543 prius
1570 4470 1658 4524 ille
1682 4468 1903 4524 fecerat.

319 4576 527 4633 Deinde
543 4591 637 4645 per
652 4575 769 4629 hare
787 4570 1020 4628 ostendit
1033 4577 1088 4626 et
1107 4584 1258 4624 suam
1280 4576 1334 4622 et
1355 4565 1524 4621 Patris
1540 4564 1866 4618 voluntatem
1887 4577 1901 4616 :

318 4686 497 4737 suam,
519 4668 660 4740 quod
683 4668 879 4739 gratias
899 4674 1019 4736 agat
1041 4672 1094 4718 et
1116 4662 1344 4733 gaudeat
1361 4659 1430 4715 de
1453 4674 1511 4713 re
1530 4665 1675 4729 gesta
1697 4675 1711 4723 ;
1735 4657 1906 4710 Patris

319 4778 473 4829 vero,
503 4769 561 4815 ut
586 4758 851 4821 ostendat,
878 4757 1022 4811 illum
1049 4769 1155 4810 non
1183 4761 1424 4824 rogatum
1451 4750 1553 4805 hoc
1574 4749 1787 4811 fecisse,
1812 4747 1906 4802 sed

317 4862 514 4923 sponte
550 4865 643 4907 sua
681 4863 747 4906 eo
783 4849 1018 4903 animum
1053 4846 1361 4916 appulisse;
1403 4856 1524 4896 nam
1554 4842 1664 4907 ait,
1698 4841 1787 4896 Sic
1812 4839 1909 4908 fuit

320 4945 566 5016 placitum
583 4951 699 4997 ante
720 4950 800 5004 te;
828 4940 997 5004 idest,
1024 4938 1096 4992 lta
1121 4938 1212 4992 tibi
1237 4935 1450 5007 placuit.
1475 4934 1583 4988 Cur
1602 4942 1780 4987 autem
1806 4932 1909 4986 illis

322 5036 636 5093 abscondita
669 5033 884 5096 fuerint,
913 5028 1036 5085 audi
1066 5029 1289 5084 Paulum
1314 5027 1580 5082 dicentem
1610 5041 1625 5079 :
1656 5024 1909 5092 Quoniam

319 5139 599 5203 qua'reutes
620 5128 878 5200 prOpriam
898 5124 1152 5197 justitiam
1173 5132 1406 5187 statuere,
1430 5119 1647 5192 justitite
1675 5117 1767 5172 Dei
1790 5117 1911 5172 sub-

322 5223 445 5285 iecti
484 5236 584 5275 non
623 5222 826 5291 fuerunt
853 5215 1041 5287 (Rom.
1075 5213 1162 5269 10.
1192 5215 1226 5269 5
1246 5215 1286 5283 ).
1323 5208 1598 5281 Perpende
1627 5210 1784 5279 igitur
1806 5221 1913 5278 quo

323 5312 521 5367 affectu
551 5309 715 5364 fuisse
753 5306 1042 5376 discipulos
1078 5303 1367 5360 verisimile
1396 5311 1517 5368 est,
1552 5300 1668 5356 haec
1692 5300 1914 5355 audien-

329 5413 451 5470 tes;
483 5400 627 5471 quod
669 5413 862 5469 nempe
896 5397 982 5450 illa
1013 5411 1132 5466 quae
1169 5394 1441 5464 sapientes
1479 5407 1583 5447 non
1615 5398 1910 5454 noverant,

328 5496 431 5566 ipsi
460 5493 725 5558 noverint,
758 5489 1110 5558 noverintque
1140 5488 1342 5557 parvuli
1373 5492 1671 5550 manentes,
1701 5484 1916 5552 Deoquc

329 5587 622 5644 revelaute.
671 5582 844 5639 Lucas
896 5580 1045 5654 (Cap.
1072 5579 1159 5634 10.
1192 5580 1350 5633 v.17.
1382 5577 1475 5648 21)
1502 5590 1630 5630 vero
1658 5576 1817 5640 dicit,
1863 5575 1916 5631 in

334 5678 424 5733 illa
454 5675 603 5738 hora,
632 5688 734 5744 qua
764 5681 1025 5729 venerunt
1051 5669 1380 5740 septuaginta
1408 5669 1713 5724 nuntiantes
1736 5669 1824 5723 illa
1851 5668 1918 5722 de

330 5768 702 5829 daemonibus,
733 5775 860 5820 tune
885 5763 1234 5820 exsultavisse
1259 5769 1313 5815 et
1340 5759 1428 5814 illa
1455 5758 1653 5814 dixisse
1674 5796 1689 5823 ,
1722 5774 1839 5827 quae
1864 5769 1921 5813 ut

334 5857 686 5915 studiosiores
735 5855 855 5910 illos
902 5853 1236 5920 reddebant,
1275 5851 1344 5907 ita
1389 5847 1455 5905 ad
1496 5845 1918 5906 moderationem

1214 433 1278 490 IN
1318 425 1722 487 MATTIIIEUM
1764 419 1991 479 HOMIL.
2032 421 2318 478 XXXWU.
2361 423 2429 477 al.
2475 422 2714 479 XXXIX.

3470 422 3573 479 451)

1996 532 2367 605 disponebant.
2392 538 2523 604 Quia
2550 537 2690 591 enim
2710 537 2992 592 verisimile
3013 545 3126 591 erat
3151 537 3270 591 illos
3296 536 3456 591 altum
3482 551 3569 590 sa-

1997 642 2122 697 pere
2146 669 2159 692 ,
2191 628 2330 698 quod
2355 629 2627 683 dzemonas
2670 628 2962 697 pellerent,
3008 628 3131 682 hinc
3160 629 3281 683 illos
3310 628 3568 697 reprimit.

1996 718 2266 774 Rex-elatio
2287 720 2428 774 enim
2449 728 2563 774 erat
2590 719 2714 774 illud
2733 719 2871 790 quod
2900 719 3094 774 factum
3116 719 3308 787 fuerat,
3329 734 3432 773 non
3460 726 3569 772 stu-

1994 810 2065 866 dii
2092 811 2313 868 fructus.

2062 901 2116 955 2.
2148 902 2376 972 Ideoque
2402 904 2590 959 scriba:
2619 913 2673 958 et
2700 905 2996 974 sapientes,
3024 905 3114 975 qui
3142 920 3201 960 se
3229 904 3482 974 putabant.
3505 917 3568 956 ex

1993 994 2183 1063 seipsis
2209 994 2494 1064 prudentes
2515 1011 2653 1060 esse,
2681 997 2751 1051 ob
2776 1006 3034 1052 tumorem
3060 997 3329 1067 proprium
3357 995 3568 1050 excide-

1994 1094 2136 1140 runt.
2165 1084 2219 1142 Si
2250 1087 2424 1155 itaque
2451 1088 2501 1141 id
2534 1088 2637 1143 illis
2664 1088 2782 1143 ideo
2812 1087 3180 1143 absconditum
3208 1094 3323 1153 est,
3356 1088 3570 1149 timete,

1995 1177 2197 1246 inquit,
2230 1187 2279 1232 et
2323 1179 2526 1248 parvuli
2557 1187 2786 1234 manete.
2815 1178 2870 1233 ld
2899 1178 3039 1232 enim
3072 1177 3245 1233 ell'ecit
3274 1185 3325 1230 ut
3362 1176 3571 1231 revela-

1995 1269 2139 1322 tione
2166 1268 2468 1323 frueremiui
2491 1311 2503 1333 ,
2535 1279 2591 1324 nt
2618 1285 2680 1325 ex
2703 1270 2974 1324 contrario
2997 1269 3124 1323 vitio
3150 1269 3250 1322 hac
3280 1267 3352 1321 illi
3385 1266 3572 1337 privati

1993 1366 2136 1411 sunt.
2158 1357 2289 1412 Nam
2317 1374 2438 1414 eum
2463 1359 2609 1425 dicit,
2634 1360 2903 1423 Revelasti,
2923 1375 3025 1412 non
3050 1367 3214 1413 totum
3237 1374 3301 1413 ex
3323 1358 3430 1412 Deo
3456 1371 3577 1412 esse

1994 1451 2204 1512 asserit,
2238 1450 2331 1505 sed
2360 1452 2499 1505 sicut
2523 1465 2642 1504 cum
2671 1450 2862 1506 Paulus
2887 1449 3033 1514 dicit,
3055 1448 3287 1503 Tradidit
3311 1461 3394 1502 eos
3419 1447 3470 1500 in
3497 1463 3578 1499 re-

1996 1542 2207 1611 probum
2222 1559 2443 1609 sensum,
2463 1553 2508 1596 et
2525 1542 2785 1596 exetecavit
2803 1540 3184 1612 intelligentiam
3200 1554 3371 1592 eorum
3394 1536 3572 1608 (Rom.

2000 1635 2048 1689 1.
2079 1634 2184 1704 28)
2209 1674 2222 1698 ,
2252 1647 2362 1688 non
2389 1633 2536 1687 illum
2570 1633 2684 1686 inec
2711 1631 2888 1686 omnia
2931 1631 3117 1686 iecisse
3151 1628 3447 1698 signiﬁcat,
3482 1626 3583 1681 sed

1998 1726 2117 1780 illos
2145 1724 2231 1794 qui
2257 1738 2472 1781 causam
2500 1722 2836 1792 praebuerunt
2862 1740 2875 1774 :
2908 1721 2976 1775 ita
3001 1730 3055 1775 et
3087 1712 3431 1777 hicilludait,
3450 1713 3575 1767 Abs.

1982 1812 2515 1881 condisti.Quiacnirn
2544 1813 2695 1879 dixit,
2724 1811 2980 1880 Conﬁteor
3000 1810 3106 1870 tibi.
3130 1811 3250 1881 quia
3271 1807 3581 1861 abscondisti

1995 1910 2118 1973 illis,
2141 1919 2184 1963 et
2207 1907 2433 1961 revelasti
2454 1922 2513 1960 ea
2533 1905 2775 1976 parvulis,
2802 1919 2869 1959 ne
2896 1914 3048 1973 putes
3074 1902 3242 1972 ipsum
3273 1899 3374 1953 hac
3391 1899 3583 1951 virtute

2000 2003 2260 2073 privatum
2285 2042 2301 2066 ,
2332 2015 2451 2055 cum
2485 1997 2613 2052 illud
2642 1996 2855 2052 allicere
2891 2011 2997 2049 non
3034 2000 3250 2063 posset,
3278 1991 3357 2045 sic
3382 1988 3583 2060 gratias

1997 2107 2175 2164 agere,
2199 2091 2379 2161 adjicit
2399 2108 2411 2142 :
2434 2089 2524 2143 27.
2548 2087 2728 2141 Omnia
2745 2086 2866 2140 milii
2886 2085 3070 2138 tradita
3090 2091 3205 2136 sunt
3226 2099 3256 2134 a
3282 2080 3435 2134 Patre
3451 2094 3577 2131 utea.

1998 2185 2080 2241 Ad
2116 2199 2208 2238 cos
2237 2198 2361 2236 vero
2386 2182 2476 2252 qui
2509 2180 2840 2241 laetabantur,
2868 2176 3009 2247 quod
3046 2175 3319 2229 daemones
3357 2171 3457 2226 sibi
3492 2185 3582 2239 pa-

1999 2284 2178 2332 rerent
2197 2316 2211 2340 ,
2237 2273 2373 2340 Quid
2406 2271 2693 2336 miramini,
2724 2270 2922 2337 inquit,
2946 2268 2990 2321 si
3014 2266 3286 2321 dmrnoues
3314 2263 3462 2317 vobis
3489 2276 3581 2315 ce~

1999 2368 2162 2425 dant?
2183 2366 2371 2423 Omnia
2401 2379 2517 2419 mea
2546 2371 2687 2424 sunt,
2722 2361 2905 2415 Omnia
2935 2359 3056 2412 mihi
3078 2357 3263 2411 tradita
3283 2363 3418 2409 sunt.
3446 2353 3580 2408 Cum

1997 2470 2176 2517 autem
2206 2459 2480 2521 audieris,
2526 2456 2655 2509 Mihi
2695 2453 2882 2508 tradita
2922 2461 3071 2516 sunt,
3119 2449 3246 2503 nihil
3290 2447 3577 2501 humanum

1998 2552 2304 2622 suspiceris.
2338 2549 2413 2604 Ne
2439 2548 2580 2603 enim
2607 2546 2739 2601 duos
2769 2559 2875 2599 non
2904 2542 3113 2613 genitos
3133 2539 3263 2595 deos
3286 2537 3577 2597 existimes,

2000 2646 2137 2700 hanc
2177 2644 2323 2714 ponit
2367 2642 2676 2697 dictionem.
2720 2637 2852 2693 Nam
2894 2635 3036 2707 quod
3076 2634 3235 2689 simul
3276 2632 3488 2702 genitus
3529 2638 3584 2683 ct

1998 2738 2237 2792 omnium
2269 2735 2521 2789 Dominus
2548 2732 2636 2796 sit,
2665 2744 2809 2799 saepe
2834 2729 2958 2783 alibi
2988 2724 3270 2796 significat.

2073 2831 2237 2885 Filius
2266 2828 2489 2901 ejusdem
2514 2842 2625 2879 cum
2659 2823 2809 2877 Patre
2833 2820 3141 2875 substantiae.
3170 2816 3400 2871 Marcion
3425 2813 3583 2868 obiter

1999 2922 2263 2991 refellitur.
2291 2918 2564 2972 Humilitas
2599 2923 2758 2968 mater
2799 2921 2870 2967 est
2923 2912 3084 2965 onmis
3139 2906 3489 2979 pltilosttpltite.
3513 2934 3582 2943 -—

2001 3013 2169 3081 Majus
2196 3010 2464 3082 quidpiam
2509 3006 2703 3063 deinde
2741 3005 2886 3071 dicit,
2923 3011 3259 3071 mentemque
3290 2995 3581 3053 tuamdiri-

1997 3106 2071 3175 git
2101 3106 2115 3136 ¹
2143 3122 2155 3154 :
2189 3103 2252 3157 Et
2271 3118 2413 3157 nemo
2435 3100 2571 3155 novit
2599 3098 2811 3163 Filium,
2848 3096 2944 3150 nisi
2975 3093 3131 3148 Pater
3148 3109 3167 3159 ,'
3194 3107 3349 3159 neque
3381 3089 3587 3142 Patrem

1999 3199 2112 3265 quis
2140 3198 2293 3260 novit,
2315 3195 2414 3249 nisi
2434 3192 2478 3246 F
2480 3194 2616 3248 ilius.
2638 3191 2860 3246 Videtur
2885 3198 3061 3243 autem
3087 3187 3169 3251 iis,
3189 3186 3275 3256 qui
3306 3199 3416 3238 rem
3441 3182 3589 3252 igno-

2004 3299 2143 3356 rant,
2168 3290 2284 3344 inec
2324 3303 2429 3342 non
2459 3286 2667 3341 luerere
2695 3282 3098 3353 superioribus:
3128 3288 3181 3333 at
3206 3277 3368 3332 multa
3398 3287 3475 3330 est
3510 3274 3590 3327 in—

2003 3391 2082 3436 tcr
2103 3380 2217 3434 hcce
2239 3376 2605 3433 consonantia.
2631 3375 2765 3442 Quia
2810 3374 2952 3428 enim
2979 3371 3203 3434 dixerat,
3236 3367 3418 3421 Omnia
3465 3364 3589 3417 milii

2000 3474 2186 3526 tradita
2225 3480 2342 3525 sunt
2379 3488 2410 3523 α
2450 3468 2753 3533 Palremeo,
2778 3463 3047 3533 subjttngit
3078 3478 3091 3514 :
3127 3457 3327 3527 Ecquid
3370 3455 3586 3519 mirum,

2001 3566 2044 3620 si
2089 3564 2325 3617 onmium
2367 3561 2468 3615 sim
2497 3557 2770 3622 Dominus,
2813 3570 2931 3610 cum
2961 3550 3102 3606 aliud
3134 3548 3304 3618 majus
3340 3546 3585 3608 habeam,

2003 3655 2143 3727 quod
2171 3655 2382 3709 Patrem
2413 3664 2748 3720 cognoscam,
2776 3656 2829 3702 et
2850 3644 3089 3715 ejusdem
3112 3656 3231 3696 cum
3259 3654 3323 3694 co
3343 3638 3590 3693 substan-

2006 3750 2091 3804 tiae
2120 3746 2265 3801 sim?
2304 3743 2512 3800 Etenim
2544 3741 2645 3795 hoc
2672 3738 2931 3794 occultius
2961 3735 3223 3806 signiﬁcat
3259 3747 3326 3785 ex
3355 3744 3420 3783 eo
3447 3729 3589 3799 quod

2007 3841 2157 3895 solus
2187 3838 2361 3906 ipsum
2408 3840 2713 3903 cognoscat.
2744 3830 2877 3884 Cum
2906 3828 3048 3882 enim
3081 3824 3227 3888 dicit,
3262 3821 3425 3874 Nemo
3454 3820 3588 3872 novit

2009 3930 2332 3987 Patremuisi
2353 3925 2537 3991 Filius,
2566 3924 2669 3977 hoc
2692 3921 2973 3991 signiﬁcat.
3007 3918 3076 3981 Et
3106 3915 3228 3969 vide
3253 3912 3587 3984 quandonam

2006 4023 2121 4077 bzcc
2146 4021 2307 4075 dicat.
2330 4017 2463 4072 Cum
2493 4028 2686 4083 nempe
2715 4027 2812 4081 per
2834 4024 2993 4079 opera
3022 4007 3136 4077 ejus
3166 4004 3453 4075 potentiam
3479 4003 3589 4054 ela-

2005 4131 2064 4170 re
2088 4113 2501 4168 demonstratam
2531 4106 2808 4167 haberent,
2831 4118 2951 4157 cum
2980 4114 3083 4153 non
3106 4097 3264 4152 modo
3294 4097 3464 4165 ipsum
3492 4092 3590 4147 mi-

2006 4204 2181 4261 racula
2212 4209 2506 4273 patrantem
2529 4194 2916 4261 vidissent,sed
2942 4192 3038 4262 ipsi
3059 4204 3269 4260 quoque
3295 4188 3346 4243 in
3375 4184 3590 4240 nomine

2009 4298 2175 4369 ipsius
2210 4303 2353 4349 tanta
2396 4291 2557 4347 edere
2592 4288 2906 4359 potuissent.
2939 4283 3170 4345 Deinde,
3203 4282 3324 4351 quia
3360 4279 3588 4343 dixerat,

2009 4387 2263 4445 Revelasti
2287 4402 2346 4440 ea
2377 4382 2620 4454 parvulis,
2651 4378 2886 4434 ostendit
2924 4376 3024 4431 hoc
3051 4375 3209 4429 etiam
3239 4372 3306 4427 ad
3337 4387 3395 4427 se
3425 4371 3590 4440 perti-

2011 4498 2138 4538 nere
2166 4499 2180 4535 :
2213 4494 2335 4534 nam
2364 4478 2459 4542 ait,
2488 4474 2654 4529 Nemo
2680 4474 2817 4528 novit
2846 4471 3067 4536 Patrem,
3109 4468 3206 4521 nisi
3239 4465 3282 4519 F
3286 4467 3419 4529 ilius,
3449 4473 3492 4517 et
3513 4464 3592 4515 cui

2009 4574 2221 4630 voluerit
2256 4571 2306 4625 F
2309 4571 2426 4625 ilius
2462 4568 2718 4622 revelare:
2748 4580 2853 4619 non
2886 4563 2969 4618 cui
2999 4558 3336 4632 prasceperit,
3365 4571 3462 4609 nee
3506 4555 3590 4607 cui

2010 4663 2361 4720 mandaverit.
2392 4659 2543 4726 Quod
2570 4659 2613 4713 si
2643 4658 2854 4711 Patrem
2887 4653 3105 4717 revelat,
3129 4660 3181 4704 et
3209 4649 3439 4718 seipsum
3464 4660 3591 4713 ιιιιθ-

2011 4772 2133 4828 que.
2164 4755 2359 4811 Verum
2392 4751 2520 4807 illud
2550 4749 2762 4822 quidem
2788 4745 2937 4816 quasi
2967 4744 3017 4797 in
3042 4742 3289 4797 confesso
3330 4738 3398 4793 sit
3429 4737 3592 4789 relin-

2013 4849 2144 4918 quit,
2175 4847 2275 4901 hoc
2304 4860 2433 4900 vero
2454 4843 2649 4913 posuit,
2676 4847 2838 4907 atque
2863 4836 3058 4905 ubique
3082 4831 3228 4897 dicit,
3253 4840 3309 4885 ut
3335 4845 3454 4884 Clllli
3482 4828 3552 4881 ait
3580 4845 3593 4880 :

2016 4940 2183 4994 Nemo
2214 4946 2370 5007 potest
2393 4934 2558 4990 venire
2580 4932 2647 4986 ad
2680 4929 2884 4982 Patrem
2908 4969 2923 4994 ,
2960 4925 3055 4979 nisi
3093 4941 3181 4994 per
3212 4939 3308 4976 me.
3341 4921 3440 4975 Per
3480 4918 3599 4974 lucc

2015 5041 2193 5086 autem
2222 5027 2364 5083 aliud
2387 5039 2598 5096 quoque
2626 5020 2918 5085 constituit,
2947 5017 3087 5088 quod
3114 5013 3351 5085 ejusdem
3365 5024 3488 5063 cum
3508 5012 3601 5066 illo

2017 5125 2085 5180 sit
2119 5120 2404 5176 voluntatis
2439 5132 2501 5171 ac
2529 5111 2825 5172 sententi-.0.
2856 5110 3081 5165 Tantum
3112 5107 3297 5168 abest,
3328 5103 3515 5172 inquit,
3547 5112 3598 5156 ut

2018 5232 2139 5273 cum
2166 5215 2256 5269 illo
2285 5224 2509 5282 pugnent
2531 5248 2546 5274 ,
2572 5214 2628 5261 ut
2654 5220 2757 5259 non
2786 5202 2952 5274 possit
2978 5200 3097 5271 quis
3120 5198 3185 5253 ad
3212 5198 3358 5251 illum
3382 5195 3564 5249 venire
3585 5235 3600 5257 ,

2020 5311 2120 5364 nisi
2166 5323 2261 5378 per
2284 5321 2392 5360 me.
2424 5301 2555 5370 Quia
2586 5298 2729 5355 enim
2778 5296 2830 5351 id
2873 5294 3101 5349 maxime
3148 5291 3248 5346 illis
3281 5286 3603 5343 oﬁ'endiculo

2021 5412 2155 5465 erat,
2205 5396 2346 5470 quod
2389 5393 2657 5449 videretur
2703 5389 2812 5445 Deo
2856 5384 3192 5442 adversarius
3238 5395 3376 5446 esse,
3408 5378 3457 5432 id
3511 5393 3606 5446 per

2022 5492 2199 5548 omnia
2236 5486 2500 5550 eonfutat,
2533 5498 2631 5538 nec
2666 5480 2841 5534 minus
2882 5479 2982 5531 hoc
3009 5474 3225 5530 curabat
3268 5485 3423 5545 quam
3454 5470 3603 5537 signa

2023 5584 2204 5648 cdere,
2235 5582 2340 5635 imo
2369 5578 2541 5646 majus
2568 5589 2630 5630 ea
2660 5574 2710 5626 in
2743 5586 2801 5627 re
2826 5569 3058 5625 studium
3079 5562 3437 5635 impendebat.
3471 5559 3603 5613 Cum

2028 5687 2185 5744 porro
2221 5671 2368 5735 dicit,
2396 5666 2571 5738 Neque
2600 5665 2801 5719 Patrem
2835 5662 2945 5733 quis
2978 5659 3131 5725 nouit,
3156 5657 3252 5711 nisi
3283 5654 3468 5719 Filius,
3502 5666 3606 5704 non

2093 5859 2107 5889 ι
2146 5852 2252 5913 Alii,
2274 5855 2474 5902 mentem
2495 5852 2627 5898 luant
2654 5843 2896 5908 aperiens.
