4118 6432
595 406 692 460 431

589 517 809 583 indicat,
857 515 1006 570 illum
1047 528 1232 570 omnes
1279 514 1541 586 ignorare,
1571 512 1664 566 sed
1710 509 1975 564 neminem
2029 508 2168 562 illam

592 609 807 673 habere,
837 623 994 676 quam
1027 606 1138 675 ipse
1168 606 1402 670 haberet,
1438 604 1677 659 notitiam
1709 600 1886 672 :qnod
1916 600 2073 654 etiam
2104 597 2172 651 de

591 699 724 754 Filio
757 698 1060 752 dicendum.
1099 697 1279 768 Neque
1326 697 1466 752 enim
1498 697 1564 750 de
1610 695 1789 764 ignoto
1813 700 1868 746 et
1896 707 1924 745 a
1957 690 2172 745 nemine

584 789 794 857 cognito
822 788 924 843 deo
953 789 1066 842 haec
1099 788 1327 855 diccbat,
1359 797 1414 842 ut
1452 787 1680 840 Marcion
1720 784 1928 846 asserit,
1958 780 2050 836 sed
2078 796 2170 834 ac-

584 888 820 934 curatam
850 880 936 935 hic
969 881 1269 937 subindicat
1295 880 1650 952 cognitionem
1681 895 1695 932 :
1721 892 1842 931 nam
1873 890 1940 930 ne
1975 873 2167 928 Filium

581 969 796 1038 quidem
823 973 1195 1040 cognoscimus
1235 979 1291 1026 ut
1318 985 1476 1026 nosse
1505 977 1714 1038 oportet
1740 986 1753 1022 :
1785 977 1840 1021 et
1870 967 1970 1020 hoc
1996 964 2168 1034 ipsum

582 1061 779 1116 Paulus
821 1063 900 1116 sic
940 1064 1288 1118 declarabat:
1321 1062 1404 1116 Ea;
1441 1071 1584 1132 parte
1625 1061 1988 1130 cognoscimus,
2019 1066 2064 1111 et
2107 1072 2171 1108 ea:

583 1161 726 1220 parte
769 1154 1124 1224 prap/telamus
1151 1154 1228 1223 (Ι.
1261 1153 1378 1208 Cor.
1413 1154 1499 1207 15.
1540 1151 1652 1220 12).
1687 1149 1885 1204 Deinde
1913 1163 2032 1202 cum
2075 1159 2170 1216 per

581 1258 644 1297 ca
673 1259 792 1312 quae
832 1244 1040 1298 dixerat
1075 1245 1202 1313 ipsis
1240 1244 1560 1300 desiderium
1589 1242 1885 1307 indidisset,
1913 1254 2169 1308 suamque

580 1333 902 1390 ineffabilem
932 1338 1220 1404 potentiam
1252 1336 1691 1401 demonstrasset,
1724 1342 1850 1387 tunc
1876 1331 2081 1386 vocavit
2106 1330 2168 1384 il-

577 1425 660 1480 los
701 1427 925 1481 dicens:
959 1428 1048 1482 28.
1089 1427 1264 1482 Venite
1306 1429 1375 1481 ad
1408 1445 1485 1482 me
1509 1443 1680 1481 omnes
1711 1426 1796 1496 qui
1838 1423 2078 1478 laboratis
2122 1432 2167 1476 et

576 1522 770 1574 onerati
794 1523 932 1580 estis.
956 1533 1005 1575 et
1045 1538 1135 1592 ego
1175 1522 1398 1589 reﬁciant
1436 1537 1543 1574 vos.
1575 1519 1688 1573 Non
1716 1517 1803 1572 hic
1831 1527 1886 1572 et
1931 1516 2042 1582 ille,
2073 1515 2168 1570 sed

576 1627 763 1666 omnes
783 1613 870 1681 qui
889 1612 940 1666 in
959 1611 1336 1678 sollicitudine,
1363 1612 1412 1666 in
1435 1611 1663 1674 tristitia,
1687 1610 1740 1663 in
1768 1609 1996 1678 peccatis
2015 1608 2164 1662 estis.

580 1701 784 1768 Venite,
816 1718 920 1756 non
951 1711 1006 1756 ut
1035 1717 1219 1772 pinnas
1261 1711 1528 1771 expetam,
1559 1701 1650 1755 sed
1698 1710 1754 1754 ut
1796 1709 2008 1769 peccata
2053 1699 2166 1754 sol-

575 1809 697 1847 vam
723 1810 737 1859 ;
770 1795 967 1855 venite,
995 1810 1098 1848 non
1128 1795 1268 1864 quod
1291 1796 1456 1864 gloria
1481 1803 1652 1848 vestra
1682 1809 1886 1863 egeam,
1910 1793 2002 1847 sed
2023 1791 2164 1862 qend

573 1885 798 1939 salutem
828 1894 1058 1938 vestram
1084 1886 1278 1938 sitiam.
1297 1884 1431 1955 Ego,
1459 1885 1645 1954 inquit,
1671 1884 1895 1951 reﬁciam
1920 1899 2023 1937 vos.
2047 1882 2164 1936 Non

574 1975 669 2041 ait,
719 1975 904 2029 Salvos
948 1975 1173 2041 faciant;
1206 1976 1298 2032 sed
1345 1976 1486 2044 quod
1527 1977 1698 2030 multo
1743 1976 1912 2046 magis
1957 1983 2073 2040 est,
2111 1974 2165 2028 In

573 2067 718 2121 omni
746 2068 924 2138 quiete
955 2070 1297 2123 constituam.
1325 2069 1415 2123 29.
1445 2069 1627 2123 Tollite
1659 2071 1842 2140 jugum
1882 2085 2044 2122 meum
2072 2085 2162 2122 su-

572 2175 661 2227 per
688 2175 791 2224 vos,
817 2168 862 2211 et
890 2159 1062 2212 discite
1085 2176 1114 2212 a
1137 2177 1232 2226 me,
1252 2161 1371 2225 quia
1394 2160 1526 2214 mitis
1549 2177 1658 2213 sum
1681 2169 1728 2213 et
1755 2160 1957 2212 humilis
1978 2158 2163 2222 corde;

570 2257 617 2300 et
644 2248 898 2301 invenietis
928 2250 1149 2317 requiem
1183 2249 1447 2303 animabus
1472 2250 1659 2302 vestris.
1690 2250 1778 2303 5U.
1810 2247 2003 2318 Iugum
2031 2249 2163 2302 enim

570 2353 732 2391 meum
758 2353 907 2392 suave
933 2349 1025 2405 est,
1050 2349 1094 2393 et
1119 2356 1245 2394 onus
1284 2356 1446 2393 meum
1465 2339 1585 2393 leve.
1606 2339 1682 2394 Ne
1703 2341 1951 2402 timeatis,
1972 2340 2160 2408 inquit,

565 2442 686 2482 cum
722 2429 906 2498 jugum
947 2430 1140 2484 auditis
1169 2449 1180 2482 :
1212 2445 1372 2485 suave
1398 2431 1593 2501 quippe
1623 2442 1740 2493 est;
1777 2447 1841 2485 ne
1866 2430 2162 2485 fortnidetis

565 2523 688 2590 quia
719 2522 850 2587 dixi,
881 2539 1016 2578 onus
1043 2542 1055 2578 :
1089 2525 1204 2580 leve
1247 2527 1442 2596 quippe
1472 2535 1572 2580 cst.
1605 2526 1672 2579 Et
1703 2527 1971 2595 quomodo
2001 2541 2160 2594 supra

565 2611 735 2667 dixit:
764 2613 993 2684 Angusta
1035 2627 1104 2669 est
1136 2626 1315 2686 porta,
1347 2627 1392 2670 et
1422 2629 1562 2670 arcta
1603 2618 1682 2670 via
1705 2617 1917 2684 (Matt/1,
1940 2619 1991 2670 7.
2026 2619 2111 2686 14)
2138 2618 2162 2670 ?

563 2703 766 2774 Nempe
809 2707 852 2760 si
881 2709 1057 2778 segnis
1095 2709 1170 2763 sis
1193 2749 1209 2775 ,
1241 2709 1285 2762 si
1316 2709 1608 2764 remissus:
1656 2717 1712 2763 ut
1736 2709 1780 2764 si
1823 2726 1980 2778 supra
2021 2709 2160 2765 dicta

567 2796 856 2866 perfeceris
876 2840 890 2865 ,
921 2800 1034 2854 leve
1060 2801 1163 2855 erit
1191 2815 1328 2855 onus
1353 2817 1367 2866 ;
1414 2801 1613 2856 idcirco
1642 2817 1783 2856 nunc
1824 2802 1948 2856 illud
1977 2802 2160 2871 hujus-

566 2889 711 2944 mcdi
733 2906 852 2946 esse
879 2891 1032 2946 dixit.
1059 2894 1338 2960 Quomodo
1365 2903 1538 2949 autem
1570 2895 1618 2948 id
1643 2896 1956 2966 perﬁcitur?
1988 2896 2041 2951 Si
2071 2896 2162 2948 hu-

559 2983 704 3037 milis
726 2983 908 3050 fueris,
938 2997 1247 3041 mansuetus
1273 2995 1326 3040 et
1355 2987 1650 3042 modestus.
1682 2987 1806 3041 llaec
1831 2988 2026 3057 quippe
2053 2988 2159 3042 vir-

561 3084 647 3129 tus
679 3085 848 3130 mater
888 3085 971 3131 est
1012 3077 1188 3131 onmis
1234 3077 1606 3146 philosophim.
1635 3079 1969 3148 Quapropter
2013 3079 2158 3149 leges

561 3165 772 3220 divinas
811 3168 1080 3234 efferens,
1115 3168 1238 3222 hinc
1290 3169 1494 3237 incipit.
1541 3169 1635 3225 llic
1683 3185 1895 3241 quoque
1944 3186 2155 3226 rursum

562 3256 794 3325 idipsum
841 3259 1003 3324 facit,
1057 3275 1411 3331 magnamque
1461 3263 1610 3331 ponit
1659 3264 1984 3319 mercedem.
2039 3264 2154 3318 Non

560 3358 764 3403 tantum
790 3351 953 3418 enim,
983 3352 1171 3422 inquit,
1197 3352 1351 3408 alteri
1377 3353 1518 3408 utilis
1542 3355 1668 3419 eris,
1695 3355 1788 3410 sed
1815 3366 1939 3410 ante
1968 3370 2155 3410 omnes

558 3443 654 3496 tibi
687 3446 926 3512 requiem
957 3461 1134 3513 paras.
1179 3444 1450 3502 Invenietis
1476 3449 1617 3503 enim
1643 3450 1863 3518 requiem
1889 3450 2154 3505 animabus

557 3537 751 3589 vestris.
781 3538 918 3591 Ante
943 3536 1120 3592 futura
1145 3539 1254 3608 jam
1279 3539 1364 3594 hic
1393 3541 1482 3595 tibi
1505 3541 1937 3608 datmerccdem,
1959 3551 2013 3596 et
2033 3542 2154 3596 bra-

560 3627 701 3680 vinm
736 3644 873 3681 nunc
901 3630 1103 3696 przebet
1134 3648 1146 3682 :
1177 3639 1335 3700 atque
1379 3633 1502 3686 hinc
1536 3642 1591 3688 et
1616 3633 1758 3703 quod
1798 3634 2030 3703 seipsum
2062 3634 2154 3689 det

561 3717 614 3769 in
643 3719 967 3786 exemplum,
996 3733 1298 3775 sermonem
1327 3722 1500 3776 reddit
1523 3725 1900 3793 acceptiorem.

632 3808 686 3862 5.
714 3809 850 3874 Quid
891 3810 1033 3864 enim
1068 3811 1263 3865 times?
1287 3813 1490 3881 inquit;
1520 3829 1586 3868 ne
1617 3815 1790 3870 minor
1830 3815 2075 3870 habearis
2103 3816 2146 3872 si

553 3901 628 3970 sis
655 3900 909 3957 humilis?
956 3901 1040 3957 Me
1071 3903 1276 3972 respice
1303 3912 1358 3959 et
1385 3920 1501 3960 mea
1534 3907 1710 3959 omnia
1740 3921 1771 3961 a
1811 3922 1897 3961 me
1935 3906 2146 3972 discito,

553 4003 608 4045 et
645 4000 771 4046 tunc
799 3993 942 4047 clare
971 3993 1109 4048 scies
1139 4003 1397 4064 quantum
1434 3995 1505 4050 sit
1544 3997 1764 4052 bonum.
1794 3996 1983 4051 Viden’
2009 4013 2147 4065 quo-

555 4082 716 4136 tnodo
741 4084 884 4137 omni
910 4099 974 4142 ex
1006 4093 1153 4151 parte
1181 4085 1323 4154 ipsos
1352 4085 1562 4141 inducat
1591 4085 1658 4141 ad
1683 4087 2076 4142 humilitatem?
2102 4090 2146 4142 Α

553 4175 746 4243 quibus
790 4177 902 4245 ipse
949 4177 1115 4232 fecit:
1158 4177 1366 4243 Discite,
1413 4179 1603 4249 inquit,
1637 4197 1668 4234 a
1710 4197 1808 4246 me,
1850 4181 1969 4250 quia
2014 4182 2149 4235 mitis

551 4285 663 4322 sum
688 4287 705 4332 ;
733 4270 799 4323 ab
836 4271 900 4324 iis
927 4286 1048 4340 qua:
1078 4271 1179 4341 ipsi
1206 4270 1456 4326 lucraturi
1485 4282 1608 4326 sunt
1635 4291 1648 4326 :
1678 4287 1822 4338 nam,
1853 4271 2145 4337 Invenietis,

554 4361 744 4429 inquit,
771 4363 991 4428 requiem
1022 4363 1284 4416 aniniabus
1318 4365 1528 4429 vestris;
1553 4364 1619 4418 ab
1647 4365 1712 4419 iis
1737 4379 1855 4434 quae
1889 4366 2015 4433 ipsis
2046 4367 2148 4419 lar-

552 4452 696 4520 gitur
723 4471 736 4502 :
773 4453 1017 4522 Rcﬁciam
1046 4471 1156 4520 vos,
1187 4455 1392 4524 inquit;
1422 4457 1487 4510 ab
1513 4472 1578 4510 eo
1601 4457 1743 4526 quod
1772 4472 1908 4512 (nius
1935 4458 2048 4513 leve
2068 4457 2146 4513 ef-

552 4543 738 4599 fecerit
767 4563 780 4598 :
809 4544 1005 4615 Jugum
1043 4547 1174 4598 enim
1205 4563 1368 4599 meum
1409 4564 1563 4602 suave
1587 4558 1660 4602 est
1683 4589 1696 4611 ,
1737 4558 1781 4602 et
1811 4565 1936 4603 auus
1981 4565 2148 4602 nteant

551 4635 678 4690 leve.
713 4635 784 4690 lta
831 4647 880 4691 ct
916 4637 1112 4690 Paulus
1140 4637 1329 4692 suadet
1369 4640 1554 4692 dicens
1597 4657 1609 4692 :
1654 4638 2060 4694 Momentaneum
2101 4650 2147 4694 et

550 4728 656 4781 leve
682 4727 1040 4794 tribulationis,
1071 4730 1196 4782 mire
1222 4739 1267 4782 et
1291 4746 1446 4800 supra
1473 4731 1676 4783 modum
1697 4737 1941 4785 wternum
1967 4731 2146 4801 gloria:

551 4821 750 4887 pondus
775 4830 1017 4888 aperatur
1038 4821 1054 4889 (
1079 4821 1132 4873 9..
1159 4820 1275 4876 Cor.
1310 4823 1363 4876 4.
1400 4822 1462 4875 Π
1483 4822 1520 4890 ).
1549 4822 1612 4876 Et
1636 4823 1904 4892 quomodo
1928 4823 2042 4878 leve
2065 4831 2147 4877 est

550 4925 709 4974 onus,
740 4911 968 4978 inquies,
993 4926 1114 4965 cum
1143 4912 1287 4966 dicat
1313 4931 1326 4964 :
1363 4911 1482 4966 Nisi
1511 4913 1622 4980 quis
1653 4912 1770 4966 odio
1800 4912 2029 4966 habuerit
2053 4929 2145 4982 pa-

553 5010 677 5054 trem
715 5011 760 5053 et
802 5012 1034 5067 matrem;
1056 5013 1130 5065 el,
1161 5004 1260 5071 Qui
1286 5021 1384 5058 non
1412 5005 1544 5059 tollit
1577 5021 1775 5059 crucem
1802 5021 1966 5071 suam,
1997 5016 2041 5058 et
2067 5023 2146 5059 se-

547 5093 718 5162 quitur
755 5109 852 5158 me,
887 5111 986 5148 non
1030 5105 1098 5148 cst
1129 5113 1207 5148 me
1231 5097 1455 5166 dignus;
1487 5106 1556 5162 cl,
1593 5097 1694 5163 Qui
1739 5112 1840 5149 non
1889 5098 2144 5150 renuntiat

546 5183 779 5238 omnibus
808 5200 922 5251 qua:
961 5186 1200 5252 possidet.
1235 5204 1334 5240 non
1374 5197 1534 5255 potest
1565 5203 1702 5240 nteus
1730 5203 1836 5241 esse
1866 5187 2143 5257 discipulus

543 5276 718 5345 (Luc.
751 5278 839 5330 14.
889 5277 978 5331 26.
1011 5277 1101 5334 ‘27.
1131 5277 1276 5349 55);
1321 5295 1441 5335 cum
1488 5280 1673 5350 jubcat
1722 5282 1888 5350 ipsam
1931 5296 2143 5351 quoque

543 5368 776 5422 animam
808 5367 932 5423 odio
962 5367 1198 5423 habere?
1222 5371 1296 5425 Te
1325 5372 1520 5427 Paulus
1546 5372 1736 5428 doceat
1762 5371 1983 5427 dicens:
2018 5372 2141 5434 Quis

550 5475 640 5513 nos
671 5461 922 5531 separabit
968 5479 999 5513 a
1031 5463 1241 5516 caritate
1285 5464 1469 5518 Christi
1493 5466 1517 5518 .9
1555 5466 1809 5520 tribulatio
1832 5467 1858 5521 ?
1883 5483 1948 5520 an
1977 5483 2138 5537 angu-

543 5550 688 5603 stia?
714 5570 778 5604 an
801 5554 1123 5622 persecutio?
1153 5571 1219 5608 an
1251 5558 1452 5626 fames?
1483 5574 1549 5610 an
1577 5557 1779 5612 nuditas
1801 5559 1826 5612 ἔ)
1853 5575 1919 5611 an
1942 5559 2141 5629 pericu-

550 5639 654 5694 lum
676 5641 702 5695 .7
733 5659 796 5696 an
823 5645 1024 5714 gladius
1059 5644 1232 5715 (Rom.
1257 5647 1311 5700 8.
1344 5645 1476 5717 55)?
1505 5657 1576 5710 et,
1611 5647 1730 5701 Non
1747 5659 1860 5703 sunt
1879 5650 2143 5720 condigna:

548 5732 804 5799 passiones
851 5734 1004 5802 hujus
1043 5737 1282 5803 temporis
1325 5736 1392 5788 ad
1453 5742 1680 5808 futuram
1737 5740 1984 5809 gloriam,
2029 5757 2142 5811 qua:

543 5824 838 5878 τεινειαωιιιτ
861 5817 910 5870 in
927 5818 1072 5874 nobis
1093 5821 1196 5892 (Ib.
1211 5823 1227 5875 l
1240 5821 1558 5891 8).Doccaut
1574 5836 1624 5882 te
1639 5831 1728 5899 qui
1746 5850 1776 5887 a
1791 5850 2043 5890 consessu
2054 5835 2078 5890 ιι
2089 5856 2142 5894 u-

1377 401 1432 454 S.
1473 397 1749 454 JOAN‘NIS
1787 396 2260 454 CHRYSOSTOMI
2298 397 2612 452 ARCHIEP.
2655 398 3182 458 CONSTANTINOP.

3763 412 3866 466 43?.

2281 507 2517 562 dicorum
2550 517 2667 577 post
2714 510 2860 563 mille
2885 511 3105 566 verbera
3133 513 3375 570 redibant
3403 516 3708 585 Gaudentes,
3749 523 3866 586 quia

2277 599 2418 669 digni
2461 600 2620 653 habiti
2673 601 2872 669 fuerant
2919 620 3010 671 pro
3044 591 3261 659 nomine
3287 607 3473 662 Christi
3513 613 3862 666 contumeliam

2277 691 2383 758 puti
2409 689 2556 760 (Act.
2586 692 2638 746 5.
2670 693 2793 761 41).
2819 693 2971 760 Quod
3004 695 3048 748 si
3090 695 3264 752 adhuc
3295 699 3448 754 times
3490 711 3544 756 et
3573 701 3826 757 formidas
3847 745 3862 770 ,

2271 778 2454 848 juguni
2487 789 2538 834 et
2559 795 2693 835 onus
2721 783 2960 850 audiens,
2987 799 3092 838 non
3118 801 3148 839 a
3180 797 3366 842 natura
3395 791 3469 845 rei
3493 792 3651 846 timor
3675 795 3863 859 oritur,

2275 871 2369 926 sed
2396 887 2425 925 a
2459 881 2542 926 tua
2591 875 2857 943 segnitie;
2891 877 2959 930 ita
2989 888 3042 932 ut
3070 879 3116 932 si
3159 881 3234 934 sis
3273 891 3489 950 paratus
3517 891 3572 937 et
3600 883 3861 953 diligens,

2275 978 2451 1017 omnia
2481 964 2574 1019 tibi
2605 963 2775 1020 facilia
2804 975 2858 1020 et
2900 968 3030 1023 levia
3060 968 3234 1025 futura
3281 973 3406 1027 sint.
3439 973 3776 1044 Quapropter
3807 985 3864 1030 et

2273 1050 2515 1107 Christus
2540 1056 2829 1112 ostendens
2857 1058 3010 1114 nobis
3041 1075 3159 1116 esse
3187 1061 3557 1130 laborandum,
3588 1081 3694 1120 non
3740 1081 3868 1121 sua-

2275 1145 2360 1198 via
2393 1156 2592 1199 tantum
2627 1148 2819 1215 posuit,
2845 1164 3015 1220 neque
3034 1166 3258 1207 onerosa
3280 1155 3471 1220 solum,
3497 1157 3590 1210 sed
3617 1169 3862 1228 utraque.

2273 1237 2404 1291 Nam
2439 1249 2491 1292 et
2517 1239 2702 1310 jugum
2734 1244 2930 1311 posuit,
2959 1252 3014 1298 ct
3035 1259 3196 1300 suave
3227 1247 3354 1301 illud
3389 1251 3625 1317 vocavit,
3649 1261 3702 1306 et
3725 1267 3864 1308 onus

2273 1332 2600 1399 nominavit,
2639 1333 2945 1406 addiditque
2979 1338 3130 1402 leve;
3163 1355 3228 1393 ne
3267 1341 3354 1394 illa
3382 1349 3440 1396 ut
3477 1342 3738 1398 laboriosa
3781 1343 3866 1399 fu-

2273 1425 2405 1492 gias,
2430 1441 2564 1480 neve
2593 1434 2649 1479 ut
2673 1427 2956 1482 admodum
2989 1429 3156 1483 facilia
3176 1430 3460 1500 despicias.
3491 1434 3641 1501 Quod
3670 1436 3713 1490 si
3743 1446 3865 1505 post

2274 1517 2386 1569 lucc
2428 1517 2605 1570 omnia
2645 1517 2874 1572 difﬁcilis
2913 1520 3080 1575 virtus
3119 1537 3240 1577 esse
3288 1525 3379 1578 tibi
3418 1525 3645 1593 videtur,
3686 1528 3862 1597 cogita

2271 1605 2624 1662 difﬁciliorem
2651 1623 2770 1663 esse
2801 1611 3111 1678 nequitiam,
3133 1612 3273 1680 quod
3305 1615 3474 1684 ipsum
3497 1616 3860 1681 subiudicans,

2273 1713 2376 1750 non
2405 1699 2577 1766 primo
2605 1699 2758 1765 dixit,
2789 1699 2974 1754 Tollite
3002 1703 3190 1772 jugum
3235 1721 3418 1770 meum,
3448 1707 3538 1760 sed
3571 1709 3824 1776 pra'misit
3843 1747 3861 1773 ,

2282 1787 2456 1843 Venite
2471 1791 2556 1859 qui
2577 1791 2817 1845 laboratis
2844 1802 2890 1846 et
2911 1796 3103 1848 onerati
3130 1797 3267 1859 estis,
3287 1796 3564 1852 declarans
3584 1811 3861 1868 peccatum

2273 1879 2439 1934 labori
2484 1896 2601 1936 οεευ
2643 1882 2957 1947 obnoxium,
2990 1894 3042 1938 ct
3067 1901 3202 1939 onus
3227 1902 3346 1941 esse
3374 1903 3535 1957 grave
3563 1906 3623 1943 ac
3648 1901 3862 1960 gestata

2270 1969 2508 2025 difﬁcile.
2560 1971 2744 2042 Neque
2789 1974 2932 2028 enim
2991 1975 3298 2032 laborantes
3351 1980 3522 2033 solum
3576 1981 3730 2047 dixit,
3765 1983 3862 2036 sed

2270 2061 2430 2116 etiam
2459 2073 2727 2118 oneratos.
2754 2064 2864 2119 lloc
2895 2066 3052 2118 etiam
3084 2066 3341 2136 prepheta
3370 2069 3596 2132 diccbat,
3629 2071 3746 2140 ejus
3768 2088 3863 2124 na-

2271 2161 2442 2207 turam
2472 2154 2782 2210 describens
2811 2173 2825 2210 :
2857 2157 3002 2211 Sicut
3033 2176 3158 2214 onus
3183 2177 3333 2230 grave
3353 2173 3574 2232 gravata:
3609 2174 3725 2216 sunt
3775 2182 3860 2218 su—

2270 2264 2358 2314 per
2387 2264 2464 2301 me
2495 2248 2666 2317 (Psal.
2698 2250 2786 2304 57.
2813 2250 2890 2321 5).
2928 2251 3057 2306 lllud
3087 2269 3301 2324 quoque
3325 2255 3630 2310 describens
3657 2256 3860 2310 Zacha-

2266 2339 2412 2402 rias,
2444 2339 2518 2391 ait
2563 2338 2733 2408 ipsum
2782 2340 2983 2410 plumbi
3032 2343 3284 2398 talentum
3329 2361 3450 2400 esse
3494 2345 3672 2417 (Zach.
3702 2348 3856 2418 7).

2268 2426 2608 2498 ldipsunique
2630 2431 2958 2499 experientia
2979 2432 3235 2488 declarat.
3256 2435 3398 2490 Nihil
3415 2437 3554 2491 enim
3581 2438 3648 2491 ita
3670 2454 3853 2508 aggra-

2267 2529 2354 2574 vat
2401 2521 2658 2588 animam,
2706 2522 2776 2576 ita
2824 2534 3059 2578 mentem
3111 2537 3345 2581 excmcat
3387 2543 3448 2582 ac
3497 2528 3767 2597 deprimit.
3802 2541 3859 2584 ut

2267 2612 2595 2666 conscientia
2627 2616 2830 2682 peccati
2855 2631 2869 2675 ;
2895 2616 3026 2670 nihil
3057 2617 3198 2671 illam
3230 2619 3554 2674 voluntatem
3588 2621 3655 2674 ita
3685 2621 3855 2674 subli-

2267 2718 2404 2756 mem
2435 2703 2620 2770 efficit,
2642 2713 2698 2759 ut
2715 2705 2935 2774 justitiac
2958 2722 3020 2761 ac
3041 2709 3253 2762 virtutis
3271 2711 3558 2778 possessio.
3581 2711 3855 2778 Animum,

2264 2810 2467 2864 quaeso,
2495 2795 2708 2851 adhibe.
2727 2797 2865 2864 Quid
2896 2800 3196 2867 onerosius,
3219 2817 3376 2870 quam
3402 2801 3527 2854 nihil
3557 2803 3855 2872 pes-sidere,

2265 2895 2474 2942 vertere
2502 2888 2662 2942 aliam
2701 2890 3005 2955 maxillam,
3043 2894 3358 2960 percutienti
3396 2910 3500 2948 non
3537 2895 3704 2948 vicem
3733 2896 3855 2949 red-

2263 2977 2392 3034 dere
2415 3021 2428 3045 ,
2459 2982 2595 3034 mori
2636 2981 2864 3036 violenta
2897 2985 3106 3039 morte?
3128 2990 3377 3042 Attamen
3419 2986 3465 3040 si
3507 2987 3854 3058 pltilosophe~

2263 3087 2404 3138 mur,
2439 3072 2552 3128 lucc
2577 3075 2757 3128 omnia
2796 3076 2930 3131 levia
2962 3088 3016 3132 et
3043 3078 3217 3132 facilia
3249 3089 3390 3145 sunt,
3419 3080 3858 3151 voluptatemque

2265 3165 2494 3234 pariunt.
2509 3165 2614 3221 Sed
2643 3182 2710 3223 ne
2739 3169 3042 3234 turbemini,
3068 3185 3253 3225 eorum
3279 3171 3483 3241 singula
3512 3172 3858 3242 exploremus

2261 3264 2316 3310 et
2343 3264 2652 3324 tractemus,
2683 3267 2757 3325 et,
2785 3259 2828 3313 si
2855 3261 3034 3324 vultis,
3057 3262 3231 3330 primo
3256 3261 3309 3317 id
3334 3263 3475 3333 quod
3504 3264 3746 3332 plurimis
3781 3265 3858 3318 la-

2261 3346 2531 3402 boriosum
2562 3363 2682 3403 esse
2714 3349 2946 3404 videtur.
2981 3351 3192 3418 Utrum,
3222 3369 3403 3423 quaeso
3431 3363 3502 3417 te,
3521 3370 3683 3425 grave
3709 3364 3765 3411 et
3788 3357 3856 3410 la-

2260 3437 2533 3493 boriosum
2588 3440 2829 3508 videtur,
2866 3458 3028 3498 unum
3071 3454 3310 3500 ventrem
3361 3461 3580 3508 curare.
3609 3463 3673 3501 an
3708 3449 3858 3503 inille

2262 3529 2710 3587 sollicitudinibus
2755 3533 2994 3588 involvi?
3027 3551 3132 3591 uno
3160 3536 3478 3593 vestimento
3506 3538 3650 3594 indui
3675 3541 3855 3594 homi-

2258 3637 2402 3682 nem.
2431 3631 2485 3677 et
2505 3623 2635 3677 nihil
2664 3624 2800 3678 ultra
2827 3641 3087 3694 quzerere,
3114 3642 3181 3682 an
3208 3629 3372 3682 multa
3395 3629 3536 3685 intus
3565 3629 3852 3686 habentem

2255 3713 2342 3768 die
2385 3724 2644 3785 nocteque
2681 3718 2936 3783 cruciari,
2967 3717 3020 3773 in
3049 3734 3233 3774 eorum
3277 3721 3517 3776 custodia
3553 3726 3847 3792 timentem,

2258 3817 2605 3875 trementem,
2635 3811 2851 3866 anxium
2877 3853 2892 3877 ,
2937 3827 3005 3867 ne
3052 3829 3083 3868 a
3123 3816 3281 3871 tineis
3329 3817 3715 3884 corrodantur,
3747 3835 3852 3874 neu

2257 3913 2445 3954 servus
2471 3916 2592 3954 cum
2623 3901 2727 3955 illis
2763 3903 3034 3974 aufugiat?
3069 3905 3264 3962 Verum
3287 3910 3615 3978 quantalibet
3639 3911 3849 3978 dixero,

2255 3989 2359 4044 tale
2383 3989 2534 4054 nihil,
2562 3992 2718 4061 quale
2739 4008 2915 4049 rerum
2943 3996 3294 4065 experientia,
3318 3999 3606 4072 depingere
3621 4003 3848 4058 valeam.

2255 4082 2431 4148 Quare
2457 4083 2650 4138 vellent
2681 4085 2869 4142 adesse
2895 4089 3180 4156 quemdam
3209 4105 3393 4146 eorum
3413 4133 3426 4157 ,
3460 4093 3547 4162 qui
3579 4109 3850 4150 summum

2257 4173 2612 4243 philosophum
2640 4175 2850 4244 apicem
2894 4179 3203 4248 attigerunt,
3235 4192 3288 4235 et
3329 4191 3450 4237 tunc
3475 4183 3620 4238 clare
3646 4185 3725 4239 rei
3753 4201 3850 4240 νο-

2255 4263 2506 4332 luptatein
2531 4267 2852 4334 perciperes.
2881 4267 2950 4322 Et
2976 4284 3136 4325 nemo
3155 4287 3339 4327 eorum
3369 4272 3454 4342 qui
3485 4284 3849 4343 paupertatem

2253 4357 2685 4424 amant,divitias
2710 4360 2868 4415 etiam
2887 4361 3095 4417 oblatas
3124 4363 3412 4432 acciperet.
3428 4365 3493 4419 Et
3518 4367 3592 4432 hi,
3621 4368 3846 4437 inquies,

2251 4463 2319 4502 an
2356 4463 2617 4518 pauperes
2663 4465 2911 4520 umquam
2960 4453 3072 4508 ﬁeri
3123 4454 3340 4519 vellent,
3370 4460 3847 4526 etpossessionnm

2252 4555 2432 4594 curam
2465 4539 2731 4609 abjicere?
2761 4541 2828 4596 Et
2854 4543 2980 4613 quid
3016 4543 3117 4599 hoc
3145 4548 3264 4601 est?
3289 4549 3676 4618 Argumentum
3705 4562 3851 4606 certe

2253 4631 2490 4685 stultitiae
2540 4639 2594 4686 et
2633 4633 2935 4702 gravissimi
2979 4637 3309 4706 morbi,nec
3343 4641 3420 4694 rei
3461 4640 3852 4710 jucunditatcm

2251 4729 2549 4786 declarans.

2322 4821 2375 4874 4.
2403 4820 2568 4890 Cujus
2594 4822 2669 4876 rei
2703 4821 2856 4877 nobis
2887 4831 3052 4879 testes
3091 4823 3290 4881 fuerint
3319 4827 3376 4893 ii,
3409 4828 3496 4896 qui
3520 4828 3753 4898 quatidie
3781 4830 3853 4887 dc

2253 4911 2335 4966 his
2366 4911 2808 4968 sollicitudinibus
2840 4913 3234 4982 lamentantur,
3265 4927 3322 4973 et
3349 4919 3510 4974 vitam
3543 4921 3852 4991 hnjnsuiodi

2251 5019 2354 5058 non
2392 5003 2603 5058 vitalem
2646 5019 2766 5060 esse
2795 5014 3002 5074 putant.
3033 5009 3099 5062 At
3130 5007 3206 5062 illi
3249 5025 3354 5063 non
3393 5011 3528 5068 tales
3561 5023 3718 5078 sunt,
3748 5014 3850 5068 sed

2250 5096 2448 5161 rident,
2477 5097 2769 5161 exsultant.
2801 5113 2900 5154 nec
2923 5101 3103 5156 minus
3128 5099 3196 5156 de
3217 5113 3550 5172 paupertate,
3575 5120 3731 5175 quam
3759 5121 3850 5160 re-

2247 5203 2341 5258 ges
2365 5187 2434 5243 de
2459 5188 2763 5244 diademate
2790 5190 3109 5259 gloriantur.
3142 5192 3372 5247 Rursum
3423 5197 3687 5250 maxillam
3718 5212 3847 5265 per-

2248 5281 2468 5335 cutienti
2498 5279 2711 5344 ofl‘erre,
2750 5296 2908 5350 quam
2942 5293 3240 5352 percutere,
3272 5284 3439 5339 levius
3466 5295 3521 5341 et
3557 5286 3850 5356 jucundius

2247 5383 2348 5438 est,
2377 5373 2421 5428 si
2465 5373 2749 5428 attendas:
2779 5388 2904 5427 nam
2949 5375 3094 5429 illiue
3137 5374 3346 5430 initium
3387 5377 3532 5441 belli,
3564 5377 3681 5433 hinc
3723 5377 3850 5446 ejus

2246 5464 2444 5520 solutio
2471 5466 2742 5532 provenit;
2773 5473 2828 5520 et
2851 5466 2940 5521 illo
2969 5467 3182 5536 quidem
3211 5468 3371 5523 modo
3397 5469 3620 5524 alterius
3653 5485 3847 5540 rogum

2245 5554 2570 5619 accendisti,
2627 5555 2728 5610 hoc
2776 5565 2954 5610 autem
3010 5557 3278 5612 ﬁammam
3335 5567 3480 5614 tuam
3520 5561 3845 5616 exstinxisti.

2245 5646 2396 5714 Quod
2437 5655 2615 5702 autem
2665 5662 2770 5702 non
2817 5649 2896 5702 uri
2935 5648 3140 5704 dulcius
3191 5652 3279 5717 sit,
3309 5667 3467 5721 quam
3507 5652 3608 5719 uri,
3640 5654 3847 5709 nemini

2247 5757 2352 5795 non
2386 5749 2566 5794 notum
2588 5750 2690 5796 est.
2714 5740 2866 5808 Quod
2894 5742 2937 5795 si
2966 5757 3052 5796 res
3075 5743 3126 5796 in
3157 5747 3430 5812 corporeis
3453 5745 3518 5798 ita
3542 5759 3601 5798 se
3627 5744 3846 5816 habeat,

2249 5833 2414 5887 multo
2459 5833 2626 5904 magis
2678 5835 2730 5889 in
2771 5835 2834 5889 iis
2875 5851 2992 5904 qua:
3022 5834 3088 5888 ad
3134 5835 3365 5890 animam
3411 5847 3671 5908 spectant.
3703 5837 3846 5906 Quid
