4118 6448
385 409 486 464 4'53

381 532 559 575 autem
604 521 773 576 levius
800 530 911 586 est,
958 535 1218 591 pugnare,
1251 535 1316 574 an
1354 524 1640 578 coronari?
1680 525 1969 595 pugilatum

381 626 657 677 exercere,
687 627 755 665 an
802 611 1044 665 brat-ium
1078 612 1297 666 tenere?
1326 612 1570 667 fluctibus
1599 614 1879 682 obsistere,
1901 631 1969 670 an

380 703 431 757 in
460 712 611 772 portu
639 704 879 758 solvere?
904 702 1059 759 Certe
1090 705 1247 759 etiam
1278 706 1413 759 mori
1452 705 1640 760 melius
1664 714 1781 773 est,
1810 722 1969 776 quam

375 796 577 850 vivere.
612 795 753 849 Mors
775 795 915 850 enim
945 810 1007 849 ex
1038 794 1283 851 ﬂuctibus
1309 805 1363 850 et
1388 812 1452 852 ex
1485 796 1731 866 periculis
1756 798 1965 865 educit;

374 886 479 938 vita
521 902 648 941 vero
679 887 729 940 in
768 887 1016 955 periculis
1054 888 1357 949 constituit,
1390 896 1445 944 et
1472 888 1762 944 obnoxium
1791 890 1967 945 reddit

373 978 523 1032 mille
580 979 787 1033 insidiis
830 987 884 1033 et
926 979 1372 1047 necessitatibus,
1416 980 1485 1036 ob
1526 996 1660 1051 quas
1706 982 1966 1051 ingratam

372 1069 536 1124 vitam
570 1071 867 1127 existimes.
896 1071 1049 1138 Quod
1081 1072 1125 1127 si
1151 1072 1307 1128 dictis
1334 1088 1440 1128 non
1468 1073 1658 1131 credas
1677 1117 1693 1142 ,
1722 1076 1844 1131 audi
1872 1091 1965 1131 eos

368 1162 459 1230 qtti
489 1164 838 1218 certaminum
872 1173 1112 1235 tempore
1155 1166 1404 1222 viderunt
1434 1168 1613 1223 vultus
1644 1176 1961 1241 martyrum,

370 1254 664 1321 quomodo,
691 1255 818 1310 dttm
859 1256 1256 1327 ﬂagellarentur
1281 1268 1334 1313 et
1366 1259 1704 1315 crederentur
1725 1301 1741 1327 ,
1773 1260 1876 1315 laeti
1913 1269 1966 1316 et

368 1343 568 1401 hilares
595 1357 749 1402 erant
780 1366 794 1400 :
826 1349 1101 1420 magisque
1136 1349 1434 1420 gaudebant
1478 1359 1532 1405 et
1569 1351 1881 1407 lmtabantur
1910 1353 1961 1406 in

366 1438 688 1506 sartaginem
707 1439 1124 1509 immissi,quam
1154 1441 1188 1495 ii
1208 1441 1297 1511 qui
1320 1442 1372 1495 in
1395 1442 1602 1496 rosario
1618 1442 1958 1498 reclinantur.

366 1526 597 1598 Ideoque
617 1529 813 1585 Paulus
840 1532 1070 1586 violenta
1095 1543 1264 1587 morte
1286 1535 1447 1589 vitam
1467 1534 1746 1589 clausurus
1765 1544 1820 1590 et
1839 1535 1961 1591 abs-

362 1632 633 1685 cessurus,
666 1620 914 1676 dicebat:
948 1620 1155 1677 Gaudeo
1197 1632 1242 1678 et
1285 1628 1576 1697 congaudeo
1617 1628 1752 1681 vobis
1792 1628 1959 1682 omni-

362 1707 492 1766 bus:
518 1720 565 1763 et
593 1727 678 1765 vos
725 1714 917 1781 puriter
945 1715 1161 1784 gaudete
1199 1724 1245 1769 et
1282 1717 1593 1787 congaudete
1629 1718 1753 1772 mihi
1791 1718 1961 1789 (Phi-

361 1801 493 1872 lipp.
517 1803 571 1857 2.
608 1805 693 1859 17.
727 1805 853 1877 18).
888 1806 1048 1863 Vides
1073 1817 1267 1878 quanta
1295 1824 1414 1864 cum
1445 1812 1606 1865 animi
1645 1812 1960 1867 celsitudine

362 1902 533 1949 totum
563 1911 612 1950 οι
629 1896 748 1952 bem
772 1898 837 1952 ad
860 1899 1035 1970 gaudii
1066 1901 1144 1955 sui
1164 1903 1489 1957 consortium
1514 1904 1700 1958 vocet?
1729 1904 1958 1960 Tantum

356 1999 483 2041 esse
525 1988 720 2042 bonum
772 1990 896 2045 hinc
933 1991 1209 2047 discedere
1249 1994 1505 2062 putabat;
1552 1995 1622 2049 ita
1670 1997 1957 2065 optabilem

357 2086 590 2133 mortem
638 2080 778 2135 illam
808 2082 1095 2139 terribilem
1116 2127 1129 2149 ,
1162 2086 1231 2140 ita
1259 2085 1541 2141 amabilem
1573 2096 1626 2142 et
1654 2088 1959 2144 desideran-

354 2168 502 2221 dam.
520 2169 625 2225 Sed
652 2172 794 2241 quod
827 2174 1035 2230 virtutis
1057 2176 1242 2246 jugum
1274 2177 1343 2231 sit
1365 2177 1519 2233 dulce
1544 2193 1607 2234 ac
1633 2180 1770 2244 leve,
1793 2181 1957 2236 multa

354 2261 462 2314 alia
495 2261 790 2319 declarant.
821 2265 1044 2323 Demum
1069 2310 1083 2335 ,
1117 2269 1160 2322 si
1207 2270 1415 2339 placet,
1446 2272 1645 2339 peccati
1672 2287 1836 2328 onera
1875 2273 1957 2327 vi-

354 2351 600 2409 deamus.
635 2357 841 2412 Avaros
868 2358 1046 2429 itaque
1077 2360 1129 2413 in
1176 2360 1409 2416 medium
1439 2362 1766 2418 adducamus
1786 2406 1802 2432 ,
1835 2365 1957 2420 illos

354 2459 551 2513 nempe
577 2446 665 2515 qui
698 2447 1035 2518 impudentes
1060 2450 1266 2507 femora
1300 2462 1527 2508 tractant
1562 2463 1617 2509 et
1643 2464 1952 2512 retractant.

353 2533 494 2600 Quid
539 2552 667 2608 ergo
704 2542 987 2598 onerosius
1040 2544 1128 2597 tali
1170 2546 1561 2615 negotiatione‘
1593 2545 1791 2602 fuerit?
1828 2557 1959 2619 quot

352 2627 593 2694 dolores,
629 2640 759 2702 quot
787 2633 1193 2702 sollicitudines,
1226 2647 1357 2708 quot
1380 2639 1607 2709 scopuli,
1637 2648 1767 2710 quot
1810 2642 1956 2712 peri-

351 2720 515 2787 cula,
557 2732 688 2792 quot
729 2724 935 2780 insidia:
979 2738 1033 2781 et
1078 2728 1217 2783 bella
1263 2730 1503 2800 quotidie
1546 2747 1610 2788 ex
1659 2732 1761 2789 hoc
1805 2734 1956 2789 lucro

351 2810 643 2867 oriuntur?
684 2824 816 2884 quot
855 2816 1023 2872 turba:
1072 2828 1127 2872 et
1166 2820 1458 2876 tumultus?
1498 2821 1955 2889 Quemadmodum

352 2903 500 2957 enim
537 2919 683 2959 mare
723 2921 1014 2977 numquam
1044 2910 1159 2965 sine
1201 2909 1450 2968 fluctibus
1486 2914 1700 2982 videas,
1744 2917 1822 2971 sic
1857 2931 1957 2972 nec

352 2994 668 3065 huiusmodi
700 2998 936 3053 animum
981 3001 1097 3056 sine
1136 3016 1262 3057 cura
1287 3045 1301 3071 ,
1344 3020 1615 3073 maerore,
1662 3007 1852 3063 timore
1894 3023 1958 3064 ac

354 3089 761 3158 perturbatione
782 3132 796 3155 ,
824 3092 919 3147 sed
955 3093 1132 3163 priora
1160 3110 1190 3149 a
1221 3098 1566 3167 sequentibus
1595 3100 1951 3171 excipiuntur,

424 3203 440 3232 ί
479 3201 562 3251 Alii
583 3202 788 3263 habent,
809 3202 1078 3268 iniquitate,
1112 3219 1216 3267 pro,
1239 3206 1577 3270 negotiatione.

1347 408 1411 463 IN
1451 409 1854 466 ΜᾹΤΤΗᾹΞΗΜ
1899 409 2128 465 ΙΙΟΜΗ..
2174 412 2412 470 XXXIX.
2455 420 2522 473 al.
2566 419 2676 474 XL.

3556 444 3662 500 434

2080 522 2194 580 haec
2233 528 2300 582 ab
2349 531 2488 600 aliis,
2520 536 2710 605 quibus
2740 540 2972 598 nondum
3003 545 3200 603 sedatis
3230 550 3330 605 alia
3359 552 3656 626 insurgunt.

2149 617 2436 679 Iracundus
2463 642 2615 696 quam
2643 633 2908 687 crucietur.
2946 635 3185 692 Omnium
3222 640 3465 699 bonorum
3503 660 3662 701 mater

2074 710 2357 769 clementia.
2387 747 2459 757 —-
2488 718 2650 775 Visne
2677 727 3044 782 contumeliosi
3072 739 3127 785 et
3152 731 3390 788 iracundi
3422 738 3658 793 animum

2072 799 2377 894 dispicere?
2396 806 2533 875 Quid
2556 810 2856 879 huiusmodi
2873 818 3108 873 cruciatu
3131 822 3313 890 pejus?
3333 826 3457 894 quid
3480 832 3656 882 acrius

2072 892 2340 951 intestinis
2360 900 2701 956 vulneribus?
2720 905 2846 974 quid
2870 906 3160 966 ferventius
3182 892 3394 972 fornace
3415 919 3501 972 illa
3525 935 3658 973 sent-

2073 1003 2167 1057 per
2189 990 2437 1058 ardente,
2467 1003 2522 1048 et
2545 994 2759 1052 flamma
2787 999 2873 1054 illa
2903 1017 3023 1070 qua:
3048 1019 3334 1073 numquam
3366 1012 3655 1080 exstingui-

2072 1081 2196 1134 tur?
2222 1080 2278 1136 Si
2306 1082 2371 1136 ad
2394 1084 2513 1139 illos
2538 1093 2591 1140 te
2613 1099 2892 1146 convertas
2913 1095 3002 1163 qui
3029 1109 3314 1166 corporum
3342 1099 3541 1156 formas
3561 1104 3652 1159 de-

2071 1180 2296 1261 pereunt
2324 1182 2378 1228 et
2409 1179 2654 1245 pnnsenti
2688 1182 2810 1236 vita:
2840 1184 3033 1239 addicti
3064 1196 3225 1253 sunt,
3257 1192 3382 1261 quid
3411 1192 3511 1248 hac
3536 1208 3652 1251 ser-

2068 1260 2237 1318 vitute
2258 1265 2510 1332 gravius?
2538 1267 2684 1323 Caini
2713 1272 2872 1327 vitam
2895 1273 2970 1328 illi
2994 1275 3225 1344 ducunt,
3257 1260 3308 1333 in
3338 1282 3530 1339 timore
3559 1296 3654 1341 tre«

2067 1366 2323 1423 moreque
2364 1366 2622 1427 perpetuo
2658 1360 2897 1432 degunt,
2929 1375 2983 1419 et
3012 1367 3055 1420 si
3086 1368 3174 1437 qui
3206 1384 3271 1424 ex
3299 1373 3489 1428 amatis
3535 1390 3654 1429 mo-

2066 1446 2305 1515 riantur,
2356 1450 2524 1520 magis
2567 1467 2724 1521 quam
2774 1457 3054 1527 prepinqui
3099 1469 3151 1513 et
3188 1464 3400 1531 cognati
3441 1464 3653 1521 illorum

2065 1541 2266 1596 obitum
2298 1542 2499 1612 lugent.
2530 1546 2667 1613 Quid
2712 1564 2870 1618 porro
2916 1552 3271 1611 turbulentius
3316 1556 3654 1630 ferociusque

2064 1632 2349 1700 superbis?
2377 1634 2597 1703 Discite,
2627 1638 2829 1706 inquit,
2852 1658 2884 1694 a
2908 1658 3015 1706 me,
3042 1648 3161 1714 quia
3189 1647 3321 1700 mitis
3346 1665 3456 1703 sum
3484 1661 3529 1705 et
3550 1651 3649 1704 Im-

2063 1722 2199 1777 milis
2222 1725 2394 1791 corde,
2424 1736 2470 1779 et
2491 1727 2747 1783 invenietis
2773 1733 2993 1800 requiem
3018 1735 3280 1790 animabus
3299 1741 3490 1795 vestris.
3525 1742 3654 1797 0m-

2064 1814 2208 1868 nium
2236 1817 2432 1887 quippe
2459 1817 2716 1875 bonorum
2747 1833 2918 1878 mater
2938 1834 3020 1879 est
3041 1826 3341 1883 clementia.
3371 1830 3449 1887 Ne
3476 1833 3651 1903 itaque

2063 1911 2254 1964 timeas
2274 1952 2288 1975 ,
2321 1925 2494 1980 neque
2533 1913 2742 1967 resilias
2765 1929 2795 1968 a
2817 1914 2944 1985 jugo
2972 1917 3065 1971 illo
3084 1958 3099 1984 ,
3132 1933 3237 1989 quo
3266 1920 3334 1977 ab
3366 1920 3448 1977 his
3474 1927 3650 1979 omni-

2064 1999 2163 2054 bus
2191 2000 2433 2070 eripieris
2457 2017 2472 2068 ;
2505 2002 2598 2057 sed
2630 2004 2758 2059 illud
2789 2005 3038 2063 alacriter
3065 2010 3259 2065 subeas
3278 2052 3293 2076 ,
3325 2020 3381 2066 et
3410 2013 3526 2084 ejus
3554 2030 3650 2071 vo-

2062 2093 2316 2162 luptatem
2346 2101 2475 2149 tunc
2500 2097 2813 2165 experieris.
2836 2097 3022 2169 Neque
3043 2101 3183 2155 enim
3215 2104 3477 2160 cervicem
3508 2116 3649 2161 tuam

2062 2193 2281 2251 atteret,
2327 2185 2421 2240 sed
2460 2186 2583 2242 ideo
2618 2185 2925 2258 impositum
2965 2201 3083 2257 est,
3112 2203 3167 2247 ut
3195 2193 3369 2250 bonus
3408 2210 3651 2254 servetur

2061 2278 2214 2345 ordo,
2242 2288 2300 2333 ut
2339 2287 2390 2334 te
2417 2281 2681 2335 concinne
2711 2282 2959 2338 incedere
3013 2284 3225 2353 doceat,
3273 2298 3328 2343 et
3356 2289 3423 2345 ad
3452 2292 3648 2361 regiam

2062 2370 2200 2424 viam
2228 2370 2422 2437 ducat,
2454 2380 2615 2441 atque
2640 2388 2669 2425 a
2710 2374 3015 2443 prmcipitiis
3052 2374 3178 2431 hinc
3206 2386 3261 2432 ct
3297 2378 3422 2434 inde
3462 2382 3649 2449 positis

2060 2461 2271 2529 liberet,
2300 2471 2356 2517 ut
2381 2472 2661 2534 angustam
2710 2465 2849 2519 viam
2881 2464 3036 2521 facile
3065 2468 3355 2524 etnetiaris.
3387 2470 3646 2538 Quoniam

2061 2554 2220 2625 igitur
2247 2563 2323 2609 tot
2354 2563 2607 2625 tantaque
2630 2556 2768 2611 bona
2795 2558 3181 2625 subministrat,
3216 2569 3416 2617 tantam
3440 2565 3647 2620 securi-

2060 2657 2244 2712 tatem,
2266 2656 2464 2702 tantam
2488 2648 2746 2714 lmtitiam,
2763 2658 2875 2704 toto
2897 2651 3098 2719 animo,
3120 2660 3337 2723 totoque
3353 2655 3529 2709 studio
3546 2654 3649 2710 hoc

2059 2742 2240 2812 iugum
2271 2739 2585 2805 trahamus;
2619 2749 2676 2795 ut
2701 2750 2756 2795 et
2783 2740 2870 2797 hic
2896 2742 3231 2798 inveniamus
3258 2745 3498 2814 requiem
3528 2747 3646 2799 ani-

2058 2835 2246 2889 mabus
2277 2833 2476 2887 nostris
2500 2873 2514 2897 ,
2566 2841 2618 2887 et
2650 2830 2828 2888 futura
2857 2849 3248 2906 consequamur
3278 2837 3413 2891 bona
3435 2877 3450 2904 ,
3481 2838 3648 2908 gratia

2058 2935 2113 2981 et
2143 2926 2467 2996 benignitate
2498 2923 2707 2978 Domini
2738 2927 2905 2981 nostri
2948 2926 3074 2983 Jesu
3097 2927 3295 2982 Christi
3322 2968 3338 2995 ,
3366 2929 3449 2982 cui
3480 2929 3648 2998 gloria

2059 3028 2108 3073 et
2159 3018 2439 3087 imperium
2463 3057 2478 3083 ,
2511 3029 2653 3071 nunc
2677 3023 2733 3071 et
2760 3031 2973 3087 semper
2992 3058 3007 3084 ,
3036 3026 3091 3073 et
3119 3017 3172 3073 in
3199 3019 3392 3074 saecula
3423 3019 3648 3075 saeculo-

2059 3125 2200 3164 rum.
2242 3109 2434 3164 Amen.

361 3271 3649 3297 ψ

1516 3320 1854 3383 HOMILIA
1897 3324 2206 3385 XXXIX.
2253 3322 2338 3384 al.
2384 3320 2520 3382 XL.

350 3456 486 3515 CAP.
520 3462 603 3515 12.
639 3478 689 3514 v.
721 3462 774 3516 1.
821 3460 887 3515 In
926 3462 1017 3517 illo
1048 3471 1271 3533 tempore
1299 3463 1419 3517 abiit
1446 3462 1600 3519 Jesus
1625 3464 1832 3519 sabbato
1861 3483 1951 3535 per

426 3564 539 3609 sata
570 3571 587 3607 :
636 3555 877 3626 discipuli
915 3566 1082 3610 autem
1113 3557 1222 3626 ejus
1251 3557 1523 3610 esurientes
1565 3568 1820 3627 creperum
1851 3558 1948 3611 vel~

428 3648 532 3702 lere
560 3649 727 3717 spicas
747 3658 795 3703 et
818 3650 1144 3704 manducare.
1172 3649 1229 3704 2.
1266 3648 1520 3704 Phariswi
1542 3660 1707 3705 autem
1732 3650 1954 3705 videntes

431 3739 670 3795 dixerunt
698 3742 741 3795 ei
765 3757 783 3795 :
819 3741 947 3795 Ecce
975 3741 1212 3812 discipuli
1239 3742 1313 3796 tui
1332 3743 1523 3816 faciunt
1552 3744 1685 3814 quod
1715 3760 1815 3797 non
1843 3744 1954 3797 licet

428 3834 596 3902 facere
640 3833 691 3887 in
726 3832 952 3887 sabbato.
978 3833 1031 3887 5.
1072 3831 1219 3887 Dixit
1256 3843 1423 3889 autem
1448 3835 1518 3889 eis
1542 3853 1559 3888 :
1591 3832 1710 3888 Non
1766 3835 1954 3906 legistis

428 3924 552 3994 quid
578 3925 750 3996 fecerit
782 3926 948 3980 David
986 3944 1101 3981 cum
1124 3929 1326 3982 esurivit
1364 3929 1472 3997 ipse
1498 3937 1543 3980 et
1581 3929 1667 3997 qui
1706 3946 1821 3982 cum
1859 3929 1950 3982 illo

426 4016 614 4069 erant?
637 4017 691 4072 4.
717 4017 968 4087 quomodo
1019 4017 1273 4088 ingressus
1315 4027 1387 4071 est
1415 4018 1467 4071 in
1498 4017 1702 4072 domum
1758 4016 1876 4084 Dei,
1907 4027 1954 4071 et

427 4124 583 4179 panes
607 4109 965 4178 propositionis
991 4108 1225 4172 comedit,
1249 4124 1373 4178 quos
1401 4123 1503 4162 non
1533 4107 1713 4162 licebat
1740 4109 1785 4162 ei
1812 4124 1951 4161 com-

427 4198 592 4266 edere,
634 4216 791 4270 neque
814 4200 876 4253 iis
900 4199 987 4267 qui
1022 4214 1134 4252 cum
1162 4198 1252 4253 illo
1275 4207 1453 4267 erant,
1493 4197 1583 4253 sed
1616 4198 1737 4254 solis
1779 4214 1950 4252 sacer-

429 4288 631 4342 dotibus
651 4289 677 4342 ?

430 4380 457 4435 1
470 4420 482 4433 .
500 4379 732 4435 Christus
743 4379 991 4450 quomodo
1006 4381 1265 4435 sabbatum
1288 4380 1702 4436 solvit.—-—Lucas
1715 4395 1843 4437 vero
1856 4381 1949 4436 ait:

352 4470 425 4526 In
443 4471 648 4526 sabbato
663 4471 882 4526 secundo
901 4472 1063 4541 primo
1079 4471 1155 4543 (a)
1176 4471 1324 4543 (Luc.
1345 4473 1480 4543 6.1).
1513 4471 1650 4539 Quid
1672 4481 1848 4527 autem
1872 4479 1954 4526 est

355 4562 652 4617 secundum
682 4562 947 4632 primum?
987 4563 1210 4632 Quando
1236 4563 1478 4635 duplices
1504 4563 1653 4619 feriae
1679 4573 1864 4628 erant,
1893 4573 1949 4621 et

353 4652 565 4709 sabbati
609 4652 847 4721 proprii.
883 4663 935 4708 et
962 4654 1180 4709 alterius
1206 4653 1328 4710 festi
1358 4655 1716 4710 succedentis.
1750 4654 1953 4710 Sabba-

355 4752 471 4798 tum
501 4746 643 4799 enim
673 4746 935 4815 quaslibet
991 4745 1147 4801 ferias
1187 4755 1240 4800 et
1294 4746 1526 4817 quietem
1584 4746 1945 4817 appellabant.

359 4837 430 4892 Et
454 4855 549 4892 cur
571 4838 695 4893 illuc
723 4854 816 4894 eos
840 4838 1010 4903 duxit,
1036 4839 1124 4909 qui
1153 4838 1330 4892 omnia
1360 4838 1698 4908 praesciebat,
1726 4840 1827 4894 nisi
1859 4855 1951 4894 vo-

360 4929 548 4983 luisset
574 4924 709 4983 solvi
734 4929 1047 4984 sabbatum?
1078 4928 1297 4985 Volebat
1317 4929 1553 4998 quidem,
1578 4929 1672 4984 sed
1699 4944 1804 4985 non
1833 4928 1950 4985 sine

355 5032 557 5081 causa;
601 5020 826 5086 ideoque
865 5034 1153 5090 numquam
1193 5022 1310 5075 sine
1343 5035 1505 5075 causa
1545 5020 1707 5076 solvit
1749 5021 1948 5090 ipsum,

358 5110 455 5165 sed
494 5125 561 5166 ex
609 5111 891 5166 occasione
932 5109 1158 5181 quadam
1207 5111 1556 5181 congruenti;
1591 5118 1648 5165 ut
1691 5119 1746 5166 et
1776 5111 1947 5181 legem

358 5203 668 5275 abrogaret,
682 5213 735 5259 et
755 5204 827 5258 illi
847 5219 952 5259 non
971 5203 1384 5259 olfenderentur.
1403 5204 1497 5260 Est
1513 5204 1673 5260 etiam
1691 5220 1809 5259 cum
1828 5204 1950 5259 illttd

358 5295 551 5358 solvit,
587 5294 734 5348 nulla
781 5294 958 5349 oblata
990 5293 1307 5359 occasione;
1342 5305 1401 5350 ut
1428 5310 1548 5350 cum
1595 5295 1780 5350 oculos
1824 5296 1951 5349 caeci

362 5385 478 5439 luto
525 5385 765 5451 inunxit;
799 5395 853 5441 et
892 5400 1012 5440 cum
1041 5385 1213 5441 dicit:
1248 5385 1405 5440 Pater
1448 5402 1590 5440 meus
1620 5402 1776 5457 usque
1802 5386 1952 5440 modo

358 5486 632 5543 aperatur,
664 5487 709 5531 et
736 5494 826 5548 ego
853 5494 1033 5548 operor
1063 5475 1255 5548 (Joan.
1286 5477 1339 5533 5.
1372 5477 1461 5547 7).
1495 5477 1628 5533 Illud
1655 5493 1784 5533 vero
1830 5477 1956 5533 facit

361 5576 475 5622 tum
500 5579 558 5623 ιιι
581 5567 683 5625 hoc
710 5570 869 5625 modo
894 5569 1157 5641 glorificet
1181 5569 1393 5625 Patrem
1422 5585 1577 5627 suum
1598 5613 1613 5641 ,
1647 5581 1756 5626 tum
1783 5581 1842 5626 ut
1864 5573 1952 5628 illa

424 5727 499 5792 (a)
529 5726 608 5779 De
627 5729 831 5792 Sabhato
849 5728 1069 5792 secundo
1087 5729 1243 5792 primo
1252 5739 1426 5792 magna
1446 5726 1713 5792 etdiflietlis
1726 5733 1954 5792 estquae-

358 5788 644 5865 slesusm
665 5791 776 5865 vide
797 5790 930 5865 ιιι)υέ
951 5788 1259 5865 Miserae-
1278 5788 1767 5865 ein'Wse-e'sasss-
1791 5788 1876 5839 ηδ·
1898 5792 1949 5854 ³ο

359 5866 413 5921 p.
440 5850 549 5913 22C,
570 5851 602 5901 2
621 5852 739 5903 edit.
765 5859 816 5903 et
829 5850 887 5902 in
906 5850 1102 5917 Synopsi
1120 5850 1406 5903 Criticorum
1425 5850 1485 5901 ad
1506 5850 1635 5903 hunc
1655 5850 1832 5903 locum.

2057 3466 2266 3521 ratione
2309 3463 2656 3520 imbecillitati
2711 3462 2955 3518 consulat
3008 3461 3339 3518 Iudaeorum.
3400 3465 3454 3520 Id
3508 3466 3649 3535 quod

2059 3558 2218 3612 etiam
2242 3556 2341 3611 hoc
2363 3555 2482 3611 loco
2503 3554 2648 3619 facit,
2676 3563 2881 3609 natura:
2908 3555 3282 3610 necessitatem
3308 3556 3605 3613 obtendens
3631 3576 3644 3612 :

2057 3664 2378 3719 quamquam
2400 3662 2609 3713 eorum,
2633 3663 2750 3717 quas
2771 3657 2989 3716 peccata
3019 3661 3140 3702 esse
3169 3648 3222 3701 ln
3251 3648 3500 3705 confesso
3541 3658 3646 3716 est,

2058 3743 2198 3797 nulla
2230 3742 2396 3812 possit
2418 3755 2539 3796 esse
2561 3738 2827 3795 defensio.
2853 3739 3036 3809 Neque
3057 3738 3201 3794 enim
3224 3740 3489 3796 homicida
3512 3742 3645 3796 iram

2060 3833 2111 3888 in
2158 3833 2554 3888 excusationem
2602 3830 2895 3887 obtendere
2940 3830 3140 3899 possit,
3188 3846 3361 3899 neque
3404 3834 3655 3891 mmchus

2058 3922 2540 3992 concupiscentiam
2563 3962 2578 3986 ,
2613 3935 2786 3990 neque
2816 3920 2974 3973 aliam
3006 3920 3249 3989 quamvis
3276 3935 3530 3977 causam:
3562 3922 3650 3976 hic

2056 4031 2184 4071 vero
2205 4030 2326 4070 eum
2351 4012 2544 4068 famem
2565 4012 2781 4082 objecit,
2806 4012 2952 4066 omni
2975 4012 3093 4066 illos
3123 4013 3350 4068 crimine
3376 4014 3640 4070 liberavit.

2057 4107 2137 4162 Tu
2171 4121 2297 4161 vero
2343 4103 2473 4159 mibi
2504 4104 2590 4158 hic
2634 4103 2925 4174 discipulos
2976 4106 3195 4170 mirare,
3229 4105 3308 4160 sic
3344 4117 3565 4176 egentes
3593 4116 3648 4164 et

2056 4200 2257 4254 nullam
2281 4211 2657 4268 corporearum
2698 4211 2876 4251 rerum
2907 4211 3090 4251 curam
3123 4196 3417 4265 habentes;
3447 4199 3539 4254 sed
3573 4202 3644 4256 ita

2058 4289 2418 4361 perfunctorie
2444 4303 2681 4343 mensam
2703 4296 3045 4357 apparantes,
3073 4297 3131 4342 ut
3156 4286 3297 4344 fame
3323 4289 3639 4362 plerumque

2057 4388 2433 4452 premerentur
2452 4422 2468 4447 ,
2510 4395 2611 4434 nec
2637 4388 2813 4435 tamen
2844 4380 2924 4435 sic
2961 4379 3320 4436 discederent.
3352 4381 3466 4438 Nisi
3492 4385 3636 4439 enim

2058 4472 2228 4528 fames
2265 4472 2385 4527 illos
2414 4470 2700 4527 admodum
2749 4471 3064 4537 invasisset,
3099 4487 3204 4527 non
3240 4472 3291 4528 id
3336 4474 3521 4544 utique
3550 4476 3632 4528 fa-

2057 4564 2192 4619 cturi
2219 4571 2391 4619 erant.
2424 4561 2559 4629 Quid
2591 4562 2749 4631 igitur
2782 4560 3083 4617 Pharisazi?
3115 4561 3171 4617 Id
3210 4561 3446 4617 Videntes
3489 4564 3639 4618 dixe-

2057 4665 2174 4711 runt
2202 4657 2249 4709 ei
2286 4671 2304 4712 :
2355 4654 2487 4709 Ecce
2526 4655 2768 4726 discipuli
2793 4655 2866 4709 tui
2897 4655 3092 4726 faciunt
3131 4655 3267 4723 quod
3294 4671 3395 4709 non
3423 4655 3537 4709 licet
3562 4660 3648 4727 fa-

2057 4767 2168 4804 cere
2187 4749 2239 4802 in
2278 4747 2505 4802 sabbato.
2536 4746 2634 4802 llic
2657 4760 2818 4816 porro
2845 4761 2950 4800 non
2979 4745 3268 4799 admodum
3293 4744 3647 4804 vehementes

2057 4843 2201 4897 sunt,
2234 4833 2335 4889 etsi
2361 4832 2414 4887 id
2441 4846 2527 4887 res
2553 4832 2774 4900 exigere
2799 4829 3110 4894 videretur;
3141 4836 3377 4883 attamen
3422 4844 3527 4885 non
3550 4832 3645 4887 ad-

2059 4925 2275 4979 modum
2307 4923 2507 4979 incensi
2534 4930 2679 4986 sunt,
2709 4919 2806 4976 sed
2842 4919 3163 4988 simpliciter
3194 4930 3473 4978 accusant.
3502 4921 3635 4977 Cum

2058 5027 2236 5073 autem
2284 5031 2502 5072 manum
2528 5014 2734 5069 aridam
2778 5011 3023 5068 extendit
3060 5020 3116 5067 et
3138 5011 3347 5066 sanavit
3371 5051 3389 5079 ,
3417 5020 3546 5067 tunc
3571 5013 3644 5068 ita

2058 5110 2263 5166 efferati
2300 5117 2444 5173 sunt,
2475 5117 2531 5162 ut
2560 5107 2722 5162 etiam
2751 5104 2818 5159 de
2845 5117 2978 5159 nece
3004 5104 3107 5174 ipsi
3138 5103 3413 5160 inferenda
3439 5104 3646 5161 delibe-

2057 5211 2258 5258 rarent.
2289 5200 2390 5259 Ubi
2413 5199 2556 5254 enim
2579 5197 2711 5253 nihil
2736 5197 2929 5252 mirum
2956 5196 3150 5268 agitur,
3179 5197 3469 5267 quietiores
3488 5208 3643 5259 sunt:

2058 5297 2146 5352 ubi
2166 5310 2293 5351 vero
2314 5294 2572 5367 quosdam
2591 5291 2775 5348 vident
2800 5291 2993 5347 morbo
3017 5291 3241 5358 levatos,
3268 5291 3536 5347 ferociunt
3560 5301 3642 5347 at-
3740 5354 3755 5371 '

2056 5401 2162 5458 que
2191 5385 2493 5451 turbantur,
2510 5383 2859 5453 omniumque
2872 5391 3000 5437 sunt
3016 5382 3415 5438 molestissimi:
3444 5381 3516 5435 ita
3545 5380 3641 5436 bo-

2056 5479 2257 5533 minum
2286 5475 2440 5532 saluti
2464 5473 2721 5529 invident.
2743 5472 2860 5540 Quo
2883 5483 3039 5543 pacto
3055 5480 3231 5529 autem
3252 5471 3408 5527 Jesus
3428 5470 3643 5528 illorum

2056 5568 2424 5625 defensionem
2474 5563 2730 5635 suscipit?
2760 5562 2885 5619 Non
2925 5565 3151 5637 legistis,
3181 5563 3288 5630 ait,
3316 5563 3441 5634 quid
3469 5563 3644 5634 fecerit

2055 5658 2226 5714 David
2254 5659 2308 5713 in
2334 5656 2556 5727 templo,
2600 5654 2806 5727 quando
2845 5657 3048 5711 esurivit
3091 5656 3201 5725 ipse
3228 5664 3276 5711 et
3320 5656 3405 5725 qui
3430 5671 3543 5709 cum
3580 5670 3639 5709 eo

2054 5760 2197 5806 erant
2213 5750 2239 5804 ?
2262 5747 2512 5823 quomodo
2531 5746 2791 5801 intraverit
2811 5747 2863 5801 in
2889 5747 3095 5801 domum
3117 5746 3232 5814 Dei,
3256 5755 3304 5799 et
3332 5762 3488 5815 panes
3515 5761 3638 5813 pro-

2055 5843 2315 5915 positionis
2326 5837 2623 5906 comederit,
2653 5852 2779 5908 quos
2791 5854 2889 5893 non
2915 5835 3095 5892 licebat
3118 5838 3161 5892 ei
3181 5837 3458 5903 comedere,
3479 5851 3635 5905 neque
