4118 6478
497 459 601 513 455

499 574 560 627 iis
585 571 668 641 qui
694 587 804 624 cum
833 586 888 623 eo
914 578 1077 631 erant,
1102 565 1200 620 nisi
1222 563 1343 619 solis
1366 560 1713 618 sacerdotibus
1733 556 1942 629 (LReg.
1959 552 2081 623 2i)?

505 666 635 720 Nam
687 679 807 719 cum
854 678 949 731 pro
991 658 1267 728 discipulis
1319 670 1536 713 causam
1562 653 1711 720 dicit,
1746 648 2003 706 Davidcm
2035 648 2089 701 in

504 760 736 813 medium
774 754 1031 821 adducit;
1094 749 1310 823 quando
1356 755 1538 804 autem
1584 760 1681 816 pro
1730 743 1943 812 scipso,
1998 738 2089 793 Pa-

506 862 639 904 trem
688 856 975 903 memorat.
1024 846 1103 902 Ac
1128 842 1250 899 vide
1279 856 1440 913 quam
1482 839 1696 903 acriter,
1728 834 1848 890 Non
1877 831 2086 904 legistis,

504 942 693 1012 inquit,
717 939 839 1010 quid
865 938 1037 1009 fecerit
1062 935 1225 990 David
1241 934 1268 988 .9
1294 934 1480 1004 Magna
1502 931 1699 1001 quippe
1721 938 1838 983 erat
1863 925 2091 997 prephe-

503 1042 569 1085 ne
603 1030 762 1101 hujns
801 1027 1162 1092 existimatio;
1191 1025 1264 1081 ita
1294 1035 1352 1080 ut
1384 1032 1569 1094 postea
1592 1021 1781 1075 Petrus
1808 1033 1929 1072 cum
1951 1013 2091 1084 apud

500 1121 717 1176 indutos
743 1134 864 1175 sese
891 1117 1203 1173 defenderet
1225 1155 1239 1180 ,
1281 1115 1350 1168 ita
1379 1113 1619 1169 diceret:
1653 1109 1792 1164 Licet
1819 1108 1887 1161 ad
1915 1124 2001 1162 vos
2031 1106 2095 1160 [ἕο

505 1214 619 1266 bere
644 1211 706 1265 de
738 1210 1027 1280 patriarcha
1056 1207 1222 1261 David
1263 1206 1461 1268 dicere,
1508 1202 1748 1273 quoniam
1793 1200 1916 1254 obiit
1941 1207 1986 1252 et
2011 1213 2092 1252 se-

506 1306 682 1374 pultus
708 1314 777 1360 est
801 1305 818 1371 (
842 1304 952 1357 Act.
975 1303 1030 1356 2.
1061 1300 1130 1354 29
1152 1302 1191 1370 ).
1224 1300 1332 1354 Cur
1358 1305 1533 1353 autem
1560 1310 1683 1350 cum
1714 1293 1832 1363 ejus
1860 1291 2095 1348 mentio-

508 1414 631 1454 nem
664 1408 772 1452 tum
815 1398 901 1455 hic
932 1404 1039 1451 tum
1073 1402 1258 1465 postea
1299 1392 1426 1447 facit
1449 1430 1464 1457 ,
1496 1388 1808 1459 dignitatem
1840 1386 1957 1454 ejus
1986 1398 2093 1439 non

506 1491 932 1548 commemorat?
963 1489 1124 1543 Forte
1148 1487 1270 1557 quia
1310 1501 1384 1540 ex
1427 1484 1521 1538 illo
1557 1495 1728 1553 genus
1756 1476 2004 1535 ducebat.
2038 1476 2095 1532 Si

509 1585 607 1639 viri
639 1582 787 1654 probi
820 1580 1267 1651 indulgeutesqne
1294 1575 1520 1631 fuissent
1539 1615 1553 1640 ,
1585 1571 1740 1627 famis
1765 1583 1980 1625 causam
2010 1567 2094 1622 in-

510 1678 772 1734 ducturns
802 1684 916 1729 erat
938 1692 951 1739 ;
976 1672 1096 1743 quia
1126 1685 1253 1726 vero
1282 1666 1497 1725 scelesti
1517 1662 1902 1732 inhumanique
1922 1666 2095 1726 erant,

510 1768 784 1824 historiam
828 1765 935 1820 illis
982 1764 1167 1819 refert.
1207 1760 1418 1816 Marcus
1462 1765 1640 1813 autem
1681 1754 1782 1810 sub
1811 1752 2100 1809 Abiathare

510 1858 789 1915 sacerdote
829 1856 879 1911 id
908 1855 1104 1911 factum
1134 1852 1301 1917 dicit,
1335 1865 1439 1906 non
1470 1845 1816 1918 repugnantia
1861 1843 2099 1899 historia

511 1949 733 2014 (licens,
765 1946 858 2002 sed
902 1944 1191 2001 ostendens
1222 1943 1369 1997 illum
1414 1939 1741 1995 binominem
1772 1936 1973 2000 fuisse,
2001 1933 2100 1989 ad.

512 2042 694 2110 ditqne
717 2041 890 2110 ipsum
913 2038 959 2094 ei
985 2051 1148 2108 panes
1174 2035 1387 2091 dedisse
1420 2033 1439 2105 (
1465 2032 1633 2086 Marc.
1658 2030 1714 2087 2.
1743 2029 1814 2085 26
1834 2030 1853 2101 )
1874 2070 1888 2094 ,
1916 2028 2100 2083 simul.

516 2148 620 2202 quc
670 2145 916 2202 magnam
961 2128 1192 2187 aiicrens
1237 2125 1610 2195 purgationem
1632 2162 1648 2189 ,
1678 2120 1819 2192 quod
1850 2118 2103 2176 sacerdos

515 2225 566 2279 id
599 2223 961 2295 permisisset;
995 2235 1093 2276 nec
1119 2218 1279 2276 modo
1306 2216 1656 2287 permisisset,
1685 2212 1782 2269 sed
1806 2213 1966 2268 etiam
1998 2211 2103 2265 mi-

515 2315 815 2371 nistrasset.
844 2312 957 2369 Nec
1008 2310 1138 2367 mihi
1168 2309 1350 2374 dicas,
1387 2306 1641 2363 Davidcm
1673 2303 1837 2359 fuisse
1869 2301 2103 2373 prophe-

516 2418 622 2463 tam
644 2425 658 2461 :
687 2421 807 2462 nam
832 2419 1004 2475 neque
1024 2404 1102 2458 sic
1122 2401 1336 2465 licebat,
1358 2398 1451 2455 sed
1474 2411 1641 2467 penes
1661 2393 1969 2451 sacerdotes
1990 2392 2105 2446 haec

512 2497 866 2571 praerogativa
891 2505 1007 2551 erat
1036 2513 1049 2550 :
1078 2493 1280 2549 idcirco
1308 2489 1551 2555 addidit,
1583 2486 1703 2543 Nisi
1729 2486 1854 2541 solis
1871 2483 2107 2540 sacerdo-

514 2589 666 2645 tibus.
684 2587 908 2643 Etiamsi
928 2586 1070 2643 enim
1095 2583 1354 2654 propheta
1371 2588 1539 2649 esset,
1561 2595 1666 2636 non
1685 2576 1938 2635 sacerdos
1957 2583 2103 2642 erat;

516 2681 624 2737 imo
642 2680 850 2737 etiamsi
870 2677 1128 2749 prepbeta
1146 2684 1308 2741 esset,
1328 2682 1383 2729 at
1399 2689 1505 2728 non
1523 2672 1559 2727 ii
1575 2671 1665 2742 qui
1683 2685 1805 2726 cum
1824 2669 1915 2724 illo
1930 2675 2105 2733 erant;

517 2787 639 2827 nam
665 2780 721 2827 et
742 2770 845 2824 illis
865 2783 1079 2839 quoque
1101 2781 1292 2838 panem
1313 2764 1481 2821 dedit.
1509 2762 1647 2830 Quid
1668 2762 1849 2833 igitur,
1875 2760 2105 2830 inquies,

516 2878 742 2935 paresne
770 2871 923 2918 erant
949 2862 1023 2916 illi
1057 2858 1285 2918 Davidi?
1313 2856 1451 2926 Quid
1480 2855 1613 2913 mihi
1645 2855 1958 2925 dignitatem
1989 2867 2108 2908 me-

515 2969 714 3020 moras,
743 2954 830 3011 ubi
862 2954 993 3025 legis
1020 2950 1377 3023 transgressio
1401 2964 1521 3007 esse
1549 2955 1791 3018 putatur,
1819 2955 1873 3002 ct
1895 2954 2111 3002 natura-

515 3045 583 3099 lis
608 3046 773 3100 instat
793 3044 1084 3100 necessitas
1115 3044 1130 3074 ¹
1153 3042 1177 3095 ‘2
1204 3040 1416 3099 Etenim
1440 3039 1541 3095 bac
1566 3037 1772 3096 ratione
1797 3037 1967 3107 magis
1987 3037 2113 3094 illos

515 3153 544 3193 a
573 3138 795 3194 crimine
820 3144 1043 3207 purgat,
1071 3149 1194 3190 cum
1219 3134 1262 3188 is
1282 3133 1373 3203 qui
1397 3131 1568 3201 major
1595 3138 1680 3186 est
1700 3128 1934 3199 idipsum
1962 3127 2129 3185 fecit.-

585 3233 641 3284 2.
674 3230 742 3285 Et
761 3228 889 3299 quid
914 3228 1037 3292 hoc,
1071 3225 1302 3295 inquies,
1331 3223 1399 3278 ad
1425 3221 1816 3293 quaestionem?
1841 3238 1944 3275 non
1968 3222 2110 3276 enim

519 3323 611 3378 ille
634 3322 911 3377 sabbatum
942 3328 1307 3387 transgressus
1334 3324 1437 3369 est.
1472 3313 1640 3382 Majns
1664 3322 1811 3371 certe
1841 3312 2111 3383 quidpiam

519 3412 652 3467 ilicis
676 3453 690 3475 ,
723 3409 866 3482 quod
894 3408 1094 3464 Christi
1120 3406 1434 3476 sapientiam
1465 3404 1819 3471 demonstrat,
1849 3404 1972 3473 quia
2000 3403 2110 3470 ille,

521 3503 686 3558 misso
713 3501 957 3565 sabbato,
985 3498 1129 3554 aliud
1151 3497 1459 3568 exemplum
1486 3495 1642 3551 affert
1666 3495 1890 3551 sabbato
1917 3495 2112 3565 majus.

522 3594 639 3651 Non
667 3593 812 3649 enim
835 3591 1041 3663 aequale
1063 3599 1201 3656 erat,
1225 3588 1370 3645 diem
1398 3589 1540 3642 illam
1569 3588 1792 3653 violare,
1824 3595 1879 3642 et
1903 3602 2113 3642 sacram

529 3686 673 3741 illam
705 3698 946 3741 mensam
973 3682 1258 3752 attingere,
1277 3695 1438 3751 quam
1465 3678 1615 3734 adire
1644 3678 1843 3733 nemini
1872 3678 1950 3733 fas
1976 3686 2111 3734 erat.

529 3776 662 3832 Nam
692 3775 970 3838 sabbatum
1002 3788 1145 3843 saepe
1174 3772 1406 3827 solutum
1438 3771 1555 3837 fuit,
1579 3770 1688 3826 imo
1718 3784 1932 3839 semper
1959 3769 2119 3825 solvi-

527 3878 635 3934 tur,
665 3877 722 3923 et
751 3868 802 3925 in
833 3864 1262 3931 circumcisione,
1293 3871 1347 3919 et
1371 3864 1424 3919 in
1450 3863 1569 3919 aliis
1596 3861 1841 3933 plurimis
1868 3861 2119 3931 operibus

528 3959 729 4031 (Num.
759 3959 850 4018 28.
881 3959 956 4030 9)
987 3977 1000 4014 :
1039 3967 1096 4016 et
1123 3957 1177 4013 in
1202 3956 1417 4013 Jericho
1445 3955 1677 4025 idipsum
1707 3954 1905 4008 factum
1937 3952 2121 4009 videre

527 4064 609 4111 est
633 4053 654 4120 (
667 4053 827 4113 Josue
874 4051 932 4108 6.
960 4051 1073 4124 4):
1106 4051 1209 4107 hoc
1231 4058 1409 4106 autem
1438 4052 1564 4105 tunc
1589 4049 1760 4104 solum
1791 4046 1988 4102 factum
2013 4055 2117 4102 est.

528 4147 707 4215 Quare
729 4161 762 4203 a
792 4143 981 4215 majori
1010 4142 1258 4212 exemplo
1287 4156 1375 4197 res
1404 4141 1689 4196 evincitur.
1720 4139 1834 4195 Cur
1861 4154 1991 4210 ergo
2021 4153 2119 4193 ne-

531 4256 621 4298 mo
652 4239 909 4298 Davidem
933 4238 1241 4305 accusavit,
1269 4236 1477 4293 etiamsi
1508 4236 1611 4291 alia
1640 4235 1813 4306 major
1836 4232 2124 4290 accusandi

531 4320 754 4387 materia
796 4330 1043 4398 adesset,
1074 4331 1144 4386 ob
1190 4328 1529 4386 sacerdotum
1560 4326 1763 4383 caedem
1789 4368 1803 4391 ,
1854 4339 1975 4396 quae
2000 4324 2126 4380 inde

532 4422 812 4485 exordium
841 4422 1110 4479 duxerat?
1152 4421 1353 4477 Vlerum
1382 4419 1514 4475 illud
1554 4435 1663 4475 non
1702 4426 1968 4474 memorat
1995 4419 2083 4474 ille
2105 4459 2123 4486 ,

532 4514 632 4573 sed
651 4515 706 4569 in
726 4529 789 4569 re
809 4514 1081 4583 proposita
1103 4514 1369 4569 consistit.
1398 4512 1606 4567 Deinde
1626 4519 1802 4566 autem
1829 4510 1938 4566 alio
1965 4511 2127 4567 modo

533 4605 961 4665 criminationem
1011 4605 1188 4660 solvit.
1222 4602 1379 4658 initio
1416 4602 1616 4673 quippe
1646 4600 1897 4657 Davidem
1929 4601 1983 4655 in
2013 4615 2129 4656 me-

534 4700 682 4757 dium
703 4698 945 4764 adduxit,
975 4697 1091 4768 ejus
1116 4710 1362 4768 personae
1387 4694 1646 4765 dignitate
1673 4695 2031 4766 arrogantiam
2063 4694 2128 4749 il-

535 4793 714 4851 lorum
738 4790 1076 4862 reprimens;
1103 4799 1384 4859 postquam
1410 4797 1589 4844 autem
1618 4788 1741 4843 iilos
1768 4795 2124 4858 represserat,

536 4886 952 4954 superbiamque
996 4884 1215 4939 illorum
1253 4888 1598 4948 coercuerat,
1642 4888 1769 4935 tunc
1797 4878 1964 4949 magis
2006 4879 2125 4935 ido-

538 4991 697 5030 neam
736 4976 891 5033 aﬂert
936 4976 1280 5032 solutionem.
1308 4973 1568 5042 Quaenam
1599 4971 1686 5028 illa
1728 4972 1882 5027 erat?
1910 4973 1964 5028 5.
2015 4970 2127 5026 Ne-

540 5069 681 5123 scitis
693 5068 936 5137 quom'am
955 5069 1009 5121 in
1034 5068 1225 5138 templo
1249 5066 1536 5121 sacerdotes
1561 5064 1823 5119 sabbatum
1848 5064 2059 5129 violant,
2082 5072 2131 5118 et

539 5160 649 5213 sine
689 5157 900 5212 crimine
922 5159 1077 5212 sunt?
1119 5158 1232 5213 illic
1255 5199 1270 5226 ,
1303 5156 1475 5227 inquit
1499 5197 1513 5222 ,
1546 5156 1760 5212 occasio
1786 5170 1900 5211 rem
1929 5154 2085 5210 solvit
2112 5172 2127 5222 ;

544 5249 631 5311 hic
652 5264 783 5305 vero
805 5247 960 5304 adest
976 5249 1093 5306 sine
1121 5250 1404 5306 occasione
1429 5248 1649 5304 solutio.
1677 5248 1782 5304 Sed
1811 5263 1919 5303 non
1949 5249 2129 5303 statim

541 5353 611 5397 ita
641 5341 839 5407 solvit;
867 5355 1056 5396 verum
1080 5343 1256 5411 primo
1283 5341 1434 5412 otiosi
1464 5356 1579 5397 rem
1605 5341 1760 5396 venia
1789 5339 2004 5411 dignam
2036 5357 2134 5410 po-

542 5440 656 5505 nit,
700 5447 883 5508 postea
930 5451 1063 5492 vero
1107 5435 1298 5491 fortius
1343 5437 1525 5493 instat.
1570 5435 1706 5490 Nam
1730 5435 1875 5507 quod
1906 5435 2135 5493 validius

540 5542 673 5597 erat,
705 5540 979 5600 postremo
1006 5529 1338 5586 aderendum
1368 5530 1484 5596 fuit,
1517 5529 1728 5585 etiamsi
1758 5529 1811 5584 id
1838 5527 1980 5598 quod
2022 5528 2132 5598 pri-

543 5637 690 5677 mum
717 5622 941 5682 allatum
967 5632 1082 5688 est,
1116 5622 1222 5676 vim
1252 5634 1403 5677 suam
1447 5620 1689 5676 haberet.
1719 5619 1798 5676 Ne
1827 5619 1957 5675 mihi
1987 5619 2130 5674 enim

543 5710 725 5779 dicas,
772 5714 824 5768 id
872 5730 981 5772 non
1023 5726 1143 5771 esse
1185 5728 1214 5767 a
1241 5713 1466 5769 crimine
1494 5712 1757 5782 liberari,
1783 5725 1883 5784 par
1912 5710 2132 5769 alterius

609 5890 625 5920 ¹
638 5885 1008 5955 Lege,quamvis
1031 5892 1267 5945 naturalis
1287 5890 1425 5945 instet
1448 5889 1721 5946 necessitas.

1218 450 1273 506 S.
1312 445 1590 504 JOANNIS
1640 435 2118 499 CllRYSOSTOMI
2171 436 2488 492 ARCIIIEP.
2529 438 3065 495 CONSTANTINOP.

3682 441 3788 498 430

2197 554 2400 608 crimen
2434 554 2485 607 in
2518 553 2751 608 medium
2794 552 3006 609 all‘erre.
3049 552 3181 609 Nam
3209 554 3424 624 quando
3452 556 3496 610 is
3524 558 3612 627 qui
3663 558 3787 615 fecit

2197 660 2301 699 non
2331 653 2643 711 accusatur,
2677 654 2800 701 tunc
2829 645 2881 699 id
2913 645 2963 699 in
3008 643 3376 701 defensionem
3406 650 3653 719 usurpari
3684 665 3786 721 po-

2196 743 2319 791 test.
2352 737 2547 791 Verum
2580 738 2669 791 illo
2702 753 2806 792 non
2837 745 3121 792 contentus
3151 736 3289 803 fuit,
3321 737 3415 793 sed
3447 740 3588 808 quod
3619 743 3790 812 magis

2196 836 2611 884 consentaneum
2655 835 2740 883 est
2781 826 2975 895 affert,
3007 826 3193 883 dicens
3224 826 3278 883 id
3305 828 3448 898 quod
3481 829 3674 885 factum
3706 842 3792 885 est

2196 934 2303 974 non
2326 933 2444 975 esse
2463 927 2740 990 peccatum
2766 935 2778 971 :
2809 918 2951 988 quod
2979 920 3285 988 conspicua:
3311 920 3551 975 victoria:
3577 920 3791 991 signum

2197 1018 2313 1065 erat
2335 1051 2351 1077 ,
2381 1024 2503 1066 cum
2547 1009 2852 1066 ostenderet
2881 1024 2941 1065 se
2984 1009 3157 1081 legem
3187 1010 3448 1077 solvisse,
3482 1010 3591 1065 imo
3623 1011 3673 1065 id
3708 1011 3795 1068 bis

2201 1105 2390 1160 fecisse
2414 1147 2429 1172 ,
2463 1114 2574 1162 tum
2611 1120 2641 1159 a
2688 1105 2806 1160 loco
2829 1146 2844 1170 ,
2877 1112 2991 1159 tum
3020 1118 3050 1158 a
3078 1104 3345 1170 sabbato;
3387 1106 3516 1175 quin
3547 1104 3707 1161 etiam
3736 1113 3791 1159 et

2202 1208 2284 1255 ter
2310 1199 2497 1255 fecisse
2517 1241 2533 1267 ,
2566 1198 2709 1270 quod
2736 1199 2936 1269 duplex
2964 1212 3096 1269 opus
3124 1198 3319 1254 factum
3349 1207 3529 1265 esset,
3565 1207 3620 1254 et
3646 1198 3791 1253 aliud

2201 1308 2268 1349 ex
2290 1293 2662 1349 sacerdotibus
2685 1293 3050 1363 subjunxisset
3074 1311 3087 1347 :
3112 1291 3363 1363 quodque
3386 1291 3557 1363 majus
3578 1303 3678 1361 est,
3703 1308 3794 1349 ne-

2201 1402 2305 1457 que
2344 1388 2545 1443 crimen
2577 1387 2703 1443 illud
2742 1402 2881 1443 csse.
2928 1386 3061 1443 Nam
3101 1386 3208 1451 ait,
3243 1385 3369 1442 Sine
3410 1389 3617 1443 crimine
3651 1399 3789 1443 sunt.

2204 1478 2391 1535 Viden‘
2420 1486 2619 1547 quanta
2649 1479 2866 1548 posuit?
2895 1478 3095 1534 Locum
3132 1488 3325 1545 :nam,
3359 1476 3427 1533 In
3459 1479 3644 1546 templa
3668 1522 3682 1546 ,
3712 1481 3796 1536 in.

2202 1572 2355 1643 quit,
2397 1570 2595 1627 factum
2641 1580 2763 1638 est;
2810 1585 3135 1640 personam:
3177 1585 3405 1641 nempe,
3442 1569 3794 1638 Sacerdotes;

2205 1673 2448 1736 tempus:
2473 1679 2618 1730 nam,
2644 1662 2921 1720 Sabbatum
2944 1672 3058 1719 erat
3080 1680 3094 1729 ;
3120 1678 3235 1719 rem
3262 1664 3460 1734 ipsam:
3486 1680 3608 1718 nam
3630 1706 3643 1730 ,
3677 1663 3799 1719 Vio-

2206 1757 2349 1822 tant,
2383 1757 2591 1828 inquit:
2624 1771 2801 1828 neque
2843 1758 2986 1812 enim
3035 1757 3203 1826 dixit,
3231 1756 3491 1824 Solvunt;
3519 1756 3615 1813 sed
3652 1759 3799 1829 quod

2206 1851 2419 1921 gravius
2461 1858 2577 1916 est,
2634 1848 2887 1904 Violant:
2934 1848 3074 1920 quod
3123 1865 3229 1904 non
3277 1849 3435 1905 modo
3474 1864 3660 1920 pteuas
3691 1866 3801 1905 non

2207 1944 2366 2009 dent,
2412 1943 2504 1999 sed
2545 1942 2687 2014 quod
2727 1942 2951 1997 crimine
2996 1941 3330 2009 liberentur;
3363 1956 3484 1995 nam
3513 1940 3629 2008 ait,
3675 1940 3804 1997 Sine

2209 2037 2419 2090 crimine
2456 2045 2592 2090 sunt.
2634 2034 2691 2090 Id
2732 2051 2860 2090 vero
2900 2049 2967 2090 ne
3007 2035 3204 2105 putetis
3241 2034 3415 2090 simile
3454 2035 3617 2105 priori
3656 2050 3799 2091 esse.

2208 2127 2340 2182 Nam
2368 2127 2495 2182 illud
2528 2127 2692 2182 semel
2720 2126 2919 2182 factum
2945 2134 3028 2181 est
3052 2168 3067 2195 ,
3100 2140 3203 2183 nec
3227 2140 3259 2181 a
3286 2124 3655 2182 sacerdotibus
3674 2167 3689 2191 ,
3721 2135 3805 2180 at-

2210 2234 2313 2289 que
2341 2233 2406 2274 ex
2435 2220 2755 2273 necessitate
2780 2234 2794 2283 ;
2838 2216 2959 2272 ideo
2989 2217 3145 2273 venia
3169 2216 3313 2288 digni
3339 2223 3495 2272 erant
3524 2235 3539 2271 :
3574 2216 3677 2271 hoc
3702 2232 3803 2272 au-

2211 2322 2317 2367 tem
2349 2311 2572 2382 singulis
2602 2310 2839 2367 sabbatis
2864 2351 2877 2376 ,
2906 2325 2936 2365 a
2963 2308 3365 2373 sacerdotibus,
3395 2309 3449 2363 in
3483 2307 3684 2378 templo
3704 2349 3721 2373 ,
3750 2318 3807 2363 et

2211 2405 2503 2461 secundum
2532 2403 2727 2474 legem.
2755 2402 3092 2472 Quapropter
3120 2416 3225 2455 non
3278 2399 3438 2455 modo
3465 2401 3620 2456 venia
3657 2399 3807 2470 digni

2213 2506 2371 2563 sunt,
2401 2496 2497 2552 sed
2522 2496 2682 2551 etiam
2712 2494 3007 2551 secundum
3036 2494 3204 2565 legem
3232 2494 3387 2564 culpa
3416 2494 3585 2549 vacui.
3616 2493 3806 2565 Neque

2214 2588 2358 2643 enim
2395 2585 2732 2643 criminando
2760 2586 2879 2641 haec
2906 2585 3016 2640 dixi
3041 2627 3056 2653 ,
3099 2584 3309 2656 inquit,
3349 2599 3522 2655 neque
3547 2599 3613 2639 ex
3653 2586 3809 2639 venia

2215 2684 2387 2737 solum
2417 2681 2570 2753 culpa
2603 2680 2802 2736 liberos
2831 2686 3009 2735 statuo
3028 2720 3043 2747 ,
3072 2677 3169 2735 sed
3201 2694 3265 2733 ex
3298 2677 3520 2751 juStitiae
3550 2678 3686 2749 lege.
3716 2677 3812 2732 Vi-

2215 2776 2481 2846 deturque
2507 2775 2629 2830 illos
2659 2772 2978 2838 defendere,
3008 2773 3109 2828 hos
3134 2780 3314 2827 autem
3343 2771 3565 2827 crimine
3591 2771 3808 2827 liberat.

2215 2870 2348 2926 Cum
2377 2869 2521 2924 enim
2547 2868 2638 2934 ait,
2671 2867 2796 2923 Sine
2824 2867 3032 2922 crimine
3060 2874 3178 2921 sunt
3200 2882 3218 2919 :
3249 2873 3303 2919 at
3332 2865 3384 2920 hi
3412 2865 3583 2919 multo
3605 2864 3800 2936 magis,

2218 2960 2409 3030 inquit.
2442 2957 2549 3015 Sed
2570 2973 2678 3015 non
2699 2967 2825 3012 sunt
2844 2955 3180 3012 sacerdotes.
3207 2958 3276 3011 At
3300 2955 3670 3011 sacerdotibus
3696 2970 3813 3010 ma-

2212 3050 2362 3121 jores
2392 3066 2404 3104 :
2435 3049 2551 3121 ipse
2576 3063 2807 3119 namque
2835 3046 3017 3117 templi
3049 3046 3304 3103 Dominus
3333 3045 3419 3100 hic
3440 3046 3631 3113 adest;
3662 3045 3810 3102 veri-

2220 3149 2300 3196 tas
2323 3183 2339 3208 ,
2371 3157 2478 3197 non
2507 3141 2675 3211 ﬁgura
2701 3156 2716 3197 :
2760 3138 2881 3194 ideo
2917 3139 3130 3195 diccbat
3152 3180 3167 3204 ,
3200 3138 3252 3193 6.
3284 3137 3413 3193 Dico
3441 3148 3609 3193 autem
3633 3139 3813 3207 vobis;

2216 3234 2337 3302 quia
2356 3233 2542 3303 templo
2562 3235 2731 3303 major
2749 3239 2822 3286 est
2844 3231 2944 3284 hic.
2971 3231 3220 3287 Attamen
3241 3243 3364 3286 cum
3388 3229 3514 3284 talia
3539 3229 3813 3297 audirent,

2221 3324 2354 3380 nihil
2381 3324 2670 3381 dixerunt:
2705 3322 2828 3394 quia
2852 3321 3048 3377 nonde
3076 3322 3248 3377 Salute
3273 3321 3504 3376 hominis
3531 3320 3815 3391 agebatur.

2222 3415 2425 3472 Deinde
2446 3416 2568 3486 quia
2593 3414 2645 3470 id
2666 3413 3010 3471 audientibus
3035 3427 3197 3484 grave
3220 3412 3501 3471 videbatur
3530 3427 3673 3481 esse,
3704 3412 3816 3467 cito

2221 3507 2349 3563 illud
2378 3506 2697 3573 occultavit,
2728 3520 2914 3560 rursus
2951 3501 3020 3558 ad
3051 3503 3261 3559 veniam
3290 3517 3596 3559 sermonem
3624 3517 3811 3573 agens,

2225 3614 2324 3655 nec
2349 3600 2465 3655 sine
2491 3598 2857 3669 increpatione
2883 3597 2962 3652 sic
2989 3595 3176 3652 dicens
3205 3613 3218 3650 :
3252 3595 3305 3650 7.
3338 3594 3400 3650 Si
3427 3604 3595 3649 autem
3622 3595 3819 3649 sciretis

2226 3690 2351 3762 quid
2387 3699 2483 3757 est,
2516 3688 2925 3744 Misericordiam
2951 3688 3065 3743 volo
3084 3728 3099 3755 ,
3130 3697 3179 3741 et
3206 3703 3303 3741 non
3336 3687 3643 3756 sacriﬁcium
3664 3729 3679 3752 ,
3711 3704 3816 3740 non

2225 3782 2648 3838 condemnassetis
2670 3781 2960 3836 innocentes
2984 3778 3005 3853 (
3028 3778 3157 3834 Osee
3181 3778 3233 3834 6.
3260 3778 3351 3850 6).
3380 3777 3568 3833 Vidcn’
3592 3793 3816 3849 quomo-

2225 3874 2295 3931 do
2324 3890 2509 3931 rursus
2538 3888 2843 3930 sermonem
2872 3871 2940 3927 ad
2970 3871 3178 3928 veniam
3208 3883 3368 3944 agat,
3401 3879 3455 3926 et
3481 3886 3693 3927 rursum
3721 3886 3816 3925 ve—

2227 3967 2312 4021 nia
2354 3965 2659 4037 superiores
2696 3968 2715 3999 ¹
2850 3964 3137 4020 ostendat?
3186 3963 3308 4018 Non
3349 3963 3816 4032 condemnassetis,

2228 4059 2436 4130 inquit,
2475 4060 2785 4114 innocentes.
2826 4057 2980 4112 Prius
3017 4056 3357 4112 sacerdotum
3396 4057 3696 4129 exemplum
3728 4067 3816 4112 at-

2230 4152 2351 4207 tulit
2374 4194 2389 4220 ,
2421 4151 2609 4207 dicens
2637 4151 2950 4206 innocentes
2978 4149 3102 4204 illos
3128 4162 3249 4204 esse
3276 4165 3291 4202 :
3334 4147 3437 4203 hoc
3465 4158 3640 4204 autem
3671 4165 3701 4202 a
3732 4162 3819 4202 se-

2228 4243 2459 4313 metipso
2482 4242 2666 4313 ponit;
2697 4242 2806 4296 imo
2832 4256 2960 4296 vero
2985 4248 3041 4296 et
3065 4239 3167 4295 hoc
3192 4254 3221 4293 a
3253 4239 3370 4310 lege
3395 4257 3408 4293 :
3443 4238 3815 4310 propheticum

2230 4335 2374 4390 enim
2397 4333 2600 4388 dictum
2640 4332 2902 4388 recitavit.

2302 4426 2355 4482 5.
2381 4424 2592 4481 Sabbati
2604 4424 2657 4478 in
2681 4423 2832 4479 veteri
2853 4423 2959 4493 lege
2981 4421 3192 4487 utilitas,
3212 4421 3462 4475 inutilitas
3478 4421 3530 4475 in
3552 4437 3681 4476 nova
3704 4437 3821 4493 pro.

2235 4518 2701 4573 batum—Domum
2748 4517 2906 4571 aliam
2946 4515 3101 4570 aﬂ‘ert
3125 4530 3341 4570 causam
3368 4514 3553 4570 dicens
3587 4534 3600 4568 :
3636 4514 3687 4571 8.
3712 4513 3821 4569 Do-

2234 4613 2400 4666 minus
2424 4611 2555 4666 enim
2581 4619 2655 4665 est
2702 4608 2915 4666 Sabbati
2954 4608 3121 4663 Filius
3151 4608 3404 4675 hominis,
3433 4607 3501 4662 de
3538 4608 3715 4677 seipse
3743 4607 3823 4661 lo-

2232 4717 2423 4774 quens.
2471 4701 2710 4756 Marcus‘
2738 4714 2868 4755 vero
2914 4698 3064 4754 illum
3111 4698 3180 4754 de
3204 4698 3477 4754 communi
3528 4708 3715 4753 natura
3769 4698 3822 4752 id

2232 4794 2434 4849 dixisse
2461 4792 2664 4848 refert:
2701 4791 2980 4847 Sabbatum
3004 4833 3020 4859 ,
3067 4791 3267 4861 inquit,
3307 4801 3514 4862 prapter
3569 4791 3826 4846 hominem

2236 4887 2426 4957 factum
2449 4893 2559 4954 est,
2591 4899 2693 4938 non
2721 4890 2888 4938 autem
2915 4881 3064 4936 homo
3092 4890 3300 4952 propter
3323 4880 3588 4935 sabbatum
3620 4880 3816 4951 (Mare.

2235 4979 2292 5033 2.
2323 4977 2437 5049 27).
2479 4977 2587 5032 Cur
2609 4991 2736 5047 ergo
2762 4974 3083 5044 supplicium
3114 4973 3214 5028 luit
3255 4972 3346 5027 ille
3372 4973 3463 5044 qui
3493 4973 3635 5044 ligna
3671 4973 3828 5026 colli-

2240 5073 2401 5145 gebat
2430 5070 2619 5144 (Nam.
2646 5070 2730 5125 i5.
2765 5069 2854 5124 55.
2886 5068 3043 5142 sqq.)?
3059 5066 3190 5135 Quia
3240 5065 3287 5120 si
3316 5065 3466 5120 initio
3510 5064 3657 5136 leges
3700 5078 3829 5118 cou~

2243 5174 2456 5238 tempta:
2486 5162 2731 5229 fuissent,
2758 5160 2847 5216 vix
2872 5170 3055 5231 postea
3078 5158 3352 5215 servanda:
3370 5166 3540 5213 erant.
3560 5156 3693 5212 Nam
3728 5157 3828 5211 ini-

2239 5259 2314 5313 tio
2340 5256 2618 5312 sabbatum
2650 5255 2702 5309 in
2729 5253 2910 5308 multis
2936 5250 3294 5322 gravibusque
3325 5251 3485 5306 rebus
3509 5249 3638 5305 utile
3674 5256 3791 5305 erat
3810 5291 3824 5302 .

2237 5348 2466 5418 exempli
2499 5360 2656 5402 causa
2678 5386 2693 5413 ,
2720 5342 2774 5399 id
2800 5342 3069 5399 efficiebat
3093 5351 3151 5396 ut
3180 5342 3338 5396 mites
3382 5340 3707 5412 humanique
3738 5355 3828 5395 es-

2237 5448 2358 5495 sent
2389 5453 2511 5494 cum
2538 5436 2885 5508 propinquis;
2924 5432 3150 5491 docebat
3188 5447 3283 5488 eos
3308 5431 3404 5487 Dei
3441 5431 3829 5502 providentiam

2238 5542 2293 5588 et
2319 5532 2643 5589 creationem
2673 5547 2686 5584 :
2719 5529 2860 5602 quod
2888 5530 2965 5585 ait
2991 5528 3239 5585 Ezechiel
3269 5544 3282 5580 :
3311 5527 3556 5583 Erudivit
3574 5542 3668 5583 eos
3697 5542 3832 5597 pau-

2238 5625 2385 5681 latim
2406 5666 2421 5692 ,
2452 5633 2513 5680 ut
2551 5624 2928 5680 abstinerenta
2973 5622 3209 5693 nequitia
3234 5662 3246 5685 ,
3277 5628 3332 5675 et
3377 5630 3435 5675 ut
3464 5620 3832 5691 spiritualibus

2239 5719 2610 5779 incumberent
2639 5717 2851 5777 (Ezech.
2878 5714 2995 5790 20).
3025 5716 3157 5773 Nam
3200 5715 3247 5772 si
3267 5728 3391 5771 cum
3422 5714 3597 5786 legem
3624 5711 3836 5773 θώμιιί

2272 5889 2344 5957 (τι)
2362 5890 2416 5945 Id
2437 5899 2531 5958 est,
2555 5891 2710 5957 potius
2730 5888 2875 5944 tande
2897 5901 3042 5955 quam
3061 5887 3201 5941 venia
3221 5885 3410 5950 dignos.
