4118 6444
1670 306 1773 317 ,ριν

375 414 479 471 457

374 521 552 590 dedit,
575 521 833 579 dixisset:
860 519 1008 577 Bona
1037 516 1190 572 facite
1218 515 1269 571 in
1291 514 1535 580 sabbato,
1566 514 1661 571 sed
1690 513 1826 568 mala
1850 526 1958 566 non

373 616 674 690 operemini
696 656 712 682 ,
760 614 932 685 legem
988 627 1094 675 non
1141 618 1407 666 servasset
1470 607 1734 678 populus;
1777 618 1960 660 verum

375 709 558 767 omnia
585 705 742 763 simul
768 703 936 760 vetuit
963 721 976 759 :
1000 702 1150 757 Nihil
1178 701 1374 772 facietis
1393 740 1409 765 ,
1431 699 1631 769 inquit.
1668 696 1852 766 Neque
1880 707 1950 750 ta-

374 817 501 858 men
529 800 611 859 sic
637 813 698 854 se
714 798 1050 853 continuere.
1100 794 1219 864 Ipse
1240 808 1371 849 vero
1399 804 1521 847 cum
1556 789 1726 861 legem
1757 789 1962 847 sabbati

375 896 543 961 dedit,
573 895 798 951 obscure
822 892 1172 964 signiﬁcavit,
1202 890 1341 947 velle
1366 905 1424 945 se
1453 899 1510 944 ut
1538 904 1568 943 a
1613 886 1767 943 malis
1788 887 1963 941 solum

376 992 728 1048 abstinerent.
781 986 931 1041 Nihil
955 986 1095 1041 enim
1127 985 1353 1054 facietis,
1387 985 1592 1054 inquit,
1632 982 1733 1035 nisi
1764 997 1822 1033 ea
1849 995 1965 1047 qua:

378 1084 529 1154 faciet
558 1082 729 1135 anima
755 1075 949 1153 (Exod.
982 1075 1070 1134 l2.
1105 1074 1217 1150 16).
1261 1075 1316 1129 In
1344 1075 1545 1144 templo
1582 1082 1760 1128 autem
1785 1071 1962 1126 omnia

379 1174 602 1239 fiebant,
633 1182 837 1228 etcum
858 1170 1049 1240 majori
1087 1167 1265 1223 studio
1289 1207 1303 1231 .
1335 1166 1639 1236 duplicique
1664 1178 1846 1233 opera.
1877 1162 1965 1218 Sic

376 1279 476 1336 per
504 1264 677 1336 ipsam
705 1264 947 1319 umbram
978 1262 1257 1318 veritatem
1283 1258 1387 1315 illis
1413 1257 1706 1328 aperiebat.
1734 1252 1963 1310 Tantum

379 1372 510 1427 ergo
535 1358 742 1412 lucrum
764 1397 780 1423 ,
813 1354 1021 1426 inquies
1040 1395 1055 1421 ,
1084 1353 1306 1409 abstulit
1329 1350 1606 1406 Christus?
1633 1349 1817 1413 Absit;
1849 1347 1959 1402 imo

379 1448 511 1503 illud
542 1447 827 1503 admodum
853 1446 1018 1501 auxit.
1052 1444 1286 1514 Tempus
1315 1445 1455 1499 enim
1483 1450 1600 1497 erat
1628 1449 1684 1494 ut
1711 1455 1808 1510 per
1835 1438 1964 1493 sub-

377 1542 590 1596 limiora
637 1539 1017 1595 erudirentur:
1080 1551 1256 1607 neque
1300 1534 1580 1605 oportebat
1624 1546 1814 1587 manus
1849 1530 1965 1598 ejus

377 1633 581 1703 ligare,
611 1628 698 1702 qui
728 1647 758 1685 a
795 1630 1029 1701 nequitia
1059 1637 1274 1693 erutus,
1321 1625 1386 1679 ad
1431 1625 1570 1679 bona
1598 1623 1775 1679 omnia
1810 1620 1963 1675 vola-

379 1726 504 1791 ba‘t;
545 1738 719 1793 neque
765 1721 889 1777 inde
914 1717 1153 1776 ediscere
1198 1718 1362 1773 Deum
1389 1717 1569 1772 omnia
1609 1714 1838 1779 "fecisse;
1868 1726 1968 1767 nec

378 1814 505 1872 inde
535 1814 736 1870 institui
763 1811 828 1868 ad
874 1809 1335 1867 mansuetudinem
1365 1823 1459 1863 eos
1479 1848 1492 1873 ,
1517 1807 1605 1878 qui
1633 1806 1698 1860 ad
1745 1805 1838 1860 Dei
1866 1804 1965 1860 be-

377 1906 689 1977 nignitatem
734 1902 1043 1958 imitandam
1074 1898 1248 1956 vocati
1291 1908 1446 1955 erant
1482 1914 1497 1951 :
1525 1894 1697 1952 Eatote
1719 1938 1735 1962 ,
1765 1895 1963 1965 inquit,

376 1997 728 2052 misericordes
775 1996 904 2049 sicut
942 1991 1102 2047 Pater
1143 1996 1302 2047 voster
1330 1989 1541 2049 caelestis
1568 1984 1722 2059 (Luc.
1748 1987 1801 2042 6.
1833 1984 1962 2057 56);

380 2086 587 2143 nullum
618 2085 759 2142 diem
807 2085 1001 2141 festum
1047 2098 1204 2155 agere
1232 2097 1347 2148 eos,
1372 2081 1462 2152 qui
1493 2096 1586 2151 per
1611 2089 1775 2133 totam
1802 2078 1964 2131 vitam

378 2179 576 2237 festum
604 2194 764 2251 agere
775 2178 1129 2248 jubebantur:
1157 2190 1278 2230 nam
1296 2171 1389 2241 ait,
1414 2169 1619 2228 Festum
1636 2170 1961 2237 celebremus,

376 2288 478 2327 non
495 2272 547 2325 in
565 2272 806 2341 fermento
840 2269 1010 2336 veteri,
1028 2283 1184 2336 neque
1198 2267 1250 2319 in
1268 2268 1511 2337 fermento
1524 2264 1730 2317 malitia:
1744 2263 1967 2332 etncqui-

378 2364 484 2431 tiae,
515 2363 606 2419 sed
631 2364 684 2417 in
713 2362 907 2434 azymis
930 2359 1231 2415 sinceritatis
1251 2366 1297 2412 et
1316 2356 1536 2411 veritatis
1557 2356 1633 2425 (1.
1657 2350 1776 2410 Cor.
1805 2354 1859 2409 ὅ.
1885 2353 1962 2423 8).

371 2456 493 2515 Non
542 2464 754 2528 oportet
800 2455 944 2511 enim
986 2467 1157 2525 prepe
1203 2465 1382 2506 arcam
1427 2457 1482 2506 et
1534 2448 1700 2503 altare
1743 2460 1964 2502 aureum

373 2561 519 2606 stare
546 2563 660 2615 eos,
693 2547 782 2619 qui
808 2544 1047 2602 omnium
1089 2544 1372 2600 Dominum
1402 2541 1607 2596 habent
1648 2554 1830 2595 secum
1863 2539 1960 2593 ha-

373 2620 631 2697 bitaniem
661 2680 677 2708 ,
706 2639 904 2711 quique
946 2652 1044 2709 per
1071 2637 1250 2691 omnia
1296 2636 1469 2705 ipsum
1517 2631 1876 2703 alloquuntur,
1909 2636 1965 2683 et

373 2751 473 2807 per
496 2734 812 2799 orationem,
840 2739 896 2787 et
925 2744 1020 2801 per
1044 2728 1392 2792 oblationem,
1423 2734 1478 2781 et
1508 2739 1601 2795 per
1629 2722 1957 2792 'Scripturas,

373 2835 432 2883 et
473 2840 569 2896 per
596 2824 993 2894 eleemosynam
1015 2862 1029 2887 ,
1061 2829 1116 2876 et
1152 2818 1295 2891 quod
1340 2818 1482 2872 intus
1513 2815 1660 2871 illum
1708 2813 1959 2867 habeant.

373 2918 506 2985 Qum
546 2929 675 2987 ergo
718 2913 921 2970 sabbati
963 2911 1255 2967 necessitas
1301 2910 1351 2964 ei
1380 2909 1471 2979 qui
1510 2921 1722 2976 semper
1767 2904 1962 2960 festum

374 3010 649 3075 celebrat,
681 3006 770 3077 qui
801 3006 853 3060 in
878 3006 1015 3061 caelo
1057 3002 1333 3059 versatur?
1357 2998 1574 3056 Festum
1605 3012 1733 3068 ergo
1773 3010 1965 3067 perpe-

374 3113 469 3160 tuo
496 3116 736 3173 agamus,
757 3098 995 3170 nihilque
1015 3096 1142 3152 mali
1166 3108 1482 3167 operemur;
1512 3091 1641 3147 illud
1665 3090 1805 3147 enim
1833 3102 1964 3145 vere

374 3196 571 3251 festum
614 3201 699 3248 est
735 3209 748 3244 :
793 3189 888 3245 sed
935 3188 1231 3259 spiritualia
1270 3184 1643 3249 intendamus,
1673 3179 1965 3236 abscedant

374 3298 626 3350 terrena,
657 3280 919 3357 spirituali
962 3283 1072 3336 otio
1099 3281 1366 3345 otiemur,
1396 3286 1586 3330 manus
1626 3273 1694 3327 ab
1742 3270 1963 3327 avaritia

375 3382 720 3445 cohibentes,
769 3388 966 3446 corpus
995 3388 1028 3428 a
1069 3369 1358 3442 superﬁuis
1387 3373 1441 3424 et
1484 3365 1761 3421 inutilibus
1788 3363 1959 3418 abdu-

375 3483 561 3529 centes
589 3468 862 3525 laboribus
882 3508 896 3534 ,
919 3466 1109 3537 quibus
1133 3461 1360 3517 afllictus
1385 3468 1468 3516 est
1494 3459 1620 3513 olim
1648 3457 1702 3511 in
1728 3452 1964 3527 [Egypto

374 3563 726 3620 llebrzeornm
778 3557 1045 3629 populus:
1088 3554 1220 3609 nihil
1263 3552 1405 3607 enim
1454 3548 1752 3605 differimus
1802 3553 1963 3616 quot-

376 3662 508 3725 quot
534 3664 723 3707 aurum
749 3646 1069 3718 colligimus,
1098 3645 1166 3699 ab
1191 3643 1255 3698 iis
1280 3642 1371 3713 qui
1395 3641 1540 3695 lutee
1567 3639 1717 3708 Operi
1745 3635 1965 3691 addice-

376 3747 605 3809 bantur,
634 3744 939 3810 lateresque
967 3746 1252 3808 eperantes
1275 3776 1292 3803 ,
1339 3742 1394 3790 et
1424 3732 1604 3804 paleas
1652 3729 1964 3798 colligentes

375 3835 800 3907 flagellabantur.
852 3829 987 3885 Nam
1039 3841 1178 3883 nunc
1215 3839 1428 3898 quoque
1484 3821 1726 3879 diabolus
1772 3820 1967 3875 lateres

376 3930 527 4004 iubet
548 3940 806 3998 apparare
826 3967 841 3991 ,
869 3932 931 3978 ut
955 3922 1081 3978 olim
1111 3921 1341 3976 Pharao.
1370 3916 1506 3985 Quid
1529 3916 1668 3970 enim
1716 3911 1858 3968 aliud
1885 3918 1968 3966 est

376 4036 567 4077 aurum
590 4060 604 4084 ,
635 4032 795 4089 quam
841 4014 1056 4070 lutum?
1104 4011 1230 4082 quid
1280 4008 1424 4065 aliud
1462 4013 1737 4077 argentum
1762 4046 1775 4068 ,
1805 4017 1963 4073 quam

380 4111 575 4186 palea?
600 4110 732 4165 Nam
758 4114 1037 4178 argentum
1066 4105 1208 4160 velut
1229 4100 1378 4173 palea
1405 4098 1748 4169 cupiditatem
1777 4109 1969 4149 accen-

377 4185 491 4270 dit,
521 4212 578 4260 et
606 4217 792 4257 aurum
822 4199 917 4253 luti
948 4199 1118 4252 instar
1148 4194 1297 4249 illum
1326 4191 1565 4262 inquinat
1589 4188 1680 4258 qui
1709 4185 1966 4257 possidet.

385 4297 513 4355 Ideo
543 4294 692 4349 misit
735 4290 892 4348 nobis
933 4304 1038 4344 non
1082 4287 1266 4342 Mosen
1296 4296 1364 4339 ex
1413 4280 1628 4337 deserto
1653 4276 1867 4349 Egypti
1898 4277 1914 4307 ί
1949 4316 1966 4344 ,

387 4387 484 4445 sed
510 4386 708 4442 Filium
732 4397 888 4441 suum
915 4380 983 4436 de
1009 4379 1160 4435 etelo.
1184 4377 1242 4432 Si
1285 4376 1461 4452 itaque
1486 4382 1608 4443 post
1631 4371 1747 4440 ejus
1772 4368 1972 4423 adven-

382 4492 496 4536 tum
520 4479 575 4534 in
598 4477 830 4548 Aigypto
858 4469 1119 4527 manseris
1137 4510 1152 4536 ,
1181 4467 1367 4524 eadem
1408 4465 1626 4536 patieris
1652 4476 1771 4533 quae
1800 4459 1970 4531 Egy-

384 4572 481 4645 ptii
503 4589 518 4626 ε
546 4571 627 4626 sin
656 4566 890 4639 Aigypto
910 4564 1093 4620 relicta
1115 4560 1311 4617 abieris
1330 4572 1451 4614 eum
1476 4555 1733 4626 spirituali
1755 4552 1967 4617 lsraele,

383 4667 767 4728 miraculorum
797 4660 1034 4717 omnium
1063 4664 1333 4731 spectator
1359 4653 1489 4710 eris.

459 4762 511 4815 4.
543 4756 653 4814 Nec
693 4765 872 4810 tamen
915 4750 969 4806 id
1019 4750 1189 4804 solum
1239 4743 1307 4801 ad
1346 4744 1571 4799 salutem
1599 4739 1813 4795 sufﬁcit.
1852 4734 1971 4791 Non

382 4854 530 4910 enim
558 4850 625 4905 ab
646 4846 878 4919 Egypto
897 4850 1102 4897 tantum
1130 4835 1490 4895 recedendum
1514 4843 1632 4897 est;
1663 4832 1756 4886 sed
1788 4830 1838 4883 in
1865 4835 1973 4883 ter-

385 4964 499 5005 ram
532 4939 906 5016 promissionis
936 4932 1263 4991 intrandum.
1290 4925 1732 4998 Quandoquidem
1772 4920 1972 4986 Judaei,

386 5049 446 5095 ut
494 5013 567 5092 ait
610 5034 805 5091 Paulus
853 5027 1054 5101 (Hebr.
1096 5026 1185 5080 ll.
1224 5024 1377 5093 29),
1404 5036 1497 5092 per
1543 5032 1691 5073 mare
1734 5013 1973 5069 Rubrum

387 5126 735 5190 transierunt,
763 5135 955 5177 manna
985 5116 1364 5180 comederunt,
1394 5122 1450 5167 et
1492 5118 1675 5181 potum
1723 5103 1975 5176 spiritua-

391 5225 498 5278 lem
526 5219 812 5282 biberunt,
847 5220 1079 5268 attamen
1111 5222 1298 5263 omnes
1336 5204 1563 5276 periere.
1589 5198 1668 5255 Ne
1693 5198 1850 5268 igitur
1881 5207 1977 5248 nos

390 5328 604 5386 quoque
626 5311 750 5365 talia
779 5308 1046 5379 patiamur
1064 5344 1082 5371 ,
1113 5318 1181 5358 ne
1207 5313 1400 5372 segnes
1430 5298 1598 5352 simus
1621 5335 1637 5361 ,
1660 5292 1755 5347 sed
1782 5289 1847 5344 ad
1876 5303 1974 5358 pu-

388 5384 553 5479 gnam
581 5403 749 5473 parati
781 5414 796 5452 :
825 5406 879 5453 at
908 5397 953 5451 si
977 5408 1118 5449 nunc
1157 5391 1342 5447 audias
1370 5388 1542 5443 malos
1569 5384 1938 5454 exploratores
1958 5419 1975 5445 ,

392 5477 484 5569 qui
514 5503 791 5565 angustam
835 5497 890 5544 et
931 5495 1133 5542 arctam
1162 5483 1303 5538 viam
1335 5477 1733 5536 ealumnientur
1754 5515 1768 5542 ,
1815 5483 1976 5541 atque

454 5630 471 5660 ι
500 5623 583 5673 Sic
605 5621 757 5673 Savtl.
782 5625 834 5669 et
856 5617 1030 5666 Morel.
1050 5629 1065 5675 ;
1087 5613 1172 5664 alii
1195 5625 1258 5663 ea:
1284 5611 1498 5670 deserto,
1514 5616 1726 5671 tantum,
1751 5615 1808 5659 ut
1832 5609 1968 5659 Grae-

385 5700 452 5739 ce
475 5683 758 5738 edidimus;
777 5679 998 5740 quidam,
1024 5689 1088 5728 ea:
1111 5677 1338 5740 Egypto,
1362 5679 1575 5723 tantum.

1322 401 1394 460 ἸΝ
1433 400 1843 462 MATTHEUM
1881 402 2116 461 HOMIL.
2156 402 2401 462 XXXIX.
2443 403 2515 461 al.
2559 401 2670 459 XL.

3556 367 3660 456 43's

2078 511 2165 569 illa
2191 512 2392 578 dicant,
2422 530 2542 586 qua:
2572 514 2697 570 olim
2726 512 2798 568 illi
2828 513 3081 570 dicebant
3107 514 3474 585 exploratores
3501 554 3516 578 ,
3550 530 3653 566 non

2072 605 2250 675 populi
2278 604 2507 670 turbam,
2538 604 2633 661 sed
2652 605 2835 661 Jesum
2864 605 3157 670 imitamur,
3182 613 3237 660 et
3260 604 3462 660 Chaleb
3491 604 3658 658 ﬁliuni

2076 695 2353 765 Jephone;
2386 711 2558 766 neque
2587 696 2734 766 prius
2761 695 3040 762 abscedas,
3069 711 3226 766 quam
3255 697 3309 750 in
3334 695 3654 765 promissum

2073 787 2262 843 omium
2302 788 2617 858 ingrediaris
2652 789 2671 859 (
2700 788 2860 843 Num.
2908 790 2996 844 15.
3021 788 3180 843 Josue
3219 790 3287 844 14
3311 800 3358 844 et
3389 790 3457 845 l5
3481 789 3521 856 ).
3548 789 3657 845 Ne-

2074 897 2179 952 que
2208 880 2481 936 difﬁcilem
2524 891 2680 950 putes
2706 895 2826 936 esse
2853 880 3013 935 viam.
3043 881 3175 935 Nam
3207 881 3253 936 si
3297 881 3498 936 inimici
3534 896 3656 936 cum

2074 988 2336 1040 essemus,
2365 989 2462 1028 nos
2483 988 2605 1028 cum
2633 973 2742 1028 Deo
2762 972 3225 1029 reconciliavimus
3248 1014 3263 1037 ,
3294 974 3463 1028 multo
3489 973 3659 1044 magis

2081 1065 2410 1121 reconciliati
2438 1064 2663 1120 salutem
2692 1078 3102 1135 consequemur.
3133 1063 3328 1119 Verum
3356 1072 3576 1134 angusta
3601 1073 3656 1118 et

2075 1163 2244 1220 arcta,
2267 1154 2492 1224 inquies,
2512 1155 2605 1209 illa
2624 1155 2709 1209 via
2730 1163 2831 1210 est.
2855 1153 2961 1210 Sed
3000 1154 3164 1224 prior,
3189 1168 3285 1224 per
3301 1168 3459 1224 quam
3485 1163 3660 1208 trans-

2071 1248 2232 1312 ivisti,
2267 1261 2372 1302 non
2396 1253 2616 1316 angusta
2642 1255 2696 1301 et
2722 1253 2867 1301 arcta
2893 1244 3053 1300 modo
3068 1253 3175 1311 est,
3200 1244 3293 1301 sed
3315 1245 3473 1299 etiam
3494 1244 3654 1310 invia,

2071 1352 2136 1394 ac
2170 1337 2298 1393 feris
2342 1337 2642 1408 agrestibus
2694 1336 2849 1406 plena
2896 1350 3004 1391 :ae
3047 1335 3497 1405 quemadmodum
3548 1349 3654 1388 non

2074 1438 2322 1499 poterant
2360 1444 2461 1498 per
2487 1443 2635 1483 mare
2682 1427 2927 1483 Rubrum
2974 1428 3202 1483 transire
3225 1427 3347 1483 sine
3393 1426 3656 1482 miraculo

2072 1520 2165 1576 illo
2201 1519 2317 1574 :sie
2358 1533 2467 1574 non
2510 1527 2819 1589 poteramus
2860 1517 2915 1572 in
2952 1517 3133 1588 priore
3160 1518 3267 1571 vita
3297 1526 3578 1576 manentes
3603 1516 3658 1571 in

2074 1612 2264 1667 caelum
2290 1610 2586 1666 ascendere
2609 1651 2625 1677 ,
2657 1609 2759 1665 nisi
2802 1609 3066 1679 baptisma
3098 1608 3151 1664 in
3178 1608 3356 1664 medio
3376 1607 3659 1678 apparuis-

2073 1713 2176 1760 set.
2200 1703 2260 1760 ‘Si
2290 1712 2471 1758 autem
2513 1701 2642 1757 illud
2670 1701 2813 1772 quod
2839 1700 2955 1756 ﬁeri
2985 1717 3092 1756 non
3133 1708 3375 1770 poterat,
3426 1700 3541 1755 ﬁeri
3574 1709 3657 1754 tao

2072 1812 2194 1852 men
2220 1797 2424 1867 potuit,
2453 1794 2620 1850 multo
2648 1793 2818 1865 magis
2859 1792 3003 1863 quod
3042 1791 3258 1848 difﬁcile
3299 1798 3450 1858 erat,
3498 1789 3651 1845 facile

2070 1888 2280 1945 evadet.

2146 1978 2336 2035 Gratia:
2363 1980 2549 2033 divina:
2577 1978 2721 2033 labor
2743 1986 2913 2032 noster
2954 1972 3238 2030 addendus.
3279 1974 3657 2045 Prteceptorum

2074 2074 2316 2145 facilitas.
2340 2073 2613 2128 —Verum
2644 2070 2774 2125 illud
2792 2113 2806 2138 ,
2839 2070 3077 2140 inquies,
3105 2085 3205 2139 per
3229 2069 3400 2124 solam
3431 2069 3658 2139 gratiam

2071 2168 2251 2223 ﬁebat.
2299 2167 2366 2221 Et
2408 2165 2528 2221 ideo
2558 2166 2788 2218 maxime
2831 2163 2954 2233 jure
2998 2160 3259 2217 conﬁdas.
3301 2159 3359 2216 Si
3389 2162 3529 2215 enim
3568 2159 3658 2214 ubi

2071 2260 2185 2314 sola
2216 2258 2388 2328 gratia
2418 2266 2531 2312 erat
2550 2297 2565 2321 ,
2595 2255 2681 2309 illa
2714 2264 2890 2309 tamen
2929 2263 3147 2324 operata
3172 2262 3258 2307 est
3290 2272 3305 2305 :
3333 2251 3423 2307 ubi
3450 2250 3660 2307 labores

2072 2348 2407 2412 addideritis,
2438 2361 2613 2400 annon
2644 2346 2814 2400 multo
2849 2344 3019 2415 magis
3047 2342 3458 2413 cooperabitur?
3484 2342 3529 2396 si
3574 2341 3658 2395 ni-

2072 2442 2147 2498 hil
2175 2450 2419 2515 agentem
2447 2439 2679 2495 servavit
2702 2478 2720 2506 ,
2755 2453 2933 2492 annon
2960 2436 3129 2492 multo
3154 2436 3321 2506 magis
3347 2443 3655 2505 Operantcm

2064 2535 2313 2608 juvabit?
2340 2534 2511 2603 Supra
2538 2530 2777 2586 dicebam
2801 2571 2814 2595 ,
2844 2544 2906 2585 ex
2954 2528 3019 2584 iis
3047 2544 3167 2598 quae
3211 2526 3326 2582 ﬁeri
3365 2540 3470 2581 non
3500 2539 3658 2596 posse

2066 2631 2405 2693 videbantur,
2438 2636 2493 2683 et
2520 2636 2694 2680 tamen
2725 2623 2865 2678 facta
2907 2630 3061 2689 sunt,
3100 2621 3151 2676 in
3181 2619 3484 2676 difﬁcilibus
3515 2619 3655 2673 ﬁdu-

2066 2721 2204 2776 ciam
2233 2720 2326 2775 tibi
2368 2719 2522 2775 dari:
2552 2732 2696 2772 nune
2727 2724 2910 2770 autem
2942 2714 3091 2779 dico,
3124 2713 3169 2767 si
3198 2712 3476 2783 vigilemus
3496 2752 3510 2776 ,
3543 2710 3660 2765 haec

2066 2830 2136 2869 ne
2186 2812 2419 2868 difﬁcilia
2464 2809 2680 2881 quidem
2731 2807 2866 2863 fore.
2906 2805 3227 2862 Consideres
3273 2803 3415 2859 enim
3458 2804 3655 2869 velim,

2068 2916 2296 2963 mortem
2348 2904 2711 2961 coneulcatam
2766 2900 2963 2967 fuisse,
3009 2898 3276 2954 diabolum
3325 2896 3655 2963 concidisse,

2066 3001 2239 3073 legem
2259 2998 2457 3070 pe‘ceati
2480 2996 2792 3052 exstinctam
2811 3008 2952 3057 esse,
2970 2991 3198 3062 Spiritus
3214 2990 3436 3062 gratiam
3455 2989 3655 3049 datam.

2064 3094 2230 3150 vitam
2259 3093 2311 3147 in
2341 3091 2504 3145 breve
2531 3097 2740 3159 tempus
2758 3092 3107 3149 contractam,
3137 3096 3301 3137 onera
3326 3080 3566 3151 praecisa.
3590 3079 3661 3134 Et
3706 3068 3711 3073 ’

2066 3192 2128 3240 ut
2152 3185 2265 3239 lucc
2291 3182 2359 3237 ab
2386 3181 2516 3251 ipsis
2540 3179 2795 3248 operibus
2818 3176 3029 3232 ediscas
3053 3217 3068 3241 ,
3098 3172 3371 3245 perpende
3396 3181 3528 3243 quot
3552 3172 3662 3227 sint

2066 3276 2155 3347 qui
2186 3274 2387 3344 majora
2409 3314 2423 3335 ,
2453 3286 2610 3341 quam
2655 3269 2900 3323 Christus
2937 3266 3215 3335 prtecipiat
3236 3306 3252 3331 ,
3301 3262 3528 3319 fecerint
3555 3278 3568 3315 :
3601 3269 3659 3317 tu

2066 3383 2194 3424 vero
2222 3362 2643 3420 mediocritatem
2676 3359 2875 3414 times?
2901 3357 3071 3424 Quam
3106 3370 3233 3425 ergo
3260 3353 3659 3409 excusationem

2068 3459 2290 3516 habebis
2316 3498 2330 3521 ,
2362 3470 2483 3511 cum
2512 3453 2632 3508 aliis
2672 3448 2809 3505 ultra
2852 3459 3025 3504 metas
3050 3445 3423 3503 exsilientibus
3443 3487 3456 3509 ,
3488 3453 3542 3498 tu
3573 3444 3659 3499 vel

2068 3554 2135 3611 ad
2154 3550 2501 3609 constitutum
2529 3545 2812 3601 terminum
2841 3539 3121 3611 pervenire
3142 3536 3415 3610 graveris?
3437 3534 3513 3590 Te
3535 3534 3661 3589 hor-

2068 3658 2245 3706 tamur
2268 3661 2333 3701 ex
2380 3643 2725 3700 facultatibus
2752 3640 2858 3695 tuis
2887 3638 3283 3706 eleemosynam
3327 3633 3490 3696 dare;
3523 3630 3661 3685 alius

2069 3758 2199 3800 vero
2220 3755 2341 3799 sese
2370 3738 2483 3795 suis
2509 3736 2756 3791 omnibus
2777 3729 3027 3801 spoliavit
3056 3747 3069 3783 :
3100 3738 3152 3783 te
3174 3740 3422 3798 rogamus
3448 3733 3506 3778 ut
3531 3738 3654 3779 cum

2070 3848 2237 3892 uxore
2282 3842 2371 3887 tua
2401 3837 2549 3885 caste
2594 3828 2742 3881 vivas
2765 3841 2780 3889 ;
2806 3824 2946 3878 alius
2973 3837 3100 3877 vero
3127 3820 3285 3875 etiam
3334 3832 3364 3871 a
3395 3814 3662 3871 comntbio

2071 3924 2329 3982 abstinuit
2358 3942 2370 3978 :
2403 3931 2455 3977 te
2485 3931 2764 3974 monemus
2796 3931 2863 3971 ne
2886 3915 2964 3968 sis
3012 3911 3221 3966 invidus
3247 3927 3260 3974 ;
3293 3908 3458 3963 alium
3483 3915 3660 3961 autem

2071 4017 2331 4072 habemus
2351 4054 2365 4079 ,
2393 4012 2483 4083 qui
2508 4025 2574 4066 ex
2605 4009 2826 4063 caritate
2863 4005 2955 4060 dat
3000 4004 3170 4073 ipsam
3201 4000 3433 4054 animam
3463 4012 3613 4052 suam
3641 4011 3657 4048 :

2072 4119 2129 4166 te
2157 4109 2505 4165 obsecramus
2529 4112 2585 4158 ut
2615 4100 2894 4170 indulgens
2940 4096 3016 4152 sis
3045 4110 3145 4151 nec
3175 4093 3335 4148 nimis
3364 4105 3583 4148 severus
3609 4091 3662 4144 in

2072 4208 2388 4273 peccantes;
2412 4197 2547 4252 alius
2574 4205 2880 4264 percussus,
2905 4188 3126 4243 alteram
3148 4183 3341 4241 obtulit
3371 4180 3660 4237 maxillam.

2073 4294 2211 4366 Quid
2265 4294 2423 4363 igitur
2445 4331 2460 4354 ,
2507 4301 2691 4358 qumso
2713 4327 2728 4351 ,
2761 4281 3038 4338 dicemus?
3077 4293 3234 4349 quam
3265 4275 3664 4331 excusationem

2074 4388 2391 4448 ai'feremus,
2437 4398 2505 4438 ne
2529 4381 2616 4436 illa
2661 4376 2878 4449 quidem
2924 4372 3217 4435 facientes,
3246 4384 3367 4440 quae
3392 4367 3479 4422 alii
3510 4366 3667 4436 longe

2076 4476 2369 4550 superant?
2393 4475 2576 4543 Neque
2596 4471 2739 4526 enim
2769 4471 3134 4538 superassent,
3166 4460 3267 4517 nisi
3289 4474 3496 4517 summa
3522 4465 3666 4512 esset

2076 4576 2154 4630 rei
2202 4579 2485 4643 prteceptaa
2533 4565 2782 4620 facilitas.
2833 4561 2964 4629 Quis
3004 4558 3147 4613 enim
3189 4554 3447 4619 tabescit,
3480 4566 3546 4604 an
3574 4564 3664 4620 qui

2077 4641 2303 4721 aliorum
2333 4660 2487 4716 bonis
2529 4656 2764 4720 invidet,
2795 4669 2862 4707 an
2894 4652 2983 4723 qui
3024 4650 3092 4705 de
3122 4648 3187 4703 iis
3210 4644 3404 4717 gaudet
3433 4651 3487 4697 et
3514 4641 3666 4703 laeta-

2080 4758 2201 4814 tur?
2249 4755 2367 4825 quis
2402 4750 2581 4809 omnia
2628 4754 2871 4816 suspecta
2922 4741 3085 4797 habet
3127 4747 3184 4793 et
3228 4736 3447 4800 tremit,
3505 4732 3667 4787 homo

2079 4823 2665 4905 castus—an-mtechus?
2697 4836 2816 4904 quis
2858 4833 2996 4888 bona
3031 4844 3150 4885 cum
3192 4842 3289 4897 spe
3331 4823 3561 4895 gaudet,
3597 4836 3666 4876 an

2081 4949 2302 5009 raptor,
2352 4952 2418 4991 an
2470 4933 2514 4987 is
2560 4929 2648 5000 qui
2704 4926 3021 4987 miseratus,
3053 4935 3147 4975 sua
3173 4916 3348 4990 egenti
3399 4912 3665 4984 largitur?

2080 5007 2210 5089 lltec
2257 5031 2436 5099 itaque
2463 5023 2759 5093 cogitantes
2778 5057 2795 5083 ,
2826 5032 2894 5071 ne
2935 5027 3126 5085 segnes
3156 5011 3324 5067 simus
3364 5007 3431 5063 ad
3460 5007 3671 5061 virtutis

2083 5139 2295 5181 cursum
2323 5097 2743 5190 capessendum;
2774 5108 2869 5165 sed
2899 5106 3145 5162 alacriter
3177 5103 3245 5158 ad
3292 5101 3409 5156 hzee
3450 5097 3670 5170 pulchra

2072 5208 2375 5271 certamina
2401 5224 2499 5263 nos
2525 5207 2872 5266 instruentes,
2896 5198 3046 5254 brevi
3074 5208 3319 5266 tempore
3342 5191 3669 5255 laboremus,

2086 5316 2146 5363 ut
2199 5315 2480 5377 perpetuas
2527 5306 2583 5353 et
2641 5293 2967 5349 immortales
3017 5302 3243 5345 coronas
3303 5283 3670 5353 accipiamus:

2084 5371 2218 5473 quas
2245 5371 2444 5452 utinam
2492 5389 2849 5458 adipiscamur
2890 5383 3058 5455 gratia
3107 5387 3163 5436 et
3205 5374 3531 5448 benignitate
3558 5371 3671 5426 Do-

2084 5462 2215 5550 mini
2265 5486 2432 5543 nostri
2479 5483 2605 5538 Jesu
2651 5478 2886 5541 Christi,
2913 5477 2997 5532 cui
3024 5473 3189 5546 gloria
3218 5477 3273 5525 et
3300 5463 3583 5538 imperium
3621 5462 3672 5517 in

2086 5584 2282 5642 sucula
2307 5577 2648 5638 saeculorum.
2678 5575 2869 5629 Amen.

2006 5817 2075 5829 ι’·-
