4118 6498
467 412 589 470 ’359

485 535 2270 561 _________.________.__—-—————-————

1214 405 1281 460 5.
1320 401 1598 461 JOANNIS
1621 397 2094 458 CHRYSOSTOMI
2132 399 2448 458 ARCHIEP.
2489 405 3022 468 CONSTANTINOP.

3667 423 3776 480 M0

2751 545 3774 573 ,.___._____.________

2276 536 2474 553 ..ε-

2481 539 2746 553 .—

1669 600 2017 668 HOMILIA
2069 600 2206 664 XL.
2255 609 2342 670 al.
2373 612 2538 674 XLI.

477 768 605 822 Car.
649 764 735 821 l2.
767 779 816 816 v.
841 762 898 818 9.
951 761 1014 815 Et
1053 759 1300 814 transiens
1339 755 1478 821 inde,
1511 753 1642 809 venit
1669 755 1722 806 in
1759 766 2070 822 synagogam

533 872 766 911 corum:
798 855 886 909 10.
931 862 981 906 et
1019 867 1132 905 ecce
1176 852 1326 904 homo
1365 858 1475 902 erat
1517 846 1586 900 ibi
1636 844 1821 900 habens
1861 861 2066 898 manum

545 947 765 1001 aridam.

546 1041 598 1094 l.
631 1039 867 1093 Rursum
915 1037 967 1090 in
1013 1034 1236 1090 sabbato
1262 1039 1450 1097 curat,
1489 1031 1566 1085 sic
1608 1043 1839 1100 purgans
1882 1042 1944 1082 ac
1973 1027 2066 1082 de-

478 1133 704 1190 fendens
749 1130 1132 1201 discipulorum
1175 1141 1391 1182 suorum
1418 1133 1586 1195 gesta.
1615 1122 1686 1176 Et
1728 1123 1818 1176 alii
1847 1121 2063 1191 quidem

477 1225 820 1296 evangelista:
864 1222 1085 1288 dicunt,
1131 1219 1313 1275 Jesum
1337 1215 1552 1271 homine
1583 1214 1696 1268 illo
1729 1215 1782 1267 in
1829 1211 2064 1266 medium

465 1319 705 1374 adducto
730 1360 743 1383 ,
777 1317 1132 1386 interrogasse
1177 1313 1328 1376 illos,
1363 1310 1504 1364 Num
1532 1309 1644 1362 licet
1671 1305 1889 1360 sabbatis
1916 1305 2064 1359 bene-

478 1415 643 1480 facere
663 1407 851 1480 (Marc.
884 1409 936 1462 5.
967 1408 1026 1470 4;
1058 1403 1184 1459 Luc.
1210 1403 1389 1474 6-9)?
1417 1399 1695 1471 Perpende
1723 1398 1932 1452 Domini
1965 1397 2067 1451 mi-

477 1500 843 1555 scricordiam.
886 1498 1077 1567 ipsum
1125 1497 1176 1550 in
1224 1494 1402 1550 medio
1442 1491 1751 1558 constituit,
1785 1499 1842 1544 ut
1885 1489 1970 1544 vel
1999 1504 2068 1544 ex

475 1604 693 1665 aspectu
730 1593 870 1662 ipsos
897 1591 1140 1646 .ilecteret
1160 1632 1172 1654 ,
1198 1599 1252 1644 et
1273 1604 1339 1643 ex
1362 1585 1671 1657 spectaculo
1700 1583 1852 1638 fracti
1878 1582 2068 1652 ncqui~

477 1687 602 1739 tiam
630 1685 983 1754 deponerent,
1013 1691 1066 1736 et
1093 1680 1362 1735 hominem
1393 1677 1610 1733 reveriti
1631 1717 1646 1743 ,
1678 1675 2066 1731 immanitatem

475 1791 624 1831 suam
653 1776 924 1831 sedarent.
955 1772 1156 1828 Verum
1197 1771 1272 1826 illi
1305 1768 1546 1824 indomiti
1571 1777 1626 1823 et
1655 1767 1927 1821 inhumani
1953 1781 2068 1819 ma-

477 1869 594 1922 lunt
635 1867 836 1922 Christi
883 1867 1106 1938 gloriam
1163 1863 1392 1927 iazdere,
1443 1875 1601 1932 quam
1647 1859 1789 1915 hunc
1823 1868 2066 1913 sanatum

479 1961 816 2029 conspicere,
847 1957 1099 2027 utrinque
1129 1955 1290 2008 animi
1336 1955 1652 2024 pravitatem
1682 1951 2029 2006 ostendentes
2049 1990 2063 2014 ,

471 2053 692 2123 etquod
715 2052 985 2108 Christum
1011 2050 1386 2120 impugnarent
1405 2089 1420 2114 ,
1448 2053 1501 2100 et
1527 2060 1648 2100 cum
1677 2052 1822 2098 tanta
1848 2052 2070 2098 conten-
2106 2115 2107 2122 ἶ

477 2145 622 2198 tione
653 2143 702 2198 id
733 2142 973 2198 facerent
993 2183 1008 2208 ,
1039 2143 1281 2196 utetiam
1327 2139 1516 2193 collata
1565 2137 1616 2191 iu
1647 2136 1780 2190 alios
1811 2134 2066 2190 beneﬁcia

477 2237 914 2292 interturbarcnt.
947 2235 1047 2289 Alii
1076 2233 1290 2304 quidem
1319 2230 1663 2302 evangelista:
1691 2229 1876 2284 dicunt
1897 2229 2067 2297 ipsum

477 2331 852 2399 interrogasse;
878 2327 965 2381 hic
989 2341 1114 2381 vero
1133 2326 1225 2390 ait,
1252 2325 1422 2393 ipsum
1450 2325 1834 2391 interrogatum
1861 2318 2026 2374 fuisse
2051 2333 2064 2371 :

476 2421 542 2475 Et
559 2421 989 2490 interrogaverunt
1007 2434 1137 2483 eum,
1161 2415 1353 2486 inquit,
1374 2415 1609 2479 dicentes,
1637 2413 1697 2468 Si
1720 2413 1831 2466 licet
1851 2411 2068 2466 sabbatis

474 2530 670 2578 curare,
696 2523 749 2565 ut
772 2519 1066 2566 accusarent
1084 2507 1538 2563 eum.Verisimile
1554 2515 1730 2561 autem
1760 2512 1843 2559 est
1865 2512 2071 2558 utrum-

477 2622 580 2677 que
599 2606 797 2661 factum
819 2619 957 2660 esse.
981 2601 1205 2658 Scelesti
1227 2601 1370 2656 enim
1394 2615 1515 2654 cum
1541 2606 1743 2665 essent,
1763 2597 2069 2667 scirentque

475 2701 646 2770 ipsum
665 2699 731 2753 ad
748 2698 1076 2754 curationem
1097 2694 1234 2749 haud
1251 2694 1411 2749 dubie
1431 2701 1713 2748 venturum
1734 2706 1874 2757 esse,
1901 2691 2072 2744 inter-

477 2795 757 2862 rogatione
806 2801 1132 2862 praevertere
1155 2789 1304 2842 illum
1326 2785 1680 2850 studuerunt;
1705 2796 1983 2854 sperantes
2010 2797 2070 2838 se

475 2885 528 2940 id
551 2885 653 2938 hoc
680 2883 840 2938 modo
868 2881 1218 2953 impedituros
1249 2893 1386 2934 esse.
1411 2876 1535 2933 ideo
1565 2875 1988 2946 interrogabant,
2010 2875 2071 2930 Si

477 2979 589 3032 licet
635 2977 854 3032 sabbatis
893 2990 1096 3039 curare,
1127 2988 1234 3028 non
1260 2979 1317 3025 ut
1346 2969 1650 3033 discerent,
1689 2967 1784 3022 sed
1826 2976 1883 3020 ut
1907 2980 2068 3020 accu-

459 3067 629 3129 sandi
657 3065 932 3121 materiam
974 3063 1256 3118 haberent.
1309 3060 1530 3114 Etiamsi
1573 3058 1745 3128 ipsum
1777 3072 1912 3126 opus
1942 3057 2070 3110 satis

476 3169 641 3226 esset,
673 3161 716 3214 si
748 3172 1004 3214 accusare
1039 3155 1337 3210 voluissent
1363 3172 1376 3208 :
1403 3167 1470 3208 ex
1496 3151 1677 3206 verbis
1705 3159 1880 3205 tamen
1913 3164 2072 3204 occa-

478 3254 684 3308 sionem
704 3261 918 3323 captare
939 3249 1275 3316 studuerunt,
1295 3257 1354 3303 ut
1374 3247 1476 3304 sibi
1499 3246 1757 3318 majorem
1780 3245 2039 3300 criminan
2061 3275 2072 3286 -

470 3347 529 3400 di
556 3347 762 3415 capiam
790 3351 1057 3416 pararent.
1081 3341 1353 3412 Benignus
1379 3348 1557 3394 autem
1585 3338 1840 3393 Dominus
1866 3345 1920 3392 et
1939 3335 2074 3392 illud

471 3441 624 3506 iacit,
659 3448 712 3494 et
732 3437 1040 3509 respondet,
1063 3450 1159 3492 nos
1177 3434 1493 3490 modestiam
1521 3441 1575 3487 et
1602 3430 2072 3486 mansuetudinem

469 3535 678 3590 docens
706 3534 743 3600 ί,
793 3541 1070 3601 totumque
1115 3529 1168 3583 in
1201 3529 1345 3598 ipsos
1385 3524 1651 3583 convertit
1680 3565 1698 3593 ,
1729 3523 2074 3594 ipsorumque

476 3624 921 3681 inhumanitatem
953 3620 1210 3677 ostendit.
1244 3619 1528 3676 Hominem
1569 3617 1620 3672 in
1650 3616 1827 3671 medio
1853 3615 2069 3680 statuit;

475 3733 585 3772 non
614 3715 756 3786 quod
781 3715 899 3770 illos
929 3715 1176 3780 timeret,
1203 3710 1296 3767 sed
1320 3710 1389 3764 ad
1416 3712 1653 3780 ipsorum
1677 3707 1985 3773 utilitatem,
2017 3713 2076 3760 ut

479 3808 546 3864 ad
576 3805 997 3863 misericordiam
1040 3809 1276 3859 vocaret.
1313 3799 1446 3856 Cum
1492 3808 1669 3855 autem
1721 3812 1792 3854 ne
1829 3799 1908 3854 sic
1953 3798 2073 3867 qui-

478 3901 602 3956 dem
651 3899 770 3955 illos
799 3897 1058 3960 ﬂecteret,
1093 3903 1220 3950 tunc
1264 3893 1614 3949 contristatus
1642 3896 1757 3958 est,
1785 3889 1991 3959 inquit,
2020 3895 2076 3943 et

476 3994 646 4048 iratus
667 4001 749 4048 est
772 4001 989 4062 propter
1009 3989 1256 4044 duritiam
1283 3987 1461 4042 cordis
1482 3999 1667 4041 eorum
1696 3982 1886 4055 (Marc.
1911 3984 1964 4038 '5.
1991 3982 2071 4051 5),

478 4087 719 4156 dixitque
745 4103 758 4139 :
786 4085 872 4140 ll.
901 4083 1027 4152 Quis
1055 4091 1127 4136 est
1154 4098 1217 4136 ea:
1244 4081 1380 4135 vobis
1408 4080 1578 4143 homo,
1609 4079 1697 4148 qui
1726 4076 1905 4130 habeat
1934 4091 2075 4128 ovem

479 4196 664 4244 imam,
698 4188 743 4232 et
773 4178 817 4232 si
840 4178 892 4230 in
915 4177 1111 4245 foveam
1145 4173 1378 4228 ceciderit
1403 4171 1625 4226 sabbatis
1649 4211 1663 4236 ,
1697 4183 1864 4224 nonne
1887 4182 2074 4236 appre-

477 4270 664 4327 iuzndet
681 4286 800 4324 eam
830 4276 874 4322 et
904 4265 1100 4337 eriget?
1126 4265 1212 4318 12.
1246 4264 1448 4331 Quanto
1475 4279 1594 4333 ergo
1621 4261 1800 4315 melior
1823 4269 1896 4313 est
1924 4259 2074 4312 homo

479 4364 609 4418 ove?
660 4366 838 4430 Itaque
879 4360 991 4413 licet
1019 4358 1241 4412 sabbatis
1283 4357 1590 4426 benefacere.
1633 4352 1710 4407 Ne
1741 4349 2078 4422 impudenter

478 4463 676 4526 agant,
704 4468 839 4508 neve
867 4453 1016 4522 quasi
1053 4458 1504 4520 trausgressorem
1535 4454 1820 4510 accusent,
1850 4458 1947 4514 per
1972 4442 2078 4498 hoc

481 4547 784 4617 exemplum
815 4560 938 4601 cum
984 4545 1087 4599 illis
1117 4542 1486 4598 ratiocinatur.
1519 4539 1601 4595 Tu
1629 4553 1755 4593 vero
1785 4537 1912 4592 mihi
1949 4550 2073 4606 per-

457 4639 686 4735 ipende,
716 4652 876 4708 quam
919 4636 1070 4691 varie
1097 4643 1152 4690 et
1183 4647 1343 4703 quam
1373 4637 1731 4701 congruenter
1756 4628 1950 4698 ubique
1978 4626 2077 4682 de-

481 4732 755 4789 fensiones
788 4736 950 4802 paret
993 4727 1134 4782 circa
1183 4723 1391 4780 sabbati
1435 4720 1775 4777 solutionem.
1811 4719 1943 4774 Nam
1986 4716 2078 4772 ubi

485 4839 687 4881 ctecum
717 4820 954 4886 curavit,
1001 4820 1280 4887 lutumque
1323 4814 1483 4880 fecit,
1518 4828 1623 4869 non
1654 4827 1774 4868 sese
1794 4810 2073 4882 purgavit,

482 4917 606 4972 licet
632 4914 703 4968 illi
734 4915 1041 4969 incusarent
1067 4911 1086 4982 (
1109 4908 1268 4964 Joan.
1291 4905 1349 4978 9)
1379 4925 1391 4960 :
1421 4905 1619 4962 etenim
1647 4902 1934 4960 creationis
1961 4915 2079 4957 me-

480 5009 584 5063 dus
608 5006 693 5062 hic
719 5020 1005 5078 expressus
1032 5005 1207 5074 ipsum
1233 5017 1354 5058 esse
1379 5000 1512 5070 legis
1543 4999 1824 5053 Dominum
1849 4995 2076 5051 demon-

481 5101 706 5156 strabat.
735 5099 791 5154 in
824 5098 1116 5170 paralytico
1165 5095 1378 5170 (Matth.
1411 5093 1470 5164 9)
1492 5100 1671 5148 autem
1695 5133 1710 5158 ,
1739 5091 1831 5162 qui
1878 5090 2075 5144 lectum

487 5193 747 5263 portavit,
776 5191 903 5245 dum
933 5191 1006 5244 illi
1045 5195 1394 5253 accusarent,
1441 5185 1600 5240 modo
1627 5192 1685 5238 ut
1728 5183 1888 5246 Deus,
1917 5179 2078 5235 modo

485 5293 545 5341 ut
591 5285 753 5340 homo
801 5296 925 5338 sese
961 5289 1151 5352 purgat
1183 5297 1196 5333 :
1226 5287 1285 5334 ut
1323 5277 1487 5332 homo
1529 5291 1653 5331 cum
1697 5272 1862 5339 dicit,
1892 5271 1954 5327 Si
1978 5271 2078 5324 cir-

484 5378 838 5432 cumcisionent
878 5373 1062 5440 accipit
1097 5373 1246 5427 homo
1272 5372 1326 5424 in
1354 5370 1593 5435 sabbato,
1635 5374 1690 5419 ut
1729 5379 1829 5418 non
1857 5362 2081 5417 solvatur

486 5469 570 5522 lea:
596 5469 614 5538 (
637 5483 734 5523 nec
759 5466 927 5533 dixit,
959 5463 1031 5520 lit
1071 5463 1234 5518 homo
1265 5458 1610 5531 adjuvetur),
1641 5456 1766 5509 mihi
1792 5450 2079 5507 irascimini

487 5561 606 5624 quia
656 5567 815 5611 totum
863 5557 1117 5611 hominem
1163 5569 1347 5608 sanum
1395 5551 1490 5621 feci
1521 5546 1720 5622 (Joan.
1769 5547 1824 5602 'i.
1856 5543 1993 5614 23)?
2022 5550 2082 5597 ut

491 5652 630 5707 Deus
659 5660 861 5717 autem,
888 5665 1008 5704 cunt
1038 5648 1168 5703 dicit
1192 5662 1207 5699 :
1247 5643 1399 5697 Pater
1424 5657 1564 5695 meus
1591 5655 1748 5710 usque
1781 5636 1930 5691 modo
1954 5650 2082 5705 ope-

491 5812 569 5919 ‘8;
595 5807 713 5917 alii;
741 5819 879 5916 siam
920 5803 1249 5867 benignitatem
1292 5800 1642 5852 demonstrans.
1687 5803 1896 5857 Utraque
1933 5791 2084 5844 lectio

569 5883 610 5917 rt
635 5883 693 5919 no
718 5882 746 5916 α

569 5883 610 5917 rt
635 5882 746 5931 ροισι

2173 762 2316 806 ratur
2339 795 2352 820 ,
2397 766 2443 809 et
2480 774 2570 828 ego
2600 776 2782 828 operor
2818 762 3010 834 (Joan.
3045 766 3099 820 5.
3152 767 3217 821 17
3246 766 3289 832 ).
3313 769 3488 840 Super
3512 775 3773 842 apostoiis

2172 862 2300 901 vero
2345 862 2625 906 accusatus
2675 855 2790 907 ait:
2827 854 2946 910 Non
2996 857 3185 928 legistis
3231 863 3353 931 quid
3397 866 3513 934 fecit
3566 865 3770 936 David,

2168 941 2376 1007 quando
2408 945 2610 997 esurivit
2633 946 2740 1016 ipse
2768 957 2812 1000 et
2834 950 2920 1018 qui
2960 967 3074 1004 cum
3102 969 3158 1005 eo
3187 957 3375 1009 erant?
3401 959 3656 1028 quomoda
3683 963 3770 1015 in-

2169 1032 2332 1086 troivit
2374 1034 2428 1088 in
2472 1035 2679 1090 domum
2733 1038 2858 1103 Dei,
2891 1052 2937 1094 et
2969 1059 3133 1110 panes
3149 1049 3508 1115 propositionis
3551 1052 3770 1105 comedit

2160 1121 2382 1192 (Matt/2.
2416 1127 2503 1180 12.
2529 1129 2579 1184 5.
2610 1129 2706 1200 4)?
2731 1129 3048 1188 Sacerdotes
3075 1151 3288 1207 quoque
3313 1139 3364 1192 in
3405 1141 3639 1198 medium
3667 1144 3768 1198 ad-

2173 1217 2338 1272 ducit.
2371 1219 2466 1275 llic
2490 1237 2698 1276 rursum
2726 1265 2740 1288 ,
2775 1225 2853 1278 An
2895 1227 3008 1280 licet
3039 1229 3090 1280 in
3119 1229 3323 1283 sabbato
3351 1232 3666 1302 benefacere,
3697 1253 3768 1289 an

2174 1311 2512 1382 malefacere?
2558 1313 2684 1377 Quis
2719 1316 2850 1369 enim
2894 1334 2956 1370 ex
3002 1319 3137 1373 vobis
3185 1320 3384 1374 habebit
3427 1338 3566 1377 ovem
3607 1341 3768 1380 unum

2175 1403 2369 1473 (Marc.
2395 1404 2455 1460 ‘5.
2480 1405 2576 1474 ιη
2603 1405 2832 1462 Noverat
2851 1410 2992 1462 enim
3021 1425 3115 1466 cos
3145 1413 3382 1481 pecunia:
3407 1415 3630 1485 cupidos
3653 1432 3770 1471 ma-

2174 1494 2254 1565 gis
2276 1510 2435 1566 quam
2483 1495 2811 1552 humanitate
2852 1499 3124 1568 prmditos.
3170 1502 3321 1556 Alius
3346 1518 3506 1572 porro
3535 1520 3769 1576 evange—

2176 1587 2294 1640 lista
2344 1584 2522 1656 (Ibid.
2563 1604 2609 1640 v.
2653 1589 2687 1643 5
2717 1589 2734 1658 )
2763 1591 2874 1656 ait,
2908 1589 3079 1660 ipsqu
3129 1593 3609 1664 circumspexisse,
3641 1613 3769 1652 cum

2177 1678 2277 1731 hoc
2328 1677 2714 1749 interrogaret,
2747 1689 2806 1733 ut
2851 1681 2934 1734 vel
2973 1689 3193 1751 aspectu
3240 1683 3384 1753 ipsus
3427 1687 3766 1742 attraheret:

2173 1781 2230 1823 at
2259 1786 2325 1825 ne
2355 1771 2432 1824 sic
2462 1772 2676 1840 quidem
2717 1773 2974 1827 meliores
3002 1773 3174 1830 eil'ecti
3217 1785 3361 1830 sunt.
3393 1775 3489 1832 llic
3518 1793 3646 1834 vero
3672 1794 3769 1834 so-

2175 1862 2284 1918 lum
2334 1863 2600 1933 loquitur,
2629 1864 2755 1920 alibi
2807 1881 3000 1921 manus
3041 1868 3203 1921 etiam
3251 1868 3474 1938 imponit
3506 1877 3570 1924 ut
3590 1882 3768 1927 sanet.

2175 1957 2423 2011 Attamen
2471 1955 2603 2010 nihil
2633 1972 2819 2012 eorum
2873 1958 2994 2013 ilius
3039 1959 3105 2013 ad
3151 1961 3611 2018 mansuetudinem
3642 1964 3772 2018 alli-

2175 2046 2379 2112 ciebat;
2429 2047 2524 2103 sed
2570 2048 2733 2103 homo
2763 2050 2979 2119 quidem
3022 2050 3346 2118 sanabatur,
3394 2053 3467 2107 illi
3512 2070 3640 2109 vero
3658 2071 3774 2126 per

2176 2137 2293 2207 ejus
2315 2139 2679 2194 valetudinem
2710 2140 3005 2196 deteriores
3023 2141 3410 2198 efﬁciebantur.
3440 2145 3530 2200 Ille
3557 2147 3775 2204 volebat

2176 2231 2321 2301 ipsos
2349 2241 2471 2288 ante
2498 2249 2695 2305 :rgrum
2724 2248 2936 2300 sanare,
2961 2235 3373 2307 innumerasque
3405 2240 3626 2295 medela}
3655 2243 3774 2298 vias

2179 2325 2435 2390 tentabat,
2465 2335 2518 2381 et
2549 2342 2645 2398 per
2666 2342 2729 2382 ea
2757 2343 2876 2398 qua:
2921 2337 3046 2383 ante
3091 2328 3319 2396 fecerat,
3352 2341 3406 2386 et
3436 2348 3528 2402 per
3556 2349 3616 2388 ea
3643 2350 3769 2406 quae

2176 2417 2494 2488 loquebatur
2523 2434 2536 2471 ε
2569 2421 2821 2490 quoniam
2862 2429 3039 2475 autem
3087 2421 3369 2477 incurabili
3401 2425 3591 2480 morbo
3616 2427 3772 2482 labo-

2174 2511 2362 2566 rabant
2384 2555 2397 2578 ,
2433 2512 2498 2567 ad
2529 2528 2663 2582 opus
2704 2527 2762 2567 se
2788 2513 3034 2568 contulit.
3084 2515 3168 2570 l3.
3203 2513 3345 2570 Tunc
3371 2517 3499 2571 dixit
3529 2518 3720 2574 homini
3739 2537 3771 2574 ':

2179 2603 2408 2658 Extende
2434 2622 2640 2658 manum
2668 2615 2826 2659 tuam.
2880 2605 2944 2660 Et
2970 2609 3224 2674 extendit,
3254 2618 3302 2662 et
3332 2610 3559 2664 restituta
3587 2623 3656 2668 est
3684 2630 3774 2671 sa-

2175 2701 2325 2752 nitati
2345 2742 2359 2767 ,
2387 2709 2443 2752 ut
2469 2710 2513 2753 et
2538 2700 2717 2754 altera.
2751 2700 2887 2768 Quid
2937 2701 3094 2771 igitur
3121 2701 3238 2756 illi?
3268 2703 3656 2773 Egrediuntur,
3688 2706 3771 2762 in-

2176 2792 2320 2862 quit,
2367 2802 2422 2846 et
2465 2792 2810 2857 consultant,
2842 2801 2898 2846 ut
2941 2792 3248 2848 occiderent
3286 2808 3406 2848 eum
3433 2811 3444 2846 :
3475 2795 3548 2848 ait
3575 2797 3718 2850 enim
3752 2812 3769 2851 :

2180 2885 2266 2940 14.
2319 2884 2571 2939 Pharisaei
2619 2895 2888 2953 exeuntes,
2940 2886 3209 2940 consilium
3250 2899 3484 2956 ceperunt
3531 2890 3772 2947 adversus

2178 2993 2323 3043 eum,
2353 2986 2408 3029 ut
2437 2993 2548 3030 eum
2581 2977 2866 3046 perderent.
2894 2977 3032 3032 Nihil
3062 2978 3173 3033 laesi
3199 2979 3444 3035 occidere
3475 2982 3768 3039 tentabant.

2249 3067 2305 3121 2.
2339 3066 2542 3122 Invidia
2569 3078 2815 3140 quantum
2855 3069 3063 3123 malum.
3106 3099 3177 3109 —
3215 3069 3441 3125 Tantum
3469 3081 3551 3128 est
3573 3074 3770 3130 invidia

2181 3159 2400 3214 malum.
2441 3158 2574 3213 Nam
2609 3173 2670 3213 ea
2703 3174 2808 3212 non
2840 3159 3046 3214 alienos
3074 3159 3246 3214 solum
3269 3202 3284 3226 ,
3333 3161 3426 3216 sed
3453 3163 3614 3217 etiam
3642 3180 3768 3228 pro-

2182 3249 2407 3320 pinquos
2435 3264 2648 3319 semper
2677 3251 2968 3320 impugnat.
2997 3249 3206 3310 Marcus
3237 3261 3413 3306 autem
3440 3252 3590 3321 dicit,
3624 3255 3771 3324 ipsos

2179 3358 2300 3398 cum
2341 3342 2661 3397 Herodiauis
2719 3341 2772 3397 id
2814 3341 3142 3397 deliberasse
3171 3340 3358 3412 (Ibid.
3391 3359 3436 3397 ιι.
3489 3344 3521 3398 6
3562 3346 3600 3415 ).
3633 3347 3772 3415 Quid

2181 3451 2310 3506 ergo
2353 3436 2440 3490 ille
2479 3443 2793 3490 mansuetus
2821 3443 2877 3489 et
2917 3434 3062 3488 mitis
3089 3434 3112 3487 ?
3143 3433 3266 3490 llaec
3293 3451 3415 3490 cum
3440 3435 3716 3494 didicisset
3742 3481 3765 3506 ,

2180 3528 2423 3583 secessit.
2454 3527 2541 3581 15.
2565 3524 2718 3580 Jesus
2745 3534 2932 3592 autem,
2962 3524 3163 3594 inquit,
3194 3541 3308 3578 cum
3335 3526 3480 3579 sciret
3502 3528 3771 3598 cogitatio-

2180 3637 2268 3674 nes
2287 3634 2481 3686 eorum,
2506 3619 2708 3672 recessit
2733 3616 2870 3671 inde.
2894 3615 2995 3671 Ubi
3024 3625 3149 3670 sunt
3176 3615 3208 3670 ii
3240 3616 3328 3686 qui
3359 3615 3576 3686 dicunt,
3607 3635 3768 3689 opor-

2182 3720 2298 3766 tere
2347 3711 2498 3781 signa
2544 3708 2832 3764 ﬁeri?His
2879 3709 3079 3779 quippe
3132 3708 3368 3764 ostendit
3397 3749 3411 3773 ,
3467 3711 3768 3780 improbam

2183 3805 2415 3859 animam
2441 3818 2508 3858 ne
2536 3803 2705 3874 signis
2735 3800 2951 3872 quidem
2977 3800 3356 3869 obtemperare
3389 3841 3404 3865 ,
3432 3802 3771 3873 ostenditque

2181 3900 2341 3956 etiam
2372 3895 2664 3967 discipulos
2690 3896 2807 3952 sine
2836 3909 2993 3950 causa
3037 3894 3299 3949 accusari.
3329 3893 3464 3947 illud
3495 3909 3652 3964 porro
3677 3896 3773 3951 ob-

2181 3988 2504 4046 servandum
2547 3995 2674 4054 est,
2708 3988 2852 4058 ipsos
2891 3985 2959 4042 ob
3002 3983 3260 4040 beneﬁcia
3303 3983 3546 4054 proximo
3582 3985 3772 4041 collata

2182 4083 2350 4154 magis
2375 4081 2628 4137 eﬂ‘eratos
2660 4093 2781 4134 esse
2809 4119 2824 4143 ,
2872 4086 2928 4132 et
2973 4075 3063 4131 ubi
3109 4075 3292 4131 vident
3333 4076 3566 4145 aliquem
3606 4085 3698 4130 aut
3737 4092 3773 4131 a

2183 4175 2373 4230 morbo
2393 4182 2484 4228 aut
2511 4186 2541 4226 a
2569 4170 2805 4241 nequitia
2828 4168 3129 4232 liberatum,
3166 4178 3292 4222 tunc
3318 4181 3574 4221 accusare
3595 4208 3612 4233 ,
3647 4177 3773 4223 tunc

2182 4267 2388 4322 feroces
2413 4279 2554 4321 esse.
2586 4263 2718 4318 Nam
2745 4277 2867 4319 cum
2894 4261 3230 4316 meretricem
3256 4259 3322 4313 ad
3351 4259 3773 4329 resipiscentiam

2181 4359 2511 4415 deducturus
2541 4364 2697 4422 erat,
2747 4352 3212 4410 calumniabanlur
3256 4365 3421 4416 eum;
3463 4359 3518 4405 ct
3560 4350 3772 4420 quando

2183 4466 2307 4506 cum
2353 4447 2652 4521 publicanis
2684 4444 3046 4508 comedebat,
3100 4441 3394 4497 similiter:
3443 4449 3500 4495 ut
3543 4450 3596 4494 et
3633 4455 3774 4496 nunc

2185 4558 2305 4599 cum
2334 4555 2551 4597 manum
2579 4539 2883 4594 restitutam
2913 4534 3186 4590 viderunt.
3233 4531 3311 4587 Tu
3338 4546 3468 4587 vero
3492 4531 3619 4585 mihi
3640 4545 3771 4587 con-

2186 4634 2362 4690 sidera
2391 4631 2662 4703 quomodo
2686 4639 2740 4685 et
2763 4627 2830 4683 ab
2861 4634 3184 4697 :egrotorum
3211 4638 3338 4679 cura
3363 4638 3472 4677 non
3500 4622 3725 4677 absistat
3754 4663 3773 4690 ,

2187 4735 2241 4781 et
2264 4725 2475 4781 illorum
2504 4721 2756 4777 invidiam
2781 4719 3005 4789 mitiget.
3044 4715 3113 4770 Et
3141 4724 3363 4785 sequuta:
3387 4723 3639 4768 suntcum
3666 4723 3776 4767 tur-

2189 4819 2265 4873 ba:
2291 4817 2494 4879 multm,
2520 4822 2564 4868 et
2583 4813 2781 4866 curavit
2811 4810 2927 4864 itlos
2954 4823 3165 4874 omnes;
3203 4804 3291 4861 16.
3319 4815 3366 4858 et
3389 4804 3664 4876 increpavit
3693 4819 3778 4858 eos

2184 4911 2270 4982 qui
2287 4909 2450 4964 curati
2472 4907 2693 4977 fuerant,
2712 4913 2764 4958 ut
2789 4901 2976 4957 nemini
3001 4901 3171 4970 ipsum
3191 4897 3517 4968 manifestum
3533 4895 3775 4964 facerent.

2185 5001 2379 5057 Turbae
2406 4998 2604 5067 ubique
2645 5005 2695 5051 et
2736 4995 2998 5048 mirantur
3032 4999 3087 5045 et
3125 4997 3425 5060 sequuntur
3455 5003 3468 5041 :
3499 4986 3575 5040 illi
3601 4993 3778 5040 autem

2187 5107 2217 5147 a
2249 5090 2449 5146 malitia
2476 5104 2582 5144 non
2608 5086 2892 5142 absistunt.
2928 5081 3131 5138 Deinde
3170 5093 3238 5135 ne
3273 5077 3503 5134 turberis
3529 5075 3596 5132 de
3615 5077 3779 5147 gestis

2185 5184 2360 5253 deque
2387 5179 2687 5236 incredibili
2716 5177 2930 5232 illorum
2959 5173 3137 5230 furore
3162 5213 3176 5238 ,
3215 5169 3534 5241 prephetam
3555 5167 3777 5223 adducit

2188 5275 2306 5330 haec
2350 5271 2820 5344 prtenuntiautem.
2867 5267 3036 5321 Tanta
3065 5263 3208 5321 enim
3246 5270 3364 5316 erat
3390 5260 3771 5330 prophetarum

2186 5365 2459 5423 accuratio
2483 5406 2498 5432 ,
2545 5371 2605 5417 ut
2647 5377 2717 5417 ne
2745 5361 2861 5416 haec
2889 5358 3105 5429 quidem
3135 5354 3608 5426 przetermittcrent
3643 5392 3657 5418 ,
3684 5351 3780 5405 sed

2189 5461 2300 5516 vias
2327 5458 2444 5529 ejus
2473 5465 2529 5512 et
2555 5454 2810 5510 transitus
2833 5450 3234 5521 prophetarent,
3263 5460 3477 5501 necnon
3496 5458 3599 5515 qua
3631 5458 3782 5496 men-

2191 5562 2244 5608 te
2263 5537 2384 5607 htec
2407 5550 2608 5606 iaceret
2637 5563 2652 5612 ;
2684 5554 2743 5601 ut
2767 5544 2944 5600 discas
2968 5584 2985 5608 ,
3041 5541 3162 5597 illos
3187 5546 3440 5594 movente
3465 5535 3665 5606 Spiritu
3694 5533 3779 5588 lo-

2187 5657 2382 5719 quutos
2409 5658 2551 5701 esse.
2597 5640 2734 5697 Nam
2763 5639 2808 5695 si
2838 5638 3116 5692 hominum
3151 5639 3357 5688 secreta
3397 5627 3646 5699 cognosci
3673 5640 3778 5680 non

2189 5746 2449 5811 possunt,
2475 5735 2643 5791 multo
2680 5731 2850 5801 magis
2893 5725 3091 5784 Christi
3140 5739 3332 5794 scapus
3358 5719 3523 5776 edisci
3553 5731 3660 5772 non
3687 5728 3786 5785 po-

2189 5810 2316 5901 test,
2344 5831 2445 5889 uisi
2470 5829 2669 5902 Spiritu
2700 5824 2995 5882 revelantc.
3045 5817 3182 5888 Quid
3214 5825 3391 5870 autem
3423 5810 3618 5867 dixerit
3647 5823 3780 5881 pro-
