4118 6426
444 426 579 485 ιη’

446 543 626 615 pheta,
657 513 736 595 sic
763 531 915 591 aﬂert
940 544 956 587 ε
983 530 1072 586 l'l.
1114 527 1183 585 lit
1222 525 1516 597 impleretur
1559 522 1693 594 quod
1733 522 1925 575 dictum
1949 527 2022 573 est

455 650 548 708 per
573 631 766 688 Isaiam
784 625 1080 700 prophetam
1103 622 1347 676 dicentem
1372 631 1392 672 :
1415 617 1502 673 l8.
1532 615 1664 669 Ecce
1692 629 1817 684 puer
1842 626 1980 664 meus
2005 646 2022 673 ,

446 705 593 793 quem
614 721 760 793 elegi,
782 718 993 773 dilectus
1017 729 1171 776 meus,
1196 713 1251 766 in
1276 727 1374 781 quo
1394 705 1692 778 complacuit
1707 705 1877 757 anima
1891 718 2020 755 mea.

452 790 652 870 l’onam
679 790 911 879 spiritum
936 820 1102 860 meum
1124 817 1275 873 super
1299 816 1430 862 eum,
1459 806 1504 853 et
1523 797 1777 869 judicium
1798 790 2026 864 gentibus
2066 828 2069 835 .

448 904 715 961 nuntiabit.
747 897 985 956 l9.-Non
1009 893 1310 959 contendet,
1355 905 1514 959 neque
1558 886 1828 949 clamabit,
1851 897 2028 953 neque

448 998 618 1052 audiet
637 995 748 1065 quis
774 995 827 1047 in
857 990 1034 1063 plateis
1058 1003 1227 1042 vocem
1242 986 1384 1056 ejus;
1401 980 1764 1039 20..calamum
1784 991 2029 1046 conquas-

448 1097 613 1144 satum
641 1103 742 1141 non
771 1084 1087 1154 confringet,
1127 1088 1174 1133 et
1216 1078 1387 1132 linum
1419 1074 1672 1144 [umigans
1708 1087 1809 1124 non
1841 1069 2031 1123 exstin-

447 1191 565 1253 guet
594 1221 610 1247 ,
650 1181 806 1233 donec
828 1174 1045 1231 emiserit
1075 1173 1129 1225 in
1153 1169 1411 1225 victoriam
1452 1165 1696 1230 iudicium
1735 1160 1904 1235 (Alsai.
1934 1159 2025 1213 42.

451 1271 604 1341 175);
632 1271 722 1324 21.
746 1277 791 1321 et
830 1267 885 1320 in
909 1263 1108 1318 nomine
1130 1262 1240 1331 ejus
1260 1267 1428 1330 gentes
1452 1254 1740 1326 sperabunt.
1767 1253 1857 1306 llis
1883 1266 2033 1304 man-

452 1363 786 1420 suetudinem
808 1359 923 1428 ejus
948 1397 964 1423 ,
987 1364 1042 1411 et
1067 1361 1381 1424 potestatem
1408 1347 1728 1404 ineffabilem
1748 1346 1982 1400 celebrat
2010 1385 2027 1409 ,

452 1466 803 1522 magnamque
826 1458 881 1505 et
907 1454 1143 1517 apertam
1165 1441 1411 1514 gentibus
1430 1448 1638 1510 portam
1666 1437 1870 1506 aperit,
1891 1434 2029 1488 mala

451 1544 614 1601 etiam
640 1540 1127 1597 Judacosinvasura
1160 1531 1481 1605 praenuntiat
1506 1545 1522 1596 ;
1565 1537 1621 1584 et
1649 1526 1882 1582 ostendit
1912 1525 2030 1594 ejus

451 1650 574 1690 cum
623 1634 779 1688 Patre
832 1642 1153 1684 consensum
1179 1642 1192 1678 :
1218 1638 1340 1678 nam
1365 1621 1484 1686 ait,
1537 1618 1669 1673 Ecce
1696 1635 1821 1687 puer
1845 1633 1985 1672 meus
2012 1657 2028 1681 ,

449 1741 598 1795 quem
626 1723 770 1792 elegi,
793 1720 1000 1774 dilectus
1020 1732 1179 1779 meus,
1201 1715 1254 1769 in
1274 1729 1372 1783 quo
1391 1709 1691 1780 complacuit
1710 1708 1881 1761 anima
1901 1722 2029 1759 mea.
2060 1752 2063 1759 .

450 1811 899 1881 Si-autemelcgit
922 1823 1046 1866 eum
1079 1849 1095 1873 ,
1129 1806 1313 1875 utique
1351 1818 1456 1858 non
1504 1800 1793 1865 adversans
1825 1798 1924 1867 ipsi
1952 1798 2030 1852 lc-

451 1920 573 1975 gem
602 1902 780 1968 solvit,
803 1914 980 1970 neque
1004 1906 1063 1952 ut
1088 1897 1332 1951 inimicus
1348 1891 1664 1963 legislatoris
1691 1890 1741 1944 id
1768 1889 1907 1959 agit,
1937 1888 2031 1943 sed
2048 1931 2062 1939 ,

453 2007 514 2051 ut
536 1993 878 2052 consentiens
909 2031 926 2057 ,
960 1989 1253 2057 eademque
1269 1998 1517 2054 operans.
1542 1980 1743 2036 Deinde
1783 1995 2033 2035 mansue-

455 2087 691 2142 tudinem
719 2084 839 2154 ejus
861 2080 1155 2153 przedieans
1184 2076 1312 2132 dicit
1340 2093 1355 2129 :
1382 2074 1504 2129 Non
1527 2070 1790 2128 contendet
1822 2086 2035 2141 ,-neque

453 2177 708 2233 clamabit.
736 2176 852 2245 Ipse
878 2173 1076 2245 quippe
1103 2169 1316 2224 volebat
1340 2181 1433 2222 eos
1469 2179 1661 2220 sanare
1698 2182 1712 2218 :
1743 2163 1863 2233 quia
1880 2202 1889 2217 τ,
1904 2177 2034 2216 vero

454 2271 627 2339 ipsum
648 2266 912 2337 repulere,
943 2262 1034 2318 ille
1074 2258 1322 2315 reluctari
1348 2256 1537 2311 noluit.
1566 2253 1769 2310 Deinde
1798 2254 1913 2321 ejus
1938 2267 2035 2322 po-

455 2361 673 2416 tentiam
702 2358 1019 2423 illorumque
1053 2349 1469 2406 imbecillitatem
1498 2344 1789 2402 ostendens
1817 2385 1831 2409 ,
1862 2343 1990 2397 dicit
2018 2360 2032 2396 :

454 2452 719 2508 Calamum
760 2453 1147 2515 conquassatum
1192 2458 1291 2495 non
1340 2439 1645 2510 confringet.
1702 2435 1836 2490 Nam
1882 2433 2037 2488 facile

454 2550 572 2598 erat
621 2555 714 2596 eos
753 2550 939 2592 onmes
982 2543 1042 2589 ut
1078 2533 1340 2588 calamum
1383 2528 1717 2599 confringere
1749 2543 1764 2591 ;
1795 2527 1901 2580 imo
1931 2541 2036 2580 non

460 2632 619 2688 modo
639 2629 900 2685 calamum
926 2668 942 2693 ,
964 2624 1057 2680 sed
1082 2624 1191 2694 jam
1222 2629 1651 2691 conquassatum.
1679 2616 1743 2671 Et
1772 2618 1930 2671 linum
1956 2619 2039 2686 fu-

456 2726 654 2796 migaus
672 2739 773 2777 non
793 2716 1223 2789 exstinguenllic
1249 2715 1461 2770 illarum
1485 2713 1616 2767 iram
1640 2711 1909 2765 incensam
1939 2709 2037 2763 de-

456 2819 625 2873 clarat
657 2856 670 2878 ,
704 2814 946 2881 illiusque
988 2806 1393 2870 fortitudinem,
1424 2818 1543 2873 quae
1589 2809 1769 2871 posset
1806 2801 2045 2855 furorem

458 2910 693 2979 ipsarum
722 2904 954 2970 solvere,
972 2909 1027 2959 et
1054 2914 1174 2955 cum
1198 2897 1446 2953 facilitate
1478 2892 2035 2965 magnaexstinguerc.

462 3003 612 3058 Unde
635 3000 750 3068 ejus
778 2993 1129 3051 mansuetudo
1154 2993 1338 3062 ingens
1357 2989 1677 3045 ostenditur.
1702 2986 1836 3056 Quid
1861 2986 2058 3055 igitur'L

458 3111 525 3148 an
546 3094 670 3147 lucc
692 3104 909 3159 semper
936 3095 1091 3141 erunt
1117 3084 1161 3139 ?.
1177 3100 1243 3139 an
1272 3080 1764 3151 semper.feret.eos
1786 3077 2042 3133 insidiari-.-

462 3196 542 3242 tes
556 3201 616 3239 ac
646 3184 882 3237 furentes
903 3180 926 3232 ?
949 3179 1148 3248 Apage;
1178 3175 1272 3231 sed
1298 3190 1416 3229 cum
1445 3187 1539 3227 sua
1568 3170 1889 3233 exhibuerit,
1914 3179 2043 3227 tunc

462 3289 517 3335 et
559 3277 646 3338 illa
685 3280 1044 3341 exsequetur:
1074 3268 1127 3322 id
1173 3267 1313 3321 enim
1350 3263 1666 3334 significavit
1704 3262 1785 3314 liis
1815 3261 1990 3315 verbis
2023 3276 2038 3312 :

462 3372 632 3426 Donec
651 3368 844 3424 emittat
867 3365 916 3417 in
944 3361 1200 3417 victoriam
1219 3358 1472 3430 judicium
1501 3373 1520 3421 ;
1568 3356 1684 3409 etin
1713 3354 1911 3407 nomine
1932 3353 2041 3423 ejus

462 3473 629 3534 gentes
654 3457 924 3529 sperabunt
950 3471 969 3505 :
999 3450 1442 3522 quemadmodum
1473 3457 1528 3502 et
1554 3446 1752 3501 Paulus
1781 3445 1853 3499 ait
1886 3462 1899 3497 :
1938 3442 2042 3497 Pa-

462 3558 559 3610 rati
583 3570 778 3609 omnem
798 3548 1182 3606 iuobedientiam
1211 3546 1385 3599 ulcisci
1412 3585 1426 3608 ,
1468 3560 1584 3598 cum
1609 3541 1857 3610 completa
1884 3540 2037 3613 fuerit

464 3647 745 3703 obedientia
771 3652 934 3697 vestra
969 3640 1044 3714 (Ι.
1084 3637 1201 3693 Cor.
1245 3637 1331 3693 ll).
1360 3636 1436 3707 6).
1464 3634 1601 3703 Quid
1627 3649 1753 3688 vero
1782 3634 2044 3704 significat

467 3740 593 3795 illud
624 3781 638 3806 ,
676 3739 802 3793 Cum
835 3736 1053 3790 emiserit
1090 3735 1143 3788 in
1181 3733 1441 3787 victoriam
1459 3729 1756 3801 judicium?
1780 3728 1915 3782 Cum
1946 3742 2042 3782 sua

466 3829 986 3898 omniaimplcverit,
1017 3825 1224 3895 inquit,
1252 3834 1377 3878 tunc
1407 3821 1695 3876 vindictam
1718 3820 1967 3886 inducet,
1990 3825 2045 3873 et

468 3922 719 3977 ultionem
773 3919 1080 3988 perfectam.
1128 3916 1278 3970 Tunc
1324 3914 1504 3985 gravia
1559 3913 1865 3982 patientur,
1919 3925 2041 3965 cum

468 4011 802 4082 splendidum
833 4009 1077 4063 statuerit
1107 4017 1389 4075 tropaeum,
1422 4011 1478 4057 et
1500 4002 1615 4072 ejus
1635 4000 2048 4072 justilicationes

468 4106 696 4162 vicerint
728 4123 742 4170 ;
774 4119 836 4158 ac
885 4119 952 4158 ne
1004 4100 1340 4171 impudenter
1386 4095 1601 4167 quidem
1642 4092 2045 4149 contradicendi

467 4212 650 4253 ansam
678 4196 962 4264 relinquet.
981 4191 1130 4247 Solet
1145 4190 1287 4245 enim
1310 4186 1568 4257 judicium
1594 4184 1761 4255 ipsam
1782 4183 2044 4254 justitiam

469 4287 666 4343 dicere.
694 4285 799 4340 Sed
832 4301 935 4338 non
968 4284 1021 4337 in
1049 4283 1150 4336 hoc
1175 4289 1375 4335 tantum
1403 4276 1660 4333 consistet
1687 4276 1802 4346 ejus
1826 4289 2047 4331 oecono-

470 4380 574 4435 mia
597 4421 613 4445 ,
660 4377 801 4449 quod
832 4374 1085 4430 increduli
1130 4372 1452 4443 puniantur:
1485 4383 1668 4422 verum
1693 4367 1859 4423 etiam,
1879 4374 2046 4421 totum

469 4472 652 4526 orbem
679 4467 930 4525 altrahet.
960 4466 1295 4534 Quapropter
1323 4461 1594 4531 subjunxit
1625 4458 1743 4512 :.Et‘
1759 4459 1813 4513 in
1842 4458 2044 4511 nomine

472 4565 578 4634 ejus
597 4572 765 4634 gentes
785 4558 1077 4629 sperabunt.
1113 4554 1311 4610 Deinde
1336 4562 1393 4608 ut
1416 4552 1614 4617 discas,
1642 4550 1746 4605 hoc
1774 4550 1931 4604 etiam
1962 4563 2050 4603 se-

476 4654 704 4710 cundum
750 4651 1080 4706 voluntatem
1124 4646 1296 4701 Patris
1338 4659 1461 4699 esse
1491 4685 1507 4710 ,
1547 4643 1599 4697 in
1632 4642 1747 4712 ipso
1790 4638 2053 4710 principio

475 4749 729 4820 propheta
780 4745 881 4799 hoc
923 4756 1046 4797 cum
1094 4739 1364 4809 prioribus
1408 4735 1745 4792 confirmavit
1773 4775 1787 4799 ,
1821 4733 2005 4787 dicens
2039 4748 2053 4786 :

476 4838 697 4892 Dilectus
726 4849 892 4897 meus,
931 4833 985 4885 in
1012 4846 1112 4902 quo
1148 4828 1242 4883 sibi
1268 4826 1577 4897 complacuit
1606 4825 1781 4879 anima
1804 4839 1933 4877 mea.
1962 4822 2055 4876 Eté

473 4930 612 4983 enim
641 4926 816 4997 palam
863 4931 941 4977 est
973 4920 1223 4975 dilectum
1260 4916 1550 4973 secundum
1590 4914 1860 4985 diligentis
1883 4927 1943 4967 se
1966 4928 2057 4965 vo-

476 5021 732 5074 luntatem
754 5016 871 5071 haec
887 5014 1096 5070 fecisse.
1118 5010 1205 5066 22.
1239 5009 1387 5064 Tunc
1404 5007 1685 5062 obtulerunt
1713 5007 1756 5059 ei
1784 5004 2061 5058 drcmonia-

476 5130 610 5180 cum,
640 5127 829 5165 ctecum
856 5118 905 5162 et
934 5114 1146 5170 mutum,
1177 5112 1224 5158 et
1262 5102 1453 5158 curavit
1485 5116 1621 5166 eum,
1655 5100 1723 5153 ita
1749 5106 1801 5151 ut
1825 5112 1985 5151 ctrcus
2011 5104 2063 5150 et

478 5216 645 5259 mutus
675 5204 960 5271 loqueretur
982 5206 1028 5252 et
1051 5195 1258 5250 videret.

548 5298 602 5351 '5.
645 5293 876 5350 Christus
922 5290 1172 5358 beneﬁcus
1198 5328 1214 5353 ,
1266 5284 1650 5341 Pharisaeorum
1691 5281 1931 5335 invidiam
1975 5296 2063 5334 ex-

480 5392 618 5443 citat.
667 5384 886 5440 luvidiaz
934 5380 1131 5436 nullum
1186 5395 1279 5449 par
1324 5377 1533 5430 malum.
1600 5373 1775 5443 Ipsius
1818 5372 2059 5426 remedia.

478 5507 550 5521 --
586 5478 631 5533 0
675 5474 875 5530 malitia
919 5469 1225 5528 dzemonis!
1271 5467 1564 5536 Utramque
1613 5465 1751 5519 viam
1791 5504 1806 5526 ,
1862 5478 1964 5532 qua
2018 5464 2062 5516 is

480 5569 782 5625 crediturus
811 5573 949 5629 erat,
979 5564 1340 5624 obstruxerat,
1371 5559 1547 5613 visum
1569 5564 1624 5612 et
1648 5554 1887 5632 auditum
1919 5571 1932 5608 :
1966 5553 2061 5609 sed

484 5673 764 5732 utramque
807 5656 1053 5714 Christus
1100 5651 1327 5724 aperuit.
1359 5650 1450 5705 23.
1486 5648 1555 5703 Et
1596 5648 1864 5718 stupebant
1907 5645 2065 5699 turbat

484 5757 705 5809 dicentes
735 5767 752 5806 :
784 5747 1046 5820 Numquid
1068 5747 1150 5800 hic
1179 5752 1250 5799 est
1276 5741 1417 5813 filius
1458 5740 1668 5795 David?
1696 5739 1787 5793 24.
1816 5737 2066 5792 Pharisaei

492 5857 670 5903 autem.
680 5845 916 5900 dixerunt
953 5858 971 5896 :
1004 5830 1367 5907 Hicnonejicit
1385 5828 1667 5902 dtemonia,
1683 5828 1782 5883 nisi
1802 5829 1850 5881 iu
1864 5828 2066 5886 Beelze-

1463 404 1528 467 IN
1567 405 1974 466 MATTH/EUM
2013 402 2244 462 IIOMIL.
2286 406 2398 462 XL.
2439 406 2509 464 ai.
2552 406 2687 463 XLl.

2135 519 2233 574 bub
2262 521 2488 592 principe
2506 521 2887 577 daemoniorum.
2907 519 3065 591 Atqui
3094 520 3218 591 quid
3241 521 3416 594 magni
3442 522 3613 579 turba:
3633 524 3723 579 di-i

2133 623 2321 670 serant
2346 614 2369 669 ’ἶ
2398 617 2648 689 Attamen
2678 613 2729 669 id
2760 613 3019 669 Pharismi
3048 629 3154 668 non
3185 616 3422 670 tulerunt
3451 633 3466 670 :
3493 616 3571 670 sic
3596 616 3704 681 illi,

2134 716 2190 761 ιιι
2218 721 2377 776 supra
2408 706 2554 771 dixi,
2583 721 2796 775 semper
2821 721 2885 760 ex
2917 705 3192 762 beneficiis
3221 707 3467 776 proximo
3498 707 3708 762 collatis

2134 799 2448 856 mordentur
2467 841 2482 865 ,
2512 798 2645 852 nihil
2672 798 2743 852 ita
2771 797 2875 852 illis
2899 797 3141 852 dolorem
3169 798 3335 867 parit,
3359 808 3417 851 ut
3438 796 3712 852 hominum

2135 895 2299 949 salus.
2329 893 2662 961 Quamquam
2689 891 2845 948 Jesus
2864 899 3186 959 recesserat,
3208 897 3264 945 et
3291 890 3467 945 locum
3494 890 3717 945 dederat

2137 996 2194 1040 ut
2220 987 2297 1041 ira
2323 984 2642 1041 sedaretur:
2681 983 2774 1038 sed
2805 996 2988 1038 rursus
3030 996 3313 1037 accensum
3344 981 3542 1036 malum
3572 981 3668 1036 fuit
3699 1021 3715 1047 ,

2137 1077 2258 1146 quia
2290 1091 2476 1131 rursus
2510 1075 2829 1131 beneficium
2874 1073 3071 1129 factum
3098 1080 3210 1140 est,
3255 1073 3438 1142 il-lique
3465 1072 3713 1144 indigna-

2138 1169 2330 1226 bantur
2355 1169 2475 1239 plus
2496 1184 2652 1238 quam
2675 1169 2788 1239 ipse
2807 1168 3041 1234 dzemon,
3060 1167 3150 1237 qui
3174 1175 3473 1223 secesserat
3499 1182 3567 1223 ex
3593 1182 3716 1222 cor-

2139 1276 2268 1329 pore
2291 1302 2306 1327 ,
2336 1270 2390 1316 et
2415 1260 2715 1331 aufugerat,
2761 1260 2891 1314 nihil
2919 1259 3212 1329 loquutus;
3271 1259 3323 1312 hi
3351 1269 3529 1314 autem
3556 1259 3715 1314 modo

2140 1353 2285 1407 illum
2334 1353 2629 1407 interficere
2669 1353 2984 1417 tentabant,
3030 1351 3190 1407 modo
3235 1351 3716 1406 calumniabantur.

2139 1443 2273 1511 Quia
2301 1445 2442 1499 enim
2471 1443 2600 1498 illud
2638 1459 2741 1497 non
2779 1451 2925 1498 recte
2954 1441 3277 1512 procedebat
3307 1483 3340 1508 ,_
3372 1443 3558 1513 gloria:
3605 1443 3722 1510 ejus

2142 1552 2339 1593 nocere
2361 1536 2625 1591 volebant.
2655 1535 2968 1605 llujusmodi
2998 1549 3087 1589 res
3113 1543 3196 1590 est
3226 1534 3443 1596 invidia.
3480 1535 3564 1589 cui
3593 1536 3713 1588 nul—

2140 1630 2249 1684 lum
2295 1644 2389 1699 par
2429 1629 2661 1682 malum.
2698 1625 3120 1684 Nam,muschus
3158 1627 3485 1697 voluptatem
3530 1628 3721 1683 saltem

2140 1720 2424 1791 quamdam
2448 1719 2708 1789 percipit,
2729 1728 2783 1775 et
2809 1718 2965 1774 brevi
2987 1727 3229 1788 tempore
3257 1727 3533 1788 peccatum
3563 1733 3721 1774 suum

2142 1811 2383 1882 perlicit:
2414 1811 2621 1867 invidus
2649 1826 2774 1866 vero
2801 1826 2862 1866 se
2891 1811 3037 1881 prius
3066 1781 3224 1880 quam
3255 1781 3376 1867 eum
3405 1811 3495 1881 qui
3523 1781 3738 1866 invided

2142 1904 2403 1974 supplicio
2429 1902 2615 1969 afficit,
2648 1918 2823 1974 neque
2843 1902 3005 1959 finem
3027 1918 3278 1972 umquam
3298 1903 3555 1975 peccandi
3579 1903 3720 1967 facit,

2142 2007 2194 2051 et
2217 1996 2269 2050 in
2293 2006 2512 2066 peccato
2538 2005 2804 2050 versatur.
2827 1993 2978 2051 Sicut
3002 2010 3093 2050 sus
3117 1994 3171 2050 in
3194 1995 3306 2051 luto
3328 2036 3343 2062 ,
3369 2003 3423 2050 et
3450 1995 3591 2052 sicut
3619 1995 3727 2051 da:-

2143 2103 2330 2143 moues
2355 2087 2421 2143 de
2445 2087 2643 2142 damno
2670 2095 2853 2141 nostro
2882 2086 3129 2141 laetantur
3161 2103 3175 2139 :
3208 2086 3287 2140 sic
3326 2094 3381 2141 et
3420 2085 3636 2140 invidus
3660 2086 3728 2141 de

2145 2181 2373 2252 proximi
2402 2181 2555 2235 malis
2577 2180 2774 2250 gaudet
2804 2197 2817 2233 :
2845 2187 2901 2234 et
2929 2179 2974 2234 si
3005 2177 3129 2249 quid
3163 2178 3264 2247 ipsi
3305 2180 3456 2232 triste
3494 2184 3549 2232 et
3592 2176 3728 2246 inju-

2143 2272 2375 2327 cundum
2405 2272 2638 2336 eveniat,
2659 2278 2785 2325 tunc
2812 2269 2903 2324 ille
2932 2268 3157 2339 quiescit
3181 2276 3236 2323 et
3262 2267 3728 2338 respirat,alicnas

2145 2378 2413 2419 azrumnas
2458 2361 2711 2433 gaudium
2748 2375 2868 2417 esse
2921 2374 3076 2415 suum
3122 2368 3355 2430 putans,
3397 2368 3450 2415 et
3503 2358 3725 2414 aliorum

2145 2457 2283 2512 bona
2320 2456 2594 2526 preprium
2638 2454 2740 2509 sibi
2771 2454 2969 2508 malum
3001 2469 3015 2519 ;
3046 2467 3219 2523 neque
3264 2451 3570 2507 considerat
3603 2452 3727 2521 quid

2146 2548 2245 2603 sihi
2273 2563 2457 2614 suave,
2489 2546 2583 2602 sed
2606 2545 2731 2617 quid
2764 2546 3008 2615 proximo
3034 2558 3393 2599 aerumnosum
3422 2544 3509 2598 sit.
3542 2543 3730 2598 Nonne

2148 2639 2280 2693 tales
2302 2638 2545 2692 homines
2572 2635 2839 2706 lapidandi
2869 2643 2924 2691 et
2949 2633 3224 2704 suppliciis
3254 2633 3535 2704 torquendi
3564 2642 3688 2688 sunt
3713 2676 3728 2696 ,

2146 2742 2205 2786 ut
2232 2747 2392 2786 canes
2412 2730 2582 2785 rabidi
2607 2772 2623 2797 ,
2654 2738 2715 2784 ut
2743 2729 3016 2783 daemones
3045 2726 3223 2782 infesti
3250 2769 3265 2793 ,
3289 2735 3349 2780 ut
3375 2726 3504 2795 ipsa:
3530 2724 3679 2778 furia:
3708 2724 3749 2776 ?‘

2145 2822 2278 2880 Nam
2301 2819 2747 2890 quemadmodum
2780 2819 3034 2874 scarabrei
3062 2817 3113 2872 in
3147 2816 3272 2871 fimo
3293 2817 3599 2872 nutriuntur
3618 2857 3631 2879 ,
3650 2815 3732 2869 sie

2148 2925 2200 2968 et
2226 2914 2280 2967 hi
2303 2914 2353 2966 in
2377 2912 2565 2967 alienis
2591 2911 2980 2966 calamitatibus
3011 2951 3025 2974 ,
3054 2923 3369 2964 communes
3397 2916 3599 2963 natura:
3628 2907 3733 2960 ini-

2149 3005 2269 3058 mici
2299 3012 2352 3057 et
2385 3002 2590 3057 hostes.
2634 3001 2703 3055 Et
2739 3001 2827 3055 alii
2862 3000 3074 3071 quidem
3119 3000 3163 3054 si
3210 2999 3399 3055 brutas
3424 2998 3729 3052 animantes

2146 3095 2411 3165 jugulatas
2458 3093 2684 3148 viderint
2712 3134 2727 3158 ,
2764 3092 3126 3147 misericordia
3173 3101 3482 3157 moventur;
3510 3099 3564 3145 tu
3595 3107 3723 3144 vero

2151 3186 2419 3241 hominem
2442 3186 2626 3241 videns
2652 3184 2910 3239 beneficio
2942 3182 3212 3247 allectum,
3238 3182 3499 3249 ell'eraris,
3526 3182 3734 3244 tremis,

2152 3278 2322 3347 palles
2348 3276 2599 3347 “Ecquid
2647 3277 2750 3331 hoc
2793 3275 2972 3330 furore
2994 3274 3283 3331 deterius?
3309 3273 3435 3329 Ideo
3463 3272 3733 3328 fornicarii

2149 3380 2207 3425 et
2251 3367 2631 3439 publicamin.
2667 3382 2891 3438 regnum
2941 3367 3143 3421 intrare
3190 3373 3524 3436 potuerunt;
3573 3364 3735 3419 invidi

2149 3477 2299 3528 vero,
2330 3461 2419 3532 qui
2451 3464 2594 3514 intus
2618 3468 2771 3515 erant
2795 3501 2809 3525 ,
2842 3459 3041 3528 egressi
3064 3466 3190 3513 sunt
3215 3476 3227 3512 :
3256 3473 3378 3512 nam
3406 3455 3532 3511 Filii
3564 3459 3728 3526 regni,

2153 3549 2344 3622 inquit,
2380 3555 2517 3623 {oras
2547 3551 2812 3621 ejicientur
2845 3549 3058 3620 (Matth.
3087 3548 3140 3604 8.
3168 3547 3283 3620 li).
3316 3549 3385 3603 Et
3414 3548 3486 3602 illi
3512 3548 3728 3618 quidem

2150 3646 2218 3701 ab
2242 3645 2478 3715 nequitia
2501 3644 2691 3713 erepti,
2715 3658 2835 3713 qua:
2860 3657 3146 3712 numquam
3164 3651 3741 3712 exspectaverantcon—

2152 3738 2360 3808 sequuti
2389 3744 2550 3792 sunt:
2575 3735 2629 3789 hi
2659 3750 2787 3789 vero
2815 3735 2953 3790 bona
2976 3750 3095 3804 qua:
3122 3733 3232 3804 jam
3264 3734 3520 3790 tenebant
3545 3731 3740 3786 amise-

2153 3837 2279 3884 runt
2309 3844 2335 3894 ;,
2355 3838 2407 3884 et
2425 3828 2547 3898 jure
2570 3826 2804 3897 quidem.
2826 3825 2938 3880 lioc
2958 3826 3102 3880 enim
3133 3824 3402 3880 diabolum
3432 3840 3499 3878 ex
3522 3822 3751 3876 homine

2153 3922 2315 3987 facit;
2348 3921 2447 3974 hoc
2473 3919 2702 3975 ferocem
2729 3918 3026 3973 daemonem
3048 3915 3232 3972 efficit.
3268 3916 3357 3971 Sic
3377 3918 3544 3986 prima
3567 3913 3743 3969 cmdes

2155 4015 2291 4069 facta
2322 4020 2404 4068 est
2432 4031 2450 4080 ;
2476 4012 2553 4067 sic
2579 4019 2781 4065 natura:
2810 4010 2950 4063 nulla
2981 4006 3160 4062 habita
3188 4008 3325 4062 ratio
3354 4007 3451 4060 fuit
3475 4004 3629 4078 (Gen.
3659 4005 3741 4066 «ως

2156 4110 2235 4165 sic
2265 4118 2407 4164 terra
2445 4106 2648 4177 polluta
2691 4114 2809 4170 est;
2840 4103 2919 4157 sic
2964 4109 3147 4170 postea
3191 4114 3254 4155 os
3293 4113 3446 4154 suum
3490 4097 3741 4167 aperiens

2157 4213 2318 4267 terra,
2358 4199 2584 4262 Dathan,
2607 4198 2746 4253 Core
2767 4204 2822 4252 et
2847 4195 3069 4257 Abirou,
3096 4201 3369 4263 totumque
3399 4191 3547 4245 illum
3572 4205 3741 4260 popu-

2158 4296 2266 4350 lum
2297 4294 2506 4363 excepit
2534 4301 2589 4348 et
2615 4290 2837 4361 perdidit
2862 4288 3046 4360 (Num.
3077 4286 3194 4357 l6).
3224 4287 3326 4348 At,
3358 4284 3555 4339 dixerit
3580 4284 3738 4354 quis-

2161 4390 2324 4461 piam,
2350 4387 2501 4442 facile
2525 4394 2609 4441 est
2633 4385 2700 4440 de
2726 4382 2921 4438 invidia
2947 4395 3202 4437 accusare
3224 4420 3241 4447 ,
3269 4378 3362 4435 sed
3396 4376 3698 4433 docendum
3723 4375 3738 4408 ⁸

2160 4498 2266 4552 quo
2291 4489 2447 4548 pacto
2477 4476 2639 4531 invidi
2668 4475 2734 4530 ab
2762 4474 2865 4529 hoc
2900 4472 3090 4528 morbo
3122 4471 3434 4527 liberentur.
3464 4466 3747 4534 Quomodo

2162 4586 2288 4641 ergo
2320 4568 2666 4624 liherabimur
2692 4566 2759 4620 ab
2781 4565 3057 4635 iniquitate
3080 4560 3494 4632 hujuscemodi?
3516 4558 3575 4612 Si
3605 4571 3668 4611 co
3680 4561 3761 4632 gl-

2165 4674 2358 4729 temus,
2382 4662 2519 4717 sicut
2534 4659 2842 4716 fornicatori
2870 4673 2983 4714 non
3003 4657 3125 4710 licet
3146 4656 3344 4709 intrare
3363 4656 3416 4705 in
3437 4650 3723 4706 ecclesiam
3745 4693 3756 4708 ,

2164 4754 2242 4809 sic
2267 4769 2441 4826 neque
2468 4751 2684 4815 invido;
2717 4753 2825 4804 imo
2864 4749 3042 4802 minus
3082 4744 3207 4798 huic
3248 4743 3413 4796 licere
3455 4756 3616 4811 quam
3649 4739 3749 4793 illi.

2163 4846 2551 4914 Nunequidem
2570 4842 2764 4897 malum
2795 4837 2924 4893 illud
2950 4836 3099 4906 quasi
3119 4833 3426 4888 indill'ercns
3455 4828 3751 4887 esse-vidc-

2169 4947 2294 5002 tur.;
2322 4936 2546 5004 ideoque
2572 4931 2857 5002 negligitur
2881 4945 2895 4982 :
2920 4928 3013 4982 sed
3037 4923 3453 4981 si'manifestum
3482 4922 3649 4977 semel
3681 4923 3751 4975 sit

2169 5031 2365 5086 malum
2403 5042 2525 5083 esse
2550 5069 2564 5092 ,
2598 5025 2750 5080 facile
2779 5023 2847 5078 ab
2883 5037 2948 5080 ea
2975 5021 3298 5077 resilitmus.
3329 5018 3477 5088 L‘uge
3505 5018 3665 5088 igitur
3693 5027 3749 5071 ct

2168 5119 2497 5192 ingemisce;
2525 5117 2822 5171 lamentare
2847 5120 2901 5167 et
2930 5109 3100 5166 Deum
3133 5124 3376 5179 precare.
3413 5107 3570 5162 Disce
3596 5109 3749 5177 quasi

2173 5214 2241 5270 de
2273 5210 2594 5284 gravissimo
2616 5216 2839 5278 peccato
2874 5202 3526 5273 allici,-letpmnitentiam
3569 5215 3747 5269 agere.

2169 5305 2312 5363 Etsi
2351 5304 2432 5360 sic
2466 5302 2693 5360 allectus
2738 5298 2909 5355 fueris
2934 5338 2949 5364 ,
2985 5297 3095 5353 cito
3136 5295 3333 5350 ab‘hoc
3374 5294 3562 5348 morbo
3610 5291 3750 5344 liber

2172 5395 2384 5452 evades.
2418 5393 2611 5463 Ecquis
2654 5392 2862 5461 ignorat
2886 5428 2901 5453 ,
2929 5386 3137 5457 inquies
3160 5427 3178 5450 ,
3207 5384 3459 5440 invidiam
3488 5395 3609 5437 esse
3635 5395 3752 5435 ma-

2172 5492 2281 5546 lum
2306 5488 2329 5540 ?
2358 5488 2573 5556 ignorat
2609 5483 2826 5553 quidem
2853 5495 3023 5537 nemo
3051 5497 3066 5544 ;
3098 5477 3194 5535 sed
3228 5489 3407 5533 tamen
3434 5488 3540 5530 non
3569 5487 3753 5544 parem

2172 5595 2292 5637 esse
2331 5577 2573 5633 morbum
2602 5582 2788 5648 putant
2817 5570 3153 5627 fornicationi
3193 5577 3250 5624 et
3289 5565 3574 5622 adulterio.
3622 5563 3753 5618 Nam

2174 5674 2291 5745 quis
2312 5684 2561 5740 umquam
2593 5681 2716 5723 sese
2738 5663 3029 5730 damnavit,
3056 5660 3197 5732 quod
3233 5659 3379 5732 gravi
3410 5655 3607 5711 invidia
3650 5658 3757 5713 dui-

2238 5824 2413 5891 "Lege
2428 5822 2515 5877 sed
2532 5818 2890 5888 inquirendum.
