4118 6450
451 405 564 471 ιη

453 532 577 582 ctus
595 525 784 581 fuisset
798 519 830 579 τ
848 520 1196 591 Quandonam
1226 521 1347 592 quis
1368 524 1577 592 rogavit
1600 518 1799 587 Deum,
1820 528 1879 575 ut
1900 519 2056 576 circa‘

455 615 598 672 hunc
618 616 865 672 morbum
894 614 993 670 sibi
1017 613 1278 686 propitius
1304 615 1492 669 esset?
1521 613 1690 669 Nemo
1711 613 1896 685 utique
1919 628 2044 669 um—

449 722 631 779 quam;
656 707 750 763 sed
767 706 809 762 si
822 705 1027 777 jejunet
1042 720 1105 761 ac
1126 705 1389 761 tantillum
1413 706 1654 776 pecunia:
1673 705 1766 762 det
1797 705 2041 776 pauperi,

449 800 791 872 qumttmnvis
805 799 1115 866 sitinvidus,
1130 799 1263 855 nihil
1285 813 1345 855 se
1364 815 1525 870 grave
1543 800 1827 856 admisisse
1850 807 2000 871 putat
2024 817 2041 868 ;

453 893 575 947 licet
614 893 933 963 gravissimo
972 892 1211 948 omnium
1243 892 1432 949 morbo
1450 901 1712 948 teneatur.
1764 890 2042 948 Undenam

448 986 579 1040 Cain
599 996 705 1041 tam
720 986 978 1043 scelestus
993 986 1214 1043 effectus
1229 987 1348 1043 est?
1369 987 1510 1043 unde
1524 986 1691 1042 Esaia?
1711 987 1851 1042 unde
1868 986 2042 1041 Laba-

448 1080 500 1134 ni
530 1078 659 1135 lilii?
681 1082 818 1138 unde
841 1082 935 1137 ﬁlii
957 1081 1189 1138 Jacobi?
1210 1080 1509 1137 undeCore
1537 1123 1553 1147 ,
1595 1079 1801 1136 Dathan
1832 1089 1888 1136 et
1910 1079 2041 1135 Abi-

448 1174 585 1226 rou?
616 1172 758 1228 unde
790 1172 955 1229 Maria
975 1174 1000 1226 ‘!
1026 1172 1167 1229 unde
1192 1174 1370 1231 Aaron
1396 1172 1424 1225 τ
1449 1170 1590 1227 unde
1610 1171 1724 1241 ipse
1754 1170 2042 1226 diabolus?

518 1269 574 1323 ι.
607 1265 740 1325 Cum
779 1265 865 1322 his
893 1266 998 1322 hoc
1042 1265 1205 1322 etiam
1232 1264 1505 1336 perpende
1529 1306 1545 1331 ,
1580 1274 1630 1320 te
1671 1278 1776 1319 non
1803 1279 1928 1319 eum
1954 1263 2040 1318 cui

446 1359 659 1416 invides
684 1358 886 1415 laedere
914 1400 930 1427 ,
964 1358 1059 1415 sed
1098 1358 1151 1413 in
1176 1358 1408 1428 tclpsnm
1441 1356 1677 1429 gladium
1703 1366 1936 1413 vertere.
1981 1355 2036 1410 In

447 1469 553 1524 quo
579 1453 727 1509 enim
754 1452 979 1508 Abeium
1001 1450 1132 1507 Cain
1155 1451 1293 1508 laesit
1311 1449 1508 1506 illium
1538 1450 1696 1505 citius
1724 1449 1810 1505 vel
1840 1449 2041 1504 invitus

447 1547 501 1602 in
532 1563 752 1619 regnum
784 1546 948 1612 misit,
978 1561 1142 1617 seque
1166 1545 1437 1600 sexcentis
1462 1543 1686 1599 involvit
1714 1542 1890 1598 malis.
1922 1541 2039 1609 Qua

440 1640 499 1693 in
534 1652 594 1694 re
632 1637 832 1694 Iacobo
864 1638 1043 1693 nocuit
1092 1635 1237 1691 Esau
1265 1637 1290 1691 ἲ
1317 1650 1498 1690 annon
1540 1634 1630 1690 ille
1652 1633 1805 1689 dives
1840 1641 1958 1688 erat
1986 1641 2041 1688 et

445 1727 590 1785 mille
610 1728 769 1784 bonis
793 1727 1087 1793 fruebatur,
1121 1725 1207 1781 hic
1232 1740 1360 1781 vero
1387 1733 1607 1796 paterna
1633 1723 1796 1780 domo
1816 1723 2038 1791 excidit,

449 1832 504 1878 ct
546 1830 668 1893 post
711 1829 942 1876 structas
987 1818 1209 1875 insidias
1238 1819 1291 1873 in
1322 1817 1494 1873 aliena
1540 1816 1761 1887 regione
1789 1816 1989 1871 erravit
2014 1813 2044 1869 ἵ

449 1912 590 1982 Quid
636 1921 816 1969 autem
847 1910 1033 1967 Jacobi
1076 1908 1223 1965 lilii?
1252 1925 1320 1965 an
1367 1907 1658 1980 Josepbum
1701 1908 1755 1963 in
1798 1907 2037 1979 pejorcm

443 2014 643 2062 statum
668 2004 1045 2070 adduxerunt,
1074 2004 1283 2060 etiamsi
1305 2018 1475 2075 usque
1501 2003 1567 2058 ad
1598 2002 1911 2074 sanguinem
1941 2017 2036 2059 ve—

443 2097 653 2152 rtissent
677 2096 701 2149 ?
726 2096 916 2152 Nonne
942 2096 1249 2151 istifamem
1274 2097 1438 2166 passi,
1468 2110 1532 2150 ac
1559 2093 1629 2150 de
1656 2092 1915 2150 extremis
1943 2107 2037 2163 pe-

443 2186 661 2246 riciilat-t
686 2201 829 2254 sunt.
861 2189 950 2246 ille
973 2204 1103 2247 vero
1132 2205 1225 2245 rex
1256 2188 1308 2244 in
1336 2198 1445 2245 tota
1473 2188 1709 2260 Egypto
1734 2186 1878 2243 fuit?
1901 2185 2036 2243 Nam

444 2294 645 2354 quanto
672 2282 840 2354 magis
866 2278 1064 2337 invidia
1095 2281 1448 2348 laboraveris,
1483 2289 1633 2335 tanto
1651 2282 1855 2350 majora
1880 2279 1930 2335 ei
1950 2279 2036 2335 cui

443 2373 651 2431 invides
675 2374 815 2431 bona
844 2373 1115 2430 concilias.
1142 2373 1281 2429 Deus
1295 2373 1439 2429 enim
1461 2415 1476 2439 ,
1495 2373 1583 2444 qui
1611 2381 1803 2428 cuncta
1831 2371 2036 2442 perspi-

443 2470 518 2525 cit
550 2506 567 2535 ,
603 2483 724 2524 cum
746 2467 892 2523 videt
914 2482 1037 2523 eum
1059 2464 1181 2522 la-di
1209 2466 1299 2538 qui
1331 2465 1465 2521 nihil
1492 2465 1651 2535 laesit,
1678 2464 1828 2521 illum
1856 2464 2032 2535 erigit,

443 2557 896 2632 illustriorcmque
934 2558 1137 2628 efﬁcit;
1187 2558 1427 2615 invidum
1471 2573 1603 2615 vero
1649 2558 1853 2630 plectit.
1897 2558 2032 2613 Nam

442 2652 487 2711 ai
513 2668 626 2721 eos,
651 2652 825 2725 quide
850 2650 1005 2710 malis
1031 2653 1366 2710 inimicorum
1388 2652 1655 2721 laetentur,
1675 2667 1784 2709 non
1812 2653 2034 2723 impuni-

443 2756 531 2805 tos
572 2749 701 2803 sinit
744 2745 871 2823 (Nc
915 2745 1141 2819 gaudeas
1179 2745 1330 2814 enim,
1360 2745 1633 2816 inquit,de
1661 2762 1781 2800 casu
1804 2746 2035 2800 inimico-

440 2854 558 2896 rum
591 2848 789 2896 (eorum
812 2856 910 2907 ,ηε
931 2839 1134 2909 quando
1187 2837 1325 2894 Deus
1376 2838 1562 2907 uideat,
1588 2847 1636 2893 et
1678 2837 1942 2909 displiceat
1988 2838 2034 2892 ei

442 2927 624 3006 [Pi-ou.
646 2933 738 2989 94.
767 2928 967 3005 H.181
989 2933 1043 3003 ):
1072 2932 1242 2986 multo
1269 2931 1446 2985 minus
1462 2944 1556 2986 eos
1578 2930 1667 3000 qui
1684 2928 1923 2989 invident
1944 2929 2029 2995 iis,

439 3040 470 3078 a
494 3025 688 3095 quibus
711 3023 844 3079 nihil
872 3022 986 3078 lzcsi
1012 3032 1157 3078 sunt.
1201 3021 1401 3078 Feram
1422 3022 1603 3093 itaque
1632 3020 1772 3076 hanc
1799 3060 1815 3088 ,
1850 3021 2032 3076 nmltis

440 3112 758 3172 instructam
802 3116 1066 3187 capitibus
1094 3153 1114 3182 ,
1151 3116 1551 3171 exscindamus.
1616 3114 1794 3171 Multae
1836 3115 2034 3187 quippe

439 3218 564 3264 sunt
585 3208 795 3263 invidia:
822 3208 1046 3279 species.
1074 3205 1206 3262 Nam
1233 3207 1276 3261 si
1301 3206 1367 3274 is,
1383 3206 1471 3277 qui
1493 3221 1553 3263 se
1577 3217 1844 3262 amantem
1865 3216 2037 3274 amat,

440 3296 574 3354 nihil
616 3300 738 3370 plus
767 3297 949 3364 habet,
979 3313 1138 3371 quam
1170 3298 1484 3371 publicanus
1509 3339 1525 3365 ,
1556 3299 1644 3368 qui
1691 3314 1752 3354 se
1783 3296 1911 3353 nihil
1940 3298 2037 3352 ia:-

439 3393 654 3450 dcntem
684 3392 809 3448 odio
840 3391 1030 3459 habet,
1064 3408 1170 3464 quo
1200 3392 1250 3445 in
1278 3392 1395 3446 loco
1421 3389 1624 3445 stabit?
1649 3391 1920 3461 quomodo
1950 3390 2032 3445 ef—

437 3487 600 3556 fugiet
628 3485 927 3557 gehennam
948 3528 964 3552 ,
1010 3501 1131 3541 cum
1162 3484 1391 3542 ethnicis
1427 3485 1579 3555 pejor
1607 3483 1779 3539 factus
1803 3486 1917 3540 sit?
1946 3484 2031 3541 ld-

436 3578 583 3632 circo
647 3577 933 3632 admodum
1001 3576 1161 3639 doleo
1193 3614 1215 3641 ,
1262 3576 1406 3647 quod
1453 3577 1543 3646 qui
1608 3576 1867 3647 angelos,
1921 3577 2031 3632 imo

436 3664 749 3740 angelorum
781 3667 1063 3724 Dominum
1094 3668 1450 3737 imitarijussi
1490 3682 1706 3736 sumus,
1757 3668 2026 3725 diabolum

435 3755 728 3817 imitemur.
779 3754 913 3815 Nam
961 3758 1127 3814 multa
1169 3769 1224 3815 et
1272 3759 1323 3814 in
1370 3760 1611 3816 Ecclesia
1655 3760 1853 3816 invidia
1902 3760 2059 3828 est}

435 3856 715 3924 multoque
737 3851 909 3924 magis
940 3852 992 3906 in
1026 3852 1180 3907 nobis
1211 3894 1225 3919 ,
1252 3867 1412 3923 quam
1441 3852 1492 3906 in
1525 3851 1773 3908 subditis.
1810 3852 1935 3909 Ideo
1961 3854 2027 3910 ad

434 3959 538 4002 nos
564 3962 741 4001 sermo
770 3954 1027 4000 vertatur.
1061 3944 1239 4012 Quare
1263 3985 1278 4009 ,
1309 3942 1397 3999 dic
1424 3942 1554 3998 mihi
1579 3986 1594 4010 ,
1624 3946 1870 4016 proximo
1891 3945 2031 4000 invi-

434 4037 530 4093 des
553 4038 577 4092 i
603 4036 736 4106 Quia
763 4036 966 4121 honore
993 4044 1044 4092 et
1083 4035 1398 4091 celebritate
1420 4032 1687 4092 fruentem
1713 4035 1897 4093 vides?
1918 4036 2029 4093 Nec

433 4132 638 4203 cogitas
666 4137 923 4202 quantum
954 4128 1080 4184 muli
1109 4128 1345 4184 honores
1371 4127 1675 4184 aderantiis
1694 4130 1785 4201 qui
1814 4146 1921 4185 non
1946 4139 2026 4186 at-

432 4222 706 4279 tendunt?
734 4220 791 4276 In
817 4236 1009 4275 vanam
1027 4221 1252 4291 gloriam
1282 4219 1551 4275 extollunt
1578 4261 1593 4285 ,
1625 4219 1677 4274 in
1707 4221 1903 4276 fastum
1929 4263 1945 4288 ,
1970 4221 2029 4277 in

432 4315 817 4386 arrogantiam,
848 4314 902 4368 in
929 4314 1236 4384 superbiam
1263 4355 1277 4380 ,
1309 4313 1727 4385 negligentiores
1747 4314 1982 4371 reddunt
2007 4358 2022 4385 ,

432 4421 499 4464 ac
536 4415 732 4479 prarter
768 4406 884 4461 haec
929 4407 1067 4461 mala
1101 4447 1117 4473 ,
1161 4404 1317 4460 facile
1367 4414 1724 4460 marcescunt.
1765 4406 2031 4478 Quodque

432 4498 804 4572 gravissimum
827 4505 929 4565 est,
951 4497 1087 4552 mala
1113 4496 1239 4551 hinc
1255 4497 1535 4565 importata
1563 4509 1780 4553 manent
1806 4499 2026 4553 immor-

434 4594 556 4650 talia
587 4610 603 4649 :
637 4592 877 4663 voluptas
908 4605 1034 4647 vero
1060 4590 1148 4645 ubi
1193 4589 1420 4660 primum
1452 4590 1715 4660 apparuit,
1768 4592 2020 4648 avolavit.

430 4688 602 4745 Hisne
627 4729 644 4755 ,
687 4700 872 4758 quzcso
893 4726 911 4754 ,
954 4683 1024 4740 de
1062 4684 1245 4740 causis
1287 4682 1543 4739 invides?
1570 4683 1675 4739 Sed
1704 4693 2022 4756 potestatem

433 4785 652 4838 multam
681 4781 839 4837 habet
864 4778 952 4836 ille
967 4778 1106 4850 apud
1129 4779 1501 4849 imperantem,
1531 4778 1709 4833 omnia
1732 4793 1822 4835 sus
1848 4779 2023 4851 deque

432 4885 609 4931 versat
637 4888 731 4943 pro
757 4872 945 4937 lubito,
969 4871 1313 4926 adversantes
1332 4869 1431 4926 sibi
1454 4868 1749 4937 ulciscitur,
1777 4870 2022 4927 adulatos

431 4978 523 5023 res
547 4965 821 5021 beneficiis
847 4962 1015 5019 afficit
1038 5006 1053 5029 ,
1086 4978 1385 5034 magnaque
1411 4961 1604 5018 fruitur
1628 4964 1885 5034 potentia.
1911 4964 2027 5020 Ste-

432 5054 692 5112 cularinm
718 5053 994 5109 hominum
1024 5053 1137 5110 haec
1160 5052 1323 5111 verba
1343 5060 1490 5108 sunt.
1522 5053 1656 5108 Nam
1684 5053 2020 5124 spiritualem

433 5149 704 5205 hominem
726 5147 870 5202 nulla
902 5163 987 5202 res
1011 5146 1199 5203 dolore
1228 5146 1445 5202 afficere
1480 5154 1676 5217 potest.
1711 5146 1851 5214 Quid
1877 5147 2021 5202 enim

432 5245 505 5300 illi
537 5241 660 5297 mali
689 5241 895 5297 faciet?
921 5255 991 5294 an
1018 5254 1051 5295 a
1086 5240 1343 5310 dignitate
1371 5239 1631 5309 dejiciet?
1671 5239 1738 5294 Et
1763 5239 1889 5311 quid
1920 5240 2026 5296 hoc

430 5347 512 5394 cst
538 5339 561 5393 ?
589 5337 645 5394 Si
675 5337 818 5393 enim
842 5337 988 5407 juste
1010 5374 1027 5402 ,
1070 5334 1123 5389 id
1166 5335 1296 5390 utile
1322 5335 1422 5406 ipsi
1448 5334 1554 5390 erit
1585 5352 1598 5389 :
1626 5334 1759 5389 nihil
1785 5336 1927 5389 enim
1952 5335 2025 5389 ita

432 5428 544 5487 ilco
562 5431 822 5501 displicet,
857 5443 1016 5499 quam
1047 5428 1092 5482 si
1120 5427 1239 5498 quis
1267 5427 1485 5498 indigne
1513 5426 1819 5482 sacerdotio
1842 5426 2025 5497 funga-

432 5530 535 5577 tur.
560 5522 658 5577 Sin
682 5522 879 5591 injuste
901 5563 917 5588 ,
963 5519 1117 5590 culpa
1146 5533 1311 5589 penes
1346 5518 1704 5589 deponentem
1741 5519 1846 5573 erit
1870 5560 1888 5587 ,
1917 5534 2024 5573 non

430 5630 597 5687 penes
622 5615 924 5686 depositum
957 5630 972 5671 ε
1006 5628 1127 5668 nam
1155 5612 1245 5682 qui
1286 5611 1483 5682 injuste
1524 5610 1653 5681 quid
1703 5610 1902 5681 patitur
1932 5650 1947 5675 ,
1978 5609 2026 5664 si

430 5709 644 5764 fortiter
671 5707 807 5763 lerat
832 5747 849 5774 ,
891 5705 1149 5774 majorem
1179 5704 1304 5759 hinc
1331 5702 1471 5773 apud
1500 5702 1669 5757 Deum
1698 5702 2028 5757 nanciscitur

432 5793 731 5856 libertatem
762 5812 826 5853 ac
851 5793 1118 5852 ﬁduciam.
1164 5794 1245 5850 Ne
1270 5795 1449 5865 itaque
1474 5793 1528 5849 id
1549 5792 1603 5847 in
1626 5806 1792 5861 scopo
1822 5791 2020 5848 habea—

435 5897 575 5957 intra,
602 5899 659 5944 ut
679 5888 917 5945 fruamur
941 5885 1447 5958 potentia,honorc,
1479 5881 1815 5949 auctoritate,
1838 5882 1933 5939 sed
1962 5892 2019 5936 ut

1236 404 1294 465 8.
1330 402 1608 465 ΙΟᾹΝΝΙΞ
1643 397 2119 463 (211Βῖ505Το311
2159 397 2477 462 ARCHIEP.
2519 400 3053 464 CONSTANTINGP.

3639 416 3751 478 lii

2149 519 2204 574 in
2238 521 2435 575 virtute
2461 531 2622 591 atque
2645 520 2982 593 philosophia
3010 540 3310 582 versemur.
3350 527 3484 587 Nam
3508 531 3745 606 digni”-

2151 620 2231 666 tes
2258 610 2325 665 ad
2354 611 2520 667 multa
2551 613 2662 668 Deo
2683 629 2788 669 non
2816 616 3009 687 placita
3031 620 3290 689 patranda
3317 623 3579 683 inducunt
3601 672 3619 699 ,
3648 642 3753 688 at‘-~

2146 716 2254 772 que
2280 701 2478 773 ingenti
2520 717 2654 774 Opus
2676 715 2763 761 est
2805 708 3017 773 animo,
3049 719 3106 765 ut
3138 711 3399 783 dignitate
3435 732 3500 774 ac
3547 731 3747 789 potem

2147 794 2225 885 tia
2259 804 2404 851 recte
2434 807 2679 852 utamur:
2712 799 2800 869 qui
2844 815 2975 855 vero
3019 817 3050 857 a
3092 803 3350 874 dignitate
3388 807 3757 885 detruditur,

2146 884 2279 940 velit
2306 887 2441 941 nolit
2469 888 2881 959 philosophatur
2910 908 2923 945 :
2954 901 3012 947 at
3035 895 3128 963 qui
3166 895 3257 950 illa
3288 899 3481 956 fruitur
3514 943 3530 969 ,
3559 884 3757 962 simile

2146 978 2275 1050 quid
2299 981 2519 1050 patitur,
2543 997 2607 1037 ac
2629 983 2675 1037 si
2704 983 2824 1055 quis
2849 1000 2974 1041 cum
3003 986 3238 1045 formosa
3260 993 3433 1061 puella
3465 994 3738 1066 habitans,

2147 1069 2273 1141 iege
2289 1084 2535 1128 arceatur
2556 1091 2624 1130 ne
2645 1075 2789 1130 ilium
2812 1077 3022 1133 lascivis
3043 1095 3293 1152 umquam
3310 1085 3478 1140 oculis
3491 1090 3737 1158 aspiciat.

2148 1163 2292 1219 Talis
2335 1176 2418 1220 est
2445 1167 2703 1237 potentia.
2734 1168 2966 1241 Ideoque
3008 1173 3210 1230 multos
3247 1192 3387 1247 pene
3428 1181 3627 1238 invitos
3668 1185 3747 1240 ad

2144 1259 2525 1314 contumeliam
2552 1261 2881 1318 inferendam
2907 1263 3116 1321 induxit
3137 1306 3152 1330 .
3184 1267 3251 1322 ad
3286 1268 3419 1325 iram
3448 1272 3687 1331 incitavit
3714 1318 3743 1346 τ

2145 1346 2340 1418 linguae
2365 1349 2577 1406 frenum
2611 1352 2740 1423 ipsis
2759 1353 2999 1421 abstulit,
3029 1365 3083 1412 et
3108 1357 3327 1428 ianuam
3356 1363 3467 1419 oris
3490 1367 3689 1423 avulsit
3713 1410 3742 1436 γ

2146 1440 2291 1495 venti
2313 1440 2482 1498 instar
2505 1444 2743 1500 animum
2766 1446 3182 1522 circumquaque
3208 1452 3372 1523 agitat
3395 1494 3423 1522 τ
3440 1465 3498 1512 et
3528 1458 3579 1513 in
3608 1474 3735 1529 pro-

2143 1532 2362 1589 fundum
2406 1536 2673 1593 malorum
2705 1539 2959 1610 scapham
3003 1540 3282 1614 demergit.
3315 1546 3453 1613 Quid
3486 1547 3644 1619 igitur
3669 1552 3737 1608 in

2145 1631 2294 1680 tanto
2318 1627 2558 1695 periculo
2592 1628 2803 1684 miraris
2827 1639 2881 1685 et
2907 1630 3259 1689 invidendum
3277 1647 3429 1706 putas
3457 1638 3483 1692 ?
3509 1648 3565 1694 et
3582 1656 3732 1712 qua:-

2142 1729 2265 1770 nam
2288 1714 2403 1772 haec
2430 1726 2515 1773 est
2541 1717 2809 1777 dementia
2832 1720 2862 1774 τ
2884 1722 3016 1778 Cum
3045 1724 3111 1781 iis
3139 1741 3268 1781 vero
3293 1743 3414 1799 qua:
3442 1730 3585 1787 dicta
3608 1744 3739 1790 sunt

2143 1807 2315 1878 cogita
2344 1851 2359 1875 ,
2384 1820 2512 1881 quot
2532 1811 2776 1868 inimicos
2803 1823 2859 1871 et
2882 1826 3241 1887 accusatores,
3267 1831 3399 1891 quot
3426 1822 3734 1883 adulatores

2144 1898 2338 1956 habeat
2357 1916 2416 1958 se
2444 1903 2774 1960 obsidentes.
2804 1905 3050 1963 [hiccine
3087 1909 3250 1980 igitur
3275 1952 3289 1972 .
3313 1929 3495 1984 quasso
3517 1958 3532 1981 ,
3572 1917 3735 1989 digna

2142 2002 2270 2049 sunt
2297 2011 2416 2065 qum
2437 1995 2590 2051 beata
2619 1996 2982 2068 pricdicenlur
3004 2001 3029 2054 τ
3056 2000 3256 2073 Ecquis
3278 2003 3379 2060 hoc
3398 2004 3645 2063 dixerit?
3660 2010 3738 2064 At

2141 2087 2284 2156 apud
2314 2088 2594 2158 populum,
2623 2091 2855 2161 inquies,
2878 2090 3199 2149 celebratur.
3238 2094 3437 2167 Ecquid
3467 2098 3568 2155 hoc
3597 2110 3680 2157 est
3706 2102 3734 2157 ἲ

2140 2174 2324 2248 Neque
2353 2180 2494 2234 enim
2519 2181 2746 2252 populus
2772 2192 2856 2239 est
2884 2183 3022 2241 Deus
3041 2226 3056 2250 ,
3086 2186 3171 2241 cui
3194 2187 3318 2244 vita
3345 2191 3581 2247 rationes
3604 2194 3727 2250 red-

2140 2271 2350 2328 diturus
2372 2274 2461 2329 sit.
2491 2272 2671 2345 itaque
2695 2275 2914 2346 quando
2944 2278 3201 2349 populum
3233 2279 3394 2349 dicis,
3424 2283 3556 2339 nihil
3579 2286 3739 2344 aliud

2138 2379 2410 2421 memoras
2437 2409 2452 2434 ,
2481 2383 2640 2439 quam
2668 2366 2851 2424 obices
2880 2409 2896 2437 ,
2928 2370 3179 2438 scopulos
3202 2413 3217 2439 ,
3254 2372 3442 2429 brevia
3460 2419 3476 2443 ,
3515 2377 3725 2435 latentia

2139 2472 2289 2513 saxa.
2324 2455 2418 2513 illa
2448 2459 2591 2515 enim
2623 2460 2674 2515 iu
2701 2461 2903 2532 populo
2927 2462 3232 2531 celebritas,
3265 2469 3727 2539 minuto-splendi-

2139 2547 2342 2605 diorem
2374 2550 2570 2619 reddit,
2590 2560 2740 2608 tanto
2765 2553 3058 2623 majoribus
3088 2564 3234 2626 patet
3261 2558 3532 2628 periculis,
3560 2563 3724 2629 curis,

2138 2642 2482 2697 maeroribus.
2509 2642 2641 2698 Nam
2660 2643 2751 2715 qui
2778 2644 2897 2699 talis
2918 2653 3021 2712 est,
3049 2661 3150 2702 nec
3173 2656 3318 2704 stare
3339 2664 3440 2706 nec
3464 2652 3729 2722 respirare

2138 2742 2338 2803 potest,
2370 2750 2491 2790 cum
2522 2746 2631 2790 tam
2650 2736 2903 2791 acerbum
2931 2736 3126 2794 habeat
3159 2738 3455 2796 dominum.
3502 2743 3568 2799 Et
3595 2747 3735 2815 quid

2138 2824 2259 2881 dico
2287 2834 2431 2883 stare
2457 2827 2544 2883 vel
2583 2828 2851 2898 respirare
2876 2830 2901 2885 2
2927 2829 3148 2889 Etiamsi
3194 2832 3241 2889 is
3276 2838 3543 2894 sexcentis
3572 2840 3733 2897 bonis

2138 2919 2391 2989 operibus
2419 2921 2488 2976 sit
2508 2922 2766 2992 pracditus
2785 2964 2798 2987 ,
2823 2922 3037 2980 difficile
3069 2925 3120 2980 in
3150 2941 3372 2999 regnum
3408 2931 3723 3000 ingreditur.

2137 3010 2285 3067 Nihil
2303 3013 2445 3068 enim
2468 3013 2790 3071 labefactare
2820 3017 2956 3072 solet
2984 3059 3001 3085 ,
3046 3027 3105 3073 ιιι
3133 3021 3425 3077 multorum
3456 3026 3727 3084 existima-

2139 3106 2231 3171 tio,
2265 3122 2383 3177 qutc
2409 3107 2642 3174 timidos,
2677 3109 2965 3166 illiberalcs
2985 3154 2998 3175 ,
3024 3112 3330 3170 adulatores
3359 3118 3724 3177 simulatorcs-

2138 3215 2243 3271 quc
2268 3199 2414 3256 facit.
2446 3199 2555 3258 Cur
2592 3219 2721 3275 ergo
2750 3204 3001 3260 Pharisari
3032 3192 3286 3264 diceliant
3309 3209 3581 3268 Christum
3610 3213 3727 3270 da:-

2137 3292 2440 3348 moniacum
2485 3295 2653 3350 esse?
2695 3296 2888 3351 Annon
2931 3297 3054 3366 quia
3098 3298 3237 3369 vulgi
3275 3302 3732 3361 existimationem

2137 3386 2472 3457 captabant?
2497 3385 2607 3443 Cur
2653 3396 2831 3444 autem
2873 3390 3027 3445 multi
3056 3400 3260 3447 rectam
3290 3392 3360 3450 de
3387 3394 3481 3450 illo
3509 3407 3727 3453 senten-

2139 3479 2264 3534 tiam
2305 3479 2556 3535 ferebant
2579 3482 2604 3534 ?
2639 3479 2829 3537 Nonne
2858 3482 2981 3552 quia
3018 3481 3122 3540 hoc
3151 3483 3345 3541 morbo
3378 3502 3484 3543 non
3514 3488 3725 3546 detine-

2136 3569 2379 3627 bantur?
2406 3571 2550 3627 Nihil
2578 3573 2721 3629 enim
2745 3615 2761 3640 ,
2786 3574 2920 3629 nihil
2943 3586 3093 3631 certe
3113 3576 3361 3635 homines
3387 3580 3466 3635 sic
3492 3581 3721 3652 iniquos,

2135 3664 2215 3719 sic
2247 3665 2441 3721 stultos
2469 3665 2657 3733 efﬁcit,
2680 3681 2839 3736 quam
2863 3666 3005 3739 quod
3029 3667 3095 3723 ad
3125 3668 3417 3726 multorum
3447 3672 3723 3729 existima-

2137 3759 2336 3814 tionem
2368 3757 2612 3824 inhient;
2636 3758 2769 3814 nihil
2796 3760 2868 3814 ita
2894 3759 3149 3830 probatos
3169 3770 3330 3831 atque
3346 3762 3720 3822 adamantinos

2135 3848 2330 3915 reddit,
2364 3859 2424 3905 nt
2452 3850 2645 3906 famam
2661 3851 2965 3921 despicere.
2988 3851 3169 3922 Quare
3193 3852 3485 3910 fortissimo
3502 3857 3724 3929 quisque

2134 3957 2271 4013 opus
2301 3942 2461 3999 habet
2485 3943 2664 3999 animo
2694 3986 2707 4011 ,
2740 3953 2801 3999 ut
2826 3944 2986 4015 hujus
3007 3946 3153 4002 venti
3180 3947 3399 4018 impetui
3424 3958 3480 4004 et
3504 3949 3557 4005 vi
3587 3951 3721 4006 resi-

2133 4048 2277 4093 stere
2301 4036 2488 4108 possit.
2516 4035 2648 4091 Nam
2677 4035 2892 4108 quando
2913 4052 3171 4108 prospere
3193 4054 3307 4094 rem
3320 4041 3449 4110 agit,
3476 4042 3724 4098 omnibus

2132 4143 2192 4184 se
2219 4128 2496 4200 anteponit
2525 4144 2541 4194 ;
2582 4143 2703 4183 cum
2734 4129 3001 4184 contraria
3029 4128 3282 4185 accidunt
3307 4172 3322 4197 ,
3351 4131 3589 4202 seipsum
3612 4134 3723 4189 suf.

2132 4220 2317 4276 fodere
2343 4220 2490 4291 cupit
2514 4236 2531 4287 ;
2562 4229 2616 4275 et
2637 4219 2741 4276 hoc
2769 4220 2869 4291 ipsi
2899 4231 2953 4277 et
2969 4222 3215 4292 gehenna
3245 4223 3405 4279 simul
3425 4234 3480 4281 et
3497 4241 3727 4299 regnum

2136 4322 2241 4380 est,
2273 4329 2397 4369 cum
2424 4313 2528 4370 hoc
2546 4314 2711 4369 animi
2738 4314 2928 4370 morbo
2959 4315 3223 4372 obruitur.

2203 4405 2257 4461 5.
2290 4405 2554 4472 Haecine,
2582 4419 2785 4476 quaeso.
2818 4405 3012 4461 invidia
3047 4407 3206 4478 digna
3231 4409 3393 4465 sunt?
3417 4423 3596 4467 nonne
3623 4426 3721 4483 pu-

2133 4497 2238 4552 tius
2276 4496 2488 4553 fletibus
2520 4511 2585 4553 ac
2627 4497 2917 4568 laerymis?
2948 4497 3145 4570 Utique
3178 4501 3230 4556 id
3259 4502 3510 4559 omnibus
3551 4505 3721 4574 palam

2130 4600 2237 4646 est.
2265 4589 2347 4646 Tu
2375 4606 2506 4646 vero
2531 4590 2759 4661 idipsum
2784 4591 2933 4658 facis,
2967 4607 3089 4648 cum
3117 4593 3171 4650 ei
3198 4595 3387 4666 quisic
3422 4598 3725 4655 celebratur

2130 4682 2359 4751 invides,
2385 4699 2450 4738 ac
2478 4683 2523 4739 si
2564 4684 2684 4755 quis
2715 4685 2982 4741 hominem
3017 4685 3206 4743 videns
3245 4689 3476 4745 vinctum
3525 4707 3588 4746 ac
3625 4692 3723 4748 ﬂa-

2128 4776 2281 4847 gellis
2307 4791 2524 4842 caesum,
2557 4776 2625 4831 ab
2659 4776 3060 4849 innumerisque
3097 4778 3226 4835 feris
3254 4791 3539 4853 raptatum,
3586 4784 3724 4839 invi-

2129 4870 2283 4925 deret
2310 4868 2476 4939 ipsius
2507 4869 2676 4940 plagis
2714 4878 2771 4925 et
2802 4871 3130 4928 vulneribus.
3160 4871 3293 4928 Nam
3322 4885 3453 4946 quot
3481 4875 3726 4933 homines

2129 4962 2184 5017 in
2215 4961 2411 5033 populo
2439 4970 2582 5030 sunt,
2628 4972 2705 5017 tot
2734 4963 2894 5018 habet
2931 4964 3020 5020 hic
3051 4964 3278 5031 vincula,
3317 4977 3390 5023 tot
3429 4967 3677 5025 dominos
3709 4989 3723 5024 :

2127 5054 2379 5126 quodque
2403 5058 2616 5125 gravius
2641 5063 2745 5123 est,
2774 5053 3002 5112 diversa:
3023 5068 3148 5113 sunt
3172 5059 3395 5130 singulis
3419 5063 3723 5130 sententiae,

2129 5159 2324 5221 etquae
2344 5150 2513 5206 menti
2542 5161 2861 5206 succurrunt
2884 5150 2952 5207 de
2973 5152 3329 5208 servientibus
3357 5155 3457 5210 sibi
3487 5165 3730 5213 statuunt

2129 5256 2337 5309 omnes,
2370 5241 2501 5297 nihil
2526 5242 2918 5309 examinantes,
2947 5243 3043 5299 sed
3078 5260 3197 5314 qua:
3238 5243 3365 5301 huic
3398 5247 3481 5302 vel
3512 5247 3590 5302 illi
3615 5249 3727 5305 visa

2125 5332 2327 5389 fuerint
2351 5332 2754 5389 conlirmantes.
2782 5333 2910 5388 Ηωο
2929 5335 3122 5405 quibus
3149 5334 3419 5402 ﬂuctibus,
3454 5353 3558 5409 qua
3588 5347 3727 5394 tem-

2127 5432 2336 5492 pestate
2364 5422 2607 5494 graviora
2637 5439 2744 5479 non
2773 5426 2936 5479 sunt?
2965 5425 3174 5481 Etenim
3215 5427 3261 5481 is
3301 5427 3455 5483 facile
3492 5430 3668 5483 statim
3695 5446 3727 5485 a

2126 5516 2401 5585 voluptate
2439 5514 2675 5581 inflatur,
2713 5524 2768 5570 et
2807 5515 2962 5573 facile
3006 5533 3216 5573 rursum
3248 5518 3629 5591 submergitur,
3671 5520 3725 5574 in

2130 5606 2254 5662 vitzc
2278 5605 2696 5677 inasquabilitate
2724 5622 2959 5677 semper,
2993 5608 3045 5663 in
3074 5610 3255 5680 quiete
3285 5626 3573 5682 numquam
3606 5626 3728 5681 per-

2129 5709 2298 5755 stans.
2327 5697 2461 5754 Nam
2501 5707 2784 5769 antequam
2819 5701 2871 5754 iu
2910 5701 3185 5758 concionis
3218 5701 3484 5757 theatrum
3526 5702 3726 5771 veniat,

2128 5798 2187 5843 et
2209 5799 2492 5858 antequam
2514 5786 2837 5843 laboriosam
2864 5793 3160 5846 orationem
3189 5790 3425 5861 incipiat,
3456 5792 3646 5847 uinxius
3670 5801 3729 5847 et

2132 5892 2367 5938 ueniens
2385 5891 2501 5948 est;
2531 5889 2651 5951 post
2675 5880 2911 5938 solutum
2940 5899 3069 5941 vero
3091 5883 3358 5941 theatrum
3385 5884 3468 5941 vel
3495 5897 3726 5942 interere
