4118 6496
240 463 356 525 (£3

239 584 434 658 φησὶν,
465 584 546 637 ὅτι
578 582 815 656 πονηρὸν
841 584 875 654 ἡ
914 581 1211 654 βασκανίας
1254 585 1467 654 ’Δγνοεῖ
1503 588 1602 658 μὲν
1631 589 1824 653 οὐδείς·
1860 591 1922 644 οὐ

240 668 359 739 μὴν
388 666 485 738 τὴν
510 661 681 731 αὐτὴν
711 667 840 737 περὶ
862 665 1119 739 πορνείας
1140 667 1232 720 καὶ
1263 670 1512 739 μοιχείας
1539 670 1723 741 ἔχουσι
1744 673 1920 741 δόξαν,

236 750 343 804 καὶ
370 749 498 820 περί
527 749 620 803 τοῦ
650 749 855 812 πάθους
889 749 1102 805 τούτου.
1126 751 1267 805 Πότε
1291 752 1422 821 γοῦν
1453 753 1648 808 ἑαυτοῦ
1683 773 1766 819 τις
1790 774 1924 810 κατ-

236 833 390 902 έγνω
417 832 629 905 πικρῶς
657 832 963 904 βασκήναςς
1000 834 1133 887 πότε
1169 834 1300 889 Θεόν
1334 833 1570 906 ἠξίωσεν
1615 836 1757 910 ὑπὲρ
1800 838 1924 893 τού-

234 931 346 971 του
376 914 472 970 τοῦ
504 917 831 987 νοσήματος,
861 916 1003 970 ὥστε
1033 918 1287 987 γενέσθαι
1315 921 1465 992 αὐτῷ
1491 922 1687 989 ῖλεων;
1731 923 1923 988 Οὐδεὶς

233 998 520 1054 οὐδέποτε⁸
556 1000 671 1054 ἀλλ’
701 1003 749 1055 εἰ
778 1001 1066 1070 νηστεύσει
1091 1003 1134 1034 ⁸⁸
1162 1003 1257 1055 καὶ
1286 1003 1478 1075 πένητι
1502 1004 1579 1075 δῷ
1606 1007 1801 1077 μικρὸν
1824 1008 1924 1078 ἀρ·

233 1079 454 1150 γύριον,
509 1083 615 1136 κᾶν
660 1080 922 1154 μυριάκις
967 1080 1236 1151 βάσκανος
1266 1079 1324 1156 ᾖ,
1378 1085 1534 1139 οὐδὲν
1570 1087 1786 1157 ἡγεῖται
1834 1103 1924 1140 πε-

233 1167 532 1237 ποιηκέναι
564 1165 758 1230 δεινὸν,
794 1164 873 1237 τῷ
910 1164 1130 1221 πάντων
1183 1167 1511 1240 μιαρωτέρῳ
1558 1168 1922 1240 κατεχόμενος

234 1249 427 1305 πάθει.
475 1248 647 1304 Πόθεν
685 1248 819 1318 γοῦν
847 1250 875 1303 6
921 1249 1063 1305 Κάῖν
1105 1248 1345 1315 τοιοῦτος
1390 1251 1642 1318 ἐγένετο;
1682 1250 1845 1305 πόθεν
1894 1252 1924 1303 6

246 1332 455 1399 Ἦσαῦς
498 1331 661 1387 πόθεν
690 1334 740 1386 οί
767 1330 867 1386 τοῦ
892 1332 1080 1388 Λάϐαν
1116 1334 1335 1402 παῖδες;
1367 1333 1532 1388 πόθεν
1577 1335 1628 1388 οἰ
1664 1333 1758 1387 τοῦ
1819 1334 1925 1387 Ἰα-

232 1415 360 1471 κὼϐ
386 1416 491 1470 υἱοί
510 1434 525 1484 ;
548 1416 713 1471 πόθεν
738 1417 788 1469 οἰ
821 1416 952 1488 περὶ
969 1417 1117 1489 Κορὲ
1150 1418 1244 1472 καὶ
1276 1417 1456 1473 Διαθάν
1493 1420 1590 1474 καὶ
1625 1415 1919 1491 Ἀϐειρών;

231 1499 406 1555 πόθεν
432 1499 662 1571 Μαρίας
703 1498 869 1554 πόθεν
900 1498 1168 1572 ,Ἀαρών;
1205 1501 1371 1556 πόθεν
1400 1502 1562 1568 αὐτὸς
1587 1506 1616 1557 6
1644 1502 1919 1571 διάϐολος;

304 1618 373 1673 δ’.
392 1617 548 1672 Μετά
573 1615 779 1671 τούτων
796 1618 1016 1672 κάκεῖνο
1034 1617 1228 1683 ἐννόει,
1255 1618 1416 1673 ὅτιού
1438 1620 1529 1674 τὸν
1557 1618 1922 1691 φθονούμενον

228 1700 465 1764 ἀδικεῖς,
496 1699 633 1757 ἀλλὰ
661 1699 803 1754 κατά
832 1700 1031 1754 σαυτοῦ
1060 1700 1122 1754 τὸ
1152 1700 1315 1772 ξίφος
1355 1701 1536 1767 ὠθεῖς.
1587 1703 1651 1756 Τί
1689 1703 1797 1775 7&9
1829 1701 1921 1757 τὸν

234 1783 413 1837 Ἀϐελ
436 1782 694 1853 ἠδίκησεν
715 1784 744 1836 6
766 1782 906 1836 Κάῖν
929 1799 945 1848 ;
965 1782 1080 1838 Οὐκ
1094 1784 1302 1839 ἐκεῖνον
1324 1784 1424 1856 μὲν
1443 1787 1486 1818 ¹²
1507 1785 1804 1859 ταχύτερον
1826 1786 1921 1841 καὶ

228 1868 388 1921 ἄκων
413 1869 494 1931 εἰς
529 1865 807 1936 βασιλείαν
831 1866 1215 1938 παρέπεμψεν,
1239 1868 1432 1922 ἐαυτὸν
1454 1867 1512 1922 δὲ
1535 1870 1752 1940 μυρίοις
1775 1886 1924 1940 περι-

230 1951 428 2023 έπειρε
460 1951 671 2013 κακοῖς.
707 1949 773 2003 Τί
817 1948 910 2003 τὸν
951 1949 1144 2003 Ἰακὼϐ
1189 1950 1471 2021 ἔϐλαψενό
1507 1951 1715 2020 Ἦσαῦ;
1745 1952 1866 2023 οὐχὶ
1895 1954 1924 2007 6

232 2034 338 2103 μὲν
364 2031 615 2087 ἐπλούτει
658 2033 752 2086 καὶ
799 2033 1008 2104 μυρίων
1035 2033 1306 2088 ἀπέλαυεν
1334 2035 1379 2067 ¹³
1402 2034 1646 2105 ἀγαθῶν,
1670 2036 1833 2099 αὐτὸς
1865 2036 1924 2090 δέ

228 2116 331 2170 καὶ
384 2115 488 2186 τῆς
537 2114 798 2186 πατρῴας
851 2115 1028 2181 οἰκίας
1077 2116 1353 2185 ἐξέπιπτε,
1406 2118 1501 2172 καὶ
1547 2119 1606 2172 ἐν
1664 2118 1923 2190 ἀλλοτρία

230 2200 511 2254 ἐπλανᾶτο
544 2199 681 2270 μετά
710 2199 810 2270 τὴν
851 2198 1144 2271 ἐπιϐουλὴν
1182 2201 1434 2273 ἐκείνην;
1464 2202 1530 2256 Τί
1555 2201 1613 2256 δὲ
1652 2204 1703 2256 οί
1734 2203 1924 2268 παῖδες

227 2282 425 2337 τούτου
461 2282 553 2336 τὸν
579 2283 623 2315 ί*
668 2282 864 2354 Ἰωσὴφ
906 2282 1170 2353 ἐποίησαν
1200 2285 1368 2357 χείρω
1393 2286 1459 2348 ⁸⁸,
1493 2286 1590 2341 καὶ
1619 2287 1794 2341 ταῦτα
1822 2287 1921 2359 μέ-

228 2383 358 2438 χρις
383 2367 615 2437 αἵματος
642 2366 927 2432 ὲλθόντες;
974 2365 1123 2439 μετ]
1150 2369 1269 2440 ούχί
1311 2364 1455 2425 οὗτοι
1490 2371 1590 2439 μὲν
1626 2372 1720 2426 καὶ
1765 2371 1922 2442 λιμὸν

229 2450 536 2521 ὑπέμειναν
560 2450 657 2504 καί⁸
687 2450 818 2522 περὶ
848 2450 958 2504 τῶν
1003 2452 1249 2522 ἐσχάτων
1283 2454 1683 2520 ἐκινδύνευσαν,
1715 2457 1922 2521 ἐκεῖνος

226 2535 285 2589 δὲ
324 2533 581 2605 βασιλεὺς
614 2532 806 2602 γέγονε
850 2533 951 2603 τῆς
998 2534 1276 2603 Αἰγύπτου
1323 2538 1580 2609 ἁπάσης;
1615 2540 1764 2609 Ὅσῳ
1811 2538 1921 2611 γὰρ

227 2616 297 2669 ἂν
341 2615 561 2687 φθονῇς,
588 2613 829 2685 τοσούτῳ
853 2614 976 2687 γίνῃ
1015 2616 1057 2647 ¹⁶
1094 2616 1355 2688 μειζόνων
1393 2620 1651 2692 πρόξενος
1700 2622 1920 2691 ἀγαθῶν

225 2699 310 2770 τῷ
344 2697 709 2769 φθονουμένῳ.
743 2697 874 2762 Θεὸς
899 2700 1008 2770 γάρ
1035 2700 1181 2754 ἐστιν
1220 2701 1248 2753 6
1279 2701 1452 2756 ταῦτα
1486 2703 1529 2735 ⁸⁷
1553 2703 1792 2775 ἐφορῶνο
1825 2705 1922 2759 καὶ

226 2781 363 2838 ὅταν
409 2782 499 2855 ἴδῃ
537 2781 630 2835 τὸν
673 2781 827 2836 οὐδὲν
875 2782 1168 2838 ἀδικοῦντα
1209 2784 1584 2856 ἀδικούμενον,
1627 2787 1791 2841 αὐτὸν
1821 2789 1922 2859 μὲν

228 2866 454 2935 ἐπαίρει
482 2863 684 2936 μᾶλλον
709 2866 806 2920 καὶ
827 2867 975 2919 ποιεῖ
998 2866 1250 2939 λαμπρὸν
1280 2867 1474 2940 ταύτῃ,
1507 2869 1567 2923 σέ
1595 2868 1652 2922 δὲ
1678 2868 1918 2934 κολάζει.

228 2951 292 3005 Εἰ
321 2949 433 3020 7&9
466 2949 596 3012 τοὺς
623 2949 987 3019 ἐφηδομένους
1010 2952 1125 3013 τοῖς
1158 2949 1373 3021 ἐχθροῖς
1411 2952 1511 3005 οὐκ
1538 2952 1762 3022 ἀφίησιν
1804 2952 1925 3006 ἀτι-

232 3032 452 3104 μωρητὶ
486 3030 798 3103 παρελθεῖν,
818 3032 916 3101 Μὴ
947 3033 1219 3101 ἐπίχαιρε
1250 3036 1379 3104 γὰρ,
1410 3034 1598 3104 φησὶν,
1627 3034 1726 3088 ἐπὶ
1765 3035 1919 3089 πτώ-

223 3135 370 3188 ματι
396 3114 627 3185 ἐχθρῶν
662 3131 801 3179 σου,
825 3115 911 3185 μή
959 3133 1103 3171 ποτε
1157 3117 1257 3187 ἴδῃ
1300 3120 1334 3171 ό
1388 3116 1552 3184 Θεὸς,
1582 3119 1681 3173 καὶ
1724 3121 1797 3174 οὐ
1828 3119 1917 3189 μὴ

228 3199 426 3268 ἀρέσῃ
473 3198 667 3267 αὐτῷ’
719 3198 900 3268 πολλῷ
951 3198 1150 3269 μᾶλλον
1200 3200 1328 3263 τοὺς
1380 3200 1766 3271 βασκαίνοντας
1809 3205 1923 3268 τοῖς

227 3284 383 3338 οὐδὲν
435 3284 773 3355 ἠδικηκόσιν.
820 3282 1176 3352 Ἐκκόψωμεν
1215 3282 1394 3337 τοίνυν
1436 3283 1499 3336 τὸ
1549 3284 1922 3355 πολυκέφαλον

229 3366 442 3440 θηρίον.
468 3369 579 3423 Kal
611 3368 721 3440 7&9
751 3366 922 3421 πολλά
947 3367 1013 3420 τά
1044 3367 1157 3436 εῖδη
1186 3369 1286 3437 τῆς
1311 3365 1629 3437 βασκανίας.
1665 3368 1731 3422 Εἰ
1757 3370 1866 3441 γάρ
1892 3369 1922 3422 6

226 3453 326 3506 τὸν
366 3452 626 3521 φιλοῦντα
667 3450 899 3520 ἀγαπῶν
949 3450 1104 3504 οὐδὲν
1147 3448 1308 3504 πλέον
1338 3448 1452 3520 ἔχει
1489 3448 1586 3502 τοῦ
1612 3450 1866 3518 τελώνου,
1892 3452 1923 3506 6

226 3538 324 3590 τὸν
354 3536 505 3589 οὐδὲν
542 3534 834 3588 ἀδικοῦντα
872 3533 1045 3605 μισῶν
1083 3531 1186 3586 ποῦ
1240 3533 1535 3603 στήσεταις
1582 3532 1700 3596 πῶς
1735 3533 1792 3586 δὲ
1826 3536 1921 3588 ἐκο

228 3620 492 3687 φεύξεται
535 3618 633 3689 τὴν
665 3619 912 3687 γέενναν,
943 3615 1051 3669 τῶν
1082 3614 1312 3669 ἐθνικῶν
1348 3615 1548 3686 χείρων
1594 3616 1876 3686 γινόμενος
1904 3634 1920 3685 ;

229 3703 327 3755 Διὸ
364 3700 459 3753 καὶ
498 3700 704 3772 σφόδρα
740 3698 1031 3777 ὀδυκνῶμαι,
1063 3696 1145 3750 ὅτι
1178 3697 1227 3750 οἰ
1254 3696 1381 3759 τοὺς
1406 3696 1692 3766 ἀγγέλους,
1721 3699 1923 3768 μᾶλλον

228 3787 287 3839 δὲ
320 3785 364 3816 ¹⁸
393 3783 502 3837 τῶν
526 3783 774 3852 ἀγγέλων
808 3781 901 3835 τὸν
930 3780 1209 3850 Δεσπότην
1240 3778 1523 3850 μιμεῖσθαι
1556 3780 1920 3852 κελευόμενοι,

228 3868 326 3921 τὸν
355 3866 599 3920 διάϐολον
629 3864 921 3936 ζηλοῦμεν.
951 3864 1062 3918 Kal
1076 3862 1185 3935 7&9
1209 3861 1377 3932 πολλὴ
1402 3862 1496 3915 καὶ
1515 3861 1572 3916 ἐν
1588 3865 1654 3935 τῇ
1698 3863 1925 3938 Ἐκκλη-

232 3952 329 4022 cia
360 3953 393 4020 ή
425 3949 693 4018 βασκανία
713 3964 728 3980 ·
761 3947 962 4021 μᾶλλον
985 3946 1042 4000 δὲ
1076 3947 1121 3979 ³³
1146 3947 1205 4000 ὲν
1230 3948 1363 4019 ἡμῖν
1389 3945 1421 4017 ἢ
1458 3948 1516 4001 ἐν
1538 3950 1652 4011 τοῖς
1679 3949 1924 4021 ἀρχομέ-

229 4050 366 4097 νοις.
394 4033 484 4086 Διὸ
507 4032 602 4084 καὶ
625 4033 759 4101 ἡμῖν
801 4031 984 4092 αὐτοῖς
1026 4029 1357 4084 διαλεκτέον.
1389 4028 1545 4092 Τίνος
1575 4029 1684 4100 7&9
1712 4030 1919 4094 ἕνεκεν,

230 4118 357 4171 εἰπέ
388 4134 500 4188 μοι,
525 4114 839 4187 βασκαίνεις
862 4112 940 4185 τῷ
962 4112 1220 4184 πλησίον;
1252 4113 1373 4165 Ὅτι
1394 4112 1561 4182 τιμῆς
1582 4111 1924 4168 ἀπολαύοντα

232 4200 453 4271 βλέπεις
480 4200 573 4254 καὶ
607 4197 861 4270 χρηστῶν
895 4197 1156 4268 ῥημάτων
1181 4213 1196 4263 ;
1226 4191 1363 4250 Εἶτα
1395 4197 1496 4249 οὑκ
1524 4197 1922 4269 ἐννοεῖς-πόσον

229 4286 460 4356 φέρουσι
484 4282 655 4337 κακὸν
684 4283 739 4337 al
768 4281 929 4351 τιμαὶ
954 4282 1067 4344 τοῖς
1098 4278 1174 4351 μὴ
1207 4278 1602 4350 προσέχουσιν;
1651 4282 1732 4343 εἰς
1772 4296 1923 4334 κενο-

229 4368 413 4432 δοξίαν
464 4367 738 4439 αίρουσαι,
787 4365 867 4427 είς
908 4361 1106 4432 τῦφον,
1160 4363 1241 4425 εἰς
1292 4361 1572 4425 ἀπόνοιαν,
1623 4363 1703 4426 εἰς
1755 4362 1924 4431 ὑπερ-

230 4452 414 4522 οψίαν,
470 4448 879 4524 ρᾳθυμοτέρους
920 4446 1205 4502 ποιοῦσαι·
1254 4445 1347 4498 καὶ
1391 4444 1531 4516 μετὰ
1570 4445 1774 4499 τούτων
1814 4444 1922 4498 τῶν

231 4534 421 4589 κακῶν
442 4534 537 4587 καὶ
566 4530 917 4604 μαραίνονται
953 4530 1170 4602 ῥᾳδίως.
1196 4528 1269 4581 Τὸ
1296 4527 1407 4597 γὰρ
1434 4527 1499 4597 δὴ
1540 4526 1923 4598 χαλεπώτατον

229 4619 414 4682 τοῦτο,
440 4618 522 4672 ὅτι
560 4616 630 4671 τά
661 4616 758 4687 μὲν
799 4614 861 4679 ἐξ
896 4613 1062 4668 αὐτοῦ
1107 4613 1151 4645 ³ο
1196 4613 1344 4666 κακὰ
1376 4610 1623 4666 ἀθάνατα
1668 4612 1848 4682 μένει·
1886 4615 1919 4684 ἡ

231 4700 288 4757 δὲ
313 4701 479 4773 ἡδονὴ
511 4698 651 4772 ὁμοῦ
696 4717 757 4753 τε
809 4699 986 4768 ἐφάνη
1036 4697 1133 4752 καὶ
1174 4696 1419 4769 ἀπέπτη.
1466 4696 1566 4750 Διά
1611 4696 1783 4751 ταῦτα
1831 4691 1923 4751 οὖν

235 4786 587 4855 βασκαίνεις;
642 4782 768 4837 εἰπέ
822 4798 932 4854 μοι.
992 4780 1130 4834 Ἀλλ’
1172 4779 1420 4845 ἐξουσίαν
1473 4778 1586 4851 ἔχει
1639 4778 1792 4851 παρὰ
1843 4779 1924 4850 τῷ

233 4866 526 4939 κρατοῦντι
559 4865 782 4938 πολλὴν,
809 4865 903 4919 καὶ
935 4864 1057 4932 άγει
1087 4862 1181 4917 καὶ
1214 4863 1369 4934 φέρει
1400 4862 1578 4919 πάντα
1609 4861 1919 4926 ὃποιθέλει,

234 4952 480 5017 καὶτοὺς
513 4948 955 5022 προσκρούοντας
989 4947 1170 5013 λυπεῖ,
1224 4947 1319 5001 καὶ
1360 4946 1490 5010 τοὺς
1531 4944 1924 5007 κολακεύοντας

234 5037 532 5107 εὐεργετεῖ,
558 5034 655 5089 καὶ
697 5032 897 5104 πολλὴν
929 5032 1042 5103 ἔχει
1082 5030 1331 5101 δύναμιν.
1365 5028 1647 5084 Βιωτικῶν
1673 5029 1715 5060 ³³
1749 5025 1924 5080 ταῦτα

233 5119 303 5173 τὰ
347 5121 586 5190 ῥήματα,
623 5118 718 5171 καὶ
754 5115 863 5171 τῶν
889 5118 956 5187 τῇ
1014 5117 1087 5186 γῇ
1134 5114 1577 5186 προσηλωμένων
1621 5111 1923 5182 ἀνθρώπων

235 5202 372 5256 ἔστί.
405 5201 510 5256 Τὸν
551 5200 662 5272 7&9
711 5199 1081 5271 πνευματικὸν
1124 5199 1277 5252 οὐδὲν
1331 5196 1573 5267 λυπῆσαι
1613 5195 1919 5267 δυνήσεται.

236 5287 303 5340 Τί
361 5287 472 5358 γὰρ
523 5285 673 5358 αὐτῷ
721 5287 769 5320 ²²
814 5286 1108 5357 ἐργάσεται
1172 5283 1389 5357 δεινόν;
1449 5280 1923 5353 ἀποχειροτονήσει

235 5369 335 5440 τῆς
390 5367 583 5435 ἀξίας;
637 5367 747 5421 Kal
798 5368 850 5421 τί
909 5368 1101 5434 τοῦτο;
1134 5368 1232 5420 Ἂν
1271 5367 1368 5438 μὲν
1406 5366 1516 5439 γὰρ
1555 5364 1797 5429 δικαίως,
1829 5363 1924 5416 καὶ

236 5450 525 5521 ὠφελεῖται
545 5469 558 5483 ·
586 5451 741 5506 οὐδὲν
771 5451 877 5520 γὰρ
901 5451 1044 5505 οὖτω
1070 5451 1359 5525 παροξύνει
1392 5451 1546 5516 Θεὸν,
1577 5450 1654 5514 ὡς
1697 5448 1759 5502 τὸ
1791 5447 1923 5517 παρ’

1341 464 1411 525 ΙΝ
1448 469 1869 528 ΜΑἸἽἪᾹΞΕΜ
1908 466 2145 528 llOMlL.
2183 468 2299 527 XL.
2338 472 2410 529 al.
2453 471 2590 528 XLI.

3614 478 3725 536 8ᾶῦ

2032 589 2258 653 ἐκεῖνον,
2288 588 2389 642 οὐκ
2418 589 2513 642 ἐπὶ
2544 588 2732 644 τοῦτον
2759 591 2932 662 χωρεῖ
2950 607 2964 620 ·
2998 590 3026 645 6
3058 590 3168 664 γὰρ
3195 591 3397 659 ἀδίκως
3425 610 3480 649 τι
3510 595 3722 656 παθὼν.

2031 672 2127 725 καὶ
2157 671 2416 741 γενναίως
2448 670 2707 739 ἐνεγκὼν,
2740 672 2961 727 πλείονα
2998 673 3168 746 ταύτῃ
3212 677 3410 731 κτᾶται
3458 676 3595 748 πρὸς
3630 679 3723 732 τὸν

2030 756 2164 832 Θεὸν
2188 755 2287 827 τὴν
2312 755 2648 827 παρρησίαν.
2681 757 2773 828 Μὴ
2812 756 2990 812 τοίνυν
3024 758 3186 812 τοῦτο
3215 767 3528 832 σκοπῶμεν,
3571 763 3722 827 ὅπως

2030 831 2181 907 ὦμεν
2221 839 2279 891 ἐν
2326 837 2689 903 δυναστείαις,
2733 839 2828 891 xal
2872 839 2930 893 ἐν
2969 842 3173 910 τιμαῖς,
3215 842 3309 896 καὶ
3336 831 3719 910 ἐνέξουσίαις,

2029 921 2147 976 ἀλλ’
2174 921 2325 984 ὅπως
2354 915 2504 992 ὦμεν
2535 922 2595 974 ἐν
2616 922 2785 994 ἀρετῇ
2833 924 2928 978 καὶ
2971 924 3277 997 φιλοσοφίᾳ.
3324 927 3414 991 Ὠς
3445 928 3508 981 αῖ
3538 944 3602 996 γε
3634 927 3723 993 ἐξ·

2029 1004 2207 1059 ουσίαι
2237 1004 2405 1058 πολλὰ
2428 1005 2538 1059 τῶν
2563 1005 2642 1076 τῷ
2667 1006 2786 1077 Θεῷ
2816 1006 2892 1078 μὴ
2918 1007 3218 1063 δοκούντων
3244 1013 3417 1064 ποιεῖν
3445 1011 3716 1077 πείθουσι,

2031 1091 2124 1144 καὶ
2157 1089 2364 1162 σφόδρα
2405 1090 2659 1160 νεανικῆς
2706 1090 2787 1143 δεῖ
2830 1090 3030 1161 ψυχῆς,
3076 1091 3216 1147 ὥστε
3258 1095 3324 1164 τῇ
3366 1091 3596 1165 ἐξουσίᾳ
3637 1095 3716 1158 εἰς

2027 1172 2148 1226 δέον
2176 1172 2503 1244 χρήσασθαι.
2540 1173 2599 1225 'O
2633 1172 2731 1243 μέν
2763 1172 2876 1243 γὰρ
2907 1175 3352 1246 ἀπεστερημένος
3399 1176 3587 1247 αὐτῆς,
3622 1176 3717 1230 καὶ

2029 1252 2173 1309 ἑκὼν
2201 1254 2294 1310 καὶ
2330 1255 2479 1309 ἄκων
2504 1253 2813 1323 φιλοσοφεῖ·
2845 1256 2873 1307 6
2904 1255 2962 1307 δὲ
2994 1255 3282 1311 ἀπολαύων
3321 1258 3513 1330 αὐτῆς,
3542 1259 3719 1312 τοιοῦ-

2035 1340 2119 1392 τόν
2142 1355 2196 1392 τι
2229 1338 2450 1407 πάσχει,
2477 1331 2590 1392 οἷον
2625 1337 2692 1392 ἂν
2721 1337 2772 1390 εί
2797 1355 2882 1401 τις
2916 1338 3055 1412 κόρῃ
3099 1340 3362 1395 συνοικῶν
3390 1341 3586 1396 εὐειδεῖ
3622 1344 3717 1396 καὶ

2029 1422 2189 1492 καλῇ,
2242 1420 2441 1491 νόμους
2486 1420 2696 1485 δέξαιτο
2741 1419 2891 1493 [445]
2950 1422 3218 1492 μηδέποτε
3262 1425 3342 1488 εἰς
3380 1425 3548 1496 αὐτὴν
3588 1426 3719 1480 ἰδεῖν

2027 1503 2359 1567 ἀκολάστως.
2410 1502 2661 1556 Τοιοῦτον
2693 1503 2803 1575 7&9
2836 1505 2870 1574 ἡ
2918 1504 3157 1571 ἐξουσία.
3209 1507 3301 1560 Διὸ
3352 1507 3582 1572 πολλοὺς
3621 1510 3717 1564 καὶ

2028 1587 2260 1651 ἄκοντας
2291 1587 2371 1650 εἰς
2402 1586 2464 1640 τὸ
2492 1586 2733 1658 ὑϐρίζειν
2766 1586 3011 1648 ἐνέϐαλε,
3049 1589 3142 1641 καὶ
3178 1588 3345 1660 θυμὸν
3382 1591 3591 1662 ἤγειρε,
3620 1592 3717 1645 καὶ

2027 1669 2240 1741 χαλινὸν
2274 1669 2518 1741 γλώττης
2548 1668 2754 1739 ἀφεῖλε,
2784 1669 3075 1740 καὶ-θύραν
3112 1670 3385 1725 ἀνέσπασε
3425 1674 3714 1744 στόματος,

2026 1753 2217 1823 ὥσπερ
2239 1752 2345 1806 ὑπὸ
2369 1751 2676 1823 πνεύματος
2702 1750 2801 1822 τὴν
2822 1751 2999 1825 ψυχὴν
3021 1753 3473 1828 ἀναρριπίζουσα,
3506 1758 3601 1810 καὶ
3633 1758 3715 1822 εἰς

2026 1832 2118 1889 τὸν
2146 1834 2372 1905 ἔσχατον
2403 1834 2512 1887 τῶν
2552 1833 2739 1887 κακῶν
2771 1833 2931 1904 βυθὸν
2977 1836 3447 1902 καταποντίζουσα
3478 1839 3538 1892 τὸ
3577 1840 3713 1894 σκά-

2026 1934 2145 1987 φος.
2174 1917 2277 1971 Τὸν
2315 1913 2407 1973 οῦν
2433 1917 2481 1950 ³³
2509 1919 2566 1972 ἐν
2593 1917 2834 1988 τοσούτῳ
2859 1918 3088 1990 κινδύνῳ
3122 1919 3441 1991 θαυμάζεις,
3487 1922 3581 1975 καὶ
3615 1922 3714 1992 ζηο

2025 1998 2192 2054 λωτὸν
2223 1995 2363 2055 εἶναι
2412 1999 2553 2072 φῂς;
2594 1999 2689 2054 καὶ
2734 2000 2906 2072 πόσης
2947 2001 3120 2056 ταῦτα
3169 2004 3390 2071 ἀνοίας;
3430 2004 3715 2074 Ἐννόησον

2024 2082 2154 2152 γοῦν
2180 2084 2321 2155 μετά
2344 2082 2455 2138 τῶν
2484 2082 2806 2154 εἰρημένων,
2834 2084 3035 2149 πόσους
3060 2086 3287 2158 ἐχθροὺς
3332 2088 3427 2141 καὶ
3473 2089 3712 2159 κατηγό-

2030 2183 2174 2239 ρους,
2210 2167 2410 2229 πόσους
2448 2165 2508 2219 δὲ
2551 2165 2791 2230 κόλακας
2816 2160 2974 2232 οὗτος
3015 2168 3129 2240 ἔχει
3156 2169 3577 2243 πολιορκοῦντας
3608 2174 3713 2227 αὐέ-

2025 2251 2136 2306 τόν.
2159 2248 2325 2304 Ταῦτ’
2346 2244 2458 2315 οὖν,
2483 2249 2604 2302 εἰπέ
2640 2267 2752 2320 μοι,
2781 2251 3144 2323 μακαρισμῶν
3176 2252 3337 2320 ἄξιας
3376 2252 3488 2308 Kal
3525 2253 3610 2318 τίς
3645 2254 3712 2309 ἂν

2024 2333 2185 2386 τοῦτο
2206 2331 2389 2397 είποι;
2423 2331 2585 2385 Ἀλλά
2610 2331 2759 2403 παρά
2795 2332 2873 2403 τῷ
2894 2332 3029 2404 λαῷ,
3053 2334 3237 2405 φησὶν,
3266 2335 3561 2407 εὐδοκιμεῖ.
3599 2338 3714 2390 Καὶ

2024 2415 2077 2469 τί
2117 2413 2309 2481 τοῦτο;
2350 2415 2427 2468 Οὐ
2470 2414 2580 2485 γὰρ
2607 2414 2671 2483 δὴ
2712 2415 2740 2466 6
2769 2415 2895 2480 λαός
2923 2418 3067 2470 ἐστιν
3092 2419 3120 2470 6
3145 2416 3297 2483 Θεὸς,
3385 2418 3568 2489 μέλλει
3607 2418 3712 2484 τάς

2024 2498 2253 2564 εὐθύνας
2272 2500 2685 2569 ὑπέχειν.Ὤστε
2704 2500 2832 2553 ὅταν
2848 2499 2974 2553 λαὸν
2995 2498 3177 2572 εἴπης,
3198 2502 3351 2554 οὐδὲν
3369 2501 3494 2556 ἄλλο
3507 2501 3708 2571 λέγεις,

2025 2580 2059 2654 ἢ
2098 2581 2395 2653 προϐόλους
2432 2582 2676 2652 ἐτέρους,
2710 2581 2802 2635 καὶ
2837 2582 3149 2650 σκοπέλους,
3187 2584 3281 2637 καὶ
3321 2585 3577 2655 ὑφάλους,
3615 2589 3713 2641 καὶ

2026 2665 2307 2730 σπιλάδας.
2332 2664 2406 2719 Τὸ
2430 2664 2539 2735 γὰρ
2568 2664 2874 2735 εὐδοκιμεῖν
2901 2667 2959 2720 ἐν
2987 2666 3164 2737 δήμῳ,
3193 2668 3302 2738 ὅσῳ
3335 2667 3713 2742 λαμπρότερον

2025 2750 2187 2815 ποιεῖ,
2214 2748 2456 2820 τοσούτῳ
2506 2746 2725 2817 μείζους
2760 2748 2873 2819 ἔχει
2912 2748 3039 2812 τούς
3082 2748 3381 2816 κινδύνους,
3412 2751 3513 2814 τὰς
3545 2770 3713 2824 φρον-

2022 2831 2210 2898 τίδας,
2264 2832 2363 2896 τάς
2411 2831 2670 2902 ἀθυμίας.
2724 2831 3090 2887 Ἀναπνεῦσαι
3142 2832 3262 2904 γάρ-
3301 2835 3330 2886 6
3380 2835 3623 2900 τοιοῦτος
3675 2837 3712 2908 ἢ

2025 2914 2220 2985 στῆναι
2252 2916 2312 2969 οὐ
2362 2914 2585 2968 δύναται
2633 2914 2791 2979 ὅλως,
2837 2915 2979 2969 οὕτω
3015 2917 3211 2987 πικρὸν
3255 2917 3396 2989 ἔχων
3422 2920 3712 2992 δεσπότην.

2024 2999 2136 3053 Καὶ
2160 3000 2214 3051 τί
2236 2998 2380 3067 λέγω
2414 2998 2603 3069 στῆναι
2638 2998 2734 3052 καὶ
2749 2998 2796 3030 ’⁸
2825 2998 3196 3066 ἀναπνεῦσαι;
3225 3001 3345 3055 Κᾶν
3390 3004 3557 3076 μυρία
3583 3022 3716 3058 κατ-

2024 3081 2322 3154 ορθώματα
2357 3082 2455 3154 ἔχῃ
2488 3085 2516 3135 6
2555 3082 2818 3146 τοιοῦτος,
2849 3083 3123 3147 δυσκόλως
3166 3086 3246 3148 είς
3289 3084 3565 3156 βασιλείαν
3595 3088 3713 3140 εἱσο

2024 3167 2267 3237 έρχεται.
2327 3166 2493 3221 Οὐδὲν
2538 3166 2647 3237 γὰρ
2690 3166 2864 3230 οὑτως
2916 3167 3366 3238 ἐκτραχηλιάζειν
3397 3172 3442 3202 ³⁸
3499 3170 3714 3236 εἴωθεν,

2024 3249 2155 3320 ὼςή
2184 3250 2337 3320 παρὰ
2357 3247 2467 3302 τῶν
2492 3249 2704 3302 πολλῶν
2729 3249 2876 3313 δόξα,
2901 3249 3128 3314 δειλοὺς,
3158 3251 3427 3319 ἀγεννεῖς,
3453 3246 3715 3321 κόλακας,

2024 3331 2327 3403 ὑποκριτὰς
2361 3330 2610 3384 ποιοῦσα.
2647 3332 2804 3394 Τίνος
2842 3330 2974 3399 γοῦν
3002 3332 3188 3386 ἕνεκεν
3221 3333 3272 3386 οἰ
3299 3335 3583 3405 Φαρισαῖοι
3622 3335 3715 3387 τὸν

2023 3416 2261 3487 Χριστὸν
2301 3414 2486 3483 ελεγον
2534 3415 2834 3485 δαιμονᾷν;
2874 3415 2975 3469 οὐκ
3016 3416 3205 3486 ἐπειδὴ
3259 3418 3361 3483 τῆς
3413 3419 3564 3490 παρά
3602 3420 3714 3473 τῶν

2024 3498 2238 3553 πολλῶν
2269 3499 2580 3569 ἐπεθύμουν
2606 3497 2804 3568 δόξης;
2832 3497 3009 3551 Πόθεν
3032 3496 3090 3551 δέ
3118 3500 3168 3550 οἰ
3197 3499 3382 3552 πολλοί
3414 3501 3513 3571 τὴν
3544 3502 3714 3573 ὀρθὴν

2034 3583 2167 3654 περὶ
2196 3582 2362 3635 αὐτοῦ
2388 3581 2582 3653 ἔφερον
2606 3581 2821 3651 ψῆφονς
2854 3579 2971 3636 Οὐκ
2991 3581 3183 3653 ἐπειδὴ
3219 3581 3395 3654 τούτῳ
3431 3585 3491 3637 οὐ
3526 3587 3714 3639 κατεί-

2022 3682 2182 3737 χοντο
2211 3664 2290 3735 τῷ
2327 3666 2635 3735 νοσήματι;
2671 3663 2838 3717 Οὐδὲν
2868 3662 3000 3736 γὰρ,
3053 3664 3209 3718 οὐδὲν
3240 3665 3384 3718 οὕτω
3425 3670 3575 3720 ποιεῖ
3609 3685 3715 3722 πα-

2028 3750 2299 3820 ρανόμους
2347 3749 2443 3801 καὶ
2492 3749 2775 3819 ἀνοήτους,
2824 3747 2899 3810 ὼς
2931 3746 2993 3800 τὸ
3037 3748 3174 3819 πρὸς
3220 3749 3321 3820 τὴν
3348 3749 3458 3803 τῶν
3501 3748 3714 3805 πολλῶν

2024 3833 2316 3903 κεχηνέναι
2362 3830 2557 3895 δόξανο
2593 3830 2747 3884 οὐδὲν
2784 3830 3106 3900 εὐδοκίμους
3159 3831 3253 3884 καὶ⁵
3293 3831 3709 3903 ἀδαμαντίνους,

2023 3914 2101 3977 ὡς
2147 3914 2211 3967 τὸ
2251 3913 2455 3984 ταύτης
2488 3915 2783 3984 ὑπερορᾷν.
2836 3915 2928 3966 Διὸ
2956 3914 3052 3966 καὶ
3093 3914 3299 3984 σφόδρα
3348 3917 3604 3986 νεανικῆς
3631 3917 3715 3970 δεῖ

2023 3997 2204 4067 ψυχῆς
2242 3996 2322 4067 τῷ
2360 3996 2609 4066 μέλλοντι
2639 3995 2778 4067 πρὸς
2813 3995 3083 4065 τοσαύτην
3130 3995 3377 4067 ἀντέχειν
3405 3996 3587 4068 ῥύμην
3620 4001 3712 4051 καὶ

2026 4078 2148 4149 βίαν
2176 4080 2507 4150 πνεύματος.
2541 4078 2647 4133 Καὶ
2667 4079 2775 4149 7&9
2806 4079 2934 4133 ὅταν
2965 4079 3234 4150 εὐημερῇ,
3268 4078 3486 4132 πάντων
3515 4080 3712 4133 ἐαυτὸν
3760 4148 3761 4151 η

2024 4162 2315 4236 προτίθησι
2340 4179 2354 4193 '
2386 4162 2481 4217 xal
2506 4163 2633 4217 ὅταν
2661 4163 2921 4217 τάναντία
2948 4163 3240 4233 ὑπομείνῃ,
3265 4162 3560 4234 κατορύξαι
3586 4163 3714 4216 ἑαυ-

2023 4245 2115 4300 τὸν
2152 4245 2401 4318 βούλεται
2423 4263 2439 4277 ο
2474 4246 2569 4299 καὶ
2596 4245 2753 4301 τοῦτο
2778 4244 2927 4316 αὐτῷ
2965 4246 3062 4299 καὶ
3092 4244 3288 4314 γέεννα
3315 4245 3409 4299 καὶ
3438 4244 3708 4317 βασιλεία,

2023 4329 2153 4385 ὅταν
2178 4330 2510 4404 ὑποϐρύχιος
2540 4333 2646 4387 ὑπὸ
2672 4332 2767 4386 τοῦ
2798 4331 3004 4397 πάθους
3032 4333 3255 4404 γένηται
3282 4331 3497 4387 τούτου.

2097 4450 2159 4506 ε’.
2187 4451 2371 4505 Ταῦτα
2411 4448 2505 4507 οὖν
2553 4452 2765 4522 φθόνων
2810 4451 2958 4518 ἄξια,
3004 4450 3124 4505 εἰπέ
3178 4468 3268 4521 μοι
3295 4451 3378 4517 ²⁶;
3427 4450 3542 4506 ἀλλ’
3591 4451 3715 4524 οὐχὶ

2026 4533 2239 4605 θρήνων
2269 4536 2362 4589 καὶ
2399 4536 2690 4608 δακρύων;
2736 4537 2910 4590 Παντί
2954 4554 3057 4589 που
3099 4535 3278 4606 δῆλον.
3308 4536 3382 4590 Σὺ
3431 4537 3488 4591 δὲ
3515 4536 3714 4591 ταύτὸν

2025 4619 2200 4679 ποιεῖς
2225 4617 2435 4685 φθονῶν
2468 4618 2547 4689 τῷ
2585 4617 2759 4683 οὕτως
2783 4618 3182 4689 εὐδοκιμοῦντι,
3212 4617 3400 4688 ὥσπερ
3445 4618 3510 4672 ἀν
3541 4619 3594 4671 εί
3627 4635 3713 4681 τις

2023 4698 2307 4770 δεδεμένον
2357 4699 2482 4754 ἰδὼν
2531 4703 2627 4756 καὶ
2675 4702 3164 4773 μεμαστιγωμένον
3200 4702 3295 4755 καὶ
3354 4702 3459 4754 ὑπὸ
3500 4702 3712 4772 μυρίων

2026 4782 2318 4853 ἑλκόμενον
2346 4783 2573 4857 θηρίων,
2603 4786 2928 4839 ἐϐάσκαινεν
2956 4784 3109 4855 αὐτῷ
3129 4783 3240 4837 τῶν
3265 4786 3597 4855 τραυμάτων
3618 4786 3713 4839 καὶ

2029 4865 2330 4936 μαστίγων.
2373 4868 2483 4920 Kal
2515 4868 2625 4939 γὰρ
2662 4869 2820 4930 ὅσους
2864 4866 2933 4921 ἂν
2966 4865 3286 4938 ἀνθρώπους
3329 4867 3359 4918 6
3386 4866 3559 4938 δῆμος
3587 4867 3708 4938 ἔχῃ,

2023 4948 2313 5013 τοσούτους
2351 4951 2448 5004 καὶ
2482 4947 2638 5014 οὗτος
2671 4949 2926 5021 δεσμοὺς,
2962 4951 3251 5015 τοσούτους
3283 4948 3581 5014 δεσπότας·
3616 4953 3713 5005 καὶ

2025 5028 2087 5082 τὸ
2112 5030 2177 5101 δὴ
2229 5030 2631 5104 χαλεπώτερον,
2673 5033 2756 5085 ὅτι
2806 5033 2902 5086 καὶ
2945 5031 3202 5104 διάφορον
3229 5032 3437 5089 τούτων
3479 5035 3712 5100 ἕκαστος

2025 5111 2254 5184 γνώμην
2282 5114 2416 5185 ἔχει,
2452 5115 2546 5168 καὶ
2583 5115 2651 5169 τά
2682 5116 2904 5168 ἐπιόντα
2948 5115 3077 5186 περί
3103 5113 3200 5170 τοῦ
3240 5117 3585 5182 δουλεύοντος
3613 5118 3709 5171 αὑ·

2026 5199 2137 5260 τοῖς
2164 5195 2494 5269 ψηφίζονται
2531 5197 2754 5262 πάντες,
2782 5198 2937 5255 οὐδὲν
2965 5198 3375 5269 βασανίζοντες,
3417 5200 3533 5254 ἀλλ’
3564 5198 3711 5270 ειπερ

2027 5278 2094 5334 ἂν
2113 5280 2192 5352 τῷ
2214 5281 2345 5336 δεῖνι
2373 5281 2501 5357 δόξῃ
2534 5283 2630 5336 καὶ
2662 5281 2740 5354 τῷ
2768 5283 2922 5349 δεῖνι,
2956 5281 3130 5337 ταῦτα
3161 5282 3255 5337 καὶ
3294 5284 3448 5336 αὐτοὶ
3480 5282 3712 5353 κυροῦν-

2024 5380 2136 5428 τες.
2172 5365 2347 5419 Ποίων
2377 5361 2470 5419 οὗν
2497 5364 2671 5420 ταῦτα
2711 5365 2995 5437 κυμάτων,
3026 5364 3179 5421 ποίου
3221 5366 3488 5427 κλύδωνος
3515 5366 3576 5418 οὐ
3605 5381 3710 5435 χα-

2023 5446 2309 5521 λεπώτερα
2334 5465 2348 5515 ;
2383 5449 2495 5503 Kal
2525 5450 2633 5521 7&9
2656 5448 2752 5502 καὶ
2778 5450 3017 5518 φυσᾶται
3046 5448 3241 5519 ἁθρόον
3268 5449 3373 5502 ὑπὸ
3390 5451 3487 5520 τῆς
3516 5447 3711 5519 ἡδονῆς

237 5535 392 5602 ἀξίαν
424 5535 704 5609 ἰερᾶσθαι’
737 5535 804 5590 ἂν
840 5534 899 5590 δὲ
933 5535 1155 5601 ἀδίκως,
1207 5535 1267 5589 τὸ
1315 5534 1568 5607 ἔγκλημα
1622 5531 1785 5586 πάλιν
1835 5530 1934 5582 ἐπὶ
2022 5532 2053 5587 6
2084 5533 2346 5599 τοιοῦτος,
2379 5534 2474 5588 καὶ
2509 5533 2830 5606 βαπτίζεται
2857 5534 3020 5590 πάλιν
3055 5534 3312 5600 εὐκόλως,
3344 5536 3402 5588 ἐν
3425 5530 3711 5604 ἀνωμαλίᾳ

310 5713 353 5746 ἰ
384 5712 635 5771 νηστεύει
673 5711 811 5769 Εόιίο
839 5727 891 5770 οι
922 5715 1003 5771 sic

1033 5730 1119 5784 pr.
1157 5713 1219 5784 Ε.
1256 5712 1332 5784 De
1361 5707 2221 5784 solcecismo_dixi_in_adgot._0d

2248 5724 2300 5779 p.
2324 5707 2570 5782 696_E.__
2595 5711 2640 5742 “
2678 5710 2790 5765 Οὐκ
2820 5712 3036 5782 ἐκεῖνονὲ
3060 5709 3183 5782 μέν]
3213 5709 3305 5765 Sic
3329 5708 3393 5782 .
3427 5709 3522 5763 Ge.
3552 5711 3707 5782 A_r_n!.

240 5799 296 5856 ει
328 5748 484 5840 F13}:
496 5748 1003 5856 ἶῗὲιὲῗέὲκέἒνῖζ
1022 5748 1140 5854 ιῖὲᾷ.
1158 5748 1338 5856 ἓξῖ
1361 5748 1922 5856 ῗὲἓξῖᾅέξ’ᾆὲ“ζῇἒπιέέ

2027 5748 2308 5856 ἴξ”ἰῗ“ξεῗ‹ὶ
2324 5748 2659 5856 ῌΪιηπῗἘιργ.
2679 5748 3539 5856 ᾘῷἷίὲιὲἦλέὖὲῥῖἇῖςέὶᾲὰἇὲἱρ
3552 5748 3706 5856 Elii:

246 5855 289 5887 ”
323 5849 543 5922 τούτου’;
583 5855 644 5909 οὐ
675 5854 767 5909 τὸν
797 5856 861 5909 Α.
904 5855 967 5909 Ε.
994 5849 1182 5911 (ῑύιιιι-ιι
1216 5853 1362 5909 Flor.
1387 5864 1442 5908 cl.
1465 5849 1685 5922 νει-δελ
1729 5851 1773 5883 ³⁵
1801 5849 1922 5920 χείρ

2039 5849 2126 5922 βᾍ
2138 5851 2319 5922 χεῖρον
2354 5850 2502 5906 Flor.

2583 5851 2627 5936 τ’
2648 5851 2781 5936 γένη
2804 5850 2939 5936 E11}.
3005 5848 3061 5936 :7
3087 5849 3289 5936 ταῦταξι
3345 5851 3514 5931 πάντα
3537 5848 3706 5936 Ίιτιιρς.

244 5926 339 5980 Cc.
407 5927 461 5998 "3
501 5917 873 5998 6'é]_add_._xa£
902 5925 1042 5998 Edd,
1121 5927 1164 5960 ¹⁹
1192 5924 1302 5998 ,καί
1328 5924 1529 5995 μᾶλλον
1557 5923 1616 5977 δέ
1646 5920 1708 5976 F.
1787 5917 1833 5953 π
1855 5917 1922 5998 _at‘

2027 5918 2060 5991 ὲ]
2213 5917 2427 5998 διο-τκει
2445 5923 2609 5998 _codd.
2639 5917 2822 5998 αὐτῶν
2858 5921 3140 5998 Sgy.l_3el_1.
3183 5924 3227 5998 _“
3263 5917 3555 5998 βιωτικῶν]
3579 5917 3706 5975 add.

246 5990 642 6067 τροσώπωνἹξ.
668 5995 794 6067 ιερὰ.
818 5997 1160 6067 πραγμάτων
1179 5996 1239 6050 C.
1256 5990 1518 6067 Nc'qlrum
1535 5993 1922 6067 ιιςιιοεριιῐιι-ιψ

2027 5990 2094 6067 η).
2128 5990 2250 6067 θροις
2288 5990 2590 6067 ἀνθρῶπων
2619 6008 2730 6067 om.
2755 5994 2840 6067 Δ.-
2899 5990 2945 6067 ’ξ
2975 5993 3250 6067 αὐτόν-Δζ
3264 5990 3323 6045 F.
3350 6002 3403 6047 ει
3427 5990 3573 6067 (δοῖ-ξ.
3598 6004 3708 6067 Ife.

386 6068 431 6099 ⁸³
469 6067 534 6120 Τί
563 6061 652 6121 οὖν
689 6064 825 6124 Mor.
854 6058 988 6125 Boil:
1017 6085 1113 6123 cur
1143 6067 1305 6137 igitur
1335 6066 1433 6121 ϐυ.
1510 6058 1716 6135 ’θ’καί]
1749 6064 1782 6134 ἦ
1810 6062 1870 6117 C.
1895 6062 1922 6115 l

2027 6058 2056 6116 ιζ
2130 6063 2177 6094 ³⁸
2215 6058 2631 6135 ἐκτραχηλίζειν
2656 6061 2717 6118 l".
2794 6063 2843 6098 “
2886 6063 3010 6118 εἰπέ
3046 6061 3161 6134 μοι]
3195 6062 3414 6133 εἴποιμι
3429 6062 3492 6117 Α.
3513 6062 3572 6119 (ἶ.
3606 6058 3671 6115 Ι).
