4118 6516
437 576 638 642 deﬁcit,
681 573 763 632 vel
799 572 916 634 sine
951 586 1201 630 mensura
1243 570 1486 640 laetatur;
1516 573 1659 644 quod
1699 575 1816 643 ipso
1838 572 2024 629 dolore

436 666 669 721 deterius
694 675 795 722 est.
827 664 977 731 Quod
998 673 1176 720 autem
1206 663 1449 733 voluptas
1485 678 1590 717 non
1616 664 1682 717 sit
1709 662 1883 717 minus
1909 677 2023 715 ma-

436 759 563 823 lum,
594 774 751 828 quam
778 758 951 825 dolor,
982 757 1319 814 manifestum
1354 768 1438 813 est
1463 773 1530 813 ex
1566 757 1731 812 modo
1768 772 1875 828 quo
1900 757 2021 811 ani-

435 868 583 907 nium
604 862 843 908 nostrum
872 852 1063 915 afficit;
1097 852 1267 908 levem
1295 852 1437 907 enim
1464 851 1618 909 illum
1634 849 1829 915 reddit,
1855 849 2021 905 subli-

434 956 575 997 mem
599 950 653 997 et
679 942 833 1013 quasi
871 943 969 997 alis
998 945 1340 998 instructum.
1377 942 1444 997 Et
1470 942 1572 997 hoc
1598 957 1628 996 a
1660 942 1849 1011 priscis
1887 941 2020 997 viris

430 1046 654 1088 cernere
682 1042 783 1089 est.
808 1031 1157 1102 Quandonam
1187 1034 1346 1104 igitur
1368 1032 1566 1103 probus
1592 1042 1706 1088 erat
1731 1033 1930 1087 David?
1949 1048 2017 1088 an

430 1139 554 1179 cum
604 1124 905 1196 gaudebat,
971 1141 1038 1179 an
1095 1140 1217 1181 cum
1268 1126 1320 1180 in
1372 1124 1613 1195 angustia
1668 1124 2018 1179 versabatur?

428 1218 651 1286 Quando
672 1219 922 1275 Judaicus
946 1219 1209 1291 populus?
1233 1233 1300 1272 an
1323 1233 1444 1272 eum
1470 1217 1752 1287 gemebant
1774 1227 1828 1271 et
1848 1216 2016 1272 Deum

429 1310 767 1378 invocabant,
789 1326 855 1367 an
877 1328 997 1366 cum
1026 1312 1340 1367 laetabantur
1370 1310 1422 1365 in
1449 1311 1683 1375 deserto,
1715 1319 1769 1364 et
1788 1309 2014 1364 vitulum

428 1400 766 1457 adorabaut?
803 1403 1138 1473 QuaprOpter
1171 1401 1445 1469 Salomon,
1494 1401 1584 1471 qui
1627 1402 1858 1455 maxime
1896 1415 2014 1454 om-

427 1492 576 1557 nium
604 1492 806 1549 sciebat
834 1493 961 1564 quid
989 1501 1134 1549 esset
1160 1493 1422 1562 voluptas,
1452 1491 1601 1554 dicit.
1631 1489 1819 1545 Helius
1844 1499 1917 1544 est
1940 1490 2015 1545 ire

426 1584 483 1637 in
509 1584 716 1638 domum
753 1585 935 1651 luctus,
965 1601 1119 1654 quam
1143 1586 1195 1638 in
1223 1584 1429 1638 domum
1456 1584 1588 1637 risus
1625 1582 1816 1653 (Eccle.
1846 1581 1900 1636 7.
1933 1582 2009 1652 5).

424 1675 495 1731 Et
532 1674 778 1733 Christus
827 1677 948 1733 illos
989 1677 1204 1748 quidem
1247 1677 1432 1732 beatos
1464 1675 1744 1747 praedicat,
1789 1674 2005 1739 dicens,

1446 456 1514 515 IN
1550 456 1958 515 MATTHzEUM
1996 458 2224 517 llOlllL.
2265 456 2401 519 XLI.
2440 463 2512 517 al.
2552 454 2715 520 XLII.

3607 475 3717 532 H6

2125 573 2269 628 Beati
2288 577 2376 644 qui
2401 577 2575 647 lugent
2608 576 2818 648 (Matth.
2841 578 2897 634 5.
2921 577 2997 649 5),
3024 577 3124 635 hos
3149 596 3278 637 vero
3298 581 3522 639 miseros
3543 585 3671 642 dicit
3696 605 3707 639 :

2137 663 2225 717 l’te
2251 664 2405 731 vobis,
2451 666 2538 735 qui
2576 666 2771 734 ridetis,
2813 669 2932 734 quia
2968 670 3151 737 ﬂebitis
3198 670 3350 740 (Luc.
3395 672 3449 728 6.
3495 675 3608 745 25).
3645 680 3714 735 Et

2120 752 2239 821 jure
2264 753 2477 823 quidem
2506 755 2698 811 merito
2725 774 2739 810 :
2770 771 2890 811 nam
2924 758 2974 811 in
2997 760 3268 829 voluptate
3300 763 3513 818 mollior
3539 775 3594 820 et
3619 781 3711 821 su-

2124 845 2287 900 lutior
2315 856 2397 902 est
2422 847 2628 914 anima,
2654 849 2709 903 in
2738 849 2882 904 luctu
2919 851 3274 921 contrahitur,
3302 864 3356 909 et
3395 856 3554 924 sapit,
3590 867 3642 911 et
3681 875 3710 912 a

2120 937 2373 1007 congerie
2400 939 2416 970 ί
2442 939 2750 995 morborum
2786 942 2947 995 animi
2977 942 3247 1009 liberatur,
3278 945 3557 1001 sublimior
3582 947 3709 1003 item

2121 1035 2176 1082 et
2218 1027 2406 1083 fortior
2440 1037 2543 1085 est.
2572 1029 2700 1085 Haec
2741 1033 2918 1085 omnia
2964 1046 3086 1087 cum
3138 1036 3391 1104 sciamus,
3444 1037 3710 1107 fugiamus

2120 1117 2265 1199 illam
2307 1119 2594 1174 multorum
2630 1122 3077 1179 existimationem
3107 1125 3329 1197 ejusque
3355 1127 3704 1196 voluptatem,

2121 1219 2181 1265 ut
2208 1226 2390 1267 veram
2435 1221 2490 1267 et
2537 1224 2845 1269 manentem
2885 1230 3101 1286 semper
3139 1218 3362 1288 gloriam
3412 1233 3705 1290 consequa-

2117 1317 2241 1356 mur
2270 1319 2283 1355 :
2312 1318 2470 1372 quam
2497 1304 2697 1358 utinam
2719 1319 2905 1361 omnes
2930 1308 3246 1376 sortiantur,
3270 1310 3441 1380 gratia
3466 1320 3521 1365 et
3551 1310 3704 1366 beni-

2117 1395 2319 1464 gnitate
2345 1394 2555 1450 Domini
2597 1398 2766 1452 nostri
2793 1396 2919 1454 Jcsu
2957 1397 3178 1467 Christi,
3208 1401 3292 1455 cui
3320 1402 3488 1472 gloria
3519 1411 3573 1458 et
3600 1403 3703 1457 im-

2120 1487 2344 1567 perium,
2376 1488 2429 1544 in
2457 1489 2652 1545 saecula
2679 1491 3018 1547 steeulorum.
3046 1495 3237 1549 Amen.

2178 1683 2198 1716 ι
2232 1683 2375 1734 Savil.
2401 1691 2454 1735 et
2470 1685 2635 1736 Morel.
2660 1686 2865 1749 habent,
2886 1687 3089 1749 vinculo,
3114 1702 3227 1752 pro,
3244 1690 3486 1754 congerie.

1580 1884 1933 1947 HOMILIA
1986 1885 2154 1949 XLI.
2200 1887 2289 1950 al.
2332 1887 2531 1950 XLII.

422 2028 554 2087 CAP.
579 2029 664 2086 l2.
690 2047 741 2086 v.
766 2030 857 2086 9.3.
884 2029 1063 2086 Sciens
1091 2040 1258 2083 autem
1282 2029 1433 2084 Jesus
1458 2028 1782 2100 cogitationes
1808 2042 2004 2092 eorum,

491 2122 619 2177 dixit
649 2125 756 2177 eis:
783 2121 945 2176 Omne
980 2139 1189 2194 regnum
1220 2132 1394 2176 contra
1428 2138 1480 2175 se
1499 2121 1733 2183 divisum,
1759 2119 2010 2173 desolabi-

495 2224 576 2266 tur
597 2228 616 2266 :
631 2214 794 2267 omnis
808 2215 982 2268 civitas
991 2222 1035 2268 et
1054 2213 1232 2267 domus
1247 2223 1422 2266 contra
1437 2229 1490 2266 se
1519 2210 1697 2275 divisa,
1714 2227 1813 2264 non
1834 2211 2003 2264 stabit.

489 2303 578 2358 26.
612 2304 676 2358 Et
705 2307 750 2360 si
772 2313 975 2359 satanas
1003 2316 1233 2360 satanam
1261 2305 1415 2376 ejicit,
1463 2306 1699 2359 adversus
1727 2320 1780 2358 se
1818 2303 2006 2359 divisus

488 2406 580 2450 est.
612 2396 875 2460 Quomodo
898 2414 1015 2468 ergo
1035 2396 1185 2451 stabit
1214 2414 1423 2468 regnum
1447 2397 1556 2468 ejus
1575 2397 1601 2451 1’

488 2488 542 2541 1.
571 2485 799 2541 Christus
840 2504 928 2557 per
958 2505 1261 2542 arcanorum
1304 2489 1551 2553 notitiam,
1597 2487 1833 2542 deitatem
1857 2503 2004 2542 suam

416 2580 879 2636 dectarat.-—-Jam
910 2590 1293 2636 accusaverant
1320 2580 1491 2646 illum,
1528 2579 1667 2649 quod
1691 2580 1746 2633 in
1789 2578 2003 2634 Beelze-

414 2672 523 2727 bub
551 2673 569 2704 ¹
596 2671 812 2742 ejiceret
833 2672 1114 2727 dmmonia.
1143 2672 1247 2727 Sed
1269 2680 1392 2727 tunc
1421 2686 1524 2726 non
1550 2671 1841 2740 increpavit
1869 2685 1999 2736 eos;

413 2777 599 2817 verum
626 2778 690 2817 ex
719 2763 883 2832 signis
911 2762 1151 2832 plurimis
1175 2761 1480 2817 facultatem
1503 2760 1652 2816 dedit
1672 2761 1751 2816 eis
1776 2775 1887 2815 suae
1909 2774 2002 2816 co-

411 2853 729 2924 gnoscenda:
763 2855 1056 2923 potestatis,
1086 2869 1258 2922 exque
1298 2852 1540 2908 doctrina
1577 2852 1997 2922 magnitudinem

412 2959 563 2999 suam
591 2944 820 2999 edocuit.
844 2944 976 3011 Quia
998 2959 1126 3000 vero
1146 2944 1333 3000 eadem
1358 2943 1536 2998 dicere
1558 2942 1995 3013 perseverabant,

411 3034 531 3091 illos
556 3034 772 3090 demum
812 3036 1093 3105 increpat:
1122 3035 1225 3090 hoc
1269 3034 1441 3104 primo
1465 3041 1782 3104 argumento
1823 3032 1997 3087 deita-

410 3135 517 3181 tem
548 3140 698 3179 suam
737 3125 1046 3192 ostendens,
1079 3124 1218 3195 quod
1267 3138 1461 3193 nempe
1497 3138 1692 3179 arcana
1726 3138 1910 3178 eorum
1944 3123 1996 3178 in

408 3216 645 3273 medium
678 3215 997 3281 adduceret;
1023 3215 1260 3270 secundo
1297 3224 1498 3281 autem,
1539 3215 1682 3284 quod
1725 3214 1996 3271 daemonas

408 3310 564 3368 facile
589 3310 827 3380 ejiceret.
855 3308 1183 3378 Quamquam
1214 3306 1499 3362 admodum
1528 3306 1809 3377 impudens
1833 3323 1994 3363 accu-

407 3402 544 3457 satio
567 3410 698 3457 erat.
739 3401 895 3468 Nam,
927 3413 984 3457 ut
1027 3402 1156 3467 dixi,
1193 3399 1388 3455 invidia
1435 3415 1542 3456 non
1581 3401 1825 3470 explorat
1868 3402 1994 3470 quid

405 3494 568 3559 dicat,
599 3494 694 3550 sed
736 3504 936 3552 temere
964 3495 1218 3564 loquitur.
1261 3495 1506 3548 Attamen
1551 3509 1617 3549 ne
1654 3493 1732 3547 sic
1776 3494 1992 3564 quidem

407 3594 626 3657 agentes
646 3587 892 3658 despexit
916 3587 1180 3653 Christus,
1205 3587 1301 3643 sed
1321 3603 1442 3643 cum
1469 3587 1837 3642 moderatione
1857 3602 1990 3642 con-

404 3677 613 3747 gruenti
639 3692 758 3733 sese
784 3688 991 3749 purgat,
1035 3694 1132 3732 nos
1162 3679 1441 3733 instituens
1480 3686 1538 3733 ut
1583 3693 1709 3748 erga
1750 3678 1993 3732 inimicos

405 3769 564 3823 mites
611 3769 778 3824 simus
816 3787 831 3823 :
875 3770 1085 3824 etiamsi
1133 3770 1219 3824 illa
1262 3769 1461 3836 dicant,
1493 3769 1561 3824 de
1601 3769 1796 3839 quibus
1838 3770 1992 3823 nobis

404 3862 606 3917 conscii
636 3878 741 3916 non
769 3877 986 3925 sumus;
1031 3872 1191 3933 utque
1237 3877 1343 3918 non
1372 3863 1666 3928 turbemur,
1698 3862 1792 3918 sed
1835 3878 1991 3932 aequo

405 3954 587 4008 animo
615 3954 848 4010 rationes
896 3954 1027 4024 ipsis
1073 3954 1379 4009 reddamus.
1424 3954 1577 4021 Quod
1612 3962 1667 4009 et
1713 3954 1827 4023 ipse
1868 3964 1991 4008 tunc

405 4047 661 4118 praeclare
698 4047 942 4112 faciebat,
987 4048 1194 4118 signum
1239 4047 1527 4101 maximum
1569 4046 1815 4116 praebens
1858 4045 1989 4102 falsa

405 4139 494 4194 illa
519 4153 639 4194 esse
663 4154 781 4209 quae
809 4139 877 4193 ab
907 4138 1032 4208 ipsis
1055 4138 1385 4194 dicebantur.
1412 4136 1597 4207 Neque
1624 4137 1767 4192 enim
1790 4136 1991 4192 damno-

403 4233 551 4287 nium
581 4231 822 4287 habentis
847 4241 965 4287 erat
986 4239 1182 4287 tantam
1205 4231 1459 4286 exhibere
1484 4231 1946 4286 mansuetudinem
1970 4247 1985 4284 :

403 4339 512 4378 non
558 4324 881 4378 dcemonium
931 4322 1175 4378 habentis
1218 4330 1334 4377 erat
1379 4330 1585 4376 secreta
1639 4336 1985 4392 cognoscere.

407 4414 616 4470 Etenim
649 4414 789 4484 quod
829 4413 1134 4484 hujusmodi
1177 4414 1357 4484 opinio
1393 4412 1679 4467 admodum
1711 4412 2013 4482 impudens

404 4518 565 4572 esset,
596 4516 650 4563 et
686 4507 825 4578 quod
870 4507 1075 4578 plebem
1109 4507 1377 4573 timerent,
1426 4520 1533 4561 non
1581 4504 1849 4560 audebant
1892 4504 1989 4559 bas

404 4601 771 4655 accusationes
799 4598 1008 4668 publice
1040 4599 1298 4667 proferre,
1327 4596 1421 4651 sed
1451 4611 1541 4651 eas
1572 4596 1623 4649 in
1655 4606 1835 4651 mente
1863 4611 1987 4649 ver-

404 4690 613 4748 sahant.
641 4690 758 4760 Ipse
780 4704 912 4745 vero
948 4689 1239 4744 ostendens
1265 4688 1415 4758 ipsis,
1457 4702 1515 4743 se
1542 4688 1631 4743 illa
1668 4701 1846 4753 nosse,
1881 4702 1986 4741 non

405 4791 582 4836 tamen
617 4781 828 4835 illorum
871 4780 1264 4835 accusationem
1306 4779 1592 4850 expromit,
1624 4793 1798 4849 neque
1841 4779 1988 4848 ipso-

404 4889 521 4928 rum
550 4872 840 4943 nequitiam
865 4871 1139 4935 declarat;
1172 4871 1264 4926 sed
1295 4870 1615 4926 solutionem
1645 4869 1818 4933 all‘ert,
1858 4883 1990 4922 con-

405 4964 642 5021 scientiae
692 4963 927 5033 ipsorum
976 4962 1393 5017 conlutalionem
1435 4961 1762 5030 relinquens.
1813 4958 1988 5014 Unum

404 5060 546 5115 enim
572 5059 744 5113 solum
771 5059 1013 5125 curabat,
1043 5066 1352 5127 peccatores
1386 5056 1595 5127 juvare,
1640 5071 1746 5109 non
1775 5055 1827 5109 in
1873 5054 1988 5108 vul-

402 5166 500 5220 gus
527 5151 827 5206 traducere.
855 5150 1185 5220 Quamquam
1207 5150 1252 5203 si
1275 5148 1527 5203 voluisset
1563 5147 1779 5217 longum
1810 5157 1990 5201 texere

403 5258 730 5309 sermonem,
777 5243 1002 5313 illosque
1050 5241 1302 5298 ridiculos
1344 5240 1619 5306 exhibere,
1668 5241 1991 5310 insuperque

403 5344 673 5391 extremas
700 5334 767 5388 ab
805 5334 909 5388 illis
951 5349 1139 5404 pinnas
1162 5348 1473 5403 exposcere,
1517 5332 1647 5385 nihil
1676 5322 1943 5386 ofﬁciebat
1971 5347 1986 5385 :

405 5433 771 5480 verumtamen
801 5423 979 5479 missis
1006 5425 1108 5479 illis
1129 5423 1395 5487 omnibus,
1428 5438 1590 5477 unum
1623 5421 1850 5477 habebat
1872 5434 1990 5475 sco-

405 5532 554 5585 pum,
581 5526 638 5570 ut
669 5532 737 5570 ne
774 5515 892 5569 illos
936 5515 1384 5570 contentiosiores
1426 5517 1641 5575 faceret,
1688 5512 1781 5566 sed
1834 5526 1989 5566 man-

404 5607 687 5675 suetiores,
739 5617 794 5662 et
845 5607 945 5662 hoc
994 5616 1147 5673 pacto
1187 5605 1254 5660 ad
1294 5605 1718 5661 emendationem
1757 5604 1990 5672 aptiores

405 5702 674 5761 redderet.
725 5701 1004 5771 Quomodo
1050 5710 1231 5755 autem
1290 5714 1408 5756 sese
1451 5698 1681 5769 purgat?
1731 5695 1875 5752 Nihil
1922 5711 1990 5750 ex

467 5837 486 5869 ι
524 5843 651 5897 Post,
677 5833 954 5896 Beelzebub,
993 5830 1210 5886 nonnulli
1240 5829 1443 5890 addunt,
1471 5828 1689 5894 principe
1724 5825 1986 5879 daemonio-

419 5914 544 5955 rum.

2115 2026 2405 2097 Scripturis
2430 2028 2583 2086 affert
2623 2031 2824 2103 (neque
2852 2034 2992 2089 enim
3043 2034 3119 2091 illi
3159 2034 3394 2091 animum
3430 2038 3698 2094 adhibuis-

2112 2128 2252 2185 sent,
2285 2121 2379 2175 sed
2427 2137 2590 2191 prave
2638 2123 3033 2194 interpretaluri
3073 2129 3271 2198 erant),
3311 2144 3497 2183 verum
3536 2129 3604 2185 ab
3633 2130 3699 2185 iis

2111 2227 2229 2281 qua:
2253 2213 2410 2284 vulgo
2438 2216 2691 2269 eveniunt
2720 2216 2879 2271 verba
2910 2218 3033 2272 facit
3056 2234 3069 2271 :
3101 2218 3262 2272 Omne
3290 2236 3495 2291 regnum
3522 2230 3697 2273 contra

2108 2303 2329 2373 seipsum
2381 2304 2594 2359 divisum
2648 2323 2748 2360 non
2798 2307 2948 2361 stabit
3002 2325 3022 2363 .'
3076 2319 3122 2363 et
3177 2311 3350 2364 civitas
3398 2311 3476 2364 vel
3519 2313 3697 2366 domus

2110 2392 2341 2460 discissa,
2374 2396 2471 2449 cito
2510 2396 2825 2451 dissolvetur.
2857 2398 3037 2469 Neque
3064 2400 3205 2454 enim
3251 2401 3331 2455 sic
3375 2411 3593 2455 externa
3634 2410 3696 2455 ut

2106 2485 2281 2541 civilia
2311 2487 2446 2543 bella
2480 2498 2694 2544 nocent.
2724 2489 2777 2544 ld
2808 2491 2966 2544 etiam
2994 2490 3044 2545 in
3074 2493 3388 2561 corporibus
3409 2494 3609 2556 evenit,
3639 2494 3690 2547 in

2107 2578 2460 2650 omnibusque
2503 2580 2683 2635 rebus.
2727 2580 2830 2636 Sed
2874 2582 3084 2636 interim
3128 2598 3159 2637 a
3201 2583 3492 2639 notioribus
3534 2582 3694 2639 rebus

2105 2668 2348 2739 exempla
2378 2670 2610 2725 adducit.
2654 2671 2792 2738 Quid
2828 2673 2973 2727 enim
3024 2674 3076 2727 in
3110 2683 3250 2729 terra
3291 2683 3373 2729 est
3398 2691 3560 2744 regno
3596 2691 3692 2745 po-

2105 2758 2357 2815 lentius?
2414 2760 2580 2816 Nihil.
2639 2763 2889 2817 Attamen
2947 2762 3298 2819 seditionibus
3360 2764 3687 2822 dissolvitur.

2113 2846 2270 2912 Quod
2307 2848 2353 2904 si
2383 2849 2491 2906 illic
2535 2852 2875 2921 negotiorum
2921 2856 3115 2910 molem
3156 2857 3212 2911 in
3257 2873 3422 2913 causa
3453 2874 3576 2914 esse
3600 2860 3686 2914 in-

2115 2939 2316 3006 nuerit,
2345 2942 2473 3011 quia
2501 2958 2698 3013 nempe
2726 2960 2907 3000 secum
2942 2946 3202 3011 decertat,
3232 2949 3361 3018 quid
3385 2951 3589 3005 dixeris
3620 2953 3689 3009 de

2102 3034 2337 3101 civitate,
2365 3044 2457 3089 aut
2480 3035 2546 3091 de
2563 3036 2759 3091 domo?
2776 3037 2907 3092 Nam
2931 3040 3041 3094 sive
3058 3054 3278 3109 parvum
3301 3041 3412 3095 sive
3438 3056 3684 3111 magnum

2102 3125 2231 3195 quid
2270 3126 2445 3190 fuerit,
2478 3128 2522 3182 si
2566 3143 2748 3183 secum
2791 3129 3068 3197 dissideat,
3102 3131 3261 3202 perit.
3309 3131 3363 3187 Si
3397 3133 3554 3204 igitur
3580 3133 3687 3188 da:—

2102 3221 2339 3274 monium
2362 3220 2564 3277 habens
2583 3239 2705 3293 ego,
2733 3223 2848 3294 ejus
2876 3241 2977 3296 ope
3006 3225 3277 3282 daemonas
3308 3228 3464 3298 pello,
3495 3228 3686 3284 seditio

2099 3318 2154 3366 et
2177 3327 2350 3382 pugna
2377 3321 2460 3368 est
2483 3312 2622 3368 inter
2647 3314 2939 3380 daemonas,
2969 3317 3110 3386 iique
3148 3326 3291 3373 stant
3317 3318 3471 3375 divisi
3505 3331 3559 3375 et
3587 3320 3684 3374 ad-

2104 3401 2347 3455 versarii.
2378 3402 2433 3457 Si
2463 3403 2551 3457 alii
2591 3414 2776 3459 contra
2806 3405 2941 3460 alios
2979 3414 3146 3472 stant,
3186 3407 3392 3463 illorum
3432 3409 3684 3465 fortitudo

2098 3490 2257 3559 periit
2281 3501 2335 3546 et
2362 3491 2674 3548 labefactata
2704 3502 2805 3549 est.
2848 3494 2910 3549 Si
2933 3495 3076 3550 enim
3105 3506 3311 3552 satanas
3334 3506 3565 3552 satanam
3590 3501 3684 3571 eji-

2096 3583 2162 3636 cit
2201 3584 2329 3650 (non
2377 3584 2528 3649 dixit,
2582 3585 2863 3641 Dtemonas
2895 3587 3062 3657 ejicit,
3118 3586 3407 3643 ostendens
3457 3590 3677 3645 multam

2097 3690 2216 3730 esse
2242 3676 2379 3731 inter
2400 3676 2520 3730 illos
2546 3677 2933 3749 concordiam),
2979 3678 3032 3732 in
3061 3678 3279 3747 seipsum
3325 3694 3453 3750 ergo
3491 3681 3682 3736 divisus

2096 3776 2189 3831 est,
2220 3766 2410 3837 inquit.
2441 3766 2494 3823 Si
2519 3767 2720 3823 divisus
2746 3778 2851 3835 est,
2882 3784 3011 3839 ergo
3036 3769 3354 3825 imbecillior
3380 3769 3550 3826 factus
3574 3781 3680 3839 est,

2094 3865 2149 3912 et
2174 3858 2375 3926 periit:
2409 3858 2451 3914 si
2494 3860 2679 3928 periit,
2716 3859 2984 3929 quomodo
3020 3870 3194 3930 potest
3235 3862 3394 3915 alium
3437 3863 3681 3931 ejicere?

2095 3945 2283 4002 Viden‘
2304 3964 2461 4017 quam
2486 3949 2704 4004 ridicula
2734 3952 2804 4004 sit
2828 3950 3112 4015 accusatio,
3137 3967 3296 4021 quam
3317 3952 3495 4017 stulta,
3521 3970 3679 4023 quam

2094 4054 2277 4095 secum
2296 4039 2409 4110 ipsa
2452 4042 2727 4111 pugnans?
2756 4040 2871 4095 Non
2914 4051 3086 4110 potest
3118 4043 3257 4095 enim
3291 4042 3431 4097 idem
3464 4044 3575 4115 ipse
3600 4044 3683 4098 di-

2094 4146 2237 4197 cere,
2269 4140 2507 4187 satanam
2539 4140 2685 4187 stare
2724 4143 2778 4187 et
2807 4133 3004 4201 ejicere
3033 4134 3325 4201 daemonas,
3366 4150 3429 4189 ac
3464 4145 3681 4205 propter

2095 4223 2223 4278 illud
2254 4232 2419 4288 stare,
2444 4232 2661 4293 prOpter
2678 4224 2819 4294 quod
2843 4225 2951 4294 jam
2979 4227 3247 4281 corruisse
3267 4226 3444 4283 debet.
3473 4227 3535 4282 Et
3563 4228 3677 4285 lucc

2093 4329 2178 4376 est
2206 4321 2376 4390 prima
2411 4320 2648 4376 solutio:
2682 4320 2916 4375 secunda
2958 4322 3155 4376 solutio
3198 4322 3342 4378 circa
3386 4324 3681 4395 discipulos

2092 4422 2338 4468 versatur
2369 4430 2382 4467 :
2411 4418 2584 4483 neque
2608 4414 2750 4468 enim
2777 4428 2882 4467 uno
2910 4421 3112 4468 tantum
3139 4428 3354 4483 semper
3385 4416 3565 4480 modo,
3585 4417 3679 4472 sed

2093 4506 2253 4561 etiam
2280 4505 2519 4561 secundo
2548 4514 2603 4560 et
2635 4506 2793 4560 tertio
2826 4506 3154 4575 objectiones
3183 4507 3362 4575 solvit,
3395 4509 3534 4579 quod
3563 4509 3679 4564 illo—

2094 4612 2212 4651 rum
2250 4596 2634 4666 impudentiam
2675 4612 2740 4652 ex
2771 4596 3061 4652 abundanti
3103 4598 3397 4667 reprimere
3428 4599 3575 4653 velit.
3622 4599 3679 4654 ld

2094 4686 2236 4752 quod
2264 4687 2423 4742 etiam
2453 4685 2599 4755 fecit,
2630 4702 2749 4742 cum
2778 4687 2847 4742 de
2876 4687 3097 4742 sabbato
3124 4696 3390 4758 ageretur,
3422 4688 3676 4743 Davidem

2093 4777 2368 4834 adducens
2395 4778 2446 4833 in
2475 4779 2730 4843 medium,
2767 4778 2999 4848 itemque
3026 4778 3333 4834 sacerdotes
3358 4787 3413 4833 et
3442 4781 3682 4835 testimo-

2097 4871 2242 4926 nium
2281 4887 2388 4942 quo
2429 4870 2643 4935 dicitur,
2679 4869 3075 4923 Misericordiam
3115 4869 3250 4937 volo,
3279 4879 3325 4926 et
3356 4887 3458 4924 non
3485 4873 3685 4942 sacri/i-

2095 4964 2229 5017 rium
2260 4961 2413 5035 (Osee
2462 4961 2517 5017 6.
2550 4962 2641 5031 6);
2673 4975 2888 5014 causam
2929 4959 3159 5030 denique
3195 4960 3266 5014 ob
3302 4975 3461 5029 quam
3493 4961 3685 5017 sabba—

2095 5063 2206 5109 tum
2237 5053 2334 5109 fuit
2380 5054 2717 5108 institutum:
2745 5050 2964 5119 Pr0pter
2992 5050 3244 5106 hominem
3276 5052 3442 5118 enim,
3486 5054 3680 5123 inquit,

2094 5154 2165 5199 est
2190 5146 2452 5200 sabbatum
2483 5144 2673 5213 (Marc.
2700 5140 2755 5195 9..
2786 5140 2879 5214 27)
2913 5159 2925 5196 :
2954 5141 3057 5196 hoc
3085 5156 3213 5212 ergo
3234 5141 3322 5197 hic
3349 5142 3509 5198 etiam
3532 5142 3682 5200 facit.

2093 5237 2225 5292 Nam
2276 5245 2397 5308 post
2448 5236 2671 5303 primam
2717 5234 3043 5288 solutionem
3092 5232 3160 5287 ad
3202 5232 3491 5290 secundam
3539 5235 3686 5288 venit

2095 5331 2273 5399 priore
2299 5327 2600 5383 clariorem.
2630 5326 2721 5380 Ait
2747 5325 2889 5380 enim
2923 5341 2936 5377 :
2964 5324 3055 5380 27.
3089 5325 3151 5379 Si
3192 5342 3282 5397 ego
3310 5326 3365 5378 in
3406 5324 3682 5380 Beelzebub

2095 5421 2241 5491 ejicio
2266 5418 2537 5482 dtemonia,
2561 5418 2656 5488 filii
2684 5418 2832 5471 vestri
2857 5417 2910 5470 in
2934 5433 3033 5489 quo
3062 5417 3265 5488 ejiciunt
3281 5418 3310 5472 1

2167 5511 2223 5564 2.
2255 5510 2350 5564 llic
2392 5524 2607 5578 quoque
2643 5507 2762 5576 ejus
2800 5506 3260 5563 mansuetudinem
3298 5505 3683 5565 animadverte.

2096 5601 2214 5657 Non
2243 5600 2386 5656 enim
2435 5598 2584 5665 dicit,
2630 5597 2886 5669 Discipuli
2931 5596 3059 5662 mei,
3105 5611 3223 5662 nec,
3272 5596 3513 5668 Apostoli
3554 5600 3683 5664 mei,

2095 5693 2213 5759 sed,
2242 5682 2371 5746 Filii
2394 5690 2565 5753 vestri,
2602 5697 2662 5743 ut
2689 5689 2736 5744 si
2767 5688 2937 5743 velint
2974 5687 3042 5743 ad
3071 5687 3315 5742 eamdem
3355 5687 3684 5745 nobilitatem

2097 5783 2301 5849 venire,
2343 5780 2468 5837 hinc
2511 5794 2697 5836 ansam
2726 5778 3025 5850 arripiant:
3058 5777 3142 5833 sin
3171 5778 3363 5851 ingrati
3403 5778 3457 5834 in
3494 5776 3685 5834 iisdem

2094 5876 2464 5948 persisterent,
2487 5888 2556 5933 ne
2586 5871 2947 5944 impudentem
2966 5869 3181 5948 quidem
3209 5876 3427 5944 possent
3463 5882 3689 5931 excusa-
