4118 6466
454 444 559 502 H7

452 559 652 613 tionem
697 555 955 626 proferre.
1002 554 1152 622 Quod
1194 564 1372 609 autem
1410 552 1540 609 dicit
1583 552 1687 607 hoc
1731 548 2036 621 signiﬁcat:

449 649 693 718 Apostoii
738 649 790 701 in
839 662 945 717 quo
989 646 1238 717 ejiciunt?
1264 645 1381 700 Jam
1412 644 1556 699 enim
1598 643 1888 713 ejecerant,
1918 655 2041 695 eum

452 749 769 809 potestatem
798 739 864 792 ab
894 739 983 793 illo
1010 737 1364 808 accepissent,
1397 750 1573 807 neque
1598 746 1775 789 tamen
1802 734 1923 790 illos
1946 747 2042 788 ac-

450 832 706 886 cusabant
733 849 747 885 :
776 846 950 902 neque
976 831 1119 887 enim
1161 840 1346 885 contra
1392 843 1482 885 res
1523 829 1688 900 ipsas,
1719 824 1811 881 sed
1856 833 2041 881 contra

452 937 734 992 personam
774 931 979 976 tantum
1012 921 1306 993 litigabant.
1342 920 1415 977 Ut
1453 919 1701 976 ostendat
1729 919 1908 990 igitur,
1947 932 2042 972 eos

449 1030 514 1068 ex
560 1013 756 1068 invidia
805 1014 980 1069 solum
1024 1013 1112 1069 illa
1151 1012 1369 1080 dixisse,
1397 1014 1667 1080 apostolos
1712 1010 1765 1065 iu
1806 1008 2041 1064 medium

448 1105 687 1161 adducit.
716 1105 851 1161 Nam
872 1106 915 1160 si
940 1120 1042 1176 ego
1066 1106 1144 1161 sic
1166 1105 1341 1176 ejicio,
1371 1103 1538 1160 multo
1569 1103 1735 1175 magis
1772 1101 1869 1171 illi,
1891 1101 1982 1173 qui
2008 1116 2041 1159 a

450 1213 537 1251 me
556 1206 881 1268 potestatem
904 1208 1247 1269 acceperunt.
1278 1199 1528 1254 Attamen
1554 1196 1687 1252 nihil
1707 1195 1879 1252 simile
1907 1195 2043 1251 dixi-

449 1290 549 1345 stis
579 1289 705 1346 illis.
734 1288 842 1346 Cur
861 1306 989 1362 ergo
1017 1306 1103 1347 me
1126 1292 1409 1357 accusatis,
1441 1292 1529 1363 qui
1554 1299 1740 1346 auctor
1764 1290 1870 1347 illis
1886 1306 2038 1358 sum;

450 1381 572 1436 illos
611 1397 740 1438 vero
784 1381 1009 1439 crimine
1044 1383 1246 1441 liberos
1285 1383 1535 1439 mittitis?
1576 1383 1692 1439 Non
1746 1383 1851 1439 hoc
1878 1397 1975 1439 vos
2010 1400 2040 1442 a

450 1475 712 1545 supplicio
739 1476 1005 1544 liberabit,
1034 1476 1128 1533 sed
1169 1477 1360 1548 majori
1392 1475 1721 1532 damnationi
1747 1476 1993 1544 subiiciet
2021 1491 2037 1528 :

451 1565 574 1622 ideo
598 1567 896 1637 subjunxit,
924 1567 1034 1638 Ipsi
1050 1569 1254 1641 judices
1282 1570 1431 1624 uestri
1454 1576 1620 1623 erunt.
1642 1567 1775 1624 Cum
1805 1569 1946 1624 enim
1973 1584 2043 1626 ex

448 1659 601 1715 vobis
630 1660 738 1716 sint
766 1663 890 1727 orti,
921 1674 975 1717 et
1017 1661 1133 1718 lucc
1159 1670 1473 1730 exerceant,
1502 1678 1625 1719 cum
1663 1663 1794 1717 mihi
1839 1662 2044 1719 obtem-

448 1762 639 1822 perent
668 1762 724 1809 et
758 1754 1031 1822 obetliaut,
1064 1757 1279 1825 planum
1319 1765 1402 1812 est
1429 1757 1550 1812 illos
1585 1756 2041 1814 condemnaturus

446 1856 568 1897 esse
593 1858 688 1899 eos
716 1846 806 1915 qui
836 1847 1103 1901 contraria
1150 1846 1355 1903 faciunt
1383 1857 1438 1903 et
1481 1848 1684 1904 dicunt.
1723 1849 1813 1905 9.8.
1857 1849 1919 1905 Si
1942 1867 2036 1903 au-

449 1945 548 1989 tem
576 1936 631 1990 in
679 1937 881 2006 Spiritu
923 1937 1022 1992 Dei
1049 1940 1302 1993 daemonia
1348 1941 1517 2012 ejicio,
1553 1943 1779 2012 profecto
1822 1944 2045 2013 pervenit

447 2027 504 2080 in
541 2041 626 2082 vos
681 2045 894 2099 regnum
944 2029 1056 2083 Dei.
1103 2030 1239 2099 Quid
1289 2040 1399 2096 est,
1452 2032 1732 2103 Regnum?
1767 2033 2042 2089 Adventus

452 2132 626 2173 meus.
660 2118 795 2174 Vide
822 2121 1089 2189 quomodo
1118 2138 1303 2177 rursus
1331 2138 1425 2178 eos
1453 2124 1649 2179 alliciat
1689 2136 1744 2180 et
1772 2135 1942 2193 curet,
1974 2124 2040 2180 ad

451 2225 714 2281 suamque
755 2212 1115 2283 cognitionem
1139 2216 1155 2246 ¹
1182 2214 1476 2285 pertrahat,
1524 2216 1875 2288 ostendatque
1922 2218 2044 2273 illos

449 2302 588 2356 bona
618 2318 713 2358 sua
760 2304 1092 2375 impugnare,
1122 2316 1176 2362 et
1226 2317 1411 2363 contra
1460 2308 1689 2366 salutem
1733 2325 1883 2367 suam
1931 2311 2042 2367 liti-

447 2395 614 2462 gare?
639 2392 771 2449 Cum
817 2406 1109 2465 oporteret,
1147 2398 1338 2468 inquit,
1382 2400 1614 2471 gaudere
1659 2411 1716 2458 et
1750 2401 2038 2468 exsultare,

447 2486 572 2555 quia
600 2484 794 2558 inagna
841 2489 927 2543 illa
979 2499 1035 2545 et
1086 2490 1369 2546 ineii‘abilia
1414 2492 1636 2549 daturus
1656 2493 1896 2561 advenit,
1923 2510 2043 2566 qua:

447 2577 576 2632 olim
607 2579 881 2650 propheta:
909 2582 1239 2649 cecinerunt,
1286 2591 1343 2639 et
1393 2584 1533 2655 quod
1584 2585 1734 2639 vobis
1779 2585 1918 2642 bene
1945 2602 2037 2658 ge-

451 2668 601 2723 rendi
632 2678 840 2740 tempus
876 2671 1155 2729 advenerit
1182 2691 1196 2727 :
1231 2691 1325 2731 vos
1358 2677 1684 2732 contrarium
1712 2675 1903 2744 facitis,
1934 2695 2041 2733 non

449 2758 610 2814 modo
636 2759 772 2815 bona
811 2777 915 2816 non
959 2764 1302 2833 accipientes,
1331 2765 1425 2822 sed
1456 2767 1617 2821 etiam
1655 2768 2045 2824 calumniantes

449 2859 505 2903 et
525 2865 713 2905 causas
734 2852 1220 2908 comminiscentes.
1262 2853 1543 2910 Mattha'us
1580 2857 1793 2928 quidem
1842 2860 1952 2913 ait:
1986 2859 2046 2912 Si

447 2953 616 2995 auten:
645 2959 735 3013 ego
760 2945 812 2998 in
840 2944 1037 3014 Spiritu
1064 2944 1156 3000 Dei
1178 2947 1324 3017 ejirio
1353 2964 1371 3011 ,°
1396 2948 1567 3004 Lucas
1594 2966 1722 3005 vero
1752 2970 1763 3004 :
1791 2950 1854 3007 Si
1878 2963 2044 3007 autent

450 3048 543 3100 ego
568 3031 622 3086 in
646 3033 803 3105 digito
830 3035 921 3089 Dei
947 3036 1094 3109 ejicio
1120 3037 1370 3093 daemonia
1398 3039 1549 3111 (Luc.
1584 3043 1669 3097 H.
1698 3043 1791 3115 20)
1822 3062 1834 3098 :
1859 3054 2045 3100 osten-

450 3123 585 3178 dens
623 3127 875 3179 maximae
916 3130 1165 3194 putentia:
1202 3145 1338 3200 Opus
1390 3146 1512 3187 esse
1562 3133 1712 3201 illud,
1772 3134 2045 3191 dannouas

450 3214 668 3283 ejicere,
701 3231 763 3271 ac
791 3217 974 3287 gratia:
1014 3233 1118 3272 non
1154 3220 1406 3290 vulgaris.
1449 3223 1585 3279 Hinc
1622 3235 1798 3280 autem
1829 3229 2044 3282 ratioci-

451 3305 567 3358 nari
597 3306 709 3360 vult
745 3316 799 3363 et
835 3306 1034 3371 dicere.
1068 3309 1125 3365 Si
1171 3310 1272 3367 hoc
1317 3312 1387 3367 ita
1429 3324 1533 3382 est,
1580 3331 1708 3387 ergo
1741 3316 1906 3373 Filius
1951 3319 2042 3375 Dei

448 3397 682 3453 advenit.
743 3398 850 3456 Sed
892 3400 995 3458 hoc
1034 3419 1139 3458 non
1180 3404 1328 3472 dicit,
1366 3421 1547 3462 verum
1590 3410 1836 3478 obscure,
1878 3412 1947 3466 ita
1990 3425 2047 3468 ut

451 3489 554 3545 illis
575 3505 862 3547 onerosum
891 3509 995 3548 non
1023 3505 1184 3561 esset,
1221 3497 1272 3551 id
1320 3497 1621 3555 subindicat
1645 3501 1870 3557 dicens:
1910 3503 2047 3575 Ergo

450 3584 672 3652 pervenit
703 3584 758 3637 in
786 3600 872 3640 vos
898 3598 1110 3657 regnum
1138 3587 1254 3643 Dei.
1285 3589 1469 3646 Videu’
1496 3593 1810 3663 sapientiam
1853 3595 2044 3665 ingen-

452 3673 602 3729 tem?
634 3674 711 3729 Ex
732 3676 817 3742 iis,
847 3692 965 3747 quae
992 3679 1069 3733 illi
1098 3680 1444 3750 objiciebant,
1487 3687 1772 3754 conSpicue
1815 3688 2050 3747 ostendit

450 3764 737 3821 adventum
759 3783 936 3823 suum.
969 3770 1170 3827 Deinde
1195 3781 1248 3827 ut
1278 3773 1397 3829 illos
1424 3778 1738 3846 attraberet,
1771 3796 1877 3835 non
1918 3781 2049 3837 dicit

449 3856 784 3928 simpliciter,
811 3858 1051 3916 Pervenit
1077 3880 1307 3935 regnum,
1353 3866 1448 3922 sed
1490 3867 1692 3938 adjicit,
1724 3869 1804 3924 Ad
1828 3887 1956 3939 vos;
1984 3889 2049 3928 ac

449 3946 494 4000 si
526 3947 746 4014 diceret,
785 3949 948 4007 Vobis
971 3953 1261 4009 adveniunt
1284 3957 1442 4012 bona.
1471 3958 1580 4014 Cur
1603 3976 1730 4032 ergo
1752 3962 1803 4016 iu
1833 3965 2047 4035 propria

448 4038 587 4093 bona
615 4041 734 4097 sine
778 4056 938 4097 sensu
982 4045 1153 4100 estis?
1178 4062 1275 4102 cur
1311 4060 1496 4104 contra
1549 4063 1780 4107 vestram
1820 4054 2046 4110 salutem

449 4131 549 4201 ipsi
579 4136 864 4206 pugnatis?
892 4135 1004 4193 Hoc
1027 4148 1112 4193 est
1138 4150 1347 4211 tempus
1386 4142 1540 4208 illud,
1580 4144 1723 4214 quod
1751 4146 1879 4201 olim
1924 4164 2050 4219 pro-

448 4223 627 4293 pheta:
660 4225 1063 4294 praedixerunt:
1096 4228 1197 4286 hoc
1234 4231 1444 4302 signum
1493 4234 1756 4291 adventus
1796 4254 1891 4308 per
1928 4239 2049 4296 illos

447 4316 738 4386 decantati,
771 4321 912 4391 quod
957 4339 1153 4394 nempe
1195 4325 1373 4380 divina
1428 4329 1662 4397 potentia
1702 4329 1820 4387 bare
1870 4332 2045 4388 ilant'.

448 4407 580 4465 Nam
607 4413 749 4481 quod
778 4412 928 4479 ﬁant,
959 4430 1056 4471 vos
1083 4417 1291 4484 nostis;
1327 4419 1469 4490 quod
1508 4430 1686 4476 autem
1728 4422 1905 4479 divina
1947 4441 2047 4495 po-

450 4503 638 4567 tentia,
670 4518 758 4558 res
794 4505 924 4575 ipsae
957 4507 1212 4562 clamant.
1244 4509 1426 4580 Neque
1464 4514 1606 4566 enim
1641 4513 1757 4569 ﬁeri
1790 4526 1961 4586 potest
1991 4527 2050 4574 ut

451 4602 668 4651 satanas
697 4612 842 4652 nunc
868 4597 938 4653 sit
974 4599 1182 4667 fortior,
1214 4602 1321 4655 imo
1349 4606 1656 4661 necessario
1683 4617 1766 4662 est
1802 4609 2045 4666 imbecil-

446 4685 531 4741 lus
562 4704 578 4741 :
610 4701 718 4742 non
743 4698 921 4760 potest
939 4698 1115 4746 autem
1145 4691 1440 4749 imbecillus
1468 4695 1588 4766 quis
1616 4696 1809 4754 fortem
1846 4699 2046 4757 daamo-

447 4794 570 4835 nem
600 4779 814 4851 ejicere.
857 4780 985 4839 Ilaec
1021 4799 1181 4855 porro
1207 4785 1438 4854 diccbat,
1462 4789 1697 4845 caritatis
1720 4792 1825 4847 vim
1861 4802 2048 4850 osten-

444 4869 604 4939 dens,
626 4887 688 4927 ac
716 4872 921 4929 dissidii
951 4884 1112 4946 atque
1145 4875 1296 4948 litigii
1333 4878 1771 4938 imbecillitatem.
1816 4882 2047 4957 ideoque

448 4966 564 5035 ipse
594 4964 897 5037 frequenter
930 4968 1221 5041 discipulos
1263 4971 1406 5028 circa
1444 4974 1724 5031 caritatem
1776 4975 2041 5045 hortatur,

447 5057 796 5127 declaratque
823 5059 1092 5116 diabolqu
1122 5063 1251 5117 nihil
1292 5080 1398 5119 non
1435 5080 1597 5135 agere
1627 5075 1685 5121 ut
1712 5066 1854 5122 illam
1891 5070 2045 5125 aul'e-

447 5161 548 5204 rat.
584 5149 712 5206 Post
743 5151 1031 5206 secundam
1073 5169 1202 5226 ergo
1238 5155 1561 5211 solutionem
1596 5158 1806 5213 tertiam
1830 5173 2045 5231 quoque

450 5241 655 5298 inducit
672 5238 859 5298 dicens
893 5241 1020 5298 :29.
1054 5245 1319 5312 Quomodo
1359 5256 1518 5316 potest
1548 5249 1731 5320 aliquis
1772 5251 1965 5305 intrare
1990 5252 2045 5306 in

445 5335 651 5387 domum
677 5334 843 5406 fortis,
874 5344 921 5388 et
947 5351 1066 5389 vasa
1088 5337 1227 5391 illius
1253 5337 1493 5408 diripere,
1520 5340 1618 5394 nisi
1648 5342 1790 5413 prius
1816 5342 2045 5415 ligaverit

447 5426 649 5492 fortem,
680 5434 728 5479 et
753 5435 875 5479 tunc
895 5442 1015 5480 vasa
1039 5426 1149 5498 ejus
1186 5429 1443 5498 diripiat?
1467 5429 1619 5500 Quod
1643 5448 1748 5487 non
1769 5435 1940 5503 possit
1958 5449 2045 5491 sa-

445 5523 597 5569 tanas
620 5525 863 5571 Satanam
888 5517 1104 5588 ejicere,
1131 5533 1196 5573 ex
1227 5522 1651 5589 praecedentibus
1679 5522 1877 5595 liquet;
1899 5524 2043 5596 quod

443 5618 622 5663 autem
653 5624 761 5664 non
782 5611 1002 5665 omnino
1033 5612 1201 5682 possit
1229 5613 1349 5683 quis
1377 5612 1527 5669 illum
1553 5615 1773 5685 ejicere,
1808 5619 1911 5674 nisi
1934 5620 2042 5689 pri-

446 5712 588 5754 mum
628 5703 916 5771 superarit,
962 5702 1105 5773 apud
1144 5718 1333 5760 omnes
1370 5704 1424 5760 in
1469 5705 1720 5764 confesso
1758 5719 1858 5766 est.
1901 5707 2040 5780 Quid

514 5834 532 5909 ξ
563 5839 759 5909 qudam
777 5838 1075 5909 habentne"!
1096 5816 1326 5909 suamque
1348 5848 1645 5897 seniculum.

510 5898 532 5928 ²
565 5897 820 5958 ΑΙξι,ιωιια
841 5900 946 5951 lucc
967 5897 1107 5965 ﬁant.

1591 6055 1669 6067 α-σμ

1167 442 1222 499 S.
1262 437 1541 498 JOANNIS
1577 432 2055 496 CHRYSOSTOMI
2092 432 2409 493 ARCHIEP.
2437 437 2978 499 CONSTANTINOP.

3633 452 3667 506 4
3682 453 3759 507 ιε·

2153 547 2313 620 igitur
2331 565 2395 607 ex
2437 551 2520 608 his
2553 554 2871 610 coniicitur?
2907 556 3061 624 Quod
3098 556 3246 628 prius
3274 557 3473 615 dictum
3504 570 3609 629 esi,
3645 568 3744 621 sed

2147 640 2305 711 longe
2332 642 2579 699 validius.
2598 645 2825 701 Tantum
2847 648 3020 713 abest,
3044 647 3235 717 inquit,
3259 659 3316 704 ut
3339 651 3588 720 adjutore
3623 664 3747 710 utar

2147 731 2383 803 diabolo,
2410 745 2469 789 ut
2491 751 2614 791 eum
2644 737 2804 792 etiam
2840 739 3145 810 impugncm
3192 751 3248 796 et
3286 742 3555 810 vinciam;
3588 745 3749 816 cujus

2145 823 2226 879 rei
2259 824 2469 895 signum
2500 836 2599 894 est,
2641 830 2785 899 quod
2830 845 2955 885 vasa
2984 831 3102 901 ejus
3128 832 3395 903 diripiam.
3437 836 3571 892 Vide
3604 852 3743 908 quo-

2148 912 2303 969 modo
2328 917 2676 987 contrarium,
2706 934 2865 991 quam
2892 920 2968 976 illi
3007 935 3169 991 supra
3201 933 3439 981 statuere
3466 925 3745 984 conaban-

2149 1012 2265 1070 tur,
2315 1003 2734 1063 demonstretur.
2784 1011 2862 1066 llli
2911 1012 3054 1068 enim
3109 1014 3396 1071 ostendere
3446 1017 3739 1089 volebant,

2146 1094 2321 1165 ipsum
2347 1111 2452 1152 non
2475 1098 2526 1152 vi
2554 1103 2766 1170 propria
2800 1102 3075 1160 daemonas
3108 1105 3303 1176 ejicere
3327 1124 3340 1161 :
3365 1107 3457 1164 ille
3480 1122 3610 1165 vero
3638 1109 3741 1166 de-

2146 1195 2430 1257 monstrat,
2462 1203 2522 1244 se
2556 1206 2663 1246 non
2696 1194 2861 1250 modo
2891 1195 3185 1266 dtemonas,
3216 1200 3311 1256 sed
3348 1199 3560 1257 illorum
3588 1203 3741 1273 prin-

2147 1280 2319 1349 cipem
2347 1278 2564 1352 ligatum
2593 1284 2645 1338 vi
2670 1283 2937 1355 detinere,
2972 1288 3230 1360 illumque
3264 1290 3496 1361 priorem
3524 1293 3758 1364 propria-

2148 1383 2409 1443 potesmte
2436 1376 2664 1442 vicisse;
2699 1378 2843 1449 quod
2878 1395 2910 1433 a
2938 1379 3099 1437 rebus
3141 1383 3309 1452 gestis
3341 1384 3739 1454 comprobatur.

2144 1465 2277 1522 Nam
2297 1468 2342 1523 si
2371 1468 2457 1524 hic
2482 1470 2730 1540 princeps
2744 1480 2844 1536 est,
2868 1473 3157 1544 ctcterique
3175 1473 3372 1530 subditi
3400 1491 3416 1527 :
3442 1475 3753 1545 quomodo,

2146 1558 2238 1614 illo
2278 1575 2383 1614 non
2429 1560 2572 1615 victo
2599 1563 2639 1629 ί,
2672 1577 2772 1618 nec
2812 1563 3056 1630 cedente,
3105 1563 3159 1619 hi
3202 1564 3602 1636 diriperentur?
3644 1566 3742 1624 Hic

2146 1665 2275 1706 vero
2304 1651 2515 1707 videtur
2537 1653 2665 1707 mihi
2695 1654 2972 1725 prophetia
3000 1670 3121 1712 esse
3151 1657 3293 1727 quod
3317 1657 3530 1714 dicitur.
3554 1658 3761 1730 Neque

2146 1743 2291 1799 enim
2316 1744 2476 1801 modo
2494 1745 2771 1804 daemones
2796 1764 2921 1805 vasa
2948 1749 3147 1806 diaboli
3177 1761 3322 1817 sunt,
3343 1752 3439 1808 sed
3470 1753 3629 1809 etiam
3652 1754 3744 1809 ho-

2145 1836 2321 1892 mines
2384 1838 2475 1908 qui
2518 1839 2811 1895 secundum
2852 1841 3026 1911 ipsum
3071 1855 3380 1913 operantur.
3431 1844 3610 1900 Palam
3659 1856 3763 1903 cst'

2146 1927 2304 1999 igitur
2338 1928 2426 1985 hic
2453 1929 2556 1986 dici
2586 1946 2708 1987 eum
2739 1948 2845 1989 non
2877 1933 3150 1991 daemonas
3183 1937 3356 1991 solum
3393 1937 3609 2007 ejicere,
3643 1941 3740 1995 sed

2144 2021 2306 2076 etiam
2338 2037 2577 2078 errorem
2608 2040 2673 2079 cx
2702 2034 2816 2081 toto
2854 2026 2985 2082 orbe
3011 2026 3406 2083 eliminaturum
3446 2045 3584 2097 esse,
3618 2030 3740 2085 dia-

2145 2110 2362 2182 bolique
2391 2115 2687 2184 prtestigias
2732 2117 3048 2184 soluturum,
3099 2129 3161 2181 et
3205 2119 3384 2175 omnia
3433 2136 3553 2191 qua:
3596 2121 3747 2177 illius

2146 2214 2271 2258 sunt
2296 2204 2499 2260 inutilia
2537 2205 2890 2262 redditurum.
2941 2208 3126 2280 Neque
3169 2211 3324 2277 dixit,
3373 2211 3581 2283 Rapiet,
3623 2213 3759 2280 sed,.

2146 2295 2396 2366 Diripiet;
2419 2295 2698 2354 declamas
2728 2300 2854 2355 illud
2884 2316 3004 2355 cum
3029 2311 3290 2372 potestate
3314 2303 3507 2358 factum
3530 2319 3671 2359 esse.

2217 2390 2270 2445 '5.
2304 2390 2518 2446 Fortem
2551 2402 2728 2448 autem
2758 2394 2906 2448 illum
2933 2394 3165 2465 appellat
3190 2437 3205 2461 ,
3235 2411 3342 2452 non
3381 2395 3523 2467 quod
3552 2407 3759 2451 natura:

2149 2482 2267 2537 talis
2296 2484 2410 2542 sit:
2443 2482 2617 2550 absit;
2648 2484 2742 2541 sed
2786 2486 3018 2556 priorem
3059 2488 3366 2558 signiﬁcans
3407 2490 3757 2561 tyrannidem.

2147 2591 2213 2632 ex
2244 2576 2564 2646 negligentia
2596 2587 2780 2632 nostra
2809 2578 3116 2634 stabilitam.
3148 2580 3237 2636 50.
3269 2581 3370 2648 Qui
3409 2599 3509 2636 non
3535 2592 3606 2637 est
3636 2598 3744 2635 meo

2147 2683 2282 2733 cum,
2311 2677 2489 2722 contra
2514 2685 2594 2722 me
2620 2680 2728 2735 est;
2759 2680 2807 2724 et
2826 2672 2912 2741 qui
2934 2688 3127 2725 mecum
3152 2688 3254 2726 non
3277 2673 3493 2744 colligit,
3523 2674 3738 2745 spargit.

2149 2758 2289 2813 Ecce
2312 2769 2554 2831 quartam
2582 2762 2925 2817 solutionem.
2949 2763 3086 2831 Quid
3114 2763 3276 2820 volo?
3305 2764 3495 2835 inquit.
3521 2764 3629 2820 Deo
3655 2766 3745 2819 of.

2150 2848 2289 2904 ferre
2324 2891 2339 2914 ,
2391 2851 2643 2907 virtutem
2685 2852 2915 2920 docere,
2959 2869 3181 2925 regnum
3226 2856 3563 2913 aununtiare.
3605 2857 3743 2924 Quid

2149 2941 2394 2997 diabolus
2419 2952 2475 2998 et
2502 2943 2776 3001 daemones
2795 2945 3016 3000 volunt?
3037 2946 3131 3002 llis
3151 2948 3438 3003 contraria.
3465 2949 3745 3016 Quomodo

2150 3034 2311 3105 igitur
2335 3034 2400 3101 is,
2427 3035 2517 3105 qui
2548 3050 2758 3092 meeum
2788 3052 2894 3092 non
2925 3039 3159 3109 colligit,
3191 3054 3366 3110 neque
3390 3054 3596 3095 mecum
3621 3050 3742 3108 est,

2151 3141 2359 3180 mecum
2402 3137 2718 3196 operaturus
2743 3128 2864 3184 est?
2893 3130 3092 3201 etquid
3134 3130 3256 3187 dico
3299 3147 3509 3187 mecum
3551 3146 3744 3203 opera-

2152 3219 2340 3273 turus?
2390 3219 2503 3275 imo
2557 3222 2926 3288 contrarium;
2977 3224 3124 3293 cupit
3171 3224 3314 3279 enim
3371 3239 3492 3280 mea
3536 3225 3744 3294 disper-

2151 3325 2294 3379 gere.
2327 3311 2426 3379 Qui
2458 3327 2588 3384 ergo
2626 3328 2734 3368 non
2774 3314 2934 3370 modo
2967 3331 3177 3371 mecum
3206 3332 3311 3371 non
3347 3327 3619 3388 operatur,
3648 3318 3759 3375 sed‘

2151 3404 2311 3457 etiam
2361 3402 2654 3475 diSpergit,
2698 3406 2967 3477 quomodo
3017 3416 3216 3462 tantam
3262 3424 3471 3465 mecum
3525 3426 3748 3467 concor-

2151 3492 2293 3548 diam
2316 3494 2613 3560 exbiberet,
2628 3504 2689 3551 ut
2713 3512 2921 3552 mecum
2943 3498 3215 3554 daemonas
3244 3499 3500 3569 ejiceret?
3523 3501 3631 3557 lloc
3650 3517 3761 3557 an.

2153 3592 2259 3638 tcm
2309 3600 2417 3639 non
2464 3584 2533 3641 de
2574 3586 2789 3643 diabolo
2831 3598 3060 3657 tantum,
3106 3590 3201 3645 sed
3248 3593 3421 3662 ipsum
3461 3592 3529 3648 de
3568 3595 3747 3666 seipse

2151 3676 2442 3731 verisimile
2464 3687 2547 3732 est
2572 3677 2794 3743 dixisse,
2818 3688 3004 3750 utpote
3031 3682 3119 3752 qui
3141 3693 3324 3737 contra
3353 3683 3626 3739 diabolum
3653 3686 3745 3752 sit,

2152 3775 2207 3821 et
2233 3781 2351 3836 qua:
2389 3767 2530 3823 illius
2577 3778 2702 3824 sunt
2747 3769 3039 3842 dispergat.
3072 3772 3137 3827 Et
3166 3776 3456 3844 quomodo,
3505 3776 3744 3847 inquies,

2152 3858 2241 3928 qui
2273 3874 2377 3913 non
2418 3868 2503 3914 est
2545 3876 2789 3927 mecum,
2820 3873 3005 3918 contra
3046 3880 3132 3918 me
3172 3866 3288 3920 est?
3317 3865 3370 3920 Id
3401 3876 3505 3936 est,
3536 3883 3604 3924 eo
3631 3869 3747 3937 ipso

2152 3949 2297 4020 quod
2346 3965 2453 4005 non
2495 3953 2731 4025 colligat.
2775 3954 2831 4010 Si
2870 3964 3046 4011 autem
3079 3954 3182 4012 hoc
3220 3972 3403 4011 verum
3429 3970 3542 4026 est,
3577 3961 3761 4013 multo-

2152 4045 2322 4115 magis
2345 4044 2435 4115 qui
2461 4055 2651 4101 contra
2692 4047 2863 4118 ipsum
2911 4057 3014 4115 est,
3045 4063 3168 4104 cum
3206 4050 3296 4104 illo
3336 4065 3441 4106 nea
3469 4061 3746 4122 operatur.

2151 4133 2284 4189 Nam
2315 4136 2359 4190 si
2388 4137 2431 4190 is
2458 4136 2547 4206 qui
2577 4152 2701 4192 cum
2749 4138 2843 4193 illo
2872 4153 2978 4194 non
3019 4152 3305 4210 operatur,
3333 4141 3579 4197 inimicus
3613 4155 3696 4199 est
3730 4162 3745 4198 :

2153 4226 2322 4281 multo
2351 4228 2522 4298 magis
2538 4227 2629 4298 qui
2653 4228 2948 4300 impugnat.
2975 4230 3101 4286 Haec
3130 4246 3291 4301 porro
3316 4233 3498 4288 omnia
3518 4233 3663 4302 dicit,
3688 4247 3757 4292 ur

2152 4319 2402 4373 ostendat
2429 4335 2676 4392 magnam
2706 4322 2805 4378 sibi
2839 4337 2959 4378 cum
2986 4322 3200 4379 diabolo
3240 4324 3573 4380 inimicitiam
3598 4341 3741 4381 esse.

2154 4409 2251 4464 Dic
2287 4409 2441 4475 mihi,
2472 4425 2680 4480 quaeso,
2710 4412 2756 4467 si
2801 4412 2941 4484 quis,
2968 4429 3090 4469 cum
3134 4415 3204 4469 sit
3244 4415 3583 4484 pugnandum
3606 4458 3620 4484 ,
3650 4417 3746 4472 tibi

2153 4500 2353 4555 auxilio
2382 4515 2502 4557 esse
2530 4502 2694 4569 nolit,
2725 4518 2905 4559 nonne
2942 4505 3027 4560 vel
3053 4520 3120 4562 eo
3147 4506 3265 4576 ipso
3307 4517 3494 4561 contra
3522 4515 3575 4561 te
3599 4508 3703 4563 erit
3722 4508 3759 4560 ?'

2152 4593 2305 4660 Quod
2338 4594 2381 4649 si
2408 4594 2534 4649 alibi
2556 4593 2733 4662 dicat,
2765 4596 2866 4662 Qui
2892 4614 2994 4651 non
3036 4607 3109 4654 est
3136 4607 3311 4652 contra
3338 4615 3453 4664 vos,
3495 4615 3587 4670 pro
3610 4599 3751 4655 vobis

2153 4696 2229 4738 est
2253 4683 2409 4757 (Luc.
2439 4685 2492 4740 9.
2520 4684 2637 4755 50),
2668 4702 2775 4740 non
2806 4695 2891 4743 est
2915 4687 3042 4742 huic
3068 4688 3214 4744 dicto
3238 4690 3587 4744 contrarium.
3613 4689 3746 4744 Nam

2152 4777 2241 4832 hic
2268 4777 2633 4833 adversarium
2664 4781 2743 4835 eis
2769 4780 3026 4848 ostendit,
3059 4780 3167 4837 illic
3193 4796 3324 4837 vero
3349 4796 3415 4836 ex
3444 4792 3601 4854 parte
3644 4783 3747 4837 ad-

2154 4872 2471 4927 versarium.
2518 4871 2672 4939 Nam,
2700 4873 2767 4927 In
2795 4874 2998 4928 nomine
3017 4884 3123 4939 tua,
3153 4875 3357 4945 inquit,
3392 4876 3601 4946 ejiciunt
3639 4875 3749 4928 da:-

2152 4965 2325 5017 monia
2365 4962 2581 5035 (Matth.
2611 4966 2665 5020 7.
2719 4964 2837 5038 9.2).
2865 4965 2993 5021 Mihi
3022 4982 3152 5022 vero
3173 4966 3384 5023 videtur
3412 4967 3499 5022 hic
3529 4967 3746 5023 Judmos

2151 5053 2515 5122 subindicare,
2542 5070 2680 5127 quos
2701 5072 2821 5112 cum
2841 5056 3057 5114 diabolo
3081 5059 3380 5115 constituit.
3405 5059 3539 5115 Nam
3567 5070 3621 5115 et
3642 5060 3753 5130 ipsi

2156 5144 2604 5213 adversabantur,
2650 5157 2705 5203 et
2746 5164 2867 5218 quae
2892 5150 3009 5219 ipse
3052 5162 3432 5222 congregasset
3474 5151 3749 5222 disperge-

2149 5236 2299 5293 baut.
2329 5237 2483 5307 Quod
2527 5239 2671 5294 enim
2712 5240 2857 5311 ipsos
2898 5241 3298 5309 subiudicarct,
3340 5243 3631 5300 declaravit
3658 5243 3751 5298 his

2149 5330 2330 5386 verbis
2355 5349 2367 5384 :
2392 5331 2453 5386 5i
2466 5370 2478 5385 .
2505 5330 2633 5386 Ideo
2656 5333 2769 5388 dico
2789 5334 2946 5402 vobis,
2969 5333 3131 5388 Omne
3150 5345 3411 5406 peccatum
3432 5346 3479 5391 et
3500 5337 3743 5407 blasphe-

2151 5421 2256 5476 ἦιξα
2290 5423 2571 5477 remittetur
2614 5423 2918 5480 hominibus.
2957 5424 3308 5497 Posteaquam
3338 5429 3482 5483 enim
3512 5442 3742 5498 reSpon-

2149 5514 2306 5569 derat
2333 5521 2389 5569 et
2427 5515 2783 5584 objectionem
2833 5518 3102 5585 solverat,
3137 5519 3555 5591 ostenderatque
3593 5520 3742 5590 ipsos

2147 5604 2347 5691 fruera
2369 5607 2706 5676 impudenter
2716 5623 2893 5679 agere,
2919 5609 3132 5666 demum
3153 5619 3337 5667 terret.
3352 5612 3573 5668 Consilii
3594 5612 3739 5668 enim

2147 5707 2204 5752 et
2246 5700 2599 5755 correctionis
2644 5699 2762 5756 bare
2806 5716 2911 5757 non
2957 5702 3257 5773 spernenda
3303 5718 3434 5774 pars
3479 5712 3578 5772 est,
3626 5718 3743 5760 non

2147 5789 2309 5846 modo
2333 5791 2560 5861 objectis
2602 5793 2931 5862 respondere
2955 5802 3013 5852 et
3055 5794 3402 5868 persuadere,
3432 5794 3530 5854 sed
3570 5794 3740 5852 etiam

2211 5904 2225 5935 ‘
2253 5907 2371 5974 Alii,
2389 5906 2476 5960 illo
2492 5919 2587 5961 non
2602 5913 2774 5961 vincto.
