  <div class='ocr_page' id='page_1' title='image "/cluster/home/n/w/nwhite01/storage/ocr_20150623/57:no.7:pt.1/coo.31924054869577/378.png"; bbox 0 0 4118 6432; ppageno 0'>
   <div class='ocr_carea' id='block_1_1' title="bbox 301 429 430 488">
    <p class='ocr_par' dir='ltr' id='par_1_1' title="bbox 301 429 430 488">
     <span class='ocr_line' id='line_1_1' title="bbox 301 429 430 488; baseline -0.016 0"><span class='ocrx_word' id='word_1_1' title='bbox 301 429 430 488; x_wconf 66' lang='grc'><strong><em>’649</em></strong></span> 
     </span>
    </p>
   </div>
   <div class='ocr_carea' id='block_1_2' title="bbox 307 528 1906 614">
    <p class='ocr_par' dir='ltr' id='par_1_2' title="bbox 307 528 1906 614">
     <span class='ocr_line' id='line_1_2' title="bbox 307 528 1906 614; baseline -0.016 -9"><span class='ocrx_word' id='word_1_2' title='bbox 307 543 676 608; x_wconf 80' lang='lat' dir='ltr'><strong><em>comminari,</em></strong></span> <span class='ocrx_word' id='word_1_3' title='bbox 706 539 847 614; x_wconf 90' lang='lat' dir='ltr'><strong><em>quod</em></strong></span> <span class='ocrx_word' id='word_1_4' title='bbox 875 539 967 596; x_wconf 90' lang='lat' dir='ltr'><strong><em>ille</em></strong></span> <span class='ocrx_word' id='word_1_5' title='bbox 994 536 1310 610; x_wconf 87' lang='lat' dir='ltr'><strong><em>plerumque</em></strong></span> <span class='ocrx_word' id='word_1_6' title='bbox 1353 531 1481 589; x_wconf 89' lang='lat' dir='ltr'><strong><em>facit</em></strong></span> <span class='ocrx_word' id='word_1_7' title='bbox 1505 531 1632 588; x_wconf 90' lang='lat' dir='ltr'><strong><em>dum</em></strong></span> <span class='ocrx_word' id='word_1_8' title='bbox 1669 528 1814 600; x_wconf 81' lang='lat' dir='ltr'><strong><em>leges</em></strong></span> <span class='ocrx_word' id='word_1_9' title='bbox 1851 536 1906 580; x_wconf 89' lang='lat' dir='ltr'><strong><em>et</em></strong></span> 
     </span>
    </p>
   </div>
   <div class='ocr_carea' id='block_1_3' title="bbox 292 633 792 706">
    <p class='ocr_par' dir='ltr' id='par_1_3' title="bbox 292 633 792 706">
     <span class='ocr_line' id='line_1_3' title="bbox 292 633 792 706; baseline -0.018 -11"><span class='ocrx_word' id='word_1_10' title='bbox 292 671 294 674; x_wconf 54' lang='grc' dir='ltr'>ν</span> <span class='ocrx_word' id='word_1_11' title='bbox 323 639 544 694; x_wconf 81' lang='lat' dir='ltr'><strong><em>consilia</em></strong></span> <span class='ocrx_word' id='word_1_12' title='bbox 569 633 792 706; x_wconf 81' lang='lat' dir='ltr'><strong><em>profert.</em></strong></span> 
     </span>
    </p>
   </div>
   <div class='ocr_carea' id='block_1_4' title="bbox 397 709 1908 794">
    <p class='ocr_par' dir='ltr' id='par_1_4' title="bbox 397 709 1908 794">
     <span class='ocr_line' id='line_1_4' title="bbox 397 709 1908 794; baseline -0.015 -10"><span class='ocrx_word' id='word_1_13' title='bbox 397 731 508 794; x_wconf 77' lang='lat' dir='ltr'><strong><em>Quo</em></strong></span> <span class='ocrx_word' id='word_1_14' title='bbox 530 743 677 782; x_wconf 80' lang='lat' dir='ltr'><strong><em>sensu</em></strong></span> <span class='ocrx_word' id='word_1_15' title='bbox 698 722 1011 794; x_wconf 77' lang='lat' dir='ltr'><strong><em>blasphemia</em></strong></span> <span class='ocrx_word' id='word_1_16' title='bbox 1030 720 1257 793; x_wconf 83' lang='lat' dir='ltr'><strong><em>Spiritus</em></strong></span> <span class='ocrx_word' id='word_1_17' title='bbox 1270 735 1377 773; x_wconf 58' lang='lat' dir='ltr'><strong><em>‘non</em></strong></span> <span class='ocrx_word' id='word_1_18' title='bbox 1401 716 1705 771; x_wconf 77' lang='lat' dir='ltr'><strong><em>remittatur.</em></strong></span> <span class='ocrx_word' id='word_1_19' title='bbox 1724 740 1794 750; x_wconf 98' lang='lat'><strong>—</strong></span> <span class='ocrx_word' id='word_1_20' title='bbox 1815 709 1908 763; x_wconf 73' lang='lat' dir='ltr'><strong><em>Vi-</em></strong></span> 
     </span>
    </p>
   </div>
   <div class='ocr_carea' id='block_1_5' title="bbox 324 800 1908 886">
    <p class='ocr_par' dir='ltr' id='par_1_5' title="bbox 324 800 1908 886">
     <span class='ocr_line' id='line_1_5' title="bbox 324 800 1908 886; baseline -0.014 -10"><span class='ocrx_word' id='word_1_21' title='bbox 324 823 479 876; x_wconf 79' lang='lat' dir='ltr'><strong><em>detur</em></strong></span> <span class='ocrx_word' id='word_1_22' title='bbox 505 828 681 873; x_wconf 90' lang='lat' dir='ltr'><strong><em>autem</em></strong></span> <span class='ocrx_word' id='word_1_23' title='bbox 725 818 776 870; x_wconf 90' lang='lat' dir='ltr'><strong><em>id</em></strong></span> <span class='ocrx_word' id='word_1_24' title='bbox 805 814 948 886; x_wconf 90' lang='lat' dir='ltr'><strong><em>quod</em></strong></span> <span class='ocrx_word' id='word_1_25' title='bbox 989 814 1187 868; x_wconf 91' lang='lat' dir='ltr'><strong><em>dictum</em></strong></span> <span class='ocrx_word' id='word_1_26' title='bbox 1231 820 1314 867; x_wconf 88' lang='lat' dir='ltr'><strong><em>est</em></strong></span> <span class='ocrx_word' id='word_1_27' title='bbox 1341 809 1629 864; x_wconf 90' lang='lat' dir='ltr'><strong><em>obscurum</em></strong></span> <span class='ocrx_word' id='word_1_28' title='bbox 1673 817 1792 858; x_wconf 90' lang='lat' dir='ltr'><strong><em>esse</em></strong></span> <span class='ocrx_word' id='word_1_29' title='bbox 1818 818 1832 854; x_wconf 91' lang='lat'>:</span> <span class='ocrx_word' id='word_1_30' title='bbox 1863 800 1908 855; x_wconf 92' lang='lat' dir='ltr'><strong><em>si</em></strong></span> 
     </span>
    </p>
   </div>
   <div class='ocr_carea' id='block_1_6' title="bbox 326 895 1911 975">
    <p class='ocr_par' dir='ltr' id='par_1_6' title="bbox 326 895 1911 975">
     <span class='ocr_line' id='line_1_6' title="bbox 326 895 1911 975; baseline -0.011 -11"><span class='ocrx_word' id='word_1_31' title='bbox 326 928 453 968; x_wconf 79' lang='lat' dir='ltr'><strong><em>vero</em></strong></span> <span class='ocrx_word' id='word_1_32' title='bbox 501 911 860 975; x_wconf 89' lang='lat' dir='ltr'><strong><em>attendamus,</em></strong></span> <span class='ocrx_word' id='word_1_33' title='bbox 903 907 1074 962; x_wconf 79' lang='lat' dir='ltr'><strong><em>facilis</em></strong></span> <span class='ocrx_word' id='word_1_34' title='bbox 1117 905 1220 960; x_wconf 89' lang='lat' dir='ltr'><strong><em>erit</em></strong></span> <span class='ocrx_word' id='word_1_35' title='bbox 1266 902 1484 958; x_wconf 92' lang='lat' dir='ltr'><strong><em>solutio.</em></strong></span> <span class='ocrx_word' id='word_1_36' title='bbox 1527 898 1708 954; x_wconf 88' lang='lat' dir='ltr'><strong><em>Primo</em></strong></span> <span class='ocrx_word' id='word_1_37' title='bbox 1752 895 1911 965; x_wconf 88' lang='lat' dir='ltr'><strong><em>igitur</em></strong></span> 
     </span>
    </p>
   </div>
   <div class='ocr_carea' id='block_1_7' title="bbox 328 987 1910 1074">
    <p class='ocr_par' dir='ltr' id='par_1_7' title="bbox 328 987 1910 1074">
     <span class='ocr_line' id='line_1_7' title="bbox 328 987 1910 1074; baseline -0.013 -16"><span class='ocrx_word' id='word_1_38' title='bbox 328 1005 445 1074; x_wconf 86' lang='lat' dir='ltr'><strong><em>ejus</em></strong></span> <span class='ocrx_word' id='word_1_39' title='bbox 466 998 592 1058; x_wconf 85' lang='lat' dir='ltr'><strong><em>sunt</em></strong></span> <span class='ocrx_word' id='word_1_40' title='bbox 613 1001 879 1058; x_wconf 82' lang='lat' dir='ltr'><strong><em>audienda</em></strong></span> <span class='ocrx_word' id='word_1_41' title='bbox 907 998 1070 1053; x_wconf 86' lang='lat' dir='ltr'><strong><em>verba</em></strong></span> <span class='ocrx_word' id='word_1_42' title='bbox 1100 1017 1112 1052; x_wconf 86' lang='lat'><strong>:</strong></span> <span class='ocrx_word' id='word_1_43' title='bbox 1141 997 1302 1050; x_wconf 83' lang='lat' dir='ltr'><strong><em>Omne</em></strong></span> <span class='ocrx_word' id='word_1_44' title='bbox 1326 1003 1586 1064; x_wconf 88' lang='lat' dir='ltr'><strong><em>peccatum</em></strong></span> <span class='ocrx_word' id='word_1_45' title='bbox 1612 999 1657 1043; x_wconf 91' lang='lat' dir='ltr'><strong><em>et</em></strong></span> <span class='ocrx_word' id='word_1_46' title='bbox 1674 987 1910 1057; x_wconf 83' lang='lat' dir='ltr'><strong><em>blasphe-</em></strong></span> 
     </span>
    </p>
   </div>
   <div class='ocr_carea' id='block_1_8' title="bbox 326 1081 1910 1157">
    <p class='ocr_par' dir='ltr' id='par_1_8' title="bbox 326 1081 1910 1157">
     <span class='ocr_line' id='line_1_8' title="bbox 326 1081 1910 1157; baseline -0.012 -9"><span class='ocrx_word' id='word_1_47' title='bbox 326 1098 429 1150; x_wconf 86' lang='lat' dir='ltr'><strong><em>mia</em></strong></span> <span class='ocrx_word' id='word_1_48' title='bbox 453 1096 731 1149; x_wconf 81' lang='lat' dir='ltr'><strong><em>remittetur</em></strong></span> <span class='ocrx_word' id='word_1_49' title='bbox 752 1089 1072 1146; x_wconf 82' lang='lat' dir='ltr'><strong><em>hominibus:</em></strong></span> <span class='ocrx_word' id='word_1_50' title='bbox 1091 1086 1405 1157; x_wconf 77' lang='lat' dir='ltr'><strong><em>blasphemia</em></strong></span> <span class='ocrx_word' id='word_1_51' title='bbox 1426 1100 1542 1138; x_wconf 88' lang='lat' dir='ltr'><strong><em>vero</em></strong></span> <span class='ocrx_word' id='word_1_52' title='bbox 1565 1081 1789 1151; x_wconf 78' lang='lat' dir='ltr'><strong><em>Spiritus</em></strong></span> <span class='ocrx_word' id='word_1_53' title='bbox 1810 1094 1910 1131; x_wconf 84' lang='lat' dir='ltr'><strong><em>non</em></strong></span> 
     </span>
    </p>
   </div>
   <div class='ocr_carea' id='block_1_9' title="bbox 325 1175 1911 1252">
    <p class='ocr_par' dir='ltr' id='par_1_9' title="bbox 325 1175 1911 1252">
     <span class='ocr_line' id='line_1_9' title="bbox 325 1175 1911 1252; baseline -0.011 -12"><span class='ocrx_word' id='word_1_54' title='bbox 325 1189 604 1242; x_wconf 83' lang='lat' dir='ltr'><strong><em>remittetur</em></strong></span> <span class='ocrx_word' id='word_1_55' title='bbox 629 1185 718 1239; x_wconf 84' lang='lat' dir='ltr'><strong><em>eis.</em></strong></span> <span class='ocrx_word' id='word_1_56' title='bbox 749 1183 837 1238; x_wconf 76' lang='grc'><strong><em>52.</em></strong></span> <span class='ocrx_word' id='word_1_57' title='bbox 870 1182 932 1236; x_wconf 86' lang='lat' dir='ltr'><strong><em>Et</em></strong></span> <span class='ocrx_word' id='word_1_58' title='bbox 961 1183 1264 1252; x_wconf 86' lang='lat' dir='ltr'><strong><em>quicumque</em></strong></span> <span class='ocrx_word' id='word_1_59' title='bbox 1293 1177 1481 1231; x_wconf 75' lang='lat' dir='ltr'><strong><em>dixerit</em></strong></span> <span class='ocrx_word' id='word_1_60' title='bbox 1510 1175 1710 1229; x_wconf 88' lang='lat' dir='ltr'><strong><em>verbum</em></strong></span> <span class='ocrx_word' id='word_1_61' title='bbox 1736 1181 1911 1225; x_wconf 87' lang='lat' dir='ltr'><strong><em>contra</em></strong></span> 
     </span>
    </p>
   </div>
   <div class='ocr_carea' id='block_1_10' title="bbox 330 1264 1912 1342">
    <p class='ocr_par' dir='ltr' id='par_1_10' title="bbox 330 1264 1912 1342">
     <span class='ocr_line' id='line_1_10' title="bbox 330 1264 1912 1342; baseline -0.012 -7"><span class='ocrx_word' id='word_1_62' title='bbox 330 1282 524 1335; x_wconf 80' lang='lat' dir='ltr'><strong><em>Filium</em></strong></span> <span class='ocrx_word' id='word_1_63' title='bbox 561 1281 778 1333; x_wconf 79' lang='lat' dir='ltr'><strong><em>hominis</em></strong></span> <span class='ocrx_word' id='word_1_64' title='bbox 798 1318 812 1342; x_wconf 97' lang='lat'><strong><em>,</em></strong></span> <span class='ocrx_word' id='word_1_65' title='bbox 845 1277 1122 1330; x_wconf 84' lang='lat' dir='ltr'><strong><em>remittetur</em></strong></span> <span class='ocrx_word' id='word_1_66' title='bbox 1144 1276 1188 1327; x_wconf 90' lang='lat' dir='ltr'><strong><em>ei</em></strong></span> <span class='ocrx_word' id='word_1_67' title='bbox 1215 1288 1232 1326; x_wconf 92' lang='lat'><strong><em>:</em></strong></span> <span class='ocrx_word' id='word_1_68' title='bbox 1255 1272 1554 1342; x_wconf 87' lang='lat' dir='ltr'><strong><em>quicumque</em></strong></span> <span class='ocrx_word' id='word_1_69' title='bbox 1588 1282 1703 1321; x_wconf 81' lang='lat' dir='ltr'><strong><em>vero</em></strong></span> <span class='ocrx_word' id='word_1_70' title='bbox 1730 1264 1912 1318; x_wconf 78' lang='lat' dir='ltr'><strong><em>dixerit</em></strong></span> 
     </span>
    </p>
   </div>
   <div class='ocr_carea' id='block_1_11' title="bbox 327 1357 1913 1443">
    <p class='ocr_par' dir='ltr' id='par_1_11' title="bbox 327 1357 1913 1443">
     <span class='ocr_line' id='line_1_11' title="bbox 327 1357 1913 1443; baseline -0.011 -17"><span class='ocrx_word' id='word_1_71' title='bbox 327 1383 505 1428; x_wconf 86' lang='lat' dir='ltr'><strong><em>contra</em></strong></span> <span class='ocrx_word' id='word_1_72' title='bbox 530 1372 783 1443; x_wconf 83' lang='lat' dir='ltr'><strong><em>Spiritum</em></strong></span> <span class='ocrx_word' id='word_1_73' title='bbox 804 1378 1054 1432; x_wconf 84' lang='lat' dir='ltr'><strong><em>sanctum,</em></strong></span> <span class='ocrx_word' id='word_1_74' title='bbox 1073 1383 1174 1420; x_wconf 88' lang='lat' dir='ltr'><strong><em>non</em></strong></span> <span class='ocrx_word' id='word_1_75' title='bbox 1197 1365 1476 1419; x_wconf 87' lang='lat' dir='ltr'><strong><em>remittetur</em></strong></span> <span class='ocrx_word' id='word_1_76' title='bbox 1498 1361 1542 1415; x_wconf 88' lang='lat' dir='ltr'><strong><em>ei</em></strong></span> <span class='ocrx_word' id='word_1_77' title='bbox 1569 1375 1725 1430; x_wconf 88' lang='lat' dir='ltr'><strong><em>neque</em></strong></span> <span class='ocrx_word' id='word_1_78' title='bbox 1743 1359 1796 1410; x_wconf 87' lang='lat' dir='ltr'><strong><em>in</em></strong></span> <span class='ocrx_word' id='word_1_79' title='bbox 1819 1357 1913 1410; x_wconf 82' lang='lat' dir='ltr'><strong><em>hoc</em></strong></span> 
     </span>
    </p>
   </div>
   <div class='ocr_carea' id='block_1_12' title="bbox 326 1448 1913 1534">
    <p class='ocr_par' dir='ltr' id='par_1_12' title="bbox 326 1448 1913 1534">
     <span class='ocr_line' id='line_1_12' title="bbox 326 1448 1913 1534; baseline -0.012 -13"><span class='ocrx_word' id='word_1_80' title='bbox 326 1467 545 1532; x_wconf 75' lang='lat' dir='ltr'><strong><em>swculo,</em></strong></span> <span class='ocrx_word' id='word_1_81' title='bbox 578 1480 735 1534; x_wconf 86' lang='lat' dir='ltr'><strong><em>neque</em></strong></span> <span class='ocrx_word' id='word_1_82' title='bbox 771 1463 824 1516; x_wconf 89' lang='lat' dir='ltr'><strong><em>in</em></strong></span> <span class='ocrx_word' id='word_1_83' title='bbox 849 1463 1048 1532; x_wconf 73' lang='lat' dir='ltr'><strong><em>1futuro.</em></strong></span> <span class='ocrx_word' id='word_1_84' title='bbox 1078 1456 1216 1526; x_wconf 85' lang='lat' dir='ltr'><strong><em>Quid</em></strong></span> <span class='ocrx_word' id='word_1_85' title='bbox 1260 1455 1362 1510; x_wconf 88' lang='lat' dir='ltr'><strong><em>sibi</em></strong></span> <span class='ocrx_word' id='word_1_86' title='bbox 1405 1454 1519 1508; x_wconf 97' lang='lat' dir='ltr'><strong><em>vult</em></strong></span> <span class='ocrx_word' id='word_1_87' title='bbox 1556 1450 1727 1522; x_wconf 86' lang='lat' dir='ltr'><strong><em>ergo?</em></strong></span> <span class='ocrx_word' id='word_1_88' title='bbox 1752 1448 1913 1502; x_wconf 85' lang='lat' dir='ltr'><strong><em>Multa</em></strong></span> 
     </span>
    </p>
   </div>
   <div class='ocr_carea' id='block_1_13' title="bbox 325 1539 1912 1616">
    <p class='ocr_par' dir='ltr' id='par_1_13' title="bbox 325 1539 1912 1616">
     <span class='ocr_line' id='line_1_13' title="bbox 325 1539 1912 1616; baseline -0.013 -5"><span class='ocrx_word' id='word_1_89' title='bbox 325 1565 512 1611; x_wconf 85' lang='lat' dir='ltr'><strong><em>contra</em></strong></span> <span class='ocrx_word' id='word_1_90' title='bbox 545 1570 632 1608; x_wconf 91' lang='lat' dir='ltr'><strong><em>me</em></strong></span> <span class='ocrx_word' id='word_1_91' title='bbox 659 1552 904 1616; x_wconf 78' lang='lat' dir='ltr'><strong><em>dixistis,</em></strong></span> <span class='ocrx_word' id='word_1_92' title='bbox 936 1549 1276 1604; x_wconf 81' lang='lat' dir='ltr'><strong><em>seductorem</em></strong></span> <span class='ocrx_word' id='word_1_93' title='bbox 1308 1547 1526 1614; x_wconf 92' lang='lat' dir='ltr'><strong><em>Dcoque</em></strong></span> <span class='ocrx_word' id='word_1_94' title='bbox 1549 1539 1912 1596; x_wconf 90' lang='lat' dir='ltr'><strong><em>adversarium</em></strong></span> 
     </span>
    </p>
   </div>
   <div class='ocr_carea' id='block_1_14' title="bbox 326 1637 1915 1712">
    <p class='ocr_par' dir='ltr' id='par_1_14' title="bbox 326 1637 1915 1712">
     <span class='ocr_line' id='line_1_14' title="bbox 326 1637 1915 1712; baseline -0.011 -10"><span class='ocrx_word' id='word_1_95' title='bbox 326 1647 578 1702; x_wconf 88' lang='lat' dir='ltr'><strong><em>vocastis.</em></strong></span> <span class='ocrx_word' id='word_1_96' title='bbox 604 1644 729 1699; x_wconf 77' lang='lat' dir='ltr'><strong><em>Haec</em></strong></span> <span class='ocrx_word' id='word_1_97' title='bbox 749 1643 900 1698; x_wconf 84' lang='lat' dir='ltr'><strong><em>vobis</em></strong></span> <span class='ocrx_word' id='word_1_98' title='bbox 927 1639 1308 1712; x_wconf 75' lang='lat' dir='ltr'><strong><em>paenitentibus</em></strong></span> <span class='ocrx_word' id='word_1_99' title='bbox 1330 1637 1568 1700; x_wconf 88' lang='lat' dir='ltr'><strong><em>remitto,</em></strong></span> <span class='ocrx_word' id='word_1_100' title='bbox 1602 1647 1774 1703; x_wconf 87' lang='lat' dir='ltr'><strong><em>neque</em></strong></span> <span class='ocrx_word' id='word_1_101' title='bbox 1801 1646 1915 1700; x_wconf 70' lang='lat' dir='ltr'><strong><em>pte-</em></strong></span> 
     </span>
    </p>
   </div>
   <div class='ocr_carea' id='block_1_15' title="bbox 329 1723 1912 1808">
    <p class='ocr_par' dir='ltr' id='par_1_15' title="bbox 329 1723 1912 1808">
     <span class='ocr_line' id='line_1_15' title="bbox 329 1723 1912 1808; baseline -0.011 -15"><span class='ocrx_word' id='word_1_102' title='bbox 329 1755 426 1793; x_wconf 91' lang='lat' dir='ltr'><strong><em>nas</em></strong></span> <span class='ocrx_word' id='word_1_103' title='bbox 450 1746 677 1808; x_wconf 86' lang='lat' dir='ltr'><strong><em>expeto;</em></strong></span> <span class='ocrx_word' id='word_1_104' title='bbox 707 1735 1036 1804; x_wconf 80' lang='lat' dir='ltr'><strong><em>blasphemia</em></strong></span> <span class='ocrx_word' id='word_1_105' title='bbox 1082 1741 1260 1787; x_wconf 90' lang='lat' dir='ltr'><strong><em>autem</em></strong></span> <span class='ocrx_word' id='word_1_106' title='bbox 1300 1729 1528 1800; x_wconf 89' lang='lat' dir='ltr'><strong><em>Spiritus</em></strong></span> <span class='ocrx_word' id='word_1_107' title='bbox 1573 1742 1682 1781; x_wconf 91' lang='lat' dir='ltr'><strong><em>non</em></strong></span> <span class='ocrx_word' id='word_1_108' title='bbox 1726 1723 1912 1778; x_wconf 87' lang='lat' dir='ltr'><strong><em>remit-</em></strong></span> 
     </span>
    </p>
   </div>
   <div class='ocr_carea' id='block_1_16' title="bbox 329 1820 1913 1899">
    <p class='ocr_par' dir='ltr' id='par_1_16' title="bbox 329 1820 1913 1899">
     <span class='ocr_line' id='line_1_16' title="bbox 329 1820 1913 1899; baseline -0.009 -13"><span class='ocrx_word' id='word_1_109' title='bbox 329 1828 980 1899; x_wconf 16' lang='lat' dir='ltr'><strong><em>titur,.ne,pmnitentibus</em></strong></span> <span class='ocrx_word' id='word_1_110' title='bbox 1006 1825 1238 1896; x_wconf 88' lang='lat' dir='ltr'><strong><em>quidem.</em></strong></span> <span class='ocrx_word' id='word_1_111' title='bbox 1281 1822 1348 1876; x_wconf 89' lang='lat' dir='ltr'><strong><em>Et</em></strong></span> <span class='ocrx_word' id='word_1_112' title='bbox 1387 1835 1488 1891; x_wconf 87' lang='lat' dir='ltr'><strong><em>qua</em></strong></span> <span class='ocrx_word' id='word_1_113' title='bbox 1529 1820 1734 1873; x_wconf 82' lang='lat' dir='ltr'><strong><em>ratione</em></strong></span> <span class='ocrx_word' id='word_1_114' title='bbox 1771 1825 1913 1872; x_wconf 88' lang='lat' dir='ltr'><strong><em>stare</em></strong></span> 
     </span>
    </p>
   </div>
   <div class='ocr_carea' id='block_1_17' title="bbox 326 1909 1914 1993">
    <p class='ocr_par' dir='ltr' id='par_1_17' title="bbox 326 1909 1914 1993">
     <span class='ocr_line' id='line_1_17' title="bbox 326 1909 1914 1993; baseline -0.009 -15"><span class='ocrx_word' id='word_1_115' title='bbox 326 1923 500 1993; x_wconf 82' lang='lat' dir='ltr'><strong><em>possit</em></strong></span> <span class='ocrx_word' id='word_1_116' title='bbox 539 1920 706 1976; x_wconf 88' lang='lat' dir='ltr'><strong><em>illud?</em></strong></span> <span class='ocrx_word' id='word_1_117' title='bbox 729 1919 864 1974; x_wconf 87' lang='lat' dir='ltr'><strong><em>Nam</em></strong></span> <span class='ocrx_word' id='word_1_118' title='bbox 887 1926 940 1972; x_wconf 90' lang='lat' dir='ltr'><strong><em>et</em></strong></span> <span class='ocrx_word' id='word_1_119' title='bbox 971 1916 1071 1971; x_wconf 91' lang='lat' dir='ltr'><strong><em>hoc</em></strong></span> <span class='ocrx_word' id='word_1_120' title='bbox 1106 1922 1382 1984; x_wconf 90' lang='lat' dir='ltr'><strong><em>peccatum</em></strong></span> <span class='ocrx_word' id='word_1_121' title='bbox 1415 1909 1797 1982; x_wconf 65' lang='lat' dir='ltr'><strong><em>paenitentibus</em></strong></span> <span class='ocrx_word' id='word_1_122' title='bbox 1823 1924 1914 1963; x_wconf 89' lang='lat' dir='ltr'><strong><em>rc-</em></strong></span> 
     </span>
    </p>
   </div>
   <div class='ocr_carea' id='block_1_18' title="bbox 293 2001 1911 2074">
    <p class='ocr_par' dir='ltr' id='par_1_18' title="bbox 293 2001 1911 2074">
     <span class='ocr_line' id='line_1_18' title="bbox 293 2001 1911 2074; baseline -0.011 -4"><span class='ocrx_word' id='word_1_123' title='bbox 293 2017 550 2071; x_wconf 80' lang='lat' dir='ltr'><strong><em>.missum</em></strong></span> <span class='ocrx_word' id='word_1_124' title='bbox 590 2012 708 2068; x_wconf 86' lang='lat' dir='ltr'><strong><em>fuit.</em></strong></span> <span class='ocrx_word' id='word_1_125' title='bbox 751 2010 899 2066; x_wconf 86' lang='lat' dir='ltr'><strong><em>Multi</em></strong></span> <span class='ocrx_word' id='word_1_126' title='bbox 932 2009 1073 2064; x_wconf 93' lang='lat' dir='ltr'><strong><em>cnim</em></strong></span> <span class='ocrx_word' id='word_1_127' title='bbox 1107 2021 1314 2071; x_wconf 89' lang='lat' dir='ltr'><strong><em>eorum,</em></strong></span> <span class='ocrx_word' id='word_1_128' title='bbox 1351 2004 1441 2074; x_wconf 86' lang='lat' dir='ltr'><strong><em>qui</em></strong></span> <span class='ocrx_word' id='word_1_129' title='bbox 1486 2003 1605 2056; x_wconf 89' lang='lat' dir='ltr'><strong><em>talia</em></strong></span> <span class='ocrx_word' id='word_1_130' title='bbox 1641 2001 1911 2063; x_wconf 83' lang='lat' dir='ltr'><strong><em>dixerunt,</em></strong></span> 
     </span>
    </p>
   </div>
   <div class='ocr_carea' id='block_1_19' title="bbox 295 2093 1915 2181">
    <p class='ocr_par' dir='ltr' id='par_1_19' title="bbox 295 2093 1915 2181">
     <span class='ocr_line' id='line_1_19' title="bbox 295 2093 1915 2181; baseline -0.012 -15"><span class='ocrx_word' id='word_1_131' title='bbox 324 2119 512 2181; x_wconf 87' lang='lat' dir='ltr'><strong><em>postea</em></strong></span> <span class='ocrx_word' id='word_1_132' title='bbox 532 2107 894 2172; x_wconf 89' lang='lat' dir='ltr'><strong><em>crediderunt,</em></strong></span> <span class='ocrx_word' id='word_1_133' title='bbox 925 2102 1208 2172; x_wconf 83' lang='lat' dir='ltr'><strong><em>omniaque</em></strong></span> <span class='ocrx_word' id='word_1_134' title='bbox 1228 2098 1356 2168; x_wconf 90' lang='lat' dir='ltr'><strong><em>ipsis</em></strong></span> <span class='ocrx_word' id='word_1_135' title='bbox 1373 2097 1594 2152; x_wconf 90' lang='lat' dir='ltr'><strong><em>remissa</em></strong></span> <span class='ocrx_word' id='word_1_136' title='bbox 1616 2102 1757 2148; x_wconf 91' lang='lat' dir='ltr'><strong><em>sunt.</em></strong></span> <span class='ocrx_word' id='word_1_137' title='bbox 1778 2093 1915 2160; x_wconf 86' lang='lat' dir='ltr'><strong><em>Quid</em></strong></span> 
     </span>
    </p>
   </div>
   <div class='ocr_carea' id='block_1_20' title="bbox 328 2185 1917 2272">
    <p class='ocr_par' dir='ltr' id='par_1_20' title="bbox 328 2185 1917 2272">
     <span class='ocr_line' id='line_1_20' title="bbox 328 2185 1917 2272; baseline -0.012 -16"><span class='ocrx_word' id='word_1_138' title='bbox 328 2201 488 2272; x_wconf 85' lang='lat' dir='ltr'><strong><em>igitur</em></strong></span> <span class='ocrx_word' id='word_1_139' title='bbox 525 2199 615 2256; x_wconf 91' lang='lat' dir='ltr'><strong><em>hic</em></strong></span> <span class='ocrx_word' id='word_1_140' title='bbox 647 2197 805 2254; x_wconf 81' lang='lat' dir='ltr'><strong><em>dicit?</em></strong></span> <span class='ocrx_word' id='word_1_141' title='bbox 843 2193 1046 2265; x_wconf 84' lang='lat' dir='ltr'><strong><em>Nempe</em></strong></span> <span class='ocrx_word' id='word_1_142' title='bbox 1097 2194 1204 2247; x_wconf 88' lang='lat' dir='ltr'><strong><em>hoc</em></strong></span> <span class='ocrx_word' id='word_1_143' title='bbox 1246 2195 1539 2261; x_wconf 86' lang='lat' dir='ltr'><strong><em>peccatum</em></strong></span> <span class='ocrx_word' id='word_1_144' title='bbox 1595 2203 1706 2258; x_wconf 75' lang='lat' dir='ltr'><strong><em>prae</em></strong></span> <span class='ocrx_word' id='word_1_145' title='bbox 1730 2185 1917 2240; x_wconf 82' lang='lat' dir='ltr'><strong><em>&#39;omni-</em></strong></span> 
     </span>
    </p>
   </div>
   <div class='ocr_carea' id='block_1_21' title="bbox 323 2275 1916 2356">
    <p class='ocr_par' dir='ltr' id='par_1_21' title="bbox 323 2275 1916 2356">
     <span class='ocr_line' id='line_1_21' title="bbox 323 2275 1916 2356; baseline -0.009 -11"><span class='ocrx_word' id='word_1_146' title='bbox 323 2293 432 2346; x_wconf 80' lang='lat' dir='ltr'><strong><em>bus</em></strong></span> <span class='ocrx_word' id='word_1_147' title='bbox 459 2291 611 2346; x_wconf 86' lang='lat' dir='ltr'><strong><em>venia</em></strong></span> <span class='ocrx_word' id='word_1_148' title='bbox 636 2301 842 2342; x_wconf 88' lang='lat' dir='ltr'><strong><em>carere.</em></strong></span> <span class='ocrx_word' id='word_1_149' title='bbox 876 2289 987 2356; x_wconf 88' lang='lat' dir='ltr'><strong><em>Qua</em></strong></span> <span class='ocrx_word' id='word_1_150' title='bbox 1010 2284 1076 2338; x_wconf 91' lang='lat' dir='ltr'><strong><em>de</em></strong></span> <span class='ocrx_word' id='word_1_151' title='bbox 1093 2280 1286 2337; x_wconf 88' lang='lat' dir='ltr'><strong><em>causa?</em></strong></span> <span class='ocrx_word' id='word_1_152' title='bbox 1303 2279 1435 2347; x_wconf 87' lang='lat' dir='ltr'><strong><em>Quia</em></strong></span> <span class='ocrx_word' id='word_1_153' title='bbox 1457 2279 1574 2348; x_wconf 91' lang='lat' dir='ltr'><strong><em>quis</em></strong></span> <span class='ocrx_word' id='word_1_154' title='bbox 1591 2286 1734 2332; x_wconf 89' lang='lat' dir='ltr'><strong><em>esset</em></strong></span> <span class='ocrx_word' id='word_1_155' title='bbox 1761 2275 1916 2331; x_wconf 88' lang='lat' dir='ltr'><strong><em>Chri-</em></strong></span> 
     </span>
    </p>
   </div>
   <div class='ocr_carea' id='block_1_22' title="bbox 294 2375 1913 2456">
    <p class='ocr_par' dir='ltr' id='par_1_22' title="bbox 294 2375 1913 2456">
     <span class='ocr_line' id='line_1_22' title="bbox 294 2375 1913 2456; baseline -0.007 -16"><span class='ocrx_word' id='word_1_156' title='bbox 294 2415 297 2418; x_wconf 93' lang='lat'>-</span> <span class='ocrx_word' id='word_1_157' title='bbox 329 2397 445 2442; x_wconf 90' lang='lat' dir='ltr'><strong><em>stus</em></strong></span> <span class='ocrx_word' id='word_1_158' title='bbox 475 2385 787 2456; x_wconf 81' lang='lat' dir='ltr'><strong><em>ignorabant</em></strong></span> <span class='ocrx_word' id='word_1_159' title='bbox 813 2403 826 2439; x_wconf 89' lang='lat'><strong>:</strong></span> <span class='ocrx_word' id='word_1_160' title='bbox 872 2383 1104 2452; x_wconf 87' lang='lat' dir='ltr'><strong><em>Spiritus</em></strong></span> <span class='ocrx_word' id='word_1_161' title='bbox 1126 2395 1252 2435; x_wconf 90' lang='lat' dir='ltr'><strong><em>vero</em></strong></span> <span class='ocrx_word' id='word_1_162' title='bbox 1278 2387 1654 2449; x_wconf 90' lang='lat' dir='ltr'><strong><em>congruentem</em></strong></span> <span class='ocrx_word' id='word_1_163' title='bbox 1679 2375 1788 2445; x_wconf 87' lang='lat' dir='ltr'><strong><em>jam</em></strong></span> <span class='ocrx_word' id='word_1_164' title='bbox 1813 2391 1913 2429; x_wconf 89' lang='lat' dir='ltr'><strong><em>no-</em></strong></span> 
     </span>
    </p>
   </div>
   <div class='ocr_carea' id='block_1_23' title="bbox 328 2469 1915 2546">
    <p class='ocr_par' dir='ltr' id='par_1_23' title="bbox 328 2469 1915 2546">
     <span class='ocr_line' id='line_1_23' title="bbox 328 2469 1915 2546; baseline -0.004 -16"><span class='ocrx_word' id='word_1_165' title='bbox 328 2477 499 2532; x_wconf 80' lang='lat' dir='ltr'><strong><em>titiam</em></strong></span> <span class='ocrx_word' id='word_1_166' title='bbox 521 2484 857 2546; x_wconf 87' lang='lat' dir='ltr'><strong><em>acceperant.</em></strong></span> <span class='ocrx_word' id='word_1_167' title='bbox 883 2473 1152 2544; x_wconf 90' lang='lat' dir='ltr'><strong><em>Siquidem</em></strong></span> <span class='ocrx_word' id='word_1_168' title='bbox 1173 2488 1268 2543; x_wconf 93' lang='lat' dir='ltr'><strong><em>per</em></strong></span> <span class='ocrx_word' id='word_1_169' title='bbox 1290 2487 1411 2526; x_wconf 91' lang='lat' dir='ltr'><strong><em>eum</em></strong></span> <span class='ocrx_word' id='word_1_170' title='bbox 1441 2469 1713 2540; x_wconf 82' lang='lat' dir='ltr'><strong><em>prOphetae</em></strong></span> <span class='ocrx_word' id='word_1_171' title='bbox 1733 2469 1915 2538; x_wconf 83' lang='lat' dir='ltr'><strong><em>loque-</em></strong></span> 
     </span>
    </p>
   </div>
   <div class='ocr_carea' id='block_1_24' title="bbox 297 2563 1912 2638">
    <p class='ocr_par' dir='ltr' id='par_1_24' title="bbox 297 2563 1912 2638">
     <span class='ocr_line' id='line_1_24' title="bbox 297 2563 1912 2638; baseline -0.006 -13"><span class='ocrx_word' id='word_1_172' title='bbox 297 2599 300 2602; x_wconf 82' lang='lat'><strong><em>~</em></strong></span> <span class='ocrx_word' id='word_1_173' title='bbox 330 2571 544 2638; x_wconf 86' lang='lat' dir='ltr'><strong><em>bantur,</em></strong></span> <span class='ocrx_word' id='word_1_174' title='bbox 572 2581 626 2624; x_wconf 90' lang='lat' dir='ltr'><strong><em>et</em></strong></span> <span class='ocrx_word' id='word_1_175' title='bbox 652 2569 704 2622; x_wconf 93' lang='lat' dir='ltr'><strong><em>in</em></strong></span> <span class='ocrx_word' id='word_1_176' title='bbox 728 2568 895 2623; x_wconf 86' lang='lat' dir='ltr'><strong><em>veteri</em></strong></span> <span class='ocrx_word' id='word_1_177' title='bbox 923 2567 1040 2637; x_wconf 87' lang='lat' dir='ltr'><strong><em>lege</em></strong></span> <span class='ocrx_word' id='word_1_178' title='bbox 1065 2580 1251 2620; x_wconf 88' lang='lat' dir='ltr'><strong><em>omnes</em></strong></span> <span class='ocrx_word' id='word_1_179' title='bbox 1277 2565 1438 2618; x_wconf 91' lang='lat' dir='ltr'><strong><em>multa</em></strong></span> <span class='ocrx_word' id='word_1_180' title='bbox 1454 2563 1524 2617; x_wconf 89' lang='lat' dir='ltr'><strong><em>dc</em></strong></span> <span class='ocrx_word' id='word_1_181' title='bbox 1551 2563 1665 2631; x_wconf 90' lang='lat' dir='ltr'><strong><em>ipso</em></strong></span> <span class='ocrx_word' id='word_1_182' title='bbox 1691 2576 1912 2630; x_wconf 84' lang='lat' dir='ltr'><strong><em>accepe-</em></strong></span> 
     </span>
    </p>
   </div>
   <div class='ocr_carea' id='block_1_25' title="bbox 295 2654 1914 2729">
    <p class='ocr_par' dir='ltr' id='par_1_25' title="bbox 295 2654 1914 2729">
     <span class='ocr_line' id='line_1_25' title="bbox 295 2654 1914 2729; baseline -0.006 -11"><span class='ocrx_word' id='word_1_183' title='bbox 295 2694 306 2704; x_wconf 78' lang='lat'><strong><em>-~</em></strong></span> <span class='ocrx_word' id='word_1_184' title='bbox 327 2669 452 2718; x_wconf 86' lang='lat' dir='ltr'><strong><em>rant</em></strong></span> <span class='ocrx_word' id='word_1_185' title='bbox 480 2661 820 2716; x_wconf 90' lang='lat' dir='ltr'><strong><em>documenta.</em></strong></span> <span class='ocrx_word' id='word_1_186' title='bbox 847 2659 960 2714; x_wconf 91' lang='lat' dir='ltr'><strong><em>lloc</em></strong></span> <span class='ocrx_word' id='word_1_187' title='bbox 997 2658 1153 2729; x_wconf 85' lang='lat' dir='ltr'><strong><em>igitur</em></strong></span> <span class='ocrx_word' id='word_1_188' title='bbox 1172 2658 1282 2711; x_wconf 77' lang='lat' dir='ltr'><strong><em>vu’lt</em></strong></span> <span class='ocrx_word' id='word_1_189' title='bbox 1311 2657 1488 2710; x_wconf 88' lang='lat' dir='ltr'><strong><em>dicere</em></strong></span> <span class='ocrx_word' id='word_1_190' title='bbox 1516 2671 1530 2710; x_wconf 89' lang='lat'><strong>:</strong></span> <span class='ocrx_word' id='word_1_191' title='bbox 1573 2655 1722 2720; x_wconf 87' lang='lat' dir='ltr'><strong><em>Esto,</em></strong></span> <span class='ocrx_word' id='word_1_192' title='bbox 1753 2654 1801 2707; x_wconf 90' lang='lat' dir='ltr'><strong><em>in</em></strong></span> <span class='ocrx_word' id='word_1_193' title='bbox 1828 2670 1914 2708; x_wconf 90' lang='lat' dir='ltr'><strong><em>me</em></strong></span> 
     </span>
    </p>
   </div>
   <div class='ocr_carea' id='block_1_26' title="bbox 308 2749 1917 2826">
    <p class='ocr_par' dir='ltr' id='par_1_26' title="bbox 308 2749 1917 2826">
     <span class='ocr_line' id='line_1_26' title="bbox 308 2749 1917 2826; baseline -0.006 -15"><span class='ocrx_word' id='word_1_194' title='bbox 308 2765 548 2826; x_wconf 58' lang='lat' dir='ltr'><strong><em>,prOpter</em></strong></span> <span class='ocrx_word' id='word_1_195' title='bbox 565 2765 894 2825; x_wconf 88' lang='lat' dir='ltr'><strong><em>assumptam</em></strong></span> <span class='ocrx_word' id='word_1_196' title='bbox 917 2769 1132 2808; x_wconf 87' lang='lat' dir='ltr'><strong><em>carnem</em></strong></span> <span class='ocrx_word' id='word_1_197' title='bbox 1156 2751 1453 2806; x_wconf 77' lang='lat' dir='ltr'><strong><em>offenditis:</em></strong></span> <span class='ocrx_word' id='word_1_198' title='bbox 1475 2766 1601 2804; x_wconf 91' lang='lat' dir='ltr'><strong><em>num</em></strong></span> <span class='ocrx_word' id='word_1_199' title='bbox 1621 2751 1778 2804; x_wconf 85' lang='lat' dir='ltr'><strong><em>etiam</em></strong></span> <span class='ocrx_word' id='word_1_200' title='bbox 1799 2749 1917 2818; x_wconf 87' lang='lat' dir='ltr'><strong><em>Spi-</em></strong></span> 
     </span>
    </p>
   </div>
   <div class='ocr_carea' id='block_1_27' title="bbox 297 2840 1914 2902">
    <p class='ocr_par' dir='ltr' id='par_1_27' title="bbox 297 2840 1914 2902">
     <span class='ocr_line' id='line_1_27' title="bbox 297 2840 1914 2902; baseline -0.005 0"><span class='ocrx_word' id='word_1_201' title='bbox 297 2870 304 2876; x_wconf 91' lang='grc'>·</span> <span class='ocrx_word' id='word_1_202' title='bbox 329 2849 493 2902; x_wconf 86' lang='lat' dir='ltr'><strong><em>ritum</em></strong></span> <span class='ocrx_word' id='word_1_203' title='bbox 520 2855 762 2902; x_wconf 88' lang='lat' dir='ltr'><strong><em>sanctum</em></strong></span> <span class='ocrx_word' id='word_1_204' title='bbox 795 2861 889 2900; x_wconf 89' lang='lat' dir='ltr'><strong><em>vos</em></strong></span> <span class='ocrx_word' id='word_1_205' title='bbox 916 2861 1020 2900; x_wconf 93' lang='lat' dir='ltr'><strong><em>non</em></strong></span> <span class='ocrx_word' id='word_1_206' title='bbox 1060 2844 1272 2899; x_wconf 84' lang='lat' dir='ltr'><strong><em>novisse</em></strong></span> <span class='ocrx_word' id='word_1_207' title='bbox 1299 2842 1490 2896; x_wconf 89' lang='lat' dir='ltr'><strong><em>dicturi</em></strong></span> <span class='ocrx_word' id='word_1_208' title='bbox 1521 2840 1684 2896; x_wconf 89' lang='lat' dir='ltr'><strong><em>estis?</em></strong></span> <span class='ocrx_word' id='word_1_209' title='bbox 1713 2840 1914 2895; x_wconf 90' lang='lat' dir='ltr'><strong><em>Idcirco</em></strong></span> 
     </span>
    </p>
   </div>
   <div class='ocr_carea' id='block_1_28' title="bbox 296 2933 1915 3009">
    <p class='ocr_par' dir='ltr' id='par_1_28' title="bbox 296 2933 1915 3009">
     <span class='ocr_line' id='line_1_28' title="bbox 296 2933 1915 3009; baseline -0.003 -16"><span class='ocrx_word' id='word_1_210' title='bbox 296 2960 300 2963; x_wconf 95' lang='grc'><strong>·</strong></span> <span class='ocrx_word' id='word_1_211' title='bbox 326 2939 486 3009; x_wconf 81' lang='lat' dir='ltr'><strong><em>hujus</em></strong></span> <span class='ocrx_word' id='word_1_212' title='bbox 511 2939 858 3008; x_wconf 73' lang='lat' dir='ltr'><strong><em>blasphemia:</em></strong></span> <span class='ocrx_word' id='word_1_213' title='bbox 887 2937 1040 2993; x_wconf 89' lang='lat' dir='ltr'><strong><em>venia</em></strong></span> <span class='ocrx_word' id='word_1_214' title='bbox 1070 2951 1176 2991; x_wconf 92' lang='lat' dir='ltr'><strong><em>non</em></strong></span> <span class='ocrx_word' id='word_1_215' title='bbox 1210 2935 1422 2990; x_wconf 89' lang='lat' dir='ltr'><strong><em>dabitur</em></strong></span> <span class='ocrx_word' id='word_1_216' title='bbox 1445 2933 1598 2988; x_wconf 82' lang='lat' dir='ltr'><strong><em>vobis</em></strong></span> <span class='ocrx_word' id='word_1_217' title='bbox 1626 2950 1640 2986; x_wconf 88' lang='lat'><strong>:</strong></span> <span class='ocrx_word' id='word_1_218' title='bbox 1674 2942 1727 2988; x_wconf 89' lang='lat' dir='ltr'><strong><em>et</em></strong></span> <span class='ocrx_word' id='word_1_219' title='bbox 1753 2933 1839 2988; x_wconf 91' lang='lat' dir='ltr'><strong><em>hic</em></strong></span> <span class='ocrx_word' id='word_1_220' title='bbox 1862 2942 1915 2988; x_wconf 88' lang='lat' dir='ltr'><strong><em>et</em></strong></span> 
     </span>
    </p>
   </div>
   <div class='ocr_carea' id='block_1_29' title="bbox 328 3026 1916 3102">
    <p class='ocr_par' dir='ltr' id='par_1_29' title="bbox 328 3026 1916 3102">
     <span class='ocr_line' id='line_1_29' title="bbox 328 3026 1916 3102; baseline -0.005 -16"><span class='ocrx_word' id='word_1_221' title='bbox 328 3033 437 3086; x_wconf 92' lang='lat' dir='ltr'><strong><em>illic</em></strong></span> <span class='ocrx_word' id='word_1_222' title='bbox 467 3046 652 3102; x_wconf 68' lang='lat' dir='ltr'><strong><em>poenas</em></strong></span> <span class='ocrx_word' id='word_1_223' title='bbox 682 3030 898 3086; x_wconf 84' lang='lat' dir='ltr'><strong><em>dabitis.</em></strong></span> <span class='ocrx_word' id='word_1_224' title='bbox 928 3029 1077 3083; x_wconf 87' lang='lat' dir='ltr'><strong><em>Multi</em></strong></span> <span class='ocrx_word' id='word_1_225' title='bbox 1118 3027 1334 3098; x_wconf 87' lang='lat' dir='ltr'><strong><em>quidem</em></strong></span> <span class='ocrx_word' id='word_1_226' title='bbox 1368 3026 1463 3080; x_wconf 74' lang='lat' dir='ltr'><strong><em>&quot;hic</em></strong></span> <span class='ocrx_word' id='word_1_227' title='bbox 1493 3035 1698 3080; x_wconf 88' lang='lat' dir='ltr'><strong><em>tantum</em></strong></span> <span class='ocrx_word' id='word_1_228' title='bbox 1730 3040 1916 3094; x_wconf 69' lang='lat' dir='ltr'><strong><em>pinnas</em></strong></span> 
     </span>
    </p>
   </div>
   <div class='ocr_carea' id='block_1_30' title="bbox 315 3115 1914 3189">
    <p class='ocr_par' dir='ltr' id='par_1_30' title="bbox 315 3115 1914 3189">
     <span class='ocr_line' id='line_1_30' title="bbox 315 3115 1914 3189; baseline -0.004 -14"><span class='ocrx_word' id='word_1_229' title='bbox 315 3122 613 3186; x_wconf 64' lang='lat' dir='ltr'><strong><em>‘dcderunt,</em></strong></span> <span class='ocrx_word' id='word_1_230' title='bbox 645 3130 702 3174; x_wconf 91' lang='lat' dir='ltr'><strong><em>ut</em></strong></span> <span class='ocrx_word' id='word_1_231' title='bbox 733 3120 822 3174; x_wconf 89' lang='lat' dir='ltr'><strong><em>ille</em></strong></span> <span class='ocrx_word' id='word_1_232' title='bbox 853 3121 940 3189; x_wconf 91' lang='lat' dir='ltr'><strong><em>qui</em></strong></span> <span class='ocrx_word' id='word_1_233' title='bbox 977 3119 1269 3173; x_wconf 79' lang='lat' dir='ltr'><strong><em>fornicatus</em></strong></span> <span class='ocrx_word' id='word_1_234' title='bbox 1295 3125 1430 3181; x_wconf 88' lang='lat' dir='ltr'><strong><em>erat,</em></strong></span> <span class='ocrx_word' id='word_1_235' title='bbox 1453 3123 1514 3171; x_wconf 91' lang='lat' dir='ltr'><strong><em>ut</em></strong></span> <span class='ocrx_word' id='word_1_236' title='bbox 1554 3115 1691 3186; x_wconf 88' lang='lat' dir='ltr'><strong><em>apud</em></strong></span> <span class='ocrx_word' id='word_1_237' title='bbox 1724 3117 1914 3170; x_wconf 88' lang='lat' dir='ltr'><strong><em>Corin-</em></strong></span> 
     </span>
    </p>
   </div>
   <div class='ocr_carea' id='block_1_31' title="bbox 330 3207 1916 3292">
    <p class='ocr_par' dir='ltr' id='par_1_31' title="bbox 330 3207 1916 3292">
     <span class='ocr_line' id='line_1_31' title="bbox 330 3207 1916 3292; baseline -0.005 -23"><span class='ocrx_word' id='word_1_238' title='bbox 330 3215 469 3269; x_wconf 87' lang='lat' dir='ltr'><strong><em>thios</em></strong></span> <span class='ocrx_word' id='word_1_239' title='bbox 497 3215 528 3270; x_wconf 82' lang='lat' dir='ltr'><strong><em>ii</em></strong></span> <span class='ocrx_word' id='word_1_240' title='bbox 557 3214 644 3292; x_wconf 84' lang='lat' dir='ltr'><strong><em>qui</em></strong></span> <span class='ocrx_word' id='word_1_241' title='bbox 686 3213 899 3282; x_wconf 82' lang='lat' dir='ltr'><strong><em>indigne</em></strong></span> <span class='ocrx_word' id='word_1_242' title='bbox 951 3211 1323 3282; x_wconf 87' lang='lat' dir='ltr'><strong><em>mysteriorum</em></strong></span> <span class='ocrx_word' id='word_1_243' title='bbox 1377 3218 1657 3264; x_wconf 87' lang='lat' dir='ltr'><strong><em>consortes</em></strong></span> <span class='ocrx_word' id='word_1_244' title='bbox 1705 3207 1916 3262; x_wconf 81' lang='lat' dir='ltr'><strong><em>fuerant</em></strong></span> 
     </span>
    </p>
   </div>
   <div class='ocr_carea' id='block_1_32' title="bbox 302 3303 1913 3386">
    <p class='ocr_par' dir='ltr' id='par_1_32' title="bbox 302 3303 1913 3386">
     <span class='ocr_line' id='line_1_32' title="bbox 302 3303 1913 3386; baseline -0.007 -17"><span class='ocrx_word' id='word_1_245' title='bbox 302 3316 402 3386; x_wconf 67' lang='lat'><strong><em>,(2.</em></strong></span> <span class='ocrx_word' id='word_1_246' title='bbox 425 3316 540 3370; x_wconf 85' lang='lat' dir='ltr'><strong><em>Cor.</em></strong></span> <span class='ocrx_word' id='word_1_247' title='bbox 563 3317 614 3369; x_wconf 70' lang='lat'><strong><em>2.</em></strong></span> <span class='ocrx_word' id='word_1_248' title='bbox 641 3325 685 3370; x_wconf 91' lang='lat' dir='ltr'><strong><em>et</em></strong></span> <span class='ocrx_word' id='word_1_249' title='bbox 709 3316 758 3370; x_wconf 84' lang='lat' dir='ltr'><strong><em>l.</em></strong></span> <span class='ocrx_word' id='word_1_250' title='bbox 781 3307 895 3369; x_wconf 80' lang='lat' dir='ltr'><strong><em>Cor.</em></strong></span> <span class='ocrx_word' id='word_1_251' title='bbox 912 3304 997 3382; x_wconf 76' lang='lat' dir='ltr'><strong><em>il)</em></strong></span> <span class='ocrx_word' id='word_1_252' title='bbox 1020 3320 1138 3367; x_wconf 86' lang='lat' dir='ltr'><strong><em>:ves</em></strong></span> <span class='ocrx_word' id='word_1_253' title='bbox 1153 3314 1329 3361; x_wconf 86' lang='lat' dir='ltr'><strong><em>autem</em></strong></span> <span class='ocrx_word' id='word_1_254' title='bbox 1348 3312 1399 3359; x_wconf 88' lang='lat' dir='ltr'><strong><em>et</em></strong></span> <span class='ocrx_word' id='word_1_255' title='bbox 1417 3303 1500 3358; x_wconf 79' lang='lat' dir='ltr'><strong><em>hic</em></strong></span> <span class='ocrx_word' id='word_1_256' title='bbox 1521 3311 1573 3359; x_wconf 81' lang='lat' dir='ltr'><strong><em>et</em></strong></span> <span class='ocrx_word' id='word_1_257' title='bbox 1604 3303 1709 3359; x_wconf 89' lang='lat' dir='ltr'><strong><em>illic</em></strong></span> <span class='ocrx_word' id='word_1_258' title='bbox 1731 3317 1913 3373; x_wconf 76' lang='lat' dir='ltr'><strong><em>pmnas</em></strong></span> 
     </span>
    </p>
   </div>
   <div class='ocr_carea' id='block_1_33' title="bbox 323 3407 1912 3476">
    <p class='ocr_par' dir='ltr' id='par_1_33' title="bbox 323 3407 1912 3476">
     <span class='ocr_line' id='line_1_33' title="bbox 323 3407 1912 3476; baseline -0.004 -15"><span class='ocrx_word' id='word_1_259' title='bbox 323 3408 538 3461; x_wconf 84' lang='lat' dir='ltr'><strong><em>dabitis.</em></strong></span> <span class='ocrx_word' id='word_1_260' title='bbox 589 3407 944 3475; x_wconf 68' lang='lat' dir='ltr'><strong><em>Qumcumque</em></strong></span> <span class='ocrx_word' id='word_1_261' title='bbox 968 3419 1095 3476; x_wconf 86' lang='lat' dir='ltr'><strong><em>ergo</em></strong></span> <span class='ocrx_word' id='word_1_262' title='bbox 1130 3414 1314 3460; x_wconf 89' lang='lat' dir='ltr'><strong><em>contra</em></strong></span> <span class='ocrx_word' id='word_1_263' title='bbox 1357 3419 1442 3457; x_wconf 90' lang='lat' dir='ltr'><strong><em>me</em></strong></span> <span class='ocrx_word' id='word_1_264' title='bbox 1480 3411 1760 3471; x_wconf 85' lang='lat' dir='ltr'><strong><em>antequam</em></strong></span> <span class='ocrx_word' id='word_1_265' title='bbox 1793 3416 1912 3455; x_wconf 90' lang='lat' dir='ltr'><strong><em>cru-</em></strong></span> 
     </span>
    </p>
   </div>
   <div class='ocr_carea' id='block_1_34' title="bbox 328 3495 1911 3571">
    <p class='ocr_par' dir='ltr' id='par_1_34' title="bbox 328 3495 1911 3571">
     <span class='ocr_line' id='line_1_34' title="bbox 328 3495 1911 3571; baseline -0.004 -15"><span class='ocrx_word' id='word_1_266' title='bbox 328 3502 578 3570; x_wconf 84' lang='lat' dir='ltr'><strong><em>ciligercr</em></strong></span> <span class='ocrx_word' id='word_1_267' title='bbox 599 3500 1027 3571; x_wconf 87' lang='lat' dir='ltr'><strong><em>blasphemastis,</em></strong></span> <span class='ocrx_word' id='word_1_268' title='bbox 1056 3499 1303 3555; x_wconf 82' lang='lat' dir='ltr'><strong><em>remitto:</em></strong></span> <span class='ocrx_word' id='word_1_269' title='bbox 1330 3498 1611 3552; x_wconf 86' lang='lat' dir='ltr'><strong><em>imoetiam</em></strong></span> <span class='ocrx_word' id='word_1_270' title='bbox 1633 3495 1798 3566; x_wconf 88' lang='lat' dir='ltr'><strong><em>iisqui</em></strong></span> <span class='ocrx_word' id='word_1_271' title='bbox 1827 3509 1911 3549; x_wconf 87' lang='lat' dir='ltr'><strong><em>me</em></strong></span> 
     </span>
    </p>
   </div>
   <div class='ocr_carea' id='block_1_35' title="bbox 295 3585 1911 3662">
    <p class='ocr_par' dir='ltr' id='par_1_35' title="bbox 295 3585 1911 3662">
     <span class='ocr_line' id='line_1_35' title="bbox 295 3585 1911 3662; baseline -0.006 -16"><span class='ocrx_word' id='word_1_272' title='bbox 295 3592 676 3662; x_wconf 82' lang='lat' dir='ltr'><strong><em>-cruciligeut;</em></strong></span> <span class='ocrx_word' id='word_1_273' title='bbox 708 3606 883 3661; x_wconf 88' lang='lat' dir='ltr'><strong><em>neque</em></strong></span> <span class='ocrx_word' id='word_1_274' title='bbox 931 3605 1027 3659; x_wconf 93' lang='lat' dir='ltr'><strong><em>pro</em></strong></span> <span class='ocrx_word' id='word_1_275' title='bbox 1067 3588 1439 3643; x_wconf 85' lang='lat' dir='ltr'><strong><em>incredulitate</em></strong></span> <span class='ocrx_word' id='word_1_276' title='bbox 1481 3587 1594 3641; x_wconf 92' lang='lat' dir='ltr'><strong><em>sola</em></strong></span> <span class='ocrx_word' id='word_1_277' title='bbox 1636 3585 1911 3639; x_wconf 89' lang='lat' dir='ltr'><strong><em>damnabi-</em></strong></span> 
     </span>
    </p>
   </div>
   <div class='ocr_carea' id='block_1_36' title="bbox 322 3677 1906 3753">
    <p class='ocr_par' dir='ltr' id='par_1_36' title="bbox 322 3677 1906 3753">
     <span class='ocr_line' id='line_1_36' title="bbox 322 3677 1906 3753; baseline -0.004 -17"><span class='ocrx_word' id='word_1_278' title='bbox 322 3683 476 3736; x_wconf 91' lang='lat' dir='ltr'><strong><em>mini.</em></strong></span> <span class='ocrx_word' id='word_1_279' title='bbox 508 3682 692 3753; x_wconf 88' lang='lat' dir='ltr'><strong><em>Neque</em></strong></span> <span class='ocrx_word' id='word_1_280' title='bbox 733 3683 878 3737; x_wconf 90' lang='lat' dir='ltr'><strong><em>enim</em></strong></span> <span class='ocrx_word' id='word_1_281' title='bbox 923 3681 958 3735; x_wconf 92' lang='lat' dir='ltr'><strong><em>ii</em></strong></span> <span class='ocrx_word' id='word_1_282' title='bbox 1003 3681 1090 3751; x_wconf 90' lang='lat' dir='ltr'><strong><em>qui</em></strong></span> <span class='ocrx_word' id='word_1_283' title='bbox 1123 3689 1247 3734; x_wconf 89' lang='lat' dir='ltr'><strong><em>ante</em></strong></span> <span class='ocrx_word' id='word_1_284' title='bbox 1295 3694 1505 3734; x_wconf 92' lang='lat' dir='ltr'><strong><em>crucem</em></strong></span> <span class='ocrx_word' id='word_1_285' title='bbox 1545 3677 1906 3742; x_wconf 89' lang='lat' dir='ltr'><strong><em>crediderunt,</em></strong></span> 
     </span>
    </p>
   </div>
   <div class='ocr_carea' id='block_1_37' title="bbox 298 3768 1905 3844">
    <p class='ocr_par' dir='ltr' id='par_1_37' title="bbox 298 3768 1905 3844">
     <span class='ocr_line' id='line_1_37' title="bbox 298 3768 1905 3844; baseline -0.002 -20"><span class='ocrx_word' id='word_1_286' title='bbox 298 3774 537 3844; x_wconf 43' lang='lat' dir='ltr'><strong><em>‘plenam</em></strong></span> <span class='ocrx_word' id='word_1_287' title='bbox 569 3773 726 3827; x_wconf 88' lang='lat' dir='ltr'><strong><em>Iidem</em></strong></span> <span class='ocrx_word' id='word_1_288' title='bbox 755 3771 1022 3827; x_wconf 86' lang='lat' dir='ltr'><strong><em>habebant</em></strong></span> <span class='ocrx_word' id='word_1_289' title='bbox 1046 3790 1058 3825; x_wconf 94' lang='lat'>:</span> <span class='ocrx_word' id='word_1_290' title='bbox 1084 3771 1372 3840; x_wconf 89' lang='lat' dir='ltr'><strong><em>multisque</em></strong></span> <span class='ocrx_word' id='word_1_291' title='bbox 1403 3770 1453 3823; x_wconf 91' lang='lat' dir='ltr'><strong><em>in</em></strong></span> <span class='ocrx_word' id='word_1_292' title='bbox 1481 3769 1610 3823; x_wconf 89' lang='lat' dir='ltr'><strong><em>locis</em></strong></span> <span class='ocrx_word' id='word_1_293' title='bbox 1636 3768 1905 3835; x_wconf 90' lang='lat' dir='ltr'><strong><em>admonet,</em></strong></span> 
     </span>
    </p>
   </div>
   <div class='ocr_carea' id='block_1_38' title="bbox 323 3862 1909 3936">
    <p class='ocr_par' dir='ltr' id='par_1_38' title="bbox 323 3862 1909 3936">
     <span class='ocr_line' id='line_1_38' title="bbox 323 3862 1909 3936; baseline -0.001 -18"><span class='ocrx_word' id='word_1_294' title='bbox 323 3882 392 3920; x_wconf 91' lang='lat' dir='ltr'><strong><em>ne</em></strong></span> <span class='ocrx_word' id='word_1_295' title='bbox 413 3875 536 3920; x_wconf 86' lang='lat' dir='ltr'><strong><em>ante</em></strong></span> <span class='ocrx_word' id='word_1_296' title='bbox 548 3866 859 3936; x_wconf 83' lang='lat' dir='ltr'><strong><em>passionem</em></strong></span> <span class='ocrx_word' id='word_1_297' title='bbox 881 3866 1001 3936; x_wconf 87' lang='lat' dir='ltr'><strong><em>quis</em></strong></span> <span class='ocrx_word' id='word_1_298' title='bbox 1029 3865 1142 3934; x_wconf 90' lang='lat' dir='ltr'><strong><em>ipse</em></strong></span> <span class='ocrx_word' id='word_1_299' title='bbox 1173 3864 1242 3919; x_wconf 90' lang='lat' dir='ltr'><strong><em>sit</em></strong></span> <span class='ocrx_word' id='word_1_300' title='bbox 1267 3863 1572 3920; x_wconf 86' lang='lat' dir='ltr'><strong><em>declarent:</em></strong></span> <span class='ocrx_word' id='word_1_301' title='bbox 1597 3871 1650 3916; x_wconf 93' lang='lat' dir='ltr'><strong><em>et</em></strong></span> <span class='ocrx_word' id='word_1_302' title='bbox 1675 3862 1726 3916; x_wconf 93' lang='lat' dir='ltr'><strong><em>iu</em></strong></span> <span class='ocrx_word' id='word_1_303' title='bbox 1752 3875 1909 3916; x_wconf 87' lang='lat' dir='ltr'><strong><em>cruce</em></strong></span> 
     </span>
    </p>
   </div>
   <div class='ocr_carea' id='block_1_39' title="bbox 303 3956 1909 4028">
    <p class='ocr_par' dir='ltr' id='par_1_39' title="bbox 303 3956 1909 4028">
     <span class='ocr_line' id='line_1_39' title="bbox 303 3956 1909 4028; baseline 0 -19"><span class='ocrx_word' id='word_1_304' title='bbox 303 3959 552 4022; x_wconf 53' lang='lat' dir='ltr'><strong><em>«licebat,</em></strong></span> <span class='ocrx_word' id='word_1_305' title='bbox 585 3967 642 4013; x_wconf 86' lang='lat' dir='ltr'><strong><em>ut</em></strong></span> <span class='ocrx_word' id='word_1_306' title='bbox 666 3958 769 4014; x_wconf 88' lang='lat' dir='ltr'><strong><em>illis</em></strong></span> <span class='ocrx_word' id='word_1_307' title='bbox 795 3959 897 4013; x_wconf 92' lang='lat' dir='ltr'><strong><em>hoc</em></strong></span> <span class='ocrx_word' id='word_1_308' title='bbox 918 3967 1196 4028; x_wconf 85' lang='lat' dir='ltr'><strong><em>peccatum</em></strong></span> <span class='ocrx_word' id='word_1_309' title='bbox 1219 3958 1601 4013; x_wconf 89' lang='lat' dir='ltr'><strong><em>remitteretur.</em></strong></span> <span class='ocrx_word' id='word_1_310' title='bbox 1627 3956 1756 4022; x_wconf 65' lang='lat' dir='ltr'><strong><em>Quae</em></strong></span> <span class='ocrx_word' id='word_1_311' title='bbox 1777 3971 1909 4010; x_wconf 90' lang='lat' dir='ltr'><strong><em>vero</em></strong></span> 
     </span>
    </p>
   </div>
   <div class='ocr_carea' id='block_1_40' title="bbox 299 4045 1908 4120">
    <p class='ocr_par' dir='ltr' id='par_1_40' title="bbox 299 4045 1908 4120">
     <span class='ocr_line' id='line_1_40' title="bbox 299 4045 1908 4120; baseline -0.002 -16"><span class='ocrx_word' id='word_1_312' title='bbox 299 4051 391 4106; x_wconf 70' lang='lat' dir='ltr'><strong><em>.de</em></strong></span> <span class='ocrx_word' id='word_1_313' title='bbox 418 4050 621 4120; x_wconf 85' lang='lat' dir='ltr'><strong><em>Spiritu</em></strong></span> <span class='ocrx_word' id='word_1_314' title='bbox 659 4050 902 4113; x_wconf 83' lang='lat' dir='ltr'><strong><em>dixistis,</em></strong></span> <span class='ocrx_word' id='word_1_315' title='bbox 934 4050 1143 4104; x_wconf 88' lang='lat' dir='ltr'><strong><em>veniam</em></strong></span> <span class='ocrx_word' id='word_1_316' title='bbox 1189 4064 1295 4102; x_wconf 92' lang='lat' dir='ltr'><strong><em>non</em></strong></span> <span class='ocrx_word' id='word_1_317' title='bbox 1347 4046 1718 4117; x_wconf 89' lang='lat' dir='ltr'><strong><em>impetrabunt.</em></strong></span> <span class='ocrx_word' id='word_1_318' title='bbox 1757 4045 1908 4113; x_wconf 90' lang='lat' dir='ltr'><strong><em>Quod</em></strong></span> 
     </span>
    </p>
   </div>
   <div class='ocr_carea' id='block_1_41' title="bbox 296 4138 1909 4212">
    <p class='ocr_par' dir='ltr' id='par_1_41' title="bbox 296 4138 1909 4212">
     <span class='ocr_line' id='line_1_41' title="bbox 296 4138 1909 4212; baseline -0.004 -15"><span class='ocrx_word' id='word_1_319' title='bbox 296 4153 503 4197; x_wconf 82' lang='lat' dir='ltr'><strong><em>.autem</em></strong></span> <span class='ocrx_word' id='word_1_320' title='bbox 533 4142 599 4197; x_wconf 91' lang='lat' dir='ltr'><strong><em>de</em></strong></span> <span class='ocrx_word' id='word_1_321' title='bbox 626 4143 713 4207; x_wconf 87' lang='lat' dir='ltr'><strong><em>iis,</em></strong></span> <span class='ocrx_word' id='word_1_322' title='bbox 737 4157 856 4212; x_wconf 70' lang='lat' dir='ltr'><strong><em>qua:</em></strong></span> <span class='ocrx_word' id='word_1_323' title='bbox 886 4150 1010 4196; x_wconf 86' lang='lat' dir='ltr'><strong><em>ante</em></strong></span> <span class='ocrx_word' id='word_1_324' title='bbox 1033 4156 1246 4195; x_wconf 92' lang='lat' dir='ltr'><strong><em>crucem</em></strong></span> <span class='ocrx_word' id='word_1_325' title='bbox 1278 4139 1416 4194; x_wconf 87' lang='lat' dir='ltr'><strong><em>dicta</em></strong></span> <span class='ocrx_word' id='word_1_326' title='bbox 1445 4139 1658 4203; x_wconf 87' lang='lat' dir='ltr'><strong><em>fuerint,</em></strong></span> <span class='ocrx_word' id='word_1_327' title='bbox 1689 4138 1802 4192; x_wconf 73' lang='lat' dir='ltr'><strong><em>hmc</em></strong></span> <span class='ocrx_word' id='word_1_328' title='bbox 1829 4140 1909 4192; x_wconf 79' lang='lat' dir='ltr'><strong><em>in-</em></strong></span> 
     </span>
    </p>
   </div>
   <div class='ocr_carea' id='block_1_42' title="bbox 313 4230 1907 4302">
    <p class='ocr_par' dir='ltr' id='par_1_42' title="bbox 313 4230 1907 4302">
     <span class='ocr_line' id='line_1_42' title="bbox 313 4230 1907 4302; baseline -0.003 -15"><span class='ocrx_word' id='word_1_329' title='bbox 313 4233 547 4302; x_wconf 77' lang='lat' dir='ltr'><strong><em>telligat,</em></strong></span> <span class='ocrx_word' id='word_1_330' title='bbox 582 4233 633 4286; x_wconf 90' lang='lat' dir='ltr'><strong><em>id</em></strong></span> <span class='ocrx_word' id='word_1_331' title='bbox 686 4232 923 4288; x_wconf 85' lang='lat' dir='ltr'><strong><em>declarat</em></strong></span> <span class='ocrx_word' id='word_1_332' title='bbox 964 4247 1086 4287; x_wconf 93' lang='lat' dir='ltr'><strong><em>cum</em></strong></span> <span class='ocrx_word' id='word_1_333' title='bbox 1117 4231 1338 4301; x_wconf 90' lang='lat' dir='ltr'><strong><em>adjicit:</em></strong></span> <span class='ocrx_word' id='word_1_334' title='bbox 1373 4231 1680 4300; x_wconf 83' lang='lat' dir='ltr'><strong><em>Quicumque</em></strong></span> <span class='ocrx_word' id='word_1_335' title='bbox 1724 4230 1907 4284; x_wconf 75' lang='lat' dir='ltr'><strong><em>dixerit</em></strong></span> 
     </span>
    </p>
   </div>
   <div class='ocr_carea' id='block_1_43' title="bbox 322 4321 1904 4392">
    <p class='ocr_par' dir='ltr' id='par_1_43' title="bbox 322 4321 1904 4392">
     <span class='ocr_line' id='line_1_43' title="bbox 322 4321 1904 4392; baseline 0 -16"><span class='ocrx_word' id='word_1_336' title='bbox 322 4323 524 4376; x_wconf 77' lang='lat' dir='ltr'><strong><em>uerbum</em></strong></span> <span class='ocrx_word' id='word_1_337' title='bbox 550 4332 728 4376; x_wconf 87' lang='lat' dir='ltr'><strong><em>contra</em></strong></span> <span class='ocrx_word' id='word_1_338' title='bbox 755 4321 952 4376; x_wconf 86' lang='lat' dir='ltr'><strong><em>Filium</em></strong></span> <span class='ocrx_word' id='word_1_339' title='bbox 977 4323 1194 4376; x_wconf 83' lang='lat' dir='ltr'><strong><em>hominis</em></strong></span> <span class='ocrx_word' id='word_1_340' title='bbox 1212 4364 1226 4387; x_wconf 91' lang='lat'><strong><em>,</em></strong></span> <span class='ocrx_word' id='word_1_341' title='bbox 1258 4323 1536 4376; x_wconf 87' lang='lat' dir='ltr'><strong><em>remittetur</em></strong></span> <span class='ocrx_word' id='word_1_342' title='bbox 1555 4323 1601 4376; x_wconf 90' lang='lat' dir='ltr'><strong><em>ei</em></strong></span> <span class='ocrx_word' id='word_1_343' title='bbox 1625 4339 1643 4388; x_wconf 89' lang='lat'><em>;</em></span> <span class='ocrx_word' id='word_1_344' title='bbox 1671 4324 1904 4392; x_wconf 87' lang='lat' dir='ltr'><strong><em>quicum-</em></strong></span> 
     </span>
    </p>
   </div>
   <div class='ocr_carea' id='block_1_44' title="bbox 309 4413 1900 4485">
    <p class='ocr_par' dir='ltr' id='par_1_44' title="bbox 309 4413 1900 4485">
     <span class='ocr_line' id='line_1_44' title="bbox 309 4413 1900 4485; baseline 0.001 -18"><span class='ocrx_word' id='word_1_345' title='bbox 309 4429 413 4477; x_wconf 53' lang='lat' dir='ltr'><strong><em>que</em></strong></span> <span class='ocrx_word' id='word_1_346' title='bbox 439 4424 603 4469; x_wconf 88' lang='lat' dir='ltr'><strong><em>autem</em></strong></span> <span class='ocrx_word' id='word_1_347' title='bbox 635 4413 816 4468; x_wconf 88' lang='lat' dir='ltr'><strong><em>dixerit</em></strong></span> <span class='ocrx_word' id='word_1_348' title='bbox 842 4425 1016 4468; x_wconf 87' lang='lat' dir='ltr'><strong><em>contra</em></strong></span> <span class='ocrx_word' id='word_1_349' title='bbox 1043 4413 1297 4485; x_wconf 86' lang='lat' dir='ltr'><strong><em>Spiritum</em></strong></span> <span class='ocrx_word' id='word_1_350' title='bbox 1325 4423 1584 4480; x_wconf 80' lang='lat' dir='ltr'><strong><em>sanctum,</em></strong></span> <span class='ocrx_word' id='word_1_351' title='bbox 1619 4430 1723 4468; x_wconf 91' lang='lat' dir='ltr'><strong><em>non</em></strong></span> <span class='ocrx_word' id='word_1_352' title='bbox 1753 4415 1900 4469; x_wconf 91' lang='lat' dir='ltr'><strong><em>item.</em></strong></span> 
     </span>
    </p>
   </div>
   <div class='ocr_carea' id='block_1_45' title="bbox 308 4503 1904 4575">
    <p class='ocr_par' dir='ltr' id='par_1_45' title="bbox 308 4503 1904 4575">
     <span class='ocr_line' id='line_1_45' title="bbox 308 4503 1904 4575; baseline 0.003 -18"><span class='ocrx_word' id='word_1_353' title='bbox 308 4503 528 4569; x_wconf 81' lang='lat' dir='ltr'><strong><em>Quare?</em></strong></span> <span class='ocrx_word' id='word_1_354' title='bbox 569 4505 703 4573; x_wconf 87' lang='lat' dir='ltr'><strong><em>Quia</em></strong></span> <span class='ocrx_word' id='word_1_355' title='bbox 747 4503 974 4575; x_wconf 89' lang='lat' dir='ltr'><strong><em>Spiritus</em></strong></span> <span class='ocrx_word' id='word_1_356' title='bbox 1023 4514 1239 4560; x_wconf 88' lang='lat' dir='ltr'><strong><em>sanctus</em></strong></span> <span class='ocrx_word' id='word_1_357' title='bbox 1286 4515 1444 4561; x_wconf 87' lang='lat' dir='ltr'><strong><em>notus</em></strong></span> <span class='ocrx_word' id='word_1_358' title='bbox 1491 4506 1641 4562; x_wconf 83' lang='lat' dir='ltr'><strong><em>vobis</em></strong></span> <span class='ocrx_word' id='word_1_359' title='bbox 1683 4517 1802 4572; x_wconf 90' lang='lat' dir='ltr'><strong><em>est;</em></strong></span> <span class='ocrx_word' id='word_1_360' title='bbox 1849 4515 1904 4562; x_wconf 89' lang='lat' dir='ltr'><strong><em>et</em></strong></span> 
     </span>
    </p>
   </div>
   <div class='ocr_carea' id='block_1_46' title="bbox 311 4596 1902 4666">
    <p class='ocr_par' dir='ltr' id='par_1_46' title="bbox 311 4596 1902 4666">
     <span class='ocr_line' id='line_1_46' title="bbox 311 4596 1902 4666; baseline 0.002 -17"><span class='ocrx_word' id='word_1_361' title='bbox 311 4604 500 4650; x_wconf 87' lang='lat' dir='ltr'><strong><em>contra</em></strong></span> <span class='ocrx_word' id='word_1_362' title='bbox 522 4612 634 4651; x_wconf 90' lang='lat' dir='ltr'><strong><em>rem</em></strong></span> <span class='ocrx_word' id='word_1_363' title='bbox 663 4597 996 4651; x_wconf 82' lang='lat' dir='ltr'><strong><em>manifestam</em></strong></span> <span class='ocrx_word' id='word_1_364' title='bbox 1025 4597 1361 4666; x_wconf 91' lang='lat' dir='ltr'><strong><em>impudenter</em></strong></span> <span class='ocrx_word' id='word_1_365' title='bbox 1383 4596 1558 4666; x_wconf 87' lang='lat' dir='ltr'><strong><em>agitis.</em></strong></span> <span class='ocrx_word' id='word_1_366' title='bbox 1590 4597 1724 4651; x_wconf 90' lang='lat' dir='ltr'><strong><em>Nam</em></strong></span> <span class='ocrx_word' id='word_1_367' title='bbox 1751 4597 1792 4650; x_wconf 93' lang='lat' dir='ltr'><strong><em>si</em></strong></span> <span class='ocrx_word' id='word_1_368' title='bbox 1816 4612 1902 4652; x_wconf 87' lang='lat' dir='ltr'><strong><em>me</em></strong></span> 
     </span>
    </p>
   </div>
   <div class='ocr_carea' id='block_1_47' title="bbox 309 4687 1898 4759">
    <p class='ocr_par' dir='ltr' id='par_1_47' title="bbox 309 4687 1898 4759">
     <span class='ocr_line' id='line_1_47' title="bbox 309 4687 1898 4759; baseline 0.003 -21"><span class='ocrx_word' id='word_1_369' title='bbox 309 4703 410 4741; x_wconf 63' lang='lat' dir='ltr'><strong><em>ros</em></strong></span> <span class='ocrx_word' id='word_1_370' title='bbox 451 4688 702 4758; x_wconf 87' lang='lat' dir='ltr'><strong><em>ignorare</em></strong></span> <span class='ocrx_word' id='word_1_371' title='bbox 739 4687 934 4754; x_wconf 87' lang='lat' dir='ltr'><strong><em>dicitis,</em></strong></span> <span class='ocrx_word' id='word_1_372' title='bbox 987 4688 1115 4742; x_wconf 91' lang='lat' dir='ltr'><strong><em>illud</em></strong></span> <span class='ocrx_word' id='word_1_373' title='bbox 1144 4697 1290 4744; x_wconf 90' lang='lat' dir='ltr'><strong><em>certe</em></strong></span> <span class='ocrx_word' id='word_1_374' title='bbox 1332 4703 1439 4743; x_wconf 89' lang='lat' dir='ltr'><strong><em>nou</em></strong></span> <span class='ocrx_word' id='word_1_375' title='bbox 1485 4688 1757 4759; x_wconf 83' lang='lat' dir='ltr'><strong><em>ignoratis.</em></strong></span> <span class='ocrx_word' id='word_1_376' title='bbox 1786 4688 1898 4742; x_wconf 82' lang='lat' dir='ltr'><strong><em>du:-</em></strong></span> 
     </span>
    </p>
   </div>
   <div class='ocr_carea' id='block_1_48' title="bbox 303 4777 1899 4848">
    <p class='ocr_par' dir='ltr' id='par_1_48' title="bbox 303 4777 1899 4848">
     <span class='ocr_line' id='line_1_48' title="bbox 303 4777 1899 4848; baseline 0.001 -15"><span class='ocrx_word' id='word_1_377' title='bbox 303 4794 501 4833; x_wconf 37' lang='lat' dir='ltr'><strong><em>smonas</em></strong></span> <span class='ocrx_word' id='word_1_378' title='bbox 530 4779 728 4848; x_wconf 89' lang='lat' dir='ltr'><strong><em>ejicere</em></strong></span> <span class='ocrx_word' id='word_1_379' title='bbox 757 4787 810 4834; x_wconf 90' lang='lat' dir='ltr'><strong><em>et</em></strong></span> <span class='ocrx_word' id='word_1_380' title='bbox 848 4777 1066 4832; x_wconf 88' lang='lat' dir='ltr'><strong><em>morbos</em></strong></span> <span class='ocrx_word' id='word_1_381' title='bbox 1096 4794 1286 4834; x_wconf 89' lang='lat' dir='ltr'><strong><em>curare</em></strong></span> <span class='ocrx_word' id='word_1_382' title='bbox 1326 4779 1559 4848; x_wconf 87' lang='lat' dir='ltr'><strong><em>Spiritus</em></strong></span> <span class='ocrx_word' id='word_1_383' title='bbox 1585 4780 1754 4835; x_wconf 88' lang='lat' dir='ltr'><strong><em>sancti</em></strong></span> <span class='ocrx_word' id='word_1_384' title='bbox 1779 4795 1899 4836; x_wconf 90' lang='lat' dir='ltr'><strong><em>esse</em></strong></span> 
     </span>
    </p>
   </div>
   <div class='ocr_carea' id='block_1_49' title="bbox 298 4868 1899 4940">
    <p class='ocr_par' dir='ltr' id='par_1_49' title="bbox 298 4868 1899 4940">
     <span class='ocr_line' id='line_1_49' title="bbox 298 4868 1899 4940; baseline 0.001 -18"><span class='ocrx_word' id='word_1_385' title='bbox 298 4884 464 4940; x_wconf 77' lang='lat' dir='ltr'><strong><em>opus.</em></strong></span> <span class='ocrx_word' id='word_1_386' title='bbox 489 4868 604 4922; x_wconf 84' lang='lat' dir='ltr'><strong><em>Non</em></strong></span> <span class='ocrx_word' id='word_1_387' title='bbox 629 4883 762 4939; x_wconf 87' lang='lat' dir='ltr'><strong><em>ergo</em></strong></span> <span class='ocrx_word' id='word_1_388' title='bbox 783 4883 870 4923; x_wconf 90' lang='lat' dir='ltr'><strong><em>me</em></strong></span> <span class='ocrx_word' id='word_1_389' title='bbox 894 4877 1095 4923; x_wconf 89' lang='lat' dir='ltr'><strong><em>tantum</em></strong></span> <span class='ocrx_word' id='word_1_390' title='bbox 1120 4869 1444 4924; x_wconf 90' lang='lat' dir='ltr'><strong><em>contumelia</em></strong></span> <span class='ocrx_word' id='word_1_391' title='bbox 1470 4870 1700 4935; x_wconf 81' lang='lat' dir='ltr'><strong><em>afﬁcitis,</em></strong></span> <span class='ocrx_word' id='word_1_392' title='bbox 1724 4869 1815 4924; x_wconf 90' lang='lat' dir='ltr'><strong><em>sed</em></strong></span> <span class='ocrx_word' id='word_1_393' title='bbox 1844 4878 1899 4924; x_wconf 86' lang='lat' dir='ltr'><strong><em>et</em></strong></span> 
     </span>
    </p>
   </div>
   <div class='ocr_carea' id='block_1_50' title="bbox 290 4961 1895 5032">
    <p class='ocr_par' dir='ltr' id='par_1_50' title="bbox 290 4961 1895 5032">
     <span class='ocr_line' id='line_1_50' title="bbox 290 4961 1895 5032; baseline 0.002 -18"><span class='ocrx_word' id='word_1_394' title='bbox 290 4963 562 5030; x_wconf 72' lang='lat' dir='ltr'><strong><em>Spiritum</em></strong></span> <span class='ocrx_word' id='word_1_395' title='bbox 589 4969 852 5016; x_wconf 84' lang='lat' dir='ltr'><strong><em>sanctum.</em></strong></span> <span class='ocrx_word' id='word_1_396' title='bbox 883 4961 1217 5032; x_wconf 83' lang='lat' dir='ltr'><strong><em>Quapropter</em></strong></span> <span class='ocrx_word' id='word_1_397' title='bbox 1237 4972 1291 5018; x_wconf 88' lang='lat' dir='ltr'><strong><em>et</em></strong></span> <span class='ocrx_word' id='word_1_398' title='bbox 1318 4961 1402 5017; x_wconf 93' lang='lat' dir='ltr'><strong><em>hic</em></strong></span> <span class='ocrx_word' id='word_1_399' title='bbox 1427 4972 1480 5018; x_wconf 90' lang='lat' dir='ltr'><strong><em>et</em></strong></span> <span class='ocrx_word' id='word_1_400' title='bbox 1504 4963 1611 5018; x_wconf 91' lang='lat' dir='ltr'><strong><em>illic</em></strong></span> <span class='ocrx_word' id='word_1_401' title='bbox 1633 4966 1748 5019; x_wconf 89' lang='lat' dir='ltr'><strong><em>sine</em></strong></span> <span class='ocrx_word' id='word_1_402' title='bbox 1789 4964 1895 5018; x_wconf 90' lang='lat' dir='ltr'><strong><em>ulla</em></strong></span> 
     </span>
    </p>
   </div>
   <div class='ocr_carea' id='block_1_51' title="bbox 300 5053 1895 5124">
    <p class='ocr_par' dir='ltr' id='par_1_51' title="bbox 300 5053 1895 5124">
     <span class='ocr_line' id='line_1_51' title="bbox 300 5053 1895 5124; baseline 0.006 -22"><span class='ocrx_word' id='word_1_403' title='bbox 300 5053 458 5108; x_wconf 70' lang='lat' dir='ltr'><strong><em>\‘t-ttia</em></strong></span> <span class='ocrx_word' id='word_1_404' title='bbox 496 5069 685 5124; x_wconf 63' lang='lat' dir='ltr'><strong><em>paruas</em></strong></span> <span class='ocrx_word' id='word_1_405' title='bbox 715 5054 928 5110; x_wconf 89' lang='lat' dir='ltr'><strong><em>dabitis.</em></strong></span> <span class='ocrx_word' id='word_1_406' title='bbox 957 5055 1089 5109; x_wconf 87' lang='lat' dir='ltr'><strong><em>Nam</em></strong></span> <span class='ocrx_word' id='word_1_407' title='bbox 1120 5071 1189 5110; x_wconf 88' lang='lat' dir='ltr'><strong><em>ex</em></strong></span> <span class='ocrx_word' id='word_1_408' title='bbox 1219 5055 1525 5111; x_wconf 90' lang='lat' dir='ltr'><strong><em>hominibus</em></strong></span> <span class='ocrx_word' id='word_1_409' title='bbox 1546 5058 1634 5111; x_wconf 88' lang='lat' dir='ltr'><strong><em>alii</em></strong></span> <span class='ocrx_word' id='word_1_410' title='bbox 1659 5065 1712 5111; x_wconf 91' lang='lat' dir='ltr'><strong><em>et</em></strong></span> <span class='ocrx_word' id='word_1_411' title='bbox 1739 5056 1824 5112; x_wconf 90' lang='lat' dir='ltr'><strong><em>hic</em></strong></span> <span class='ocrx_word' id='word_1_412' title='bbox 1842 5067 1895 5112; x_wconf 90' lang='lat' dir='ltr'><strong><em>et</em></strong></span> 
     </span>
    </p>
   </div>
   <div class='ocr_carea' id='block_1_52' title="bbox 295 5144 1891 5216">
    <p class='ocr_par' dir='ltr' id='par_1_52' title="bbox 295 5144 1891 5216">
     <span class='ocr_line' id='line_1_52' title="bbox 295 5144 1891 5216; baseline 0.005 -20"><span class='ocrx_word' id='word_1_413' title='bbox 295 5144 407 5197; x_wconf 79' lang='lat' dir='ltr'><strong><em>illic</em></strong></span> <span class='ocrx_word' id='word_1_414' title='bbox 442 5146 761 5216; x_wconf 90' lang='lat' dir='ltr'><strong><em>supplicium</em></strong></span> <span class='ocrx_word' id='word_1_415' title='bbox 795 5147 979 5202; x_wconf 90' lang='lat' dir='ltr'><strong><em>luunt:</em></strong></span> <span class='ocrx_word' id='word_1_416' title='bbox 1012 5147 1100 5202; x_wconf 89' lang='lat' dir='ltr'><strong><em>alii</em></strong></span> <span class='ocrx_word' id='word_1_417' title='bbox 1129 5147 1215 5202; x_wconf 92' lang='lat' dir='ltr'><strong><em>hic</em></strong></span> <span class='ocrx_word' id='word_1_418' title='bbox 1243 5157 1483 5214; x_wconf 89' lang='lat' dir='ltr'><strong><em>tantum,</em></strong></span> <span class='ocrx_word' id='word_1_419' title='bbox 1515 5149 1603 5203; x_wconf 89' lang='lat' dir='ltr'><strong><em>alii</em></strong></span> <span class='ocrx_word' id='word_1_420' title='bbox 1636 5149 1743 5204; x_wconf 91' lang='lat' dir='ltr'><strong><em>illic</em></strong></span> <span class='ocrx_word' id='word_1_421' title='bbox 1774 5157 1891 5204; x_wconf 89' lang='lat' dir='ltr'><strong><em>tan-</em></strong></span> 
     </span>
    </p>
   </div>
   <div class='ocr_carea' id='block_1_53' title="bbox 295 5239 1893 5311">
    <p class='ocr_par' dir='ltr' id='par_1_53' title="bbox 295 5239 1893 5311">
     <span class='ocr_line' id='line_1_53' title="bbox 295 5239 1893 5311; baseline 0.005 -21"><span class='ocrx_word' id='word_1_422' title='bbox 295 5251 411 5292; x_wconf 86' lang='lat' dir='ltr'><strong><em>tum</em></strong></span> <span class='ocrx_word' id='word_1_423' title='bbox 439 5256 458 5304; x_wconf 77' lang='lat'><strong>;</strong></span> <span class='ocrx_word' id='word_1_424' title='bbox 487 5240 575 5294; x_wconf 90' lang='lat' dir='ltr'><strong><em>alii</em></strong></span> <span class='ocrx_word' id='word_1_425' title='bbox 605 5256 778 5310; x_wconf 89' lang='lat' dir='ltr'><strong><em>neque</em></strong></span> <span class='ocrx_word' id='word_1_426' title='bbox 824 5239 911 5296; x_wconf 87' lang='lat' dir='ltr'><strong><em>hic</em></strong></span> <span class='ocrx_word' id='word_1_427' title='bbox 941 5257 1115 5311; x_wconf 89' lang='lat' dir='ltr'><strong><em>neque</em></strong></span> <span class='ocrx_word' id='word_1_428' title='bbox 1144 5241 1251 5296; x_wconf 91' lang='lat' dir='ltr'><strong><em>illic</em></strong></span> <span class='ocrx_word' id='word_1_429' title='bbox 1283 5257 1297 5295; x_wconf 89' lang='lat'><strong>:</strong></span> <span class='ocrx_word' id='word_1_430' title='bbox 1332 5241 1421 5297; x_wconf 91' lang='lat' dir='ltr'><strong><em>hic</em></strong></span> <span class='ocrx_word' id='word_1_431' title='bbox 1451 5249 1506 5297; x_wconf 91' lang='lat' dir='ltr'><strong><em>et</em></strong></span> <span class='ocrx_word' id='word_1_432' title='bbox 1552 5243 1661 5298; x_wconf 92' lang='lat' dir='ltr'><strong><em>illic</em></strong></span> <span class='ocrx_word' id='word_1_433' title='bbox 1693 5243 1804 5310; x_wconf 90' lang='lat' dir='ltr'><strong><em>alii,</em></strong></span> <span class='ocrx_word' id='word_1_434' title='bbox 1835 5252 1893 5298; x_wconf 90' lang='lat' dir='ltr'><strong><em>ut</em></strong></span> 
     </span>
    </p>
   </div>
   <div class='ocr_carea' id='block_1_54' title="bbox 296 5328 1890 5403">
    <p class='ocr_par' dir='ltr' id='par_1_54' title="bbox 296 5328 1890 5403">
     <span class='ocr_line' id='line_1_54' title="bbox 296 5328 1890 5403; baseline 0.004 -22"><span class='ocrx_word' id='word_1_435' title='bbox 296 5328 378 5382; x_wconf 85' lang='lat' dir='ltr'><strong><em>illi</em></strong></span> <span class='ocrx_word' id='word_1_436' title='bbox 412 5332 534 5401; x_wconf 90' lang='lat' dir='ltr'><strong><em>ipsi.</em></strong></span> <span class='ocrx_word' id='word_1_437' title='bbox 565 5331 697 5386; x_wconf 88' lang='lat' dir='ltr'><strong><em>Nam</em></strong></span> <span class='ocrx_word' id='word_1_438' title='bbox 722 5340 778 5386; x_wconf 89' lang='lat' dir='ltr'><strong><em>et</em></strong></span> <span class='ocrx_word' id='word_1_439' title='bbox 801 5331 888 5387; x_wconf 87' lang='lat' dir='ltr'><strong><em>hic</em></strong></span> <span class='ocrx_word' id='word_1_440' title='bbox 910 5332 1172 5388; x_wconf 90' lang='lat' dir='ltr'><strong><em>dederunt</em></strong></span> <span class='ocrx_word' id='word_1_441' title='bbox 1194 5347 1402 5403; x_wconf 84' lang='lat' dir='ltr'><strong><em>pcenas,</em></strong></span> <span class='ocrx_word' id='word_1_442' title='bbox 1427 5333 1639 5403; x_wconf 87' lang='lat' dir='ltr'><strong><em>quando</em></strong></span> <span class='ocrx_word' id='word_1_443' title='bbox 1665 5334 1716 5387; x_wconf 91' lang='lat' dir='ltr'><strong><em>in</em></strong></span> <span class='ocrx_word' id='word_1_444' title='bbox 1743 5334 1890 5389; x_wconf 90' lang='lat' dir='ltr'><strong><em>urbis</em></strong></span> 
     </span>
    </p>
   </div>
   <div class='ocr_carea' id='block_1_55' title="bbox 301 5422 1889 5494">
    <p class='ocr_par' dir='ltr' id='par_1_55' title="bbox 301 5422 1889 5494">
     <span class='ocr_line' id='line_1_55' title="bbox 301 5422 1889 5494; baseline 0.002 -18"><span class='ocrx_word' id='word_1_445' title='bbox 301 5423 514 5476; x_wconf 84' lang='lat' dir='ltr'><strong><em>excidio</em></strong></span> <span class='ocrx_word' id='word_1_446' title='bbox 545 5422 899 5478; x_wconf 89' lang='lat' dir='ltr'><strong><em>intolerabilia</em></strong></span> <span class='ocrx_word' id='word_1_447' title='bbox 934 5423 1072 5494; x_wconf 89' lang='lat' dir='ltr'><strong><em>passi</em></strong></span> <span class='ocrx_word' id='word_1_448' title='bbox 1104 5433 1264 5489; x_wconf 90' lang='lat' dir='ltr'><strong><em>sunt;</em></strong></span> <span class='ocrx_word' id='word_1_449' title='bbox 1294 5431 1349 5478; x_wconf 92' lang='lat' dir='ltr'><strong><em>et</em></strong></span> <span class='ocrx_word' id='word_1_450' title='bbox 1373 5424 1485 5479; x_wconf 89' lang='lat' dir='ltr'><strong><em>illic</em></strong></span> <span class='ocrx_word' id='word_1_451' title='bbox 1513 5425 1889 5494; x_wconf 89' lang='lat' dir='ltr'><strong><em>gravissimum</em></strong></span> 
     </span>
    </p>
   </div>
   <div class='ocr_carea' id='block_1_56' title="bbox 301 5512 1889 5581">
    <p class='ocr_par' dir='ltr' id='par_1_56' title="bbox 301 5512 1889 5581">
     <span class='ocr_line' id='line_1_56' title="bbox 301 5512 1889 5581; baseline 0.002 -16"><span class='ocrx_word' id='word_1_452' title='bbox 301 5512 619 5581; x_wconf 86' lang='lat' dir='ltr'><strong><em>supplicium</em></strong></span> <span class='ocrx_word' id='word_1_453' title='bbox 639 5513 807 5578; x_wconf 91' lang='lat' dir='ltr'><strong><em>luent,</em></strong></span> <span class='ocrx_word' id='word_1_454' title='bbox 833 5523 890 5566; x_wconf 92' lang='lat' dir='ltr'><strong><em>ut</em></strong></span> <span class='ocrx_word' id='word_1_455' title='bbox 912 5514 1221 5579; x_wconf 58' lang='lat' dir='ltr'><strong><em>Sodomita,</em></strong></span> <span class='ocrx_word' id='word_1_456' title='bbox 1250 5523 1307 5570; x_wconf 90' lang='lat' dir='ltr'><strong><em>et</em></strong></span> <span class='ocrx_word' id='word_1_457' title='bbox 1328 5514 1419 5568; x_wconf 91' lang='lat' dir='ltr'><strong><em>alii</em></strong></span> <span class='ocrx_word' id='word_1_458' title='bbox 1439 5514 1613 5569; x_wconf 84' lang='lat' dir='ltr'><strong><em>multi.</em></strong></span> <span class='ocrx_word' id='word_1_459' title='bbox 1636 5513 1746 5569; x_wconf 93' lang='lat' dir='ltr'><strong><em>Illic</em></strong></span> <span class='ocrx_word' id='word_1_460' title='bbox 1763 5529 1889 5569; x_wconf 85' lang='lat' dir='ltr'><strong><em>vero</em></strong></span> 
     </span>
    </p>
   </div>
   <div class='ocr_carea' id='block_1_57' title="bbox 303 5603 1885 5674">
    <p class='ocr_par' dir='ltr' id='par_1_57' title="bbox 303 5603 1885 5674">
     <span class='ocr_line' id='line_1_57' title="bbox 303 5603 1885 5674; baseline 0.003 -19"><span class='ocrx_word' id='word_1_461' title='bbox 303 5611 529 5667; x_wconf 89' lang='lat' dir='ltr'><strong><em>tantum,</em></strong></span> <span class='ocrx_word' id='word_1_462' title='bbox 558 5613 616 5657; x_wconf 91' lang='lat' dir='ltr'><strong><em>ut</em></strong></span> <span class='ocrx_word' id='word_1_463' title='bbox 644 5603 794 5658; x_wconf 81' lang='lat' dir='ltr'><strong><em>dives</em></strong></span> <span class='ocrx_word' id='word_1_464' title='bbox 825 5604 913 5659; x_wconf 89' lang='lat' dir='ltr'><strong><em>ille</em></strong></span> <span class='ocrx_word' id='word_1_465' title='bbox 939 5605 1028 5674; x_wconf 85' lang='lat' dir='ltr'><strong><em>qui</em></strong></span> <span class='ocrx_word' id='word_1_466' title='bbox 1061 5606 1112 5658; x_wconf 93' lang='lat' dir='ltr'><strong><em>in</em></strong></span> <span class='ocrx_word' id='word_1_467' title='bbox 1139 5604 1352 5659; x_wconf 79' lang='lat' dir='ltr'><strong><em>ﬂamma</em></strong></span> <span class='ocrx_word' id='word_1_468' title='bbox 1378 5606 1647 5660; x_wconf 88' lang='lat' dir='ltr'><strong><em>cruciatus</em></strong></span> <span class='ocrx_word' id='word_1_469' title='bbox 1673 5621 1741 5660; x_wconf 89' lang='lat' dir='ltr'><strong><em>ne</em></strong></span> <span class='ocrx_word' id='word_1_470' title='bbox 1769 5607 1885 5660; x_wconf 82' lang='lat' dir='ltr'><strong><em>stil-</em></strong></span> 
     </span>
    </p>
   </div>
   <div class='ocr_carea' id='block_1_58' title="bbox 303 5695 1887 5766">
    <p class='ocr_par' dir='ltr' id='par_1_58' title="bbox 303 5695 1887 5766">
     <span class='ocr_line' id='line_1_58' title="bbox 303 5695 1887 5766; baseline 0.003 -19"><span class='ocrx_word' id='word_1_471' title='bbox 303 5695 410 5748; x_wconf 91' lang='lat' dir='ltr'><strong><em>lam</em></strong></span> <span class='ocrx_word' id='word_1_472' title='bbox 439 5695 652 5765; x_wconf 90' lang='lat' dir='ltr'><strong><em>quidem</em></strong></span> <span class='ocrx_word' id='word_1_473' title='bbox 684 5711 835 5765; x_wconf 75' lang='lat' dir='ltr'><strong><em>aqua:</em></strong></span> <span class='ocrx_word' id='word_1_474' title='bbox 863 5695 1066 5752; x_wconf 87' lang='lat' dir='ltr'><strong><em>habuit.</em></strong></span> <span class='ocrx_word' id='word_1_475' title='bbox 1099 5697 1196 5752; x_wconf 82' lang='lat' dir='ltr'><strong><em>llic</em></strong></span> <span class='ocrx_word' id='word_1_476' title='bbox 1224 5711 1374 5762; x_wconf 91' lang='lat' dir='ltr'><strong><em>vero,</em></strong></span> <span class='ocrx_word' id='word_1_477' title='bbox 1411 5706 1469 5751; x_wconf 93' lang='lat' dir='ltr'><strong><em>ut</em></strong></span> <span class='ocrx_word' id='word_1_478' title='bbox 1498 5697 1587 5752; x_wconf 91' lang='lat' dir='ltr'><strong><em>ille</em></strong></span> <span class='ocrx_word' id='word_1_479' title='bbox 1613 5697 1751 5766; x_wconf 89' lang='lat' dir='ltr'><strong><em>apud</em></strong></span> <span class='ocrx_word' id='word_1_480' title='bbox 1779 5697 1887 5752; x_wconf 85' lang='lat' dir='ltr'><strong><em>Co-</em></strong></span> 
     </span>
    </p>
   </div>
   <div class='ocr_carea' id='block_1_59' title="bbox 300 5785 1882 5858">
    <p class='ocr_par' dir='ltr' id='par_1_59' title="bbox 300 5785 1882 5858">
     <span class='ocr_line' id='line_1_59' title="bbox 300 5785 1882 5858; baseline 0.001 -16"><span class='ocrx_word' id='word_1_481' title='bbox 300 5785 553 5855; x_wconf 85' lang='lat' dir='ltr'><strong><em>rinthios,</em></strong></span> <span class='ocrx_word' id='word_1_482' title='bbox 600 5787 688 5856; x_wconf 91' lang='lat' dir='ltr'><strong><em>qui</em></strong></span> <span class='ocrx_word' id='word_1_483' title='bbox 719 5785 1010 5843; x_wconf 84' lang='lat' dir='ltr'><strong><em>fornicatus</em></strong></span> <span class='ocrx_word' id='word_1_484' title='bbox 1045 5801 1180 5844; x_wconf 84' lang='lat' dir='ltr'><strong><em>erat.</em></strong></span> <span class='ocrx_word' id='word_1_485' title='bbox 1212 5787 1395 5856; x_wconf 88' lang='lat' dir='ltr'><strong><em>Neque</em></strong></span> <span class='ocrx_word' id='word_1_486' title='bbox 1425 5787 1512 5843; x_wconf 93' lang='lat' dir='ltr'><strong><em>hic</em></strong></span> <span class='ocrx_word' id='word_1_487' title='bbox 1543 5803 1716 5858; x_wconf 90' lang='lat' dir='ltr'><strong><em>neque</em></strong></span> <span class='ocrx_word' id='word_1_488' title='bbox 1747 5788 1882 5853; x_wconf 91' lang='lat' dir='ltr'><strong><em>illic,</em></strong></span> 
     </span>
    </p>
   </div>
   <div class='ocr_carea' id='block_1_60' title="bbox 302 5877 1882 5950">
    <p class='ocr_par' dir='ltr' id='par_1_60' title="bbox 302 5877 1882 5950">
     <span class='ocr_line' id='line_1_60' title="bbox 302 5877 1882 5950; baseline 0 -16"><span class='ocrx_word' id='word_1_489' title='bbox 302 5888 360 5934; x_wconf 91' lang='lat' dir='ltr'><strong><em>ut</em></strong></span> <span class='ocrx_word' id='word_1_490' title='bbox 392 5878 648 5949; x_wconf 86' lang='lat' dir='ltr'><strong><em>apostoli,</em></strong></span> <span class='ocrx_word' id='word_1_491' title='bbox 684 5886 741 5931; x_wconf 90' lang='lat' dir='ltr'><strong><em>ut</em></strong></span> <span class='ocrx_word' id='word_1_492' title='bbox 771 5877 1062 5949; x_wconf 71' lang='lat' dir='ltr'><strong><em>prephetzc,</em></strong></span> <span class='ocrx_word' id='word_1_493' title='bbox 1098 5888 1154 5932; x_wconf 92' lang='lat' dir='ltr'><strong><em>ut</em></strong></span> <span class='ocrx_word' id='word_1_494' title='bbox 1193 5880 1378 5935; x_wconf 89' lang='lat' dir='ltr'><strong><em>beatus</em></strong></span> <span class='ocrx_word' id='word_1_495' title='bbox 1419 5878 1519 5934; x_wconf 88' lang='lat' dir='ltr'><strong><em>Job</em></strong></span> <span class='ocrx_word' id='word_1_496' title='bbox 1552 5897 1564 5935; x_wconf 92' lang='lat'>:</span> <span class='ocrx_word' id='word_1_497' title='bbox 1599 5894 1719 5935; x_wconf 88' lang='lat' dir='ltr'><strong><em>nam</em></strong></span> <span class='ocrx_word' id='word_1_498' title='bbox 1764 5894 1882 5950; x_wconf 70' lang='lat' dir='ltr'><strong><em>qua:</em></strong></span> 
     </span>
    </p>
   </div>
   <div class='ocr_carea' id='block_1_61' title="bbox 1330 408 2598 474">
    <p class='ocr_par' dir='ltr' id='par_1_61' title="bbox 1330 408 2598 474">
     <span class='ocr_line' id='line_1_61' title="bbox 1330 408 2598 474; baseline -0.006 -3"><span class='ocrx_word' id='word_1_499' title='bbox 1330 411 1853 474; x_wconf 72' lang='lat' dir='ltr'><strong><em>1N‘MATTIIIEUM</em></strong></span> <span class='ocrx_word' id='word_1_500' title='bbox 1890 408 2121 468; x_wconf 79' lang='lat' dir='ltr'><strong><em>HOMIL.</em></strong></span> <span class='ocrx_word' id='word_1_501' title='bbox 2153 409 2291 468; x_wconf 75' lang='lat' dir='ltr'><strong><em>XLI.</em></strong></span> <span class='ocrx_word' id='word_1_502' title='bbox 2331 410 2404 466; x_wconf 87' lang='lat' dir='ltr'><strong><em>al.</em></strong></span> <span class='ocrx_word' id='word_1_503' title='bbox 2443 410 2598 468; x_wconf 84' lang='lat' dir='ltr'><strong><em>XLII.</em></strong></span> 
     </span>
    </p>
   </div>
   <div class='ocr_carea' id='block_1_62' title="bbox 2016 483 3605 598">
    <p class='ocr_par' dir='ltr' id='par_1_62' title="bbox 2016 483 3605 598">
     <span class='ocr_line' id='line_1_62' title="bbox 2016 483 3605 598; baseline 0.003 -20"><span class='ocrx_word' id='word_1_504' title='bbox 2016 524 2093 578; x_wconf 91' lang='lat' dir='ltr'><strong><em>illi</em></strong></span> <span class='ocrx_word' id='word_1_505' title='bbox 2114 526 2254 595; x_wconf 90' lang='lat' dir='ltr'><strong><em>passi</em></strong></span> <span class='ocrx_word' id='word_1_506' title='bbox 2273 533 2417 590; x_wconf 89' lang='lat' dir='ltr'><strong><em>sunt,</em></strong></span> <span class='ocrx_word' id='word_1_507' title='bbox 2441 539 2547 580; x_wconf 89' lang='lat' dir='ltr'><strong><em>non</em></strong></span> <span class='ocrx_word' id='word_1_508' title='bbox 2576 523 2893 598; x_wconf 85' lang='lat' dir='ltr'><strong><em>supplicium</em></strong></span> <span class='ocrx_word' id='word_1_509' title='bbox 2913 531 3086 590; x_wconf 87' lang='lat' dir='ltr'><strong><em>erant,</em></strong></span> <span class='ocrx_word' id='word_1_510' title='bbox 3111 524 3204 580; x_wconf 91' lang='lat' dir='ltr'><strong><em>scd</em></strong></span> <span class='ocrx_word' id='word_1_511' title='bbox 3227 525 3518 581; x_wconf 86' lang='lat' dir='ltr'><strong><em>certamina</em></strong></span> <span class='ocrx_word' id='word_1_512' title='bbox 3542 483 3605 583; x_wconf 60' lang='lat' dir='ltr'><strong><em>ei</em></strong></span> 
     </span>
    </p>
   </div>
   <div class='ocr_carea' id='block_1_63' title="bbox 2012 631 2220 686">
    <p class='ocr_par' dir='ltr' id='par_1_63' title="bbox 2012 631 2220 686">
     <span class='ocr_line' id='line_1_63' title="bbox 2012 631 2220 686; baseline 0 -18"><span class='ocrx_word' id='word_1_513' title='bbox 2012 631 2220 686; x_wconf 66' lang='lat' dir='ltr'><strong><em>pugnae.</em></strong></span> 
     </span>
    </p>
   </div>
   <div class='ocr_carea' id='block_1_64' title="bbox 2083 709 3608 781">
    <p class='ocr_par' dir='ltr' id='par_1_64' title="bbox 2083 709 3608 781">
     <span class='ocr_line' id='line_1_64' title="bbox 2083 709 3608 781; baseline -0.001 -15"><span class='ocrx_word' id='word_1_514' title='bbox 2083 712 2137 766; x_wconf 77' lang='grc'><strong><em>4.</em></strong></span> <span class='ocrx_word' id='word_1_515' title='bbox 2173 711 2437 779; x_wconf 80' lang='lat' dir='ltr'><strong><em>Quomodo</em></strong></span> <span class='ocrx_word' id='word_1_516' title='bbox 2464 711 2526 764; x_wconf 88' lang='lat' dir='ltr'><strong><em>de</em></strong></span> <span class='ocrx_word' id='word_1_517' title='bbox 2541 711 2683 765; x_wconf 88' lang='lat' dir='ltr'><strong><em>nobis</em></strong></span> <span class='ocrx_word' id='word_1_518' title='bbox 2699 711 2936 781; x_wconf 85' lang='lat' dir='ltr'><strong><em>judicare</em></strong></span> <span class='ocrx_word' id='word_1_519' title='bbox 2955 726 3241 781; x_wconf 84' lang='lat' dir='ltr'><strong><em>possumus.</em></strong></span> <span class='ocrx_word' id='word_1_520' title='bbox 3269 709 3608 776; x_wconf 81' lang='lat' dir='ltr'><strong><em>Compunctio</em></strong></span> 
     </span>
    </p>
   </div>
   <div class='ocr_carea' id='block_1_65' title="bbox 2011 802 3605 874">
    <p class='ocr_par' dir='ltr' id='par_1_65' title="bbox 2011 802 3605 874">
     <span class='ocr_line' id='line_1_65' title="bbox 2011 802 3605 874; baseline 0.001 -18"><span class='ocrx_word' id='word_1_521' title='bbox 2011 819 2128 856; x_wconf 82' lang='lat' dir='ltr'><strong><em>vera</em></strong></span> <span class='ocrx_word' id='word_1_522' title='bbox 2151 819 2282 872; x_wconf 69' lang='lat' dir='ltr'><strong><em>quae.</em></strong></span> <span class='ocrx_word' id='word_1_523' title='bbox 2305 833 2376 844; x_wconf 92' lang='lat'><strong>—-</strong></span> <span class='ocrx_word' id='word_1_524' title='bbox 2402 804 2723 859; x_wconf 90' lang='lat' dir='ltr'><strong><em>Studeamus</em></strong></span> <span class='ocrx_word' id='word_1_525' title='bbox 2753 818 2881 874; x_wconf 88' lang='lat' dir='ltr'><strong><em>ergo</em></strong></span> <span class='ocrx_word' id='word_1_526' title='bbox 2923 813 2982 858; x_wconf 92' lang='lat' dir='ltr'><strong><em>ut</em></strong></span> <span class='ocrx_word' id='word_1_527' title='bbox 3021 804 3073 857; x_wconf 92' lang='lat' dir='ltr'><strong><em>in</em></strong></span> <span class='ocrx_word' id='word_1_528' title='bbox 3119 802 3310 857; x_wconf 90' lang='lat' dir='ltr'><strong><em>eadem</em></strong></span> <span class='ocrx_word' id='word_1_529' title='bbox 3353 803 3605 872; x_wconf 90' lang='lat' dir='ltr'><strong><em>portione</em></strong></span> 
     </span>
    </p>
   </div>
   <div class='ocr_carea' id='block_1_66' title="bbox 2012 894 3602 964">
    <p class='ocr_par' dir='ltr' id='par_1_66' title="bbox 2012 894 3602 964">
     <span class='ocr_line' id='line_1_66' title="bbox 2012 894 3602 964; baseline 0 -16"><span class='ocrx_word' id='word_1_530' title='bbox 2012 894 2180 948; x_wconf 91' lang='lat' dir='ltr'><strong><em>simus</em></strong></span> <span class='ocrx_word' id='word_1_531' title='bbox 2209 911 2221 947; x_wconf 94' lang='lat'>:</span> <span class='ocrx_word' id='word_1_532' title='bbox 2257 896 2300 948; x_wconf 91' lang='lat' dir='ltr'><strong><em>si</em></strong></span> <span class='ocrx_word' id='word_1_533' title='bbox 2331 910 2435 949; x_wconf 91' lang='lat' dir='ltr'><strong><em>non</em></strong></span> <span class='ocrx_word' id='word_1_534' title='bbox 2467 895 2678 962; x_wconf 90' lang='lat' dir='ltr'><strong><em>horum,</em></strong></span> <span class='ocrx_word' id='word_1_535' title='bbox 2713 895 2901 950; x_wconf 86' lang='lat' dir='ltr'><strong><em>saltem</em></strong></span> <span class='ocrx_word' id='word_1_536' title='bbox 2931 909 3120 950; x_wconf 90' lang='lat' dir='ltr'><strong><em>eorum</em></strong></span> <span class='ocrx_word' id='word_1_537' title='bbox 3148 895 3238 964; x_wconf 91' lang='lat' dir='ltr'><strong><em>qui</em></strong></span> <span class='ocrx_word' id='word_1_538' title='bbox 3268 894 3354 948; x_wconf 92' lang='lat' dir='ltr'><strong><em>hic</em></strong></span> <span class='ocrx_word' id='word_1_539' title='bbox 3385 906 3602 964; x_wconf 87' lang='lat' dir='ltr'><strong><em>peccata</em></strong></span> 
     </span>
    </p>
   </div>
   <div class='ocr_carea' id='block_1_67' title="bbox 2013 985 3603 1056">
    <p class='ocr_par' dir='ltr' id='par_1_67' title="bbox 2013 985 3603 1056">
     <span class='ocr_line' id='line_1_67' title="bbox 2013 985 3603 1056; baseline 0 -16"><span class='ocrx_word' id='word_1_540' title='bbox 2013 996 2106 1040; x_wconf 86' lang='lat' dir='ltr'><strong><em>sua</em></strong></span> <span class='ocrx_word' id='word_1_541' title='bbox 2141 987 2443 1056; x_wconf 86' lang='lat' dir='ltr'><strong><em>expiaruut.</em></strong></span> <span class='ocrx_word' id='word_1_542' title='bbox 2483 985 2614 1041; x_wconf 88' lang='lat' dir='ltr'><strong><em>Nam</em></strong></span> <span class='ocrx_word' id='word_1_543' title='bbox 2659 987 2896 1041; x_wconf 90' lang='lat' dir='ltr'><strong><em>terribile</em></strong></span> <span class='ocrx_word' id='word_1_544' title='bbox 2928 987 3054 1040; x_wconf 92' lang='lat' dir='ltr'><strong><em>illud</em></strong></span> <span class='ocrx_word' id='word_1_545' title='bbox 3094 985 3351 1054; x_wconf 91' lang='lat' dir='ltr'><strong><em>judicium</em></strong></span> <span class='ocrx_word' id='word_1_546' title='bbox 3395 995 3498 1048; x_wconf 90' lang='lat' dir='ltr'><strong><em>est,</em></strong></span> <span class='ocrx_word' id='word_1_547' title='bbox 3549 996 3603 1040; x_wconf 88' lang='lat' dir='ltr'><strong><em>et</em></strong></span> 
     </span>
    </p>
   </div>
   <div class='ocr_carea' id='block_1_68' title="bbox 2014 1075 3604 1148">
    <p class='ocr_par' dir='ltr' id='par_1_68' title="bbox 2014 1075 3604 1148">
     <span class='ocr_line' id='line_1_68' title="bbox 2014 1075 3604 1148; baseline -0.003 -16"><span class='ocrx_word' id='word_1_548' title='bbox 2014 1077 2324 1133; x_wconf 85' lang='lat' dir='ltr'><strong><em>inevitabile</em></strong></span> <span class='ocrx_word' id='word_1_549' title='bbox 2353 1079 2674 1148; x_wconf 89' lang='lat' dir='ltr'><strong><em>supplicium</em></strong></span> <span class='ocrx_word' id='word_1_550' title='bbox 2718 1078 3189 1148; x_wconf 85' lang='lat' dir='ltr'><strong><em>intolerabilesque</em></strong></span> <span class='ocrx_word' id='word_1_551' title='bbox 3228 1092 3418 1147; x_wconf 83' lang='lat' dir='ltr'><strong><em>poenae.</em></strong></span> <span class='ocrx_word' id='word_1_552' title='bbox 3450 1075 3604 1142; x_wconf 88' lang='lat' dir='ltr'><strong><em>Quod</em></strong></span> 
     </span>
    </p>
   </div>
   <div class='ocr_carea' id='block_1_69' title="bbox 2014 1167 3608 1239">
    <p class='ocr_par' dir='ltr' id='par_1_69' title="bbox 2014 1167 3608 1239">
     <span class='ocr_line' id='line_1_69' title="bbox 2014 1167 3608 1239; baseline -0.003 -16"><span class='ocrx_word' id='word_1_553' title='bbox 2014 1168 2057 1223; x_wconf 89' lang='lat' dir='ltr'><strong><em>si</em></strong></span> <span class='ocrx_word' id='word_1_554' title='bbox 2091 1168 2227 1223; x_wconf 92' lang='lat' dir='ltr'><strong><em>nolis</em></strong></span> <span class='ocrx_word' id='word_1_555' title='bbox 2245 1167 2334 1222; x_wconf 88' lang='lat' dir='ltr'><strong><em>hic</em></strong></span> <span class='ocrx_word' id='word_1_556' title='bbox 2360 1184 2548 1239; x_wconf 70' lang='lat' dir='ltr'><strong><em>poenas</em></strong></span> <span class='ocrx_word' id='word_1_557' title='bbox 2569 1169 2719 1235; x_wconf 89' lang='lat' dir='ltr'><strong><em>dare,</em></strong></span> <span class='ocrx_word' id='word_1_558' title='bbox 2750 1169 2817 1223; x_wconf 91' lang='lat' dir='ltr'><strong><em>de</em></strong></span> <span class='ocrx_word' id='word_1_559' title='bbox 2846 1168 3236 1238; x_wconf 87' lang='lat' dir='ltr'><strong><em>teipsojudica,</em></strong></span> <span class='ocrx_word' id='word_1_560' title='bbox 3268 1183 3296 1221; x_wconf 90' lang='lat' dir='ltr'><strong><em>a</em></strong></span> <span class='ocrx_word' id='word_1_561' title='bbox 3332 1169 3503 1236; x_wconf 84' lang='lat' dir='ltr'><strong><em>teipse</em></strong></span> <span class='ocrx_word' id='word_1_562' title='bbox 3525 1183 3608 1219; x_wconf 86' lang='lat' dir='ltr'><strong><em>ra-</em></strong></span> 
     </span>
    </p>
   </div>
   <div class='ocr_carea' id='block_1_70' title="bbox 2015 1259 3606 1332">
    <p class='ocr_par' dir='ltr' id='par_1_70' title="bbox 2015 1259 3606 1332">
     <span class='ocr_line' id='line_1_70' title="bbox 2015 1259 3606 1332; baseline -0.002 -19"><span class='ocrx_word' id='word_1_563' title='bbox 2015 1261 2188 1315; x_wconf 88' lang='lat' dir='ltr'><strong><em>tiones</em></strong></span> <span class='ocrx_word' id='word_1_564' title='bbox 2231 1271 2443 1332; x_wconf 84' lang='lat' dir='ltr'><strong><em>expete.</em></strong></span> <span class='ocrx_word' id='word_1_565' title='bbox 2488 1261 2624 1316; x_wconf 86' lang='lat' dir='ltr'><strong><em>Audi</em></strong></span> <span class='ocrx_word' id='word_1_566' title='bbox 2665 1262 2884 1316; x_wconf 87' lang='lat' dir='ltr'><strong><em>Paulum</em></strong></span> <span class='ocrx_word' id='word_1_567' title='bbox 2925 1261 3190 1316; x_wconf 91' lang='lat' dir='ltr'><strong><em>dicentem</em></strong></span> <span class='ocrx_word' id='word_1_568' title='bbox 3224 1280 3237 1316; x_wconf 90' lang='lat'><strong>:</strong></span> <span class='ocrx_word' id='word_1_569' title='bbox 3275 1261 3528 1328; x_wconf 82' lang='lat' dir='ltr'><strong><em>Quoniam</em></strong></span> <span class='ocrx_word' id='word_1_570' title='bbox 3563 1259 3606 1311; x_wconf 85' lang='lat' dir='ltr'><strong><em>si</em></strong></span> 
     </span>
    </p>
   </div>
   <div class='ocr_carea' id='block_1_71' title="bbox 2014 1352 3605 1423">
    <p class='ocr_par' dir='ltr' id='par_1_71' title="bbox 2014 1352 3605 1423">
     <span class='ocr_line' id='line_1_71' title="bbox 2014 1352 3605 1423; baseline -0.003 -17"><span class='ocrx_word' id='word_1_571' title='bbox 2014 1354 2343 1423; x_wconf 74' lang='lat' dir='ltr'><strong><em>nosmetipsos</em></strong></span> <span class='ocrx_word' id='word_1_572' title='bbox 2390 1355 2781 1423; x_wconf 85' lang='lat' dir='ltr'><strong><em>judicaremus,</em></strong></span> <span class='ocrx_word' id='word_1_573' title='bbox 2858 1370 2961 1408; x_wconf 86' lang='lat' dir='ltr'><strong><em>non</em></strong></span> <span class='ocrx_word' id='word_1_574' title='bbox 3022 1354 3194 1421; x_wconf 88' lang='lat' dir='ltr'><strong><em>utique</em></strong></span> <span class='ocrx_word' id='word_1_575' title='bbox 3258 1352 3605 1422; x_wconf 68' lang='lat' dir='ltr'><strong><em>iudicaremur</em></strong></span> 
     </span>
    </p>
   </div>
   <div class='ocr_carea' id='block_1_72' title="bbox 2018 1442 3600 1517">
    <p class='ocr_par' dir='ltr' id='par_1_72' title="bbox 2018 1442 3600 1517">
     <span class='ocr_line' id='line_1_72' title="bbox 2018 1442 3600 1517; baseline -0.004 -17"><span class='ocrx_word' id='word_1_576' title='bbox 2018 1444 2094 1517; x_wconf 86' lang='lat' dir='ltr'><strong><em>(I.</em></strong></span> <span class='ocrx_word' id='word_1_577' title='bbox 2125 1445 2244 1499; x_wconf 86' lang='lat' dir='ltr'><strong><em>Cor.</em></strong></span> <span class='ocrx_word' id='word_1_578' title='bbox 2276 1445 2361 1498; x_wconf 82' lang='grc'><strong><em>11.</em></strong></span> <span class='ocrx_word' id='word_1_579' title='bbox 2392 1445 2503 1517; x_wconf 81' lang='grc'><strong><em>⁸51).</em></strong></span> <span class='ocrx_word' id='word_1_580' title='bbox 2533 1445 2588 1499; x_wconf 90' lang='lat' dir='ltr'><strong><em>Si</em></strong></span> <span class='ocrx_word' id='word_1_581' title='bbox 2622 1445 2674 1498; x_wconf 91' lang='lat' dir='ltr'><strong><em>id</em></strong></span> <span class='ocrx_word' id='word_1_582' title='bbox 2705 1444 2912 1508; x_wconf 85' lang='lat' dir='ltr'><strong><em>feceris,</em></strong></span> <span class='ocrx_word' id='word_1_583' title='bbox 2940 1443 3193 1514; x_wconf 86' lang='lat' dir='ltr'><strong><em>paulatim</em></strong></span> <span class='ocrx_word' id='word_1_584' title='bbox 3226 1442 3600 1515; x_wconf 71' lang='lat' dir='ltr'><strong><em>progrediens,</em></strong></span> 
     </span>
    </p>
   </div>
   <div class='ocr_carea' id='block_1_73' title="bbox 2017 1533 3605 1605">
    <p class='ocr_par' dir='ltr' id='par_1_73' title="bbox 2017 1533 3605 1605">
     <span class='ocr_line' id='line_1_73' title="bbox 2017 1533 3605 1605; baseline -0.001 -16"><span class='ocrx_word' id='word_1_585' title='bbox 2017 1536 2083 1590; x_wconf 90' lang='lat' dir='ltr'><strong><em>ad</em></strong></span> <span class='ocrx_word' id='word_1_586' title='bbox 2115 1551 2370 1591; x_wconf 86' lang='lat' dir='ltr'><strong><em>coronam</em></strong></span> <span class='ocrx_word' id='word_1_587' title='bbox 2416 1537 2621 1592; x_wconf 86' lang='lat' dir='ltr'><strong><em>venies.</em></strong></span> <span class='ocrx_word' id='word_1_588' title='bbox 2669 1537 2736 1590; x_wconf 91' lang='lat' dir='ltr'><strong><em>Et</em></strong></span> <span class='ocrx_word' id='word_1_589' title='bbox 2763 1535 3064 1605; x_wconf 88' lang='lat' dir='ltr'><strong><em>quomodo,</em></strong></span> <span class='ocrx_word' id='word_1_590' title='bbox 3097 1535 3325 1604; x_wconf 91' lang='lat' dir='ltr'><strong><em>inquies,</em></strong></span> <span class='ocrx_word' id='word_1_591' title='bbox 3359 1534 3425 1588; x_wconf 90' lang='lat' dir='ltr'><strong><em>de</em></strong></span> <span class='ocrx_word' id='word_1_592' title='bbox 3451 1533 3605 1588; x_wconf 80' lang='lat' dir='ltr'><strong><em>nobis</em></strong></span> 
     </span>
    </p>
   </div>
   <div class='ocr_carea' id='block_1_74' title="bbox 2011 1627 3604 1698">
    <p class='ocr_par' dir='ltr' id='par_1_74' title="bbox 2011 1627 3604 1698">
     <span class='ocr_line' id='line_1_74' title="bbox 2011 1627 3604 1698; baseline 0 -19"><span class='ocrx_word' id='word_1_593' title='bbox 2011 1628 2404 1698; x_wconf 87' lang='lat' dir='ltr'><strong><em>judicabimus,</em></strong></span> <span class='ocrx_word' id='word_1_594' title='bbox 2451 1638 2501 1683; x_wconf 92' lang='lat' dir='ltr'><strong><em>et</em></strong></span> <span class='ocrx_word' id='word_1_595' title='bbox 2547 1643 2577 1682; x_wconf 88' lang='lat' dir='ltr'><strong><em>a</em></strong></span> <span class='ocrx_word' id='word_1_596' title='bbox 2623 1627 2777 1682; x_wconf 91' lang='lat' dir='ltr'><strong><em>nobis</em></strong></span> <span class='ocrx_word' id='word_1_597' title='bbox 2821 1628 3055 1682; x_wconf 90' lang='lat' dir='ltr'><strong><em>rationes</em></strong></span> <span class='ocrx_word' id='word_1_598' title='bbox 3103 1627 3451 1696; x_wconf 81' lang='lat' dir='ltr'><strong><em>expetemus?</em></strong></span> <span class='ocrx_word' id='word_1_599' title='bbox 3499 1627 3604 1680; x_wconf 86' lang='lat' dir='ltr'><strong><em>Lu-</em></strong></span> 
     </span>
    </p>
   </div>
   <div class='ocr_carea' id='block_1_75' title="bbox 2015 1718 3608 1790">
    <p class='ocr_par' dir='ltr' id='par_1_75' title="bbox 2015 1718 3608 1790">
     <span class='ocr_line' id='line_1_75' title="bbox 2015 1718 3608 1790; baseline -0.001 -15"><span class='ocrx_word' id='word_1_600' title='bbox 2015 1735 2110 1790; x_wconf 81' lang='lat' dir='ltr'><strong><em>gc,</em></strong></span> <span class='ocrx_word' id='word_1_601' title='bbox 2160 1719 2352 1775; x_wconf 88' lang='lat' dir='ltr'><strong><em>acerbe</em></strong></span> <span class='ocrx_word' id='word_1_602' title='bbox 2395 1720 2718 1790; x_wconf 84' lang='lat' dir='ltr'><strong><em>ingemiscc,</em></strong></span> <span class='ocrx_word' id='word_1_603' title='bbox 2770 1721 2998 1789; x_wconf 87' lang='lat' dir='ltr'><strong><em>teipsum</em></strong></span> <span class='ocrx_word' id='word_1_604' title='bbox 3050 1719 3270 1774; x_wconf 85' lang='lat' dir='ltr'><strong><em>humilia</em></strong></span> <span class='ocrx_word' id='word_1_605' title='bbox 3310 1730 3364 1773; x_wconf 92' lang='lat' dir='ltr'><strong><em>ct</em></strong></span> <span class='ocrx_word' id='word_1_606' title='bbox 3402 1718 3608 1790; x_wconf 83' lang='lat' dir='ltr'><strong><em>afflige,</em></strong></span> 
     </span>
    </p>
   </div>
   <div class='ocr_carea' id='block_1_76' title="bbox 2016 1812 3603 1882">
    <p class='ocr_par' dir='ltr' id='par_1_76' title="bbox 2016 1812 3603 1882">
     <span class='ocr_line' id='line_1_76' title="bbox 2016 1812 3603 1882; baseline -0.001 -17"><span class='ocrx_word' id='word_1_607' title='bbox 2016 1812 2298 1867; x_wconf 83' lang='lat' dir='ltr'><strong><em>recordare</em></strong></span> <span class='ocrx_word' id='word_1_608' title='bbox 2338 1822 2680 1882; x_wconf 89' lang='lat' dir='ltr'><strong><em>peccatorum</em></strong></span> <span class='ocrx_word' id='word_1_609' title='bbox 2728 1821 2939 1867; x_wconf 89' lang='lat' dir='ltr'><strong><em>tuorum</em></strong></span> <span class='ocrx_word' id='word_1_610' title='bbox 2978 1813 3275 1882; x_wconf 81' lang='lat' dir='ltr'><strong><em>Speciatim.</em></strong></span> <span class='ocrx_word' id='word_1_611' title='bbox 3317 1812 3430 1867; x_wconf 88' lang='lat' dir='ltr'><strong><em>Non</em></strong></span> <span class='ocrx_word' id='word_1_612' title='bbox 3477 1827 3603 1882; x_wconf 82' lang='lat' dir='ltr'><strong><em>par-</em></strong></span> 
     </span>
    </p>
   </div>
   <div class='ocr_carea' id='block_1_77' title="bbox 2016 1904 3604 1974">
    <p class='ocr_par' dir='ltr' id='par_1_77' title="bbox 2016 1904 3604 1974">
     <span class='ocr_line' id='line_1_77' title="bbox 2016 1904 3604 1974; baseline -0.001 -15"><span class='ocrx_word' id='word_1_613' title='bbox 2016 1922 2114 1960; x_wconf 89' lang='lat' dir='ltr'><strong><em>vus</em></strong></span> <span class='ocrx_word' id='word_1_614' title='bbox 2161 1913 2244 1960; x_wconf 89' lang='lat' dir='ltr'><strong><em>est</em></strong></span> <span class='ocrx_word' id='word_1_615' title='bbox 2291 1905 2377 1960; x_wconf 90' lang='lat' dir='ltr'><strong><em>hic</em></strong></span> <span class='ocrx_word' id='word_1_616' title='bbox 2425 1907 2693 1960; x_wconf 91' lang='lat' dir='ltr'><strong><em>cruciatus</em></strong></span> <span class='ocrx_word' id='word_1_617' title='bbox 2739 1906 2923 1959; x_wconf 90' lang='lat' dir='ltr'><strong><em>animi.</em></strong></span> <span class='ocrx_word' id='word_1_618' title='bbox 2976 1904 3031 1960; x_wconf 91' lang='lat' dir='ltr'><strong><em>Si</em></strong></span> <span class='ocrx_word' id='word_1_619' title='bbox 3079 1904 3197 1974; x_wconf 88' lang='lat' dir='ltr'><strong><em>quis</em></strong></span> <span class='ocrx_word' id='word_1_620' title='bbox 3244 1905 3296 1958; x_wconf 92' lang='lat' dir='ltr'><strong><em>in</em></strong></span> <span class='ocrx_word' id='word_1_621' title='bbox 3345 1919 3604 1973; x_wconf 89' lang='lat' dir='ltr'><strong><em>compun-</em></strong></span> 
     </span>
    </p>
   </div>
   <div class='ocr_carea' id='block_1_78' title="bbox 2017 1997 3606 2064">
    <p class='ocr_par' dir='ltr' id='par_1_78' title="bbox 2017 1997 3606 2064">
     <span class='ocr_line' id='line_1_78' title="bbox 2017 1997 3606 2064; baseline -0.002 -9"><span class='ocrx_word' id='word_1_622' title='bbox 2017 2000 2194 2055; x_wconf 87' lang='lat' dir='ltr'><strong><em>ctione</em></strong></span> <span class='ocrx_word' id='word_1_623' title='bbox 2258 1998 2388 2064; x_wconf 91' lang='lat' dir='ltr'><strong><em>fuit,</em></strong></span> <span class='ocrx_word' id='word_1_624' title='bbox 2452 2000 2599 2054; x_wconf 89' lang='lat' dir='ltr'><strong><em>novit</em></strong></span> <span class='ocrx_word' id='word_1_625' title='bbox 2653 1998 2888 2052; x_wconf 90' lang='lat' dir='ltr'><strong><em>animum</em></strong></span> <span class='ocrx_word' id='word_1_626' title='bbox 2954 1998 3051 2051; x_wconf 90' lang='lat' dir='ltr'><strong><em>hac</em></strong></span> <span class='ocrx_word' id='word_1_627' title='bbox 3105 1998 3337 2051; x_wconf 84' lang='lat' dir='ltr'><strong><em>maxime</em></strong></span> <span class='ocrx_word' id='word_1_628' title='bbox 3401 1997 3606 2052; x_wconf 86' lang='lat' dir='ltr'><strong><em>ratione</em></strong></span> 
     </span>
    </p>
   </div>
   <div class='ocr_carea' id='block_1_79' title="bbox 2017 2089 3602 2159">
    <p class='ocr_par' dir='ltr' id='par_1_79' title="bbox 2017 2089 3602 2159">
     <span class='ocr_line' id='line_1_79' title="bbox 2017 2089 3602 2159; baseline -0.002 -14"><span class='ocrx_word' id='word_1_629' title='bbox 2017 2090 2262 2145; x_wconf 88' lang='lat' dir='ltr'><strong><em>cruciari.</em></strong></span> <span class='ocrx_word' id='word_1_630' title='bbox 2311 2090 2367 2145; x_wconf 90' lang='lat' dir='ltr'><strong><em>Si</em></strong></span> <span class='ocrx_word' id='word_1_631' title='bbox 2411 2091 2530 2159; x_wconf 90' lang='lat' dir='ltr'><strong><em>quis</em></strong></span> <span class='ocrx_word' id='word_1_632' title='bbox 2577 2097 2795 2159; x_wconf 87' lang='lat' dir='ltr'><strong><em>peccata</em></strong></span> <span class='ocrx_word' id='word_1_633' title='bbox 2843 2089 2894 2142; x_wconf 92' lang='lat' dir='ltr'><strong><em>in</em></strong></span> <span class='ocrx_word' id='word_1_634' title='bbox 2943 2089 3258 2142; x_wconf 88' lang='lat' dir='ltr'><strong><em>memoriam</em></strong></span> <span class='ocrx_word' id='word_1_635' title='bbox 3304 2089 3602 2154; x_wconf 88' lang='lat' dir='ltr'><strong><em>revocavit,</em></strong></span> 
     </span>
    </p>
   </div>
   <div class='ocr_carea' id='block_1_80' title="bbox 2020 2181 3604 2253">
    <p class='ocr_par' dir='ltr' id='par_1_80' title="bbox 2020 2181 3604 2253">
     <span class='ocr_line' id='line_1_80' title="bbox 2020 2181 3604 2253; baseline -0.001 -16"><span class='ocrx_word' id='word_1_636' title='bbox 2020 2186 2167 2238; x_wconf 84' lang='lat' dir='ltr'><strong><em>novit</em></strong></span> <span class='ocrx_word' id='word_1_637' title='bbox 2233 2183 2474 2239; x_wconf 91' lang='lat' dir='ltr'><strong><em>dolorem</em></strong></span> <span class='ocrx_word' id='word_1_638' title='bbox 2539 2184 2628 2253; x_wconf 91' lang='lat' dir='ltr'><strong><em>qui</em></strong></span> <span class='ocrx_word' id='word_1_639' title='bbox 2694 2183 2816 2237; x_wconf 90' lang='lat' dir='ltr'><strong><em>inde</em></strong></span> <span class='ocrx_word' id='word_1_640' title='bbox 2878 2182 3198 2252; x_wconf 89' lang='lat' dir='ltr'><strong><em>concipitur.</em></strong></span> <span class='ocrx_word' id='word_1_641' title='bbox 3266 2181 3604 2250; x_wconf 88' lang='lat' dir='ltr'><strong><em>Quapropter</em></strong></span> 
     </span>
    </p>
   </div>
   <div class='ocr_carea' id='block_1_81' title="bbox 2020 2273 3604 2344">
    <p class='ocr_par' dir='ltr' id='par_1_81' title="bbox 2020 2273 3604 2344">
     <span class='ocr_line' id='line_1_81' title="bbox 2020 2273 3604 2344; baseline -0.001 -16"><span class='ocrx_word' id='word_1_642' title='bbox 2020 2275 2326 2344; x_wconf 87' lang='lat' dir='ltr'><strong><em>hujusmodi</em></strong></span> <span class='ocrx_word' id='word_1_643' title='bbox 2370 2275 2700 2344; x_wconf 70' lang='lat' dir='ltr'><strong><em>pmnitenlim</em></strong></span> <span class='ocrx_word' id='word_1_644' title='bbox 2743 2275 2881 2328; x_wconf 90' lang='lat' dir='ltr'><strong><em>Deus</em></strong></span> <span class='ocrx_word' id='word_1_645' title='bbox 2919 2273 3182 2342; x_wconf 91' lang='lat' dir='ltr'><strong><em>justitiam</em></strong></span> <span class='ocrx_word' id='word_1_646' title='bbox 3228 2274 3280 2326; x_wconf 90' lang='lat' dir='ltr'><strong><em>in</em></strong></span> <span class='ocrx_word' id='word_1_647' title='bbox 3325 2274 3604 2343; x_wconf 65' lang='lat' dir='ltr'><strong><em>prmmium</em></strong></span> 
     </span>
    </p>
   </div>
   <div class='ocr_carea' id='block_1_82' title="bbox 2017 2366 3603 2436">
    <p class='ocr_par' dir='ltr' id='par_1_82' title="bbox 2017 2366 3603 2436">
     <span class='ocr_line' id='line_1_82' title="bbox 2017 2366 3603 2436; baseline -0.003 -14"><span class='ocrx_word' id='word_1_648' title='bbox 2017 2369 2325 2434; x_wconf 89' lang='lat' dir='ltr'><strong><em>constituit,</em></strong></span> <span class='ocrx_word' id='word_1_649' title='bbox 2379 2369 2616 2423; x_wconf 91' lang='lat' dir='ltr'><strong><em>dicens:</em></strong></span> <span class='ocrx_word' id='word_1_650' title='bbox 2676 2366 2774 2420; x_wconf 88' lang='lat' dir='ltr'><strong><em>Dic</em></strong></span> <span class='ocrx_word' id='word_1_651' title='bbox 2823 2377 2874 2420; x_wconf 89' lang='lat' dir='ltr'><strong><em>tu</em></strong></span> <span class='ocrx_word' id='word_1_652' title='bbox 2933 2368 3072 2436; x_wconf 82' lang='lat' dir='ltr'><strong><em>prior</em></strong></span> <span class='ocrx_word' id='word_1_653' title='bbox 3113 2380 3316 2435; x_wconf 82' lang='lat' dir='ltr'><strong><em>peccata</em></strong></span> <span class='ocrx_word' id='word_1_654' title='bbox 3365 2377 3493 2433; x_wconf 89' lang='lat' dir='ltr'><strong><em>tua,</em></strong></span> <span class='ocrx_word' id='word_1_655' title='bbox 3550 2377 3603 2420; x_wconf 85' lang='lat' dir='ltr'><strong><em>ut</em></strong></span> 
     </span>
    </p>
   </div>
   <div class='ocr_carea' id='block_1_83' title="bbox 2008 2458 3604 2536">
    <p class='ocr_par' dir='ltr' id='par_1_83' title="bbox 2008 2458 3604 2536">
     <span class='ocr_line' id='line_1_83' title="bbox 2008 2458 3604 2536; baseline 0.002 -25"><span class='ocrx_word' id='word_1_656' title='bbox 2008 2460 2305 2528; x_wconf 81' lang='lat' dir='ltr'><strong><em>justi/iceris</em></strong></span> <span class='ocrx_word' id='word_1_657' title='bbox 2346 2458 2498 2529; x_wconf 88' lang='lat' dir='ltr'><strong><em>(Isai.</em></strong></span> <span class='ocrx_word' id='word_1_658' title='bbox 2544 2461 2631 2514; x_wconf 75' lang='grc'><strong><em>45.</em></strong></span> <span class='ocrx_word' id='word_1_659' title='bbox 2678 2459 2802 2536; x_wconf 74' lang='grc'><strong><em>26).</em></strong></span> <span class='ocrx_word' id='word_1_660' title='bbox 2851 2458 2966 2513; x_wconf 90' lang='lat' dir='ltr'><strong><em>Non</em></strong></span> <span class='ocrx_word' id='word_1_661' title='bbox 3019 2459 3158 2512; x_wconf 90' lang='lat' dir='ltr'><strong><em>enim</em></strong></span> <span class='ocrx_word' id='word_1_662' title='bbox 3200 2469 3320 2525; x_wconf 88' lang='lat' dir='ltr'><strong><em>est,</em></strong></span> <span class='ocrx_word' id='word_1_663' title='bbox 3370 2474 3475 2512; x_wconf 91' lang='lat' dir='ltr'><strong><em>non</em></strong></span> <span class='ocrx_word' id='word_1_664' title='bbox 3524 2469 3604 2514; x_wconf 83' lang='lat' dir='ltr'><strong><em>est</em></strong></span> 
     </span>
    </p>
   </div>
   <div class='ocr_carea' id='block_1_84' title="bbox 2019 2553 3603 2622">
    <p class='ocr_par' dir='ltr' id='par_1_84' title="bbox 2019 2553 3603 2622">
     <span class='ocr_line' id='line_1_84' title="bbox 2019 2553 3603 2622; baseline 0 -16"><span class='ocrx_word' id='word_1_665' title='bbox 2019 2555 2200 2621; x_wconf 88' lang='lat' dir='ltr'><strong><em>utique</em></strong></span> <span class='ocrx_word' id='word_1_666' title='bbox 2249 2569 2406 2622; x_wconf 88' lang='lat' dir='ltr'><strong><em>parva</em></strong></span> <span class='ocrx_word' id='word_1_667' title='bbox 2456 2553 2523 2607; x_wconf 87' lang='lat' dir='ltr'><strong><em>ad</em></strong></span> <span class='ocrx_word' id='word_1_668' title='bbox 2569 2553 2998 2608; x_wconf 85' lang='lat' dir='ltr'><strong><em>emendationem</em></strong></span> <span class='ocrx_word' id='word_1_669' title='bbox 3056 2553 3233 2615; x_wconf 91' lang='lat' dir='ltr'><strong><em>ratio,</em></strong></span> <span class='ocrx_word' id='word_1_670' title='bbox 3288 2553 3332 2605; x_wconf 92' lang='lat' dir='ltr'><strong><em>si</em></strong></span> <span class='ocrx_word' id='word_1_671' title='bbox 3386 2563 3603 2621; x_wconf 73' lang='lat' dir='ltr'><strong><em>peccata</em></strong></span> 
     </span>
    </p>
   </div>
   <div class='ocr_carea' id='block_1_85' title="bbox 2017 2644 3604 2714">
    <p class='ocr_par' dir='ltr' id='par_1_85' title="bbox 2017 2644 3604 2714">
     <span class='ocr_line' id='line_1_85' title="bbox 2017 2644 3604 2714; baseline 0.001 -18"><span class='ocrx_word' id='word_1_672' title='bbox 2017 2645 2191 2698; x_wconf 89' lang='lat' dir='ltr'><strong><em>omnia</em></strong></span> <span class='ocrx_word' id='word_1_673' title='bbox 2256 2645 2546 2699; x_wconf 89' lang='lat' dir='ltr'><strong><em>secundum</em></strong></span> <span class='ocrx_word' id='word_1_674' title='bbox 2599 2644 2831 2714; x_wconf 90' lang='lat' dir='ltr'><strong><em>speciem</em></strong></span> <span class='ocrx_word' id='word_1_675' title='bbox 2874 2644 3099 2698; x_wconf 89' lang='lat' dir='ltr'><strong><em>collecta</em></strong></span> <span class='ocrx_word' id='word_1_676' title='bbox 3148 2644 3201 2697; x_wconf 93' lang='lat' dir='ltr'><strong><em>in</em></strong></span> <span class='ocrx_word' id='word_1_677' title='bbox 3254 2645 3434 2697; x_wconf 90' lang='lat' dir='ltr'><strong><em>animo</em></strong></span> <span class='ocrx_word' id='word_1_678' title='bbox 3483 2660 3604 2698; x_wconf 88' lang='lat' dir='ltr'><strong><em>ver-</em></strong></span> 
     </span>
    </p>
   </div>
   <div class='ocr_carea' id='block_1_86' title="bbox 2018 2734 3604 2805">
    <p class='ocr_par' dir='ltr' id='par_1_86' title="bbox 2018 2734 3604 2805">
     <span class='ocr_line' id='line_1_86' title="bbox 2018 2734 3604 2805; baseline 0 -17"><span class='ocrx_word' id='word_1_679' title='bbox 2018 2749 2105 2789; x_wconf 90' lang='lat' dir='ltr'><strong><em>ses</em></strong></span> <span class='ocrx_word' id='word_1_680' title='bbox 2130 2744 2182 2788; x_wconf 88' lang='lat' dir='ltr'><strong><em>et</em></strong></span> <span class='ocrx_word' id='word_1_681' title='bbox 2213 2735 2412 2789; x_wconf 87' lang='lat' dir='ltr'><strong><em>volvas.</em></strong></span> <span class='ocrx_word' id='word_1_682' title='bbox 2452 2735 2582 2789; x_wconf 89' lang='lat' dir='ltr'><strong><em>Nam</em></strong></span> <span class='ocrx_word' id='word_1_683' title='bbox 2611 2735 2698 2805; x_wconf 92' lang='lat' dir='ltr'><strong><em>qui</em></strong></span> <span class='ocrx_word' id='word_1_684' title='bbox 2728 2735 2828 2790; x_wconf 91' lang='lat' dir='ltr'><strong><em>hoc</em></strong></span> <span class='ocrx_word' id='word_1_685' title='bbox 2853 2735 2996 2800; x_wconf 82' lang='lat' dir='ltr'><strong><em>facit,</em></strong></span> <span class='ocrx_word' id='word_1_686' title='bbox 3026 2734 3094 2789; x_wconf 89' lang='lat' dir='ltr'><strong><em>ita</em></strong></span> <span class='ocrx_word' id='word_1_687' title='bbox 3119 2745 3526 2804; x_wconf 88' lang='lat' dir='ltr'><strong><em>compungetur,</em></strong></span> <span class='ocrx_word' id='word_1_688' title='bbox 3552 2745 3604 2788; x_wconf 90' lang='lat' dir='ltr'><strong><em>ut</em></strong></span> 
     </span>
    </p>
   </div>
   <div class='ocr_carea' id='block_1_87' title="bbox 2018 2825 3605 2898">
    <p class='ocr_par' dir='ltr' id='par_1_87' title="bbox 2018 2825 3605 2898">
     <span class='ocr_line' id='line_1_87' title="bbox 2018 2825 3605 2898; baseline -0.001 -15"><span class='ocrx_word' id='word_1_689' title='bbox 2018 2844 2087 2884; x_wconf 91' lang='lat' dir='ltr'><strong><em>ne</em></strong></span> <span class='ocrx_word' id='word_1_690' title='bbox 2113 2830 2218 2883; x_wconf 87' lang='lat' dir='ltr'><strong><em>vita</em></strong></span> <span class='ocrx_word' id='word_1_691' title='bbox 2246 2827 2457 2898; x_wconf 89' lang='lat' dir='ltr'><strong><em>quidem</em></strong></span> <span class='ocrx_word' id='word_1_692' title='bbox 2489 2843 2546 2882; x_wconf 88' lang='lat' dir='ltr'><strong><em>se</em></strong></span> <span class='ocrx_word' id='word_1_693' title='bbox 2575 2827 2790 2897; x_wconf 88' lang='lat' dir='ltr'><strong><em>dignum</em></strong></span> <span class='ocrx_word' id='word_1_694' title='bbox 2825 2827 3112 2882; x_wconf 80' lang='lat' dir='ltr'><strong><em>existimet.</em></strong></span> <span class='ocrx_word' id='word_1_695' title='bbox 3152 2826 3252 2892; x_wconf 91' lang='lat' dir='ltr'><strong><em>Qui</em></strong></span> <span class='ocrx_word' id='word_1_696' title='bbox 3296 2834 3471 2880; x_wconf 89' lang='lat' dir='ltr'><strong><em>autem</em></strong></span> <span class='ocrx_word' id='word_1_697' title='bbox 3506 2825 3605 2881; x_wconf 86' lang='lat' dir='ltr'><strong><em>hoc</em></strong></span> 
     </span>
    </p>
   </div>
   <div class='ocr_carea' id='block_1_88' title="bbox 2018 2916 3604 2985">
    <p class='ocr_par' dir='ltr' id='par_1_88' title="bbox 2018 2916 3604 2985">
     <span class='ocr_line' id='line_1_88' title="bbox 2018 2916 3604 2985; baseline -0.004 -8"><span class='ocrx_word' id='word_1_698' title='bbox 2018 2922 2326 2985; x_wconf 87' lang='lat' dir='ltr'><strong><em>existimat,</em></strong></span> <span class='ocrx_word' id='word_1_699' title='bbox 2358 2935 2481 2975; x_wconf 91' lang='lat' dir='ltr'><strong><em>cera</em></strong></span> <span class='ocrx_word' id='word_1_700' title='bbox 2512 2919 2724 2973; x_wconf 90' lang='lat' dir='ltr'><strong><em>mollior</em></strong></span> <span class='ocrx_word' id='word_1_701' title='bbox 2753 2918 2961 2972; x_wconf 88' lang='lat' dir='ltr'><strong><em>evadet.</em></strong></span> <span class='ocrx_word' id='word_1_702' title='bbox 2993 2917 3070 2972; x_wconf 91' lang='lat' dir='ltr'><strong><em>Ne</em></strong></span> <span class='ocrx_word' id='word_1_703' title='bbox 3093 2917 3222 2970; x_wconf 91' lang='lat' dir='ltr'><strong><em>mihi</em></strong></span> <span class='ocrx_word' id='word_1_704' title='bbox 3249 2917 3417 2970; x_wconf 90' lang='lat' dir='ltr'><strong><em>solum</em></strong></span> <span class='ocrx_word' id='word_1_705' title='bbox 3447 2916 3604 2970; x_wconf 84' lang='lat' dir='ltr'><strong><em>dixe-</em></strong></span> 
     </span>
    </p>
   </div>
   <div class='ocr_carea' id='block_1_89' title="bbox 2021 3009 3605 3079">
    <p class='ocr_par' dir='ltr' id='par_1_89' title="bbox 2021 3009 3605 3079">
     <span class='ocr_line' id='line_1_89' title="bbox 2021 3009 3605 3079; baseline -0.003 -12"><span class='ocrx_word' id='word_1_706' title='bbox 2021 3016 2093 3068; x_wconf 90' lang='lat' dir='ltr'><strong><em>ris</em></strong></span> <span class='ocrx_word' id='word_1_707' title='bbox 2121 3013 2502 3067; x_wconf 79' lang='lat' dir='ltr'><strong><em>fornicationes</em></strong></span> <span class='ocrx_word' id='word_1_708' title='bbox 2523 3053 2536 3076; x_wconf 93' lang='lat'><strong><em>,</em></strong></span> <span class='ocrx_word' id='word_1_709' title='bbox 2567 3011 2652 3064; x_wconf 88' lang='lat' dir='ltr'><strong><em>vel</em></strong></span> <span class='ocrx_word' id='word_1_710' title='bbox 2683 3011 2941 3064; x_wconf 89' lang='lat' dir='ltr'><strong><em>adulteria</em></strong></span> <span class='ocrx_word' id='word_1_711' title='bbox 2974 3016 3028 3064; x_wconf 87' lang='lat' dir='ltr'><strong><em>ei</em></strong></span> <span class='ocrx_word' id='word_1_712' title='bbox 3057 3009 3272 3073; x_wconf 91' lang='lat' dir='ltr'><strong><em>similia,</em></strong></span> <span class='ocrx_word' id='word_1_713' title='bbox 3307 3024 3480 3079; x_wconf 89' lang='lat' dir='ltr'><strong><em>neque</em></strong></span> <span class='ocrx_word' id='word_1_714' title='bbox 3503 3009 3605 3063; x_wconf 79' lang='lat' dir='ltr'><strong><em>alia</em></strong></span> 
     </span>
    </p>
   </div>
   <div class='ocr_carea' id='block_1_90' title="bbox 2018 3100 3605 3176">
    <p class='ocr_par' dir='ltr' id='par_1_90' title="bbox 2018 3100 3605 3176">
     <span class='ocr_line' id='line_1_90' title="bbox 2018 3100 3605 3176; baseline -0.003 -18"><span class='ocrx_word' id='word_1_715' title='bbox 2018 3122 2137 3176; x_wconf 74' lang='lat' dir='ltr'><strong><em>qum</em></strong></span> <span class='ocrx_word' id='word_1_716' title='bbox 2161 3105 2340 3176; x_wconf 81' lang='lat' dir='ltr'><strong><em>gravia</em></strong></span> <span class='ocrx_word' id='word_1_717' title='bbox 2371 3119 2490 3158; x_wconf 88' lang='lat' dir='ltr'><strong><em>esse</em></strong></span> <span class='ocrx_word' id='word_1_718' title='bbox 2517 3103 2656 3174; x_wconf 88' lang='lat' dir='ltr'><strong><em>apud</em></strong></span> <span class='ocrx_word' id='word_1_719' title='bbox 2688 3116 2877 3156; x_wconf 90' lang='lat' dir='ltr'><strong><em>omnes</em></strong></span> <span class='ocrx_word' id='word_1_720' title='bbox 2912 3101 2964 3154; x_wconf 95' lang='lat' dir='ltr'><strong><em>in</em></strong></span> <span class='ocrx_word' id='word_1_721' title='bbox 2991 3100 3235 3156; x_wconf 89' lang='lat' dir='ltr'><strong><em>confesso</em></strong></span> <span class='ocrx_word' id='word_1_722' title='bbox 3263 3110 3382 3165; x_wconf 89' lang='lat' dir='ltr'><strong><em>est;</em></strong></span> <span class='ocrx_word' id='word_1_723' title='bbox 3423 3116 3605 3154; x_wconf 92' lang='lat' dir='ltr'><strong><em>verum</em></strong></span> 
     </span>
    </p>
   </div>
   <div class='ocr_carea' id='block_1_91' title="bbox 2018 3192 3598 3257">
    <p class='ocr_par' dir='ltr' id='par_1_91' title="bbox 2018 3192 3598 3257">
     <span class='ocr_line' id='line_1_91' title="bbox 2018 3192 3598 3257; baseline -0.003 -6"><span class='ocrx_word' id='word_1_724' title='bbox 2018 3197 2177 3251; x_wconf 86' lang='lat' dir='ltr'><strong><em>etiam</em></strong></span> <span class='ocrx_word' id='word_1_725' title='bbox 2205 3197 2433 3250; x_wconf 86' lang='lat' dir='ltr'><strong><em>latentes</em></strong></span> <span class='ocrx_word' id='word_1_726' title='bbox 2459 3196 2698 3257; x_wconf 87' lang='lat' dir='ltr'><strong><em>insidias,</em></strong></span> <span class='ocrx_word' id='word_1_727' title='bbox 2728 3192 3045 3255; x_wconf 87' lang='lat' dir='ltr'><strong><em>calumnias,</em></strong></span> <span class='ocrx_word' id='word_1_728' title='bbox 3077 3192 3377 3257; x_wconf 88' lang='lat' dir='ltr'><strong><em>maledicta,</em></strong></span> <span class='ocrx_word' id='word_1_729' title='bbox 3409 3208 3598 3247; x_wconf 89' lang='lat' dir='ltr'><strong><em>vanam</em></strong></span> 
     </span>
    </p>
   </div>
   <div class='ocr_carea' id='block_1_92' title="bbox 2016 3284 3611 3355">
    <p class='ocr_par' dir='ltr' id='par_1_92' title="bbox 2016 3284 3611 3355">
     <span class='ocr_line' id='line_1_92' title="bbox 2016 3284 3611 3355; baseline -0.001 -16"><span class='ocrx_word' id='word_1_730' title='bbox 2016 3286 2238 3355; x_wconf 84' lang='lat' dir='ltr'><strong><em>gloriam</em></strong></span> <span class='ocrx_word' id='word_1_731' title='bbox 2266 3328 2278 3349; x_wconf 89' lang='lat'><strong><em>,</em></strong></span> <span class='ocrx_word' id='word_1_732' title='bbox 2319 3285 2570 3340; x_wconf 79' lang='lat' dir='ltr'><strong><em>invidiam</em></strong></span> <span class='ocrx_word' id='word_1_733' title='bbox 2596 3325 2610 3348; x_wconf 93' lang='lat'><strong><em>,</em></strong></span> <span class='ocrx_word' id='word_1_734' title='bbox 2661 3293 2962 3351; x_wconf 76' lang='lat' dir='ltr'><strong><em>czeteraque</em></strong></span> <span class='ocrx_word' id='word_1_735' title='bbox 3009 3284 3186 3336; x_wconf 91' lang='lat' dir='ltr'><strong><em>omnia</em></strong></span> <span class='ocrx_word' id='word_1_736' title='bbox 3230 3284 3439 3352; x_wconf 85' lang='lat' dir='ltr'><strong><em>collige.</em></strong></span> <span class='ocrx_word' id='word_1_737' title='bbox 3485 3285 3611 3339; x_wconf 69' lang='lat' dir='ltr'><strong><em>llzec</em></strong></span> 
     </span>
    </p>
   </div>
   <div class='ocr_carea' id='block_1_93' title="bbox 2013 3373 3598 3452">
    <p class='ocr_par' dir='ltr' id='par_1_93' title="bbox 2013 3373 3598 3452">
     <span class='ocr_line' id='line_1_93' title="bbox 2013 3373 3598 3452; baseline -0.008 -17"><span class='ocrx_word' id='word_1_738' title='bbox 2013 3381 2209 3452; x_wconf 90' lang='lat' dir='ltr'><strong><em>quippe</em></strong></span> <span class='ocrx_word' id='word_1_739' title='bbox 2238 3395 2347 3434; x_wconf 88' lang='lat' dir='ltr'><strong><em>non</em></strong></span> <span class='ocrx_word' id='word_1_740' title='bbox 2379 3392 2542 3450; x_wconf 89' lang='lat' dir='ltr'><strong><em>parvo</em></strong></span> <span class='ocrx_word' id='word_1_741' title='bbox 2566 3378 2828 3448; x_wconf 91' lang='lat' dir='ltr'><strong><em>supplicio</em></strong></span> <span class='ocrx_word' id='word_1_742' title='bbox 2855 3373 3182 3449; x_wconf 84' lang='lat' dir='ltr'><strong><em>plecteutur:</em></strong></span> <span class='ocrx_word' id='word_1_743' title='bbox 3207 3375 3598 3426; x_wconf 76' lang='lat' dir='ltr'><strong><em>namcouvicia.</em></strong></span> 
     </span>
    </p>
   </div>
   <div class='ocr_carea' id='block_1_94' title="bbox 2013 3469 3610 3546">
    <p class='ocr_par' dir='ltr' id='par_1_94' title="bbox 2013 3469 3610 3546">
     <span class='ocr_line' id='line_1_94' title="bbox 2013 3469 3610 3546; baseline -0.006 -15"><span class='ocrx_word' id='word_1_744' title='bbox 2013 3487 2101 3531; x_wconf 88' lang='lat' dir='ltr'><strong><em>tor</em></strong></span> <span class='ocrx_word' id='word_1_745' title='bbox 2129 3477 2178 3537; x_wconf 81' lang='lat' dir='ltr'><strong><em>in</em></strong></span> <span class='ocrx_word' id='word_1_746' title='bbox 2212 3475 2512 3546; x_wconf 87' lang='lat' dir='ltr'><strong><em>gehennam</em></strong></span> <span class='ocrx_word' id='word_1_747' title='bbox 2542 3474 2760 3537; x_wconf 87' lang='lat' dir='ltr'><strong><em>incidet,</em></strong></span> <span class='ocrx_word' id='word_1_748' title='bbox 2790 3471 3141 3540; x_wconf 88' lang='lat' dir='ltr'><strong><em>ebriosusque</em></strong></span> <span class='ocrx_word' id='word_1_749' title='bbox 3169 3469 3298 3522; x_wconf 88' lang='lat' dir='ltr'><strong><em>nihil</em></strong></span> <span class='ocrx_word' id='word_1_750' title='bbox 3322 3483 3610 3523; x_wconf 86' lang='lat' dir='ltr'><strong><em>commune</em></strong></span> 
     </span>
    </p>
   </div>
   <div class='ocr_carea' id='block_1_95' title="bbox 2013 3561 3597 3637">
    <p class='ocr_par' dir='ltr' id='par_1_95' title="bbox 2013 3561 3597 3637">
     <span class='ocr_line' id='line_1_95' title="bbox 2013 3561 3597 3637; baseline -0.004 -15"><span class='ocrx_word' id='word_1_751' title='bbox 2013 3567 2318 3622; x_wconf 87' lang='lat' dir='ltr'><strong><em>habetcum</em></strong></span> <span class='ocrx_word' id='word_1_752' title='bbox 2349 3582 2536 3637; x_wconf 83' lang='lat' dir='ltr'><strong><em>regno,</em></strong></span> <span class='ocrx_word' id='word_1_753' title='bbox 2561 3575 2614 3621; x_wconf 91' lang='lat' dir='ltr'><strong><em>et</em></strong></span> <span class='ocrx_word' id='word_1_754' title='bbox 2640 3566 2726 3635; x_wconf 91' lang='lat' dir='ltr'><strong><em>qui</em></strong></span> <span class='ocrx_word' id='word_1_755' title='bbox 2760 3580 2866 3618; x_wconf 90' lang='lat' dir='ltr'><strong><em>non</em></strong></span> <span class='ocrx_word' id='word_1_756' title='bbox 2897 3571 3040 3617; x_wconf 88' lang='lat' dir='ltr'><strong><em>amat</em></strong></span> <span class='ocrx_word' id='word_1_757' title='bbox 3068 3562 3389 3632; x_wconf 89' lang='lat' dir='ltr'><strong><em>proximum,</em></strong></span> <span class='ocrx_word' id='word_1_758' title='bbox 3417 3561 3493 3616; x_wconf 91' lang='lat' dir='ltr'><strong><em>sic</em></strong></span> <span class='ocrx_word' id='word_1_759' title='bbox 3521 3563 3597 3615; x_wconf 85' lang='lat' dir='ltr'><strong><em>of-</em></strong></span> 
     </span>
    </p>
   </div>
   <div class='ocr_carea' id='block_1_96' title="bbox 2008 3654 3600 3728">
    <p class='ocr_par' dir='ltr' id='par_1_96' title="bbox 2008 3654 3600 3728">
     <span class='ocr_line' id='line_1_96' title="bbox 2008 3654 3600 3728; baseline -0.006 -13"><span class='ocrx_word' id='word_1_760' title='bbox 2008 3659 2182 3715; x_wconf 78' lang='lat' dir='ltr'><strong><em>fendit</em></strong></span> <span class='ocrx_word' id='word_1_761' title='bbox 2204 3660 2393 3724; x_wconf 89' lang='lat' dir='ltr'><strong><em>Deum,</em></strong></span> <span class='ocrx_word' id='word_1_762' title='bbox 2417 3669 2474 3713; x_wconf 91' lang='lat' dir='ltr'><strong><em>ut</em></strong></span> <span class='ocrx_word' id='word_1_763' title='bbox 2504 3673 2677 3728; x_wconf 89' lang='lat' dir='ltr'><strong><em>neque</em></strong></span> <span class='ocrx_word' id='word_1_764' title='bbox 2705 3656 2961 3728; x_wconf 85' lang='lat' dir='ltr'><strong><em>martyrio</em></strong></span> <span class='ocrx_word' id='word_1_765' title='bbox 2995 3655 3232 3725; x_wconf 91' lang='lat' dir='ltr'><strong><em>juvetur.</em></strong></span> <span class='ocrx_word' id='word_1_766' title='bbox 3260 3654 3326 3708; x_wconf 88' lang='lat' dir='ltr'><strong><em>Et</em></strong></span> <span class='ocrx_word' id='word_1_767' title='bbox 3354 3654 3442 3723; x_wconf 88' lang='lat' dir='ltr'><strong><em>qui</em></strong></span> <span class='ocrx_word' id='word_1_768' title='bbox 3476 3668 3600 3722; x_wconf 83' lang='lat' dir='ltr'><strong><em>pro-</em></strong></span> 
     </span>
    </p>
   </div>
   <div class='ocr_carea' id='block_1_97' title="bbox 2012 3745 3599 3824">
    <p class='ocr_par' dir='ltr' id='par_1_97' title="bbox 2012 3745 3599 3824">
     <span class='ocr_line' id='line_1_97' title="bbox 2012 3745 3599 3824; baseline -0.006 -17"><span class='ocrx_word' id='word_1_769' title='bbox 2012 3755 2242 3824; x_wconf 91' lang='lat' dir='ltr'><strong><em>pinquos</em></strong></span> <span class='ocrx_word' id='word_1_770' title='bbox 2267 3752 2509 3822; x_wconf 84' lang='lat' dir='ltr'><strong><em>negligit,</em></strong></span> <span class='ocrx_word' id='word_1_771' title='bbox 2543 3750 2698 3805; x_wconf 79' lang='lat' dir='ltr'><strong><em>fidem</em></strong></span> <span class='ocrx_word' id='word_1_772' title='bbox 2722 3758 2898 3819; x_wconf 87' lang='lat' dir='ltr'><strong><em>negat,</em></strong></span> <span class='ocrx_word' id='word_1_773' title='bbox 2931 3758 2982 3803; x_wconf 91' lang='lat' dir='ltr'><strong><em>et</em></strong></span> <span class='ocrx_word' id='word_1_774' title='bbox 3007 3748 3096 3818; x_wconf 91' lang='lat' dir='ltr'><strong><em>qui</em></strong></span> <span class='ocrx_word' id='word_1_775' title='bbox 3133 3760 3396 3816; x_wconf 89' lang='lat' dir='ltr'><strong><em>pauperes</em></strong></span> <span class='ocrx_word' id='word_1_776' title='bbox 3420 3745 3599 3814; x_wconf 83' lang='lat' dir='ltr'><strong><em>despi-</em></strong></span> 
     </span>
    </p>
   </div>
   <div class='ocr_carea' id='block_1_98' title="bbox 2012 3836 3598 3914">
    <p class='ocr_par' dir='ltr' id='par_1_98' title="bbox 2012 3836 3598 3914">
     <span class='ocr_line' id='line_1_98' title="bbox 2012 3836 3598 3914; baseline -0.006 -14"><span class='ocrx_word' id='word_1_777' title='bbox 2012 3846 2120 3910; x_wconf 93' lang='lat' dir='ltr'><strong><em>cit,</em></strong></span> <span class='ocrx_word' id='word_1_778' title='bbox 2146 3845 2198 3898; x_wconf 92' lang='lat' dir='ltr'><strong><em>in</em></strong></span> <span class='ocrx_word' id='word_1_779' title='bbox 2230 3844 2405 3914; x_wconf 89' lang='lat' dir='ltr'><strong><em>ignem</em></strong></span> <span class='ocrx_word' id='word_1_780' title='bbox 2433 3843 2677 3896; x_wconf 90' lang='lat' dir='ltr'><strong><em>mittitur.</em></strong></span> <span class='ocrx_word' id='word_1_781' title='bbox 2705 3839 2783 3895; x_wconf 87' lang='lat' dir='ltr'><strong><em>Ne</em></strong></span> <span class='ocrx_word' id='word_1_782' title='bbox 2815 3854 2973 3908; x_wconf 88' lang='lat' dir='ltr'><strong><em>parva</em></strong></span> <span class='ocrx_word' id='word_1_783' title='bbox 3004 3853 3132 3908; x_wconf 89' lang='lat' dir='ltr'><strong><em>ergo</em></strong></span> <span class='ocrx_word' id='word_1_784' title='bbox 3157 3837 3245 3891; x_wconf 89' lang='lat' dir='ltr'><strong><em>illa</em></strong></span> <span class='ocrx_word' id='word_1_785' title='bbox 3279 3845 3432 3905; x_wconf 89' lang='lat' dir='ltr'><strong><em>putes</em></strong></span> <span class='ocrx_word' id='word_1_786' title='bbox 3454 3878 3469 3902; x_wconf 92' lang='lat'><strong><em>,</em></strong></span> <span class='ocrx_word' id='word_1_787' title='bbox 3504 3836 3598 3890; x_wconf 89' lang='lat' dir='ltr'><strong><em>sed</em></strong></span> 
     </span>
    </p>
   </div>
   <div class='ocr_carea' id='block_1_99' title="bbox 2011 3927 3598 4003">
    <p class='ocr_par' dir='ltr' id='par_1_99' title="bbox 2011 3927 3598 4003">
     <span class='ocr_line' id='line_1_99' title="bbox 2011 3927 3598 4003; baseline -0.006 -13"><span class='ocrx_word' id='word_1_788' title='bbox 2011 3936 2191 3990; x_wconf 92' lang='lat' dir='ltr'><strong><em>omnia</em></strong></span> <span class='ocrx_word' id='word_1_789' title='bbox 2221 3935 2430 4003; x_wconf 85' lang='lat' dir='ltr'><strong><em>collige,</em></strong></span> <span class='ocrx_word' id='word_1_790' title='bbox 2461 3943 2515 3988; x_wconf 88' lang='lat' dir='ltr'><strong><em>et</em></strong></span> <span class='ocrx_word' id='word_1_791' title='bbox 2541 3931 2691 4001; x_wconf 86' lang='lat' dir='ltr'><strong><em>quasi</em></strong></span> <span class='ocrx_word' id='word_1_792' title='bbox 2719 3931 2771 3984; x_wconf 93' lang='lat' dir='ltr'><strong><em>in</em></strong></span> <span class='ocrx_word' id='word_1_793' title='bbox 2801 3930 2936 3984; x_wconf 89' lang='lat' dir='ltr'><strong><em>libro</em></strong></span> <span class='ocrx_word' id='word_1_794' title='bbox 2962 3929 3156 3982; x_wconf 90' lang='lat' dir='ltr'><strong><em>scribe.</em></strong></span> <span class='ocrx_word' id='word_1_795' title='bbox 3176 3927 3307 3981; x_wconf 89' lang='lat' dir='ltr'><strong><em>Nam</em></strong></span> <span class='ocrx_word' id='word_1_796' title='bbox 3328 3928 3444 3981; x_wconf 91' lang='lat' dir='ltr'><strong><em>situ</em></strong></span> <span class='ocrx_word' id='word_1_797' title='bbox 3471 3927 3598 3981; x_wconf 60' lang='lat' dir='ltr'><strong><em>seri.</em></strong></span> 
     </span>
    </p>
   </div>
   <div class='ocr_carea' id='block_1_100' title="bbox 2011 4019 3597 4096">
    <p class='ocr_par' dir='ltr' id='par_1_100' title="bbox 2011 4019 3597 4096">
     <span class='ocr_line' id='line_1_100' title="bbox 2011 4019 3597 4096; baseline -0.004 -16"><span class='ocrx_word' id='word_1_798' title='bbox 2011 4027 2204 4096; x_wconf 89' lang='lat' dir='ltr'><strong><em>pseris,</em></strong></span> <span class='ocrx_word' id='word_1_799' title='bbox 2229 4025 2370 4079; x_wconf 90' lang='lat' dir='ltr'><strong><em>Deus</em></strong></span> <span class='ocrx_word' id='word_1_800' title='bbox 2395 4023 2627 4088; x_wconf 89' lang='lat' dir='ltr'><strong><em>delebit;</em></strong></span> <span class='ocrx_word' id='word_1_801' title='bbox 2650 4031 2834 4077; x_wconf 90' lang='lat' dir='ltr'><strong><em>contra</em></strong></span> <span class='ocrx_word' id='word_1_802' title='bbox 2862 4021 2905 4075; x_wconf 93' lang='lat' dir='ltr'><strong><em>si</em></strong></span> <span class='ocrx_word' id='word_1_803' title='bbox 2931 4029 2985 4074; x_wconf 94' lang='lat' dir='ltr'><strong><em>tu</em></strong></span> <span class='ocrx_word' id='word_1_804' title='bbox 3008 4033 3111 4075; x_wconf 91' lang='lat' dir='ltr'><strong><em>non</em></strong></span> <span class='ocrx_word' id='word_1_805' title='bbox 3135 4019 3434 4089; x_wconf 88' lang='lat' dir='ltr'><strong><em>scripseris,</em></strong></span> <span class='ocrx_word' id='word_1_806' title='bbox 3463 4020 3597 4074; x_wconf 85' lang='lat' dir='ltr'><strong><em>Deus</em></strong></span> 
     </span>
    </p>
   </div>
   <div class='ocr_carea' id='block_1_101' title="bbox 2011 4112 3597 4185">
    <p class='ocr_par' dir='ltr' id='par_1_101' title="bbox 2011 4112 3597 4185">
     <span class='ocr_line' id='line_1_101' title="bbox 2011 4112 3597 4185; baseline -0.003 -13"><span class='ocrx_word' id='word_1_807' title='bbox 2011 4118 2098 4172; x_wconf 91' lang='lat' dir='ltr'><strong><em>illa</em></strong></span> <span class='ocrx_word' id='word_1_808' title='bbox 2120 4117 2404 4183; x_wconf 87' lang='lat' dir='ltr'><strong><em>describet,</em></strong></span> <span class='ocrx_word' id='word_1_809' title='bbox 2438 4129 2726 4185; x_wconf 66' lang='lat' dir='ltr'><strong><em>poenasque</em></strong></span> <span class='ocrx_word' id='word_1_810' title='bbox 2754 4120 2978 4184; x_wconf 90' lang='lat' dir='ltr'><strong><em>repetet.</em></strong></span> <span class='ocrx_word' id='word_1_811' title='bbox 3009 4112 3190 4182; x_wconf 89' lang='lat' dir='ltr'><strong><em>Longe</em></strong></span> <span class='ocrx_word' id='word_1_812' title='bbox 3223 4127 3382 4182; x_wconf 90' lang='lat' dir='ltr'><strong><em>porro</em></strong></span> <span class='ocrx_word' id='word_1_813' title='bbox 3410 4112 3597 4168; x_wconf 88' lang='lat' dir='ltr'><strong><em>melius</em></strong></span> 
     </span>
    </p>
   </div>
   <div class='ocr_carea' id='block_1_102' title="bbox 2005 4203 3595 4273">
    <p class='ocr_par' dir='ltr' id='par_1_102' title="bbox 2005 4203 3595 4273">
     <span class='ocr_line' id='line_1_102' title="bbox 2005 4203 3595 4273; baseline -0.004 -9"><span class='ocrx_word' id='word_1_814' title='bbox 2005 4218 2093 4264; x_wconf 89' lang='lat' dir='ltr'><strong><em>est</em></strong></span> <span class='ocrx_word' id='word_1_815' title='bbox 2120 4218 2178 4263; x_wconf 94' lang='lat' dir='ltr'><strong><em>ut</em></strong></span> <span class='ocrx_word' id='word_1_816' title='bbox 2206 4208 2320 4263; x_wconf 68' lang='lat' dir='ltr'><strong><em>haec</em></strong></span> <span class='ocrx_word' id='word_1_817' title='bbox 2348 4222 2376 4261; x_wconf 91' lang='lat' dir='ltr'><strong><em>a</em></strong></span> <span class='ocrx_word' id='word_1_818' title='bbox 2401 4207 2560 4262; x_wconf 90' lang='lat' dir='ltr'><strong><em>nobis</em></strong></span> <span class='ocrx_word' id='word_1_819' title='bbox 2585 4206 2888 4262; x_wconf 86' lang='lat' dir='ltr'><strong><em>scribantur</em></strong></span> <span class='ocrx_word' id='word_1_820' title='bbox 2909 4247 2924 4271; x_wconf 90' lang='lat'><strong><em>,</em></strong></span> <span class='ocrx_word' id='word_1_821' title='bbox 2950 4214 3004 4260; x_wconf 90' lang='lat' dir='ltr'><strong><em>et</em></strong></span> <span class='ocrx_word' id='word_1_822' title='bbox 3024 4205 3076 4259; x_wconf 92' lang='lat' dir='ltr'><strong><em>in</em></strong></span> <span class='ocrx_word' id='word_1_823' title='bbox 3103 4204 3252 4260; x_wconf 68' lang='lat' dir='ltr'><strong><em>caelis</em></strong></span> <span class='ocrx_word' id='word_1_824' title='bbox 3277 4203 3558 4260; x_wconf 91' lang='lat' dir='ltr'><strong><em>deleantur</em></strong></span> <span class='ocrx_word' id='word_1_825' title='bbox 3579 4247 3595 4273; x_wconf 88' lang='lat'><strong><em>,</em></strong></span> 
     </span>
    </p>
   </div>
   <div class='ocr_carea' id='block_1_103' title="bbox 2007 4295 3599 4374">
    <p class='ocr_par' dir='ltr' id='par_1_103' title="bbox 2007 4295 3599 4374">
     <span class='ocr_line' id='line_1_103' title="bbox 2007 4295 3599 4374; baseline -0.003 -18"><span class='ocrx_word' id='word_1_826' title='bbox 2007 4317 2165 4374; x_wconf 89' lang='lat' dir='ltr'><strong><em>quam</em></strong></span> <span class='ocrx_word' id='word_1_827' title='bbox 2197 4303 2242 4357; x_wconf 90' lang='lat' dir='ltr'><strong><em>si</em></strong></span> <span class='ocrx_word' id='word_1_828' title='bbox 2289 4300 2444 4355; x_wconf 90' lang='lat' dir='ltr'><strong><em>nobis</em></strong></span> <span class='ocrx_word' id='word_1_829' title='bbox 2471 4297 2861 4355; x_wconf 87' lang='lat' dir='ltr'><strong><em>occultantibus</em></strong></span> <span class='ocrx_word' id='word_1_830' title='bbox 2885 4339 2901 4364; x_wconf 98' lang='lat'><strong><em>,</em></strong></span> <span class='ocrx_word' id='word_1_831' title='bbox 2948 4296 3089 4352; x_wconf 88' lang='lat' dir='ltr'><strong><em>Deus</em></strong></span> <span class='ocrx_word' id='word_1_832' title='bbox 3118 4296 3171 4350; x_wconf 91' lang='lat' dir='ltr'><strong><em>in</em></strong></span> <span class='ocrx_word' id='word_1_833' title='bbox 3213 4295 3306 4350; x_wconf 89' lang='lat' dir='ltr'><strong><em>illo</em></strong></span> <span class='ocrx_word' id='word_1_834' title='bbox 3348 4296 3434 4350; x_wconf 91' lang='lat' dir='ltr'><strong><em>die</em></strong></span> <span class='ocrx_word' id='word_1_835' title='bbox 3472 4305 3599 4352; x_wconf 84' lang='lat' dir='ltr'><strong><em>ante</em></strong></span> 
     </span>
    </p>
   </div>
   <div class='ocr_carea' id='block_1_104' title="bbox 2006 4385 3599 4458">
    <p class='ocr_par' dir='ltr' id='par_1_104' title="bbox 2006 4385 3599 4458">
     <span class='ocr_line' id='line_1_104' title="bbox 2006 4385 3599 4458; baseline -0.005 -8"><span class='ocrx_word' id='word_1_836' title='bbox 2006 4393 2190 4450; x_wconf 91' lang='lat' dir='ltr'><strong><em>oculos</em></strong></span> <span class='ocrx_word' id='word_1_837' title='bbox 2215 4400 2428 4447; x_wconf 91' lang='lat' dir='ltr'><strong><em>nostros</em></strong></span> <span class='ocrx_word' id='word_1_838' title='bbox 2449 4407 2508 4446; x_wconf 89' lang='lat' dir='ltr'><strong><em>ea</em></strong></span> <span class='ocrx_word' id='word_1_839' title='bbox 2535 4389 2759 4446; x_wconf 87' lang='lat' dir='ltr'><strong><em>deferat.</em></strong></span> <span class='ocrx_word' id='word_1_840' title='bbox 2778 4387 2858 4444; x_wconf 85' lang='lat' dir='ltr'><strong><em>Ne</em></strong></span> <span class='ocrx_word' id='word_1_841' title='bbox 2885 4389 3043 4458; x_wconf 84' lang='lat' dir='ltr'><strong><em>igitur</em></strong></span> <span class='ocrx_word' id='word_1_842' title='bbox 3065 4388 3168 4442; x_wconf 87' lang='lat' dir='ltr'><strong><em>hoc</em></strong></span> <span class='ocrx_word' id='word_1_843' title='bbox 3188 4385 3415 4453; x_wconf 90' lang='lat' dir='ltr'><strong><em>accidat,</em></strong></span> <span class='ocrx_word' id='word_1_844' title='bbox 3440 4403 3599 4442; x_wconf 88' lang='lat' dir='ltr'><strong><em>accu-</em></strong></span> 
     </span>
    </p>
   </div>
   <div class='ocr_carea' id='block_1_105' title="bbox 2004 4477 3597 4552">
    <p class='ocr_par' dir='ltr' id='par_1_105' title="bbox 2004 4477 3597 4552">
     <span class='ocr_line' id='line_1_105' title="bbox 2004 4477 3597 4552; baseline -0.004 -13"><span class='ocrx_word' id='word_1_845' title='bbox 2004 4494 2121 4539; x_wconf 90' lang='lat' dir='ltr'><strong><em>rate</em></strong></span> <span class='ocrx_word' id='word_1_846' title='bbox 2149 4485 2327 4538; x_wconf 91' lang='lat' dir='ltr'><strong><em>omnia</em></strong></span> <span class='ocrx_word' id='word_1_847' title='bbox 2356 4482 2691 4552; x_wconf 89' lang='lat' dir='ltr'><strong><em>colligamus,</em></strong></span> <span class='ocrx_word' id='word_1_848' title='bbox 2723 4487 2779 4535; x_wconf 90' lang='lat' dir='ltr'><strong><em>et</em></strong></span> <span class='ocrx_word' id='word_1_849' title='bbox 2805 4495 2903 4534; x_wconf 88' lang='lat' dir='ltr'><strong><em>nos</em></strong></span> <span class='ocrx_word' id='word_1_850' title='bbox 2930 4479 3220 4534; x_wconf 89' lang='lat' dir='ltr'><strong><em>multorum</em></strong></span> <span class='ocrx_word' id='word_1_851' title='bbox 3248 4493 3373 4533; x_wconf 90' lang='lat' dir='ltr'><strong><em>reos</em></strong></span> <span class='ocrx_word' id='word_1_852' title='bbox 3399 4477 3597 4547; x_wconf 87' lang='lat' dir='ltr'><strong><em>depre-</em></strong></span> 
     </span>
    </p>
   </div>
   <div class='ocr_carea' id='block_1_106' title="bbox 2004 4570 3600 4642">
    <p class='ocr_par' dir='ltr' id='par_1_106' title="bbox 2004 4570 3600 4642">
     <span class='ocr_line' id='line_1_106' title="bbox 2004 4570 3600 4642; baseline -0.003 -11"><span class='ocrx_word' id='word_1_853' title='bbox 2004 4577 2321 4632; x_wconf 90' lang='lat' dir='ltr'><strong><em>hendemus.</em></strong></span> <span class='ocrx_word' id='word_1_854' title='bbox 2364 4575 2494 4642; x_wconf 92' lang='lat' dir='ltr'><strong><em>Quis</em></strong></span> <span class='ocrx_word' id='word_1_855' title='bbox 2535 4574 2679 4629; x_wconf 92' lang='lat' dir='ltr'><strong><em>enim</em></strong></span> <span class='ocrx_word' id='word_1_856' title='bbox 2723 4573 2790 4627; x_wconf 92' lang='lat' dir='ltr'><strong><em>ab</em></strong></span> <span class='ocrx_word' id='word_1_857' title='bbox 2831 4573 3054 4628; x_wconf 89' lang='lat' dir='ltr'><strong><em>avaritia</em></strong></span> <span class='ocrx_word' id='word_1_858' title='bbox 3102 4571 3332 4626; x_wconf 90' lang='lat' dir='ltr'><strong><em>mundus</em></strong></span> <span class='ocrx_word' id='word_1_859' title='bbox 3367 4570 3493 4624; x_wconf 89' lang='lat' dir='ltr'><strong><em>est?</em></strong></span> <span class='ocrx_word' id='word_1_860' title='bbox 3524 4571 3600 4626; x_wconf 88' lang='lat' dir='ltr'><strong><em>Ne</em></strong></span> 
     </span>
    </p>
   </div>
   <div class='ocr_carea' id='block_1_107' title="bbox 2003 4662 3595 4728">
    <p class='ocr_par' dir='ltr' id='par_1_107' title="bbox 2003 4662 3595 4728">
     <span class='ocr_line' id='line_1_107' title="bbox 2003 4662 3595 4728; baseline -0.004 -7"><span class='ocrx_word' id='word_1_861' title='bbox 2003 4667 2133 4721; x_wconf 91' lang='lat' dir='ltr'><strong><em>mihi</em></strong></span> <span class='ocrx_word' id='word_1_862' title='bbox 2164 4666 2303 4720; x_wconf 89' lang='lat' dir='ltr'><strong><em>enim</em></strong></span> <span class='ocrx_word' id='word_1_863' title='bbox 2329 4666 2548 4728; x_wconf 85' lang='lat' dir='ltr'><strong><em>dixeris,</em></strong></span> <span class='ocrx_word' id='word_1_864' title='bbox 2584 4674 2634 4720; x_wconf 89' lang='lat' dir='ltr'><strong><em>te</em></strong></span> <span class='ocrx_word' id='word_1_865' title='bbox 2665 4662 3010 4718; x_wconf 89' lang='lat' dir='ltr'><strong><em>mediocriter</em></strong></span> <span class='ocrx_word' id='word_1_866' title='bbox 3034 4676 3252 4715; x_wconf 88' lang='lat' dir='ltr'><strong><em>avarum</em></strong></span> <span class='ocrx_word' id='word_1_867' title='bbox 3280 4674 3437 4714; x_wconf 89' lang='lat' dir='ltr'><strong><em>esse:</em></strong></span> <span class='ocrx_word' id='word_1_868' title='bbox 3471 4674 3595 4714; x_wconf 85' lang='lat' dir='ltr'><strong><em>nam</em></strong></span> 
     </span>
    </p>
   </div>
   <div class='ocr_carea' id='block_1_108' title="bbox 2002 4750 3597 4829">
    <p class='ocr_par' dir='ltr' id='par_1_108' title="bbox 2002 4750 3597 4829">
     <span class='ocr_line' id='line_1_108' title="bbox 2002 4750 3597 4829; baseline -0.004 -19"><span class='ocrx_word' id='word_1_869' title='bbox 2002 4772 2099 4828; x_wconf 91' lang='lat' dir='ltr'><strong><em>pro</em></strong></span> <span class='ocrx_word' id='word_1_870' title='bbox 2125 4755 2336 4811; x_wconf 91' lang='lat' dir='ltr'><strong><em>modico</em></strong></span> <span class='ocrx_word' id='word_1_871' title='bbox 2366 4756 2524 4829; x_wconf 83' lang='lat' dir='ltr'><strong><em>etiam</em></strong></span> <span class='ocrx_word' id='word_1_872' title='bbox 2555 4767 2739 4824; x_wconf 68' lang='lat' dir='ltr'><strong><em>pinnas</em></strong></span> <span class='ocrx_word' id='word_1_873' title='bbox 2763 4753 3032 4807; x_wconf 91' lang='lat' dir='ltr'><strong><em>dabimus.</em></strong></span> <span class='ocrx_word' id='word_1_874' title='bbox 3060 4750 3185 4804; x_wconf 79' lang='lat' dir='ltr'><strong><em>H:ec</em></strong></span> <span class='ocrx_word' id='word_1_875' title='bbox 3203 4751 3398 4820; x_wconf 90' lang='lat' dir='ltr'><strong><em>cogita,</em></strong></span> <span class='ocrx_word' id='word_1_876' title='bbox 3422 4758 3478 4805; x_wconf 88' lang='lat' dir='ltr'><strong><em>et</em></strong></span> <span class='ocrx_word' id='word_1_877' title='bbox 3499 4765 3597 4819; x_wconf 88' lang='lat' dir='ltr'><strong><em>age</em></strong></span> 
     </span>
    </p>
   </div>
   <div class='ocr_carea' id='block_1_109' title="bbox 1999 4839 3595 4920">
    <p class='ocr_par' dir='ltr' id='par_1_109' title="bbox 1999 4839 3595 4920">
     <span class='ocr_line' id='line_1_109' title="bbox 1999 4839 3595 4920; baseline -0.007 -15"><span class='ocrx_word' id='word_1_878' title='bbox 1999 4847 2390 4920; x_wconf 60' lang='lat' dir='ltr'><strong><em>paenitentiam.</em></strong></span> <span class='ocrx_word' id='word_1_879' title='bbox 2415 4846 2544 4915; x_wconf 91' lang='lat' dir='ltr'><strong><em>Quis</em></strong></span> <span class='ocrx_word' id='word_1_880' title='bbox 2569 4861 2675 4900; x_wconf 85' lang='lat' dir='ltr'><strong><em>non</em></strong></span> <span class='ocrx_word' id='word_1_881' title='bbox 2697 4859 2820 4898; x_wconf 91' lang='lat' dir='ltr'><strong><em>reus</em></strong></span> <span class='ocrx_word' id='word_1_882' title='bbox 2842 4843 3000 4898; x_wconf 75' lang='lat' dir='ltr'><strong><em>illata:</em></strong></span> <span class='ocrx_word' id='word_1_883' title='bbox 3022 4842 3358 4897; x_wconf 74' lang='lat' dir='ltr'><strong><em>contumelia:</em></strong></span> <span class='ocrx_word' id='word_1_884' title='bbox 3373 4841 3396 4894; x_wconf 90' lang='lat'><strong><em>?</em></strong></span> <span class='ocrx_word' id='word_1_885' title='bbox 3412 4849 3467 4896; x_wconf 88' lang='lat' dir='ltr'><strong><em>et</em></strong></span> <span class='ocrx_word' id='word_1_886' title='bbox 3495 4839 3595 4894; x_wconf 87' lang='lat' dir='ltr'><strong><em>hoc</em></strong></span> 
     </span>
    </p>
   </div>
   <div class='ocr_carea' id='block_1_110' title="bbox 1999 4934 3592 5012">
    <p class='ocr_par' dir='ltr' id='par_1_110' title="bbox 1999 4934 3592 5012">
     <span class='ocr_line' id='line_1_110' title="bbox 1999 4934 3592 5012; baseline -0.004 -16"><span class='ocrx_word' id='word_1_887' title='bbox 1999 4942 2159 4996; x_wconf 89' lang='lat' dir='ltr'><strong><em>etiam</em></strong></span> <span class='ocrx_word' id='word_1_888' title='bbox 2200 4941 2252 4995; x_wconf 91' lang='lat' dir='ltr'><strong><em>in</em></strong></span> <span class='ocrx_word' id='word_1_889' title='bbox 2304 4941 2602 5012; x_wconf 87' lang='lat' dir='ltr'><strong><em>gehennam</em></strong></span> <span class='ocrx_word' id='word_1_890' title='bbox 2652 4936 2892 5006; x_wconf 90' lang='lat' dir='ltr'><strong><em>conjicit.</em></strong></span> <span class='ocrx_word' id='word_1_891' title='bbox 2941 4935 3070 5003; x_wconf 87' lang='lat' dir='ltr'><strong><em>Quis</em></strong></span> <span class='ocrx_word' id='word_1_892' title='bbox 3115 4950 3221 4988; x_wconf 92' lang='lat' dir='ltr'><strong><em>non</em></strong></span> <span class='ocrx_word' id='word_1_893' title='bbox 3277 4935 3486 4990; x_wconf 89' lang='lat' dir='ltr'><strong><em>occulte</em></strong></span> <span class='ocrx_word' id='word_1_894' title='bbox 3524 4934 3592 4989; x_wconf 90' lang='lat' dir='ltr'><strong><em>de</em></strong></span> 
     </span>
    </p>
   </div>
   <div class='ocr_carea' id='block_1_111' title="bbox 2000 5026 3586 5102">
    <p class='ocr_par' dir='ltr' id='par_1_111' title="bbox 2000 5026 3586 5102">
     <span class='ocr_line' id='line_1_111' title="bbox 2000 5026 3586 5102; baseline -0.004 -16"><span class='ocrx_word' id='word_1_895' title='bbox 2000 5033 2242 5102; x_wconf 88' lang='lat' dir='ltr'><strong><em>proximo</em></strong></span> <span class='ocrx_word' id='word_1_896' title='bbox 2271 5031 2410 5086; x_wconf 88' lang='lat' dir='ltr'><strong><em>male</em></strong></span> <span class='ocrx_word' id='word_1_897' title='bbox 2457 5029 2628 5084; x_wconf 84' lang='lat' dir='ltr'><strong><em>dixit?</em></strong></span> <span class='ocrx_word' id='word_1_898' title='bbox 2657 5037 2713 5083; x_wconf 88' lang='lat' dir='ltr'><strong><em>et</em></strong></span> <span class='ocrx_word' id='word_1_899' title='bbox 2760 5028 2864 5082; x_wconf 91' lang='lat' dir='ltr'><strong><em>hoc</em></strong></span> <span class='ocrx_word' id='word_1_900' title='bbox 2893 5027 3053 5082; x_wconf 89' lang='lat' dir='ltr'><strong><em>etiam</em></strong></span> <span class='ocrx_word' id='word_1_901' title='bbox 3084 5040 3114 5078; x_wconf 90' lang='lat' dir='ltr'><strong><em>a</em></strong></span> <span class='ocrx_word' id='word_1_902' title='bbox 3147 5039 3314 5096; x_wconf 90' lang='lat' dir='ltr'><strong><em>regno</em></strong></span> <span class='ocrx_word' id='word_1_903' title='bbox 3355 5026 3517 5096; x_wconf 87' lang='lat' dir='ltr'><strong><em>exigit</em></strong></span> <span class='ocrx_word' id='word_1_904' title='bbox 3548 5027 3586 5080; x_wconf 88' lang='grc'><strong><em>¹.</em></strong></span> 
     </span>
    </p>
   </div>
   <div class='ocr_carea' id='block_1_112' title="bbox 1997 5117 3583 5193">
    <p class='ocr_par' dir='ltr' id='par_1_112' title="bbox 1997 5117 3583 5193">
     <span class='ocr_line' id='line_1_112' title="bbox 1997 5117 3583 5193; baseline -0.004 -16"><span class='ocrx_word' id='word_1_905' title='bbox 1997 5125 2126 5190; x_wconf 84' lang='lat' dir='ltr'><strong><em>Quis</em></strong></span> <span class='ocrx_word' id='word_1_906' title='bbox 2158 5123 2405 5193; x_wconf 89' lang='lat' dir='ltr'><strong><em>superbia</em></strong></span> <span class='ocrx_word' id='word_1_907' title='bbox 2437 5135 2539 5174; x_wconf 91' lang='lat' dir='ltr'><strong><em>non</em></strong></span> <span class='ocrx_word' id='word_1_908' title='bbox 2574 5119 2865 5173; x_wconf 85' lang='lat' dir='ltr'><strong><em>intumuit?</em></strong></span> <span class='ocrx_word' id='word_1_909' title='bbox 2913 5117 3011 5172; x_wconf 84' lang='lat' dir='ltr'><strong><em>Hic</em></strong></span> <span class='ocrx_word' id='word_1_910' title='bbox 3042 5131 3170 5171; x_wconf 87' lang='lat' dir='ltr'><strong><em>vero</em></strong></span> <span class='ocrx_word' id='word_1_911' title='bbox 3212 5117 3450 5172; x_wconf 90' lang='lat' dir='ltr'><strong><em>omnium</em></strong></span> <span class='ocrx_word' id='word_1_912' title='bbox 3489 5117 3583 5171; x_wconf 83' lang='lat' dir='ltr'><strong><em>im-</em></strong></span> 
     </span>
    </p>
   </div>
   <div class='ocr_carea' id='block_1_113' title="bbox 1996 5208 3587 5282">
    <p class='ocr_par' dir='ltr' id='par_1_113' title="bbox 1996 5208 3587 5282">
     <span class='ocr_line' id='line_1_113' title="bbox 1996 5208 3587 5282; baseline -0.007 -10"><span class='ocrx_word' id='word_1_913' title='bbox 1996 5216 2379 5272; x_wconf 89' lang='lat' dir='ltr'><strong><em>mundissimus</em></strong></span> <span class='ocrx_word' id='word_1_914' title='bbox 2407 5222 2509 5270; x_wconf 91' lang='lat' dir='ltr'><strong><em>est.</em></strong></span> <span class='ocrx_word' id='word_1_915' title='bbox 2537 5213 2667 5280; x_wconf 90' lang='lat' dir='ltr'><strong><em>Quis</em></strong></span> <span class='ocrx_word' id='word_1_916' title='bbox 2697 5210 2978 5282; x_wconf 91' lang='lat' dir='ltr'><strong><em>impudicis</em></strong></span> <span class='ocrx_word' id='word_1_917' title='bbox 3005 5210 3176 5266; x_wconf 92' lang='lat' dir='ltr'><strong><em>oculis</em></strong></span> <span class='ocrx_word' id='word_1_918' title='bbox 3207 5225 3311 5264; x_wconf 90' lang='lat' dir='ltr'><strong><em>non</em></strong></span> <span class='ocrx_word' id='word_1_919' title='bbox 3345 5208 3587 5280; x_wconf 88' lang='lat' dir='ltr'><strong><em>aspexit?</em></strong></span> 
     </span>
    </p>
   </div>
   <div class='ocr_carea' id='block_1_114' title="bbox 1994 5301 3582 5381">
    <p class='ocr_par' dir='ltr' id='par_1_114' title="bbox 1994 5301 3582 5381">
     <span class='ocr_line' id='line_1_114' title="bbox 1994 5301 3582 5381; baseline -0.008 -15"><span class='ocrx_word' id='word_1_920' title='bbox 1994 5310 2092 5367; x_wconf 87' lang='lat' dir='ltr'><strong><em>Hic</em></strong></span> <span class='ocrx_word' id='word_1_921' title='bbox 2123 5326 2283 5381; x_wconf 91' lang='lat' dir='ltr'><strong><em>porro</em></strong></span> <span class='ocrx_word' id='word_1_922' title='bbox 2315 5307 2560 5364; x_wconf 87' lang='lat' dir='ltr'><strong><em>moechus</em></strong></span> <span class='ocrx_word' id='word_1_923' title='bbox 2588 5306 2808 5361; x_wconf 89' lang='lat' dir='ltr'><strong><em>omnino</em></strong></span> <span class='ocrx_word' id='word_1_924' title='bbox 2836 5314 2938 5360; x_wconf 90' lang='lat' dir='ltr'><strong><em>est.</em></strong></span> <span class='ocrx_word' id='word_1_925' title='bbox 2971 5303 3101 5372; x_wconf 88' lang='lat' dir='ltr'><strong><em>Quis</em></strong></span> <span class='ocrx_word' id='word_1_926' title='bbox 3137 5318 3242 5357; x_wconf 92' lang='lat' dir='ltr'><strong><em>non</em></strong></span> <span class='ocrx_word' id='word_1_927' title='bbox 3283 5301 3400 5357; x_wconf 90' lang='lat' dir='ltr'><strong><em>sine</em></strong></span> <span class='ocrx_word' id='word_1_928' title='bbox 3423 5315 3582 5357; x_wconf 84' lang='lat' dir='ltr'><strong><em>causa</em></strong></span> 
     </span>
    </p>
   </div>
   <div class='ocr_carea' id='block_1_115' title="bbox 1992 5392 3584 5461">
    <p class='ocr_par' dir='ltr' id='par_1_115' title="bbox 1992 5392 3584 5461">
     <span class='ocr_line' id='line_1_115' title="bbox 1992 5392 3584 5461; baseline -0.008 -1"><span class='ocrx_word' id='word_1_929' title='bbox 1992 5404 2140 5461; x_wconf 86' lang='lat' dir='ltr'><strong><em>fratri</em></strong></span> <span class='ocrx_word' id='word_1_930' title='bbox 2165 5419 2264 5459; x_wconf 90' lang='lat' dir='ltr'><strong><em>suo</em></strong></span> <span class='ocrx_word' id='word_1_931' title='bbox 2292 5403 2455 5457; x_wconf 91' lang='lat' dir='ltr'><strong><em>iratus</em></strong></span> <span class='ocrx_word' id='word_1_932' title='bbox 2481 5410 2565 5456; x_wconf 90' lang='lat' dir='ltr'><strong><em>est</em></strong></span> <span class='ocrx_word' id='word_1_933' title='bbox 2587 5400 2610 5453; x_wconf 90' lang='lat'><strong><em>?</em></strong></span> <span class='ocrx_word' id='word_1_934' title='bbox 2643 5399 2739 5454; x_wconf 85' lang='lat' dir='ltr'><strong><em>llic</em></strong></span> <span class='ocrx_word' id='word_1_935' title='bbox 2765 5413 2896 5454; x_wconf 89' lang='lat' dir='ltr'><strong><em>vero</em></strong></span> <span class='ocrx_word' id='word_1_936' title='bbox 2920 5411 3045 5452; x_wconf 91' lang='lat' dir='ltr'><strong><em>reus</em></strong></span> <span class='ocrx_word' id='word_1_937' title='bbox 3067 5404 3148 5451; x_wconf 90' lang='lat' dir='ltr'><strong><em>est</em></strong></span> <span class='ocrx_word' id='word_1_938' title='bbox 3173 5393 3421 5450; x_wconf 90' lang='lat' dir='ltr'><strong><em>concilio.</em></strong></span> <span class='ocrx_word' id='word_1_939' title='bbox 3451 5392 3584 5460; x_wconf 83' lang='lat' dir='ltr'><strong><em>Quis</em></strong></span> 
     </span>
    </p>
   </div>
   <div class='ocr_carea' id='block_1_116' title="bbox 1993 5485 3582 5564">
    <p class='ocr_par' dir='ltr' id='par_1_116' title="bbox 1993 5485 3582 5564">
     <span class='ocr_line' id='line_1_116' title="bbox 1993 5485 3582 5564; baseline -0.006 -14"><span class='ocrx_word' id='word_1_940' title='bbox 1993 5511 2099 5550; x_wconf 89' lang='lat' dir='ltr'><strong><em>non</em></strong></span> <span class='ocrx_word' id='word_1_941' title='bbox 2123 5494 2360 5564; x_wconf 86' lang='lat' dir='ltr'><strong><em>juravit?</em></strong></span> <span class='ocrx_word' id='word_1_942' title='bbox 2390 5493 2503 5547; x_wconf 82' lang='lat' dir='ltr'><strong><em>Hoc</em></strong></span> <span class='ocrx_word' id='word_1_943' title='bbox 2539 5500 2719 5546; x_wconf 89' lang='lat' dir='ltr'><strong><em>autem</em></strong></span> <span class='ocrx_word' id='word_1_944' title='bbox 2765 5504 2795 5545; x_wconf 90' lang='lat' dir='ltr'><strong><em>a</em></strong></span> <span class='ocrx_word' id='word_1_945' title='bbox 2835 5489 2978 5544; x_wconf 88' lang='lat' dir='ltr'><strong><em>malo</em></strong></span> <span class='ocrx_word' id='word_1_946' title='bbox 3005 5497 3106 5543; x_wconf 90' lang='lat' dir='ltr'><strong><em>est.</em></strong></span> <span class='ocrx_word' id='word_1_947' title='bbox 3130 5486 3260 5553; x_wconf 83' lang='lat' dir='ltr'><strong><em>Quis</em></strong></span> <span class='ocrx_word' id='word_1_948' title='bbox 3290 5502 3395 5541; x_wconf 90' lang='lat' dir='ltr'><strong><em>non</em></strong></span> <span class='ocrx_word' id='word_1_949' title='bbox 3427 5485 3582 5555; x_wconf 87' lang='lat' dir='ltr'><strong><em>peje-</em></strong></span> 
     </span>
    </p>
   </div>
   <div class='ocr_carea' id='block_1_117' title="bbox 1992 5577 3581 5654">
    <p class='ocr_par' dir='ltr' id='par_1_117' title="bbox 1992 5577 3581 5654">
     <span class='ocr_line' id='line_1_117' title="bbox 1992 5577 3581 5654; baseline -0.008 -12"><span class='ocrx_word' id='word_1_950' title='bbox 1992 5586 2171 5642; x_wconf 90' lang='lat' dir='ltr'><strong><em>ravit?</em></strong></span> <span class='ocrx_word' id='word_1_951' title='bbox 2199 5587 2296 5640; x_wconf 90' lang='lat' dir='ltr'><strong><em>llic</em></strong></span> <span class='ocrx_word' id='word_1_952' title='bbox 2325 5599 2484 5654; x_wconf 90' lang='lat' dir='ltr'><strong><em>porro</em></strong></span> <span class='ocrx_word' id='word_1_953' title='bbox 2508 5583 2626 5652; x_wconf 89' lang='lat' dir='ltr'><strong><em>plus</em></strong></span> <span class='ocrx_word' id='word_1_954' title='bbox 2654 5597 2814 5652; x_wconf 91' lang='lat' dir='ltr'><strong><em>quam</em></strong></span> <span class='ocrx_word' id='word_1_955' title='bbox 2840 5596 2870 5636; x_wconf 92' lang='lat' dir='ltr'><strong><em>a</em></strong></span> <span class='ocrx_word' id='word_1_956' title='bbox 2896 5580 3037 5635; x_wconf 89' lang='lat' dir='ltr'><strong><em>malo</em></strong></span> <span class='ocrx_word' id='word_1_957' title='bbox 3057 5587 3158 5634; x_wconf 88' lang='lat' dir='ltr'><strong><em>est.</em></strong></span> <span class='ocrx_word' id='word_1_958' title='bbox 3179 5577 3310 5644; x_wconf 90' lang='lat' dir='ltr'><strong><em>Quis</em></strong></span> <span class='ocrx_word' id='word_1_959' title='bbox 3340 5592 3446 5630; x_wconf 91' lang='lat' dir='ltr'><strong><em>non</em></strong></span> <span class='ocrx_word' id='word_1_960' title='bbox 3475 5591 3581 5631; x_wconf 67' lang='lat' dir='ltr'><strong><em>ser.</em></strong></span> 
     </span>
    </p>
   </div>
   <div class='ocr_carea' id='block_1_118' title="bbox 1993 5667 3580 5734">
    <p class='ocr_par' dir='ltr' id='par_1_118' title="bbox 1993 5667 3580 5734">
     <span class='ocr_line' id='line_1_118' title="bbox 1993 5667 3580 5734; baseline -0.007 -3"><span class='ocrx_word' id='word_1_961' title='bbox 1993 5681 2120 5734; x_wconf 84' lang='lat' dir='ltr'><strong><em>vivit</em></strong></span> <span class='ocrx_word' id='word_1_962' title='bbox 2160 5676 2466 5732; x_wconf 64' lang='lat' dir='ltr'><strong><em>mamonae?</em></strong></span> <span class='ocrx_word' id='word_1_963' title='bbox 2493 5675 2592 5730; x_wconf 88' lang='lat' dir='ltr'><strong><em>Hic</em></strong></span> <span class='ocrx_word' id='word_1_964' title='bbox 2627 5688 2756 5729; x_wconf 92' lang='lat' dir='ltr'><strong><em>vero</em></strong></span> <span class='ocrx_word' id='word_1_965' title='bbox 2790 5687 2818 5726; x_wconf 88' lang='lat' dir='ltr'><strong><em>a</em></strong></span> <span class='ocrx_word' id='word_1_966' title='bbox 2845 5672 3052 5728; x_wconf 87' lang='lat' dir='ltr'><strong><em>sincera</em></strong></span> <span class='ocrx_word' id='word_1_967' title='bbox 3083 5667 3278 5724; x_wconf 86' lang='lat' dir='ltr'><strong><em>Christi</em></strong></span> <span class='ocrx_word' id='word_1_968' title='bbox 3323 5670 3580 5722; x_wconf 83' lang='lat' dir='ltr'><strong><em>servitute</em></strong></span> 
     </span>
    </p>
   </div>
   <div class='ocr_carea' id='block_1_119' title="bbox 1990 5754 3576 5836">
    <p class='ocr_par' dir='ltr' id='par_1_119' title="bbox 1990 5754 3576 5836">
     <span class='ocr_line' id='line_1_119' title="bbox 1990 5754 3576 5836; baseline -0.01 -9"><span class='ocrx_word' id='word_1_969' title='bbox 1990 5770 2206 5827; x_wconf 88' lang='lat' dir='ltr'><strong><em>excidit.</em></strong></span> <span class='ocrx_word' id='word_1_970' title='bbox 2240 5769 2359 5824; x_wconf 87' lang='lat' dir='ltr'><strong><em>Alia</em></strong></span> <span class='ocrx_word' id='word_1_971' title='bbox 2402 5767 2485 5822; x_wconf 88' lang='lat' dir='ltr'><strong><em>bis</em></strong></span> <span class='ocrx_word' id='word_1_972' title='bbox 2530 5767 2732 5836; x_wconf 89' lang='lat' dir='ltr'><strong><em>majora</em></strong></span> <span class='ocrx_word' id='word_1_973' title='bbox 2775 5762 3014 5835; x_wconf 86' lang='lat' dir='ltr'><strong><em>proferre</em></strong></span> <span class='ocrx_word' id='word_1_974' title='bbox 3045 5774 3256 5831; x_wconf 87' lang='lat' dir='ltr'><strong><em>possem</em></strong></span> <span class='ocrx_word' id='word_1_975' title='bbox 3285 5774 3301 5813; x_wconf 87' lang='lat'><strong>:</strong></span> <span class='ocrx_word' id='word_1_976' title='bbox 3335 5755 3428 5812; x_wconf 88' lang='lat' dir='ltr'><strong><em>sed</em></strong></span> <span class='ocrx_word' id='word_1_977' title='bbox 3460 5754 3576 5811; x_wconf 67' lang='lat' dir='ltr'><strong><em>haec</em></strong></span> 
     </span>
    </p>
   </div>
   <div class='ocr_carea' id='block_1_120' title="bbox 2057 5865 3578 5944">
    <p class='ocr_par' dir='ltr' id='par_1_120' title="bbox 2057 5865 3578 5944">
     <span class='ocr_line' id='line_1_120' title="bbox 2057 5865 3578 5944; baseline -0.011 -11"><span class='ocrx_word' id='word_1_978' title='bbox 2057 5885 2073 5916; x_wconf 84' lang='grc'>¹</span> <span class='ocrx_word' id='word_1_979' title='bbox 2109 5889 2290 5944; x_wconf 57' lang='lat' dir='ltr'><strong><em>tuamet</em></strong></span> <span class='ocrx_word' id='word_1_980' title='bbox 2309 5882 2396 5934; x_wconf 83' lang='lat' dir='ltr'><strong><em>hoc</em></strong></span> <span class='ocrx_word' id='word_1_981' title='bbox 2420 5882 2563 5933; x_wconf 81' lang='lat' dir='ltr'><strong><em>etiam</em></strong></span> <span class='ocrx_word' id='word_1_982' title='bbox 2586 5893 2616 5931; x_wconf 91' lang='lat' dir='ltr'><strong><em>a</em></strong></span> <span class='ocrx_word' id='word_1_983' title='bbox 2639 5889 2787 5944; x_wconf 82' lang='lat' dir='ltr'><strong><em>regno</em></strong></span> <span class='ocrx_word' id='word_1_984' title='bbox 2804 5873 2971 5938; x_wconf 81' lang='lat' dir='ltr'><strong><em>exigit,</em></strong></span> <span class='ocrx_word' id='word_1_985' title='bbox 2996 5875 3046 5923; x_wconf 89' lang='lat' dir='ltr'><strong><em>in</em></strong></span> <span class='ocrx_word' id='word_1_986' title='bbox 3067 5873 3223 5923; x_wconf 89' lang='lat' dir='ltr'><strong><em>tribus</em></strong></span> <span class='ocrx_word' id='word_1_987' title='bbox 3242 5877 3347 5919; x_wconf 71' lang='lat' dir='ltr'><strong><em>Mss.</em></strong></span> <span class='ocrx_word' id='word_1_988' title='bbox 3369 5865 3578 5916; x_wconf 75' lang='lat' dir='ltr'><strong><em>desunt.</em></strong></span> 
     </span>
    </p>
   </div>
  </div>
