4118 6436
544 417 647 474 εεςι
1251 417 1310 465 S.
1353 417 1631 465 JUANMS
1667 417 2135 461 urmvsust'um

547 507 684 565 satis
709 513 835 563 sunt
852 544 868 571 ,
895 512 950 561 et
990 509 1210 575 possent
1244 500 1313 555 ad
1333 498 1801 569 compunctionem
1829 496 2094 553 deducere
2116 537 2135 564 ,

546 598 655 656 nisi
676 598 796 669 quis
822 593 1065 665 lapideus
1084 592 1155 648 sit
1177 633 1193 655 ,
1222 597 1279 646 et
1303 588 1449 645 omni
1492 602 1715 659 prorsus
1745 601 1907 643 sensu
1935 597 2138 644 careat.

545 686 607 747 Si
633 689 776 744 enim
801 699 988 742 eorum
1015 684 1221 753 singula
1240 682 1299 736 in
1320 679 1624 753 gehennam
1650 678 1946 749 conjiciunt.
1966 719 1980 741 ,
2011 677 2139 748 quid

552 793 658 834 non
687 779 880 833 facient
903 774 1082 831 omnia
1112 773 1274 829 simul
1297 770 1625 842 conjuncta?
1652 769 1934 837 Quomodo
1960 768 2136 838 igitur,

548 871 779 942 inquies.
808 868 1034 924 salutem
1061 865 1317 936 consequi
1344 862 1672 935 possumus?
1700 861 1756 918 Si
1782 860 2024 932 opposita
2055 859 2140 915 his

550 960 786 1019 remedia
827 959 1180 1016 adhibeamus
1198 997 1218 1024 ,
1258 957 1657 1028 eleemosynam
1683 996 1698 1018 ,
1726 967 1914 1024 preces
1938 993 1954 1019 ,
1982 966 2138 1009 com-

546 1055 893 1126 punctionem
917 1093 932 1117 ,
964 1051 1331 1123 paenitentiam
1355 1089 1371 1113 ,
1398 1047 1756 1103 humilitatem
1776 1086 1791 1109 ,
1820 1058 1914 1100 cor
1932 1042 2140 1099 contri-

546 1156 685 1214 tum,
715 1154 893 1203 rerum
914 1145 1255 1217 praesentium
1277 1148 1662 1210 contemptum.
1682 1137 1977 1195 Sexcentas
1997 1134 2142 1190 enim

544 1242 739 1298 salutis
768 1250 880 1297 vias
902 1241 1046 1295 Deus
1072 1237 1318 1309 aperuit,
1346 1236 1396 1290 sl
1421 1232 1702 1289 attendere
1732 1230 1980 1287 velimus.
2012 1225 2145 1283 Ani-

1251 409 1310 465 S.
1353 405 1631 465 JOANNIS
1667 402 2149 461 CIIRYSOSTOMI
2184 402 2505 460 AﬂCHIEP.
2546 401 3087 459 CONSTANTINOP.

3727 407 3837 463 452

2247 510 2392 552 mum
2423 494 2773 551 adhibeamus
2808 510 2977 567 ergo,
3008 503 3061 551 et
3103 509 3197 566 per
3224 494 3341 553 haec
3365 496 3545 552 omnia
3586 512 3840 555 curemus

2245 589 2487 653 vulnera,
2516 588 2914 659 eleemosynam
2936 598 3238 658 crogantes,
3270 589 3403 645 iram
3432 590 3482 645 in
3498 606 3599 647 eos
3625 595 3715 663 qui
3744 608 3843 651 nos

2244 679 2503 736 laeserunt
2527 681 2900 751 reprimentes,
2933 694 3029 749 pro
3048 681 3298 737 omnibus
3322 682 3434 738 Deo
3456 683 3656 754 gratias
3680 700 3843 756 agen-

2247 780 2360 835 tes,
2394 786 2494 841 pro
2522 770 2725 826 viribus
2748 770 3073 840 jejunanles,
3102 772 3313 829 sincero
3340 774 3505 829 corde
3535 785 3839 844 precantes,

2237 862 2447 919 amicos
2486 862 2640 917 nobis
2691 861 2946 918 facientes
2971 879 3037 918 ex
3082 879 3333 921 mamona
3385 866 3698 938 iniquitatis.
3751 867 3842 924 Sic

2247 954 2390 1009 enim
2425 954 2717 1023 poterimus
2744 964 2799 1010 et
2824 954 3033 1010 veniam
3078 964 3421 1024 peccatorum
3448 999 3463 1023 ,
3495 967 3549 1015 et
3579 960 3843 1028 promissa

2246 1044 2503 1115 consequi
2532 1044 2670 1099 bona
2697 1061 2711 1100 :
2744 1046 2894 1116 queis
2923 1045 3125 1101 utinam
3158 1062 3256 1103 nos
3284 1063 3475 1104 omnes
3517 1049 3840 1121 dignemur,

2246 1136 2416 1206 gratia
2445 1145 2499 1191 et
2524 1136 2852 1206 benignitate
2892 1138 3103 1194 Domini
3134 1142 3304 1196 nostri
3328 1141 3456 1198 Jesu
3487 1142 3722 1210 Christi,
3751 1145 3841 1201 cui

2247 1228 2417 1299 gloria
2446 1237 2500 1284 et
2527 1228 2811 1301 imperium
2861 1230 2915 1287 in
2945 1231 3139 1287 stecula
3169 1234 3512 1290 surculorum.
3539 1235 3729 1291 Amen.
3790 1290 3797 1299 ,

560 1362 3839 1395 Μ

1714 1438 2066 1503 HOMILIA
2108 1437 2309 1499 XLII.
2356 1439 2443 1502 ai.
2492 1441 2720 1505 XLIII.

541 1596 676 1653 Car.
706 1595 794 1652 η.
834 1610 887 1650 v.
917 1594 1009 1650 53.
1041 1592 1143 1647 Aut
1169 1591 1321 1663 facile
1347 1588 1576 1644 arborem
1600 1586 1823 1649 bonum,
1851 1592 1897 1637 et
1921 1586 2144 1653 fructum

616 1690 726 1758 ejus
752 1688 976 1751 bonum;
1015 1693 1103 1739 aut
1133 1683 1284 1754 facite
1323 1680 1554 1736 arborem
1583 1676 1773 1731 ntalem
1795 1717 1810 1738 ,
1842 1685 1886 1729 et
1918 1677 2143 1746 [ructant

616 1782 728 1852 ejus
755 1779 947 1834 malum
963 1793 982 1832 :
1007 1792 1070 1832 ea:
1097 1779 1267 1848 fructu
1288 1775 1422 1828 enim
1451 1773 1601 1826 arbor
1625 1768 1961 1840 cognoscitur.

620 1873 673 1928 l.
701 1870 907 1926 Rursus
936 1869 1056 1923 illos
1082 1865 1285 1937 pudore
1313 1864 1479 1918 afficit
1501 1904 1516 1925 ,
1550 1875 1649 1917 nec
1676 1868 1801 1916 sunt
1843 1859 1918 1913 illi
1965 1857 2140 1928 priora

486 1986 489 1989 ·
544 1969 859 2032 argumenta
891 1958 1043 2013 satis.
1074 1956 1186 2011 lloc
1206 1965 1383 2010 autem
1412 1953 1538 2008 facit
1560 1994 1576 2018 ,
1608 1967 1711 2005 non
1754 1960 1812 2004 ut
1843 1964 1901 2005 se
1928 1964 1959 2003 a
1988 1947 2142 2017 culpa

550 2052 803 2110 defendat
829 2051 983 2122 (satis
1004 2051 1148 2105 enim
1180 2057 1361 2104 essent
1388 2062 1505 2116 qua:
1527 2045 1637 2114 jam
1680 2042 1822 2097 dicta
1850 2038 2018 2113 sunt),
2047 2039 2143 2096 sed

550 2154 610 2199 ut
630 2145 750 2200 illos
774 2143 840 2198 ad
872 2142 1301 2199 emendationem
1328 2138 1575 2194 deducat.
1603 2135 1756 2203 Quod
1789 2142 1964 2189 autem
1992 2131 2141 2196 dicit,

548 2236 654 2291 hoc
687 2234 948 2305 signiﬁcat
978 2250 992 2288 :
1024 2232 1194 2287 Nemo
1229 2240 1468 2286 vestrum
1500 2235 1716 2284 curatos
1759 2224 2141 2295 reprehendit,

544 2327 702 2400 quasi
729 2343 863 2406 vere~
879 2326 1049 2382 curati
1076 2341 1184 2379 non
1213 2333 1413 2386 essent,
1441 2337 1613 2392 neque
1633 2321 1787 2383 dixit,
1813 2319 2005 2374 malam
2030 2332 2143 2372 rem

549 2437 671 2478 esse
707 2437 739 2477 a
778 2421 1025 2476 daemone
1076 2417 1326 2473 liberare.
1387 2413 1610 2469 Etiamsi
1656 2414 1805 2468 enim
1859 2408 2143 2464 admodum

546 2512 888 2584 impudentes
916 2519 1141 2574 essent,
1176 2509 1279 2563 hoc
1321 2505 1503 2562 dicere
1545 2519 1651 2560 non
1698 2510 1965 2573 poterant.
2010 2498 2144 2567 Quia

550 2620 681 2676 ergo
701 2618 864 2674 opera
891 2604 1003 2673 ipsa
1028 2601 1305 2656 traducere
1334 2614 1440 2654 non
1470 2597 1739 2661 valebant,
1769 2594 1861 2650 sed
1891 2594 2005 2649 hzcc
2025 2607 2146 2663 ope-

547 2706 766 2754 rantem
815 2695 1277 2753 caluminiatbantur
1306 2693 1323 2725 ¹
1348 2735 1364 2761 ,
1392 2692 1726 2748 demonstrat
1750 2688 2142 2745 accusationem

547 2798 608 2844 et
627 2804 747 2845 cum
777 2786 1051 2843 communi
1082 2784 1592 2852 ratiocinio,etcum
1616 2797 1799 2837 rerum
1820 2794 2147 2849 consequen-

554 2883 626 2940 tia
647 2880 1059 2955 pugnare.Quod
1083 2880 1312 2953 ingentis
1335 2877 1679 2951 impudentia:
1701 2886 1803 2944 est,
1827 2889 2019 2947 nempe
2037 2887 2141 2929 non

546 2975 715 3031 δηθάο
742 2976 971 3046 maligne
998 2990 1174 3044 agere,
1210 2972 1306 3030 sed
1325 2972 1594 3029 ctiamilla
1616 2970 1951 3026 comminisci
1980 3009 1996 3036 ,
2025 2985 2145 3039 qum

556 3074 743 3122 contra
765 3080 1103 3120 communem
1122 3065 1361 3118 omnium
1389 3071 1621 3119 mentem
1643 3068 1894 3131 pugnant.
1926 3060 2003 3115 Ac
2024 3059 2146 3115 vide

546 3172 713 3227 quam
726 3167 879 3212 extra
900 3155 1298 3211 contentionem
1316 3154 1385 3210 sit
1402 3153 1453 3209 id
1466 3152 1606 3225 quod
1623 3154 1841 3225 profert.
1858 3151 1974 3209 Non
2001 3152 2145 3209 enim

546 3249 686 3305 dicit
710 3264 724 3303 :
757 3246 939 3303 Facite
965 3248 1216 3302 arborem
1246 3247 1441 3301 bonam
1467 3287 1483 3313 ,
1512 3246 1760 3316 quoniam
1794 3244 1998 3300 fructus
2020 3245 2147 3315 ejus

547 3343 726 3397 bonus
751 3348 872 3407 est;
920 3338 1013 3396 sed
1040 3342 1255 3410 egregie
1281 3338 1401 3394 illos
1420 3352 1682 3394 coemens
1701 3378 1718 3405 ,
1748 3346 1803 3394 et
1832 3346 2145 3393 mansuetu-

551 3436 738 3490 dinem
768 3448 921 3489 suam
947 3442 1000 3489 et
1022 3433 1405 3504 impudentiam
1427 3447 1617 3488 eorum
1640 3432 2016 3487 demonstrans
2036 3432 2145 3492 ait:

550 3530 610 3586 Si
646 3545 810 3601 opera
841 3529 1002 3584 vultis
1028 3528 1425 3599 reprehendere
1448 3569 1464 3594 ,
1499 3543 1605 3582 non
1638 3525 1938 3598 prohibeo:
1971 3527 2147 3582 solum

552 3638 627 3677 ne
653 3621 721 3676 de
750 3623 816 3677 iis
845 3638 961 3689 qua:
991 3635 1093 3676 nec
1130 3621 1428 3676 consistere
1448 3663 1463 3685 ,
1493 3635 1593 3677 nec
1621 3627 2017 3691 consequenter
2041 3618 2149 3676 dici

551 3721 782 3786 possunt
804 3753 819 3777 ,
852 3728 940 3767 me
970 3712 1255 3767 aecusetis.
1289 3711 1377 3767 Sic
1419 3712 1564 3767 enim
1584 3712 1786 3766 clarius
1817 3709 2149 3786 deprehendi

548 3812 806 3876 poterant
828 3812 1012 3859 contra
1035 3817 1124 3857 res
1140 3802 1599 3858 manifestissimas
1621 3801 1958 3873 impudenter
1980 3801 2145 3872 loqui.

561 3901 743 3970 Itaque
773 3897 971 3953 frustra
1003 3894 1386 3966 malignamiui,
1415 3895 1605 3965 inquit,
1635 3909 1734 3949 nec
1763 3893 2149 3964 consequentia

547 3990 855 4062 loquimini.
882 3988 1014 4045 Nam
1048 3987 1301 4043 arborum
1332 3984 1629 4042 differentia
1658 4000 1722 4042 ex
1754 3985 1928 4040 fructu
1961 3983 2152 4056 digno-

549 4084 741 4150 scitur,
782 4096 888 4137 non
918 4090 1097 4137 autem
1125 4079 1330 4136 fruetus
1355 4079 1422 4134 ab
1446 4080 1641 4135 arbore
1671 4096 1683 4132 :
1717 4093 1814 4134 vos
1842 4093 1973 4135 vero
2000 4093 2150 4134 con-

556 4174 781 4229 trarium
805 4172 999 4228 facitis.
1030 4172 1252 4227 Etiamsi
1280 4173 1422 4227 enim
1449 4171 1611 4227 arbor
1641 4169 1843 4225 fructus
1863 4171 1933 4225 sit
1960 4185 2144 4237 causa,

549 4274 792 4322 attamen
822 4264 1028 4320 fructus
1045 4264 1262 4320 arboris
1305 4263 1540 4333 speciem
1578 4261 1836 4318 declarat.
1859 4263 1929 4317 At
1953 4277 2147 4319 conse-

556 4372 726 4428 quens
753 4367 887 4425 erat,
921 4366 978 4412 ut
1005 4359 1118 4428 ipsa
1164 4371 1332 4425 opera
1362 4363 1417 4410 et
1459 4371 1558 4411 nos
1597 4355 1757 4410 simul
1783 4354 2148 4424 reprehende-

551 4452 688 4507 retis
710 4492 729 4519 ,
754 4450 837 4505 vel
870 4451 914 4505 si
937 4465 1100 4521 opera
1129 4449 1436 4514 laudaretis,
1470 4462 1567 4504 nos
1589 4457 1872 4517 operantes
1902 4463 1968 4504 ne
1994 4447 2148 4504 incu-

548 4544 768 4600 saretis.
783 4541 934 4598 Nune
954 4557 1083 4597 vero
1096 4540 1428 4597 conitrarium
1449 4539 1618 4595 facitis
1639 4556 1652 4592 :
1674 4554 1796 4595 nam
1819 4556 1940 4596 cum
1956 4555 2144 4611 opera,

548 4653 677 4706 mite
707 4645 833 4691 sunt
857 4634 1094 4698 fructus,
1127 4632 1440 4690 calumniari
1472 4632 1747 4702 nequeatis
1771 4674 1785 4698 ,
1816 4632 2147 4687 contrarium

547 4738 741 4787 contra
757 4729 1007 4785 arborem
1034 4726 1184 4783 fertis
1205 4725 1489 4793 calculum,
1507 4724 1634 4781 dum
1651 4741 1739 4782 me
1757 4725 2145 4781 ammoniacum

550 4823 782 4890 vocatis,
812 4822 954 4893 quod
975 4831 1231 4877 extremae
1258 4829 1343 4876 est
1362 4820 1669 4876 dementire.
1692 4819 1823 4875 Nam
1841 4818 1981 4891 quod
2001 4820 2148 4890 prius

548 4916 768 4973 tﬁcebat
786 4957 802 4984 ,
832 4916 933 4971 hoe
959 4916 1120 4971 etiam
1147 4929 1291 4971 nunc
1315 4914 1509 4971 asserit
1533 4953 1550 4980 ,
1580 4927 1688 4969 non
1717 4928 1873 4984 posse
1897 4913 2147 4970 arborem

550 5010 752 5066 bonam
796 5008 999 5066 fructus
1035 5010 1204 5064 malos
1243 5007 1419 5064 facere
1444 5047 1461 5073 ,
1507 5023 1685 5079 neque
1732 5007 1927 5063 malam
1977 5007 2148 5064 honos

548 5104 774 5177 (Matth.
805 5104 862 5158 7.
893 5104 1004 5174 18).
1034 5104 1215 5172 Itaque
1242 5102 1611 5158 accusationes
1651 5117 1836 5159 eorum
1866 5101 2036 5171 palam
2065 5111 2149 5157 est

551 5197 691 5252 nihil
720 5209 1076 5265 consequens,
1112 5195 1246 5250 nihil
1273 5194 1565 5250 secundum
1582 5202 1834 5249 naturam
1863 5209 2042 5250 rerum
2060 5193 2149 5248 ha-

550 5288 704 5344 bere.
733 5286 935 5342 Deinde
974 5286 1096 5355 quia
1120 5302 1228 5340 non
1263 5301 1358 5356 pro
1385 5302 1447 5348 se
1468 5327 1482 5350 ,
1512 5286 1604 5341 sed
1636 5301 1731 5354 pro
1751 5284 1952 5355 Spiritu
1985 5284 2145 5341 verba

548 5380 683 5436 facit
707 5421 720 5446 ,
754 5378 951 5435 acriter
975 5377 1245 5433 invehitur
1271 5378 1491 5434 dicens:
1520 5379 1612 5435 34.
1638 5377 1917 5449 Progenies
1941 5378 2145 5447 vipera-

550 5489 691 5538 rum,
719 5471 970 5541 quonwdo
1003 5471 1206 5541 potestis
1232 5472 1361 5525 bona
1383 5470 1539 5542 loqui,
1560 5487 1682 5525 cum
1712 5471 1821 5525 sitis
1847 5470 1970 5524 ntali
1991 5470 2014 5523 ?
2036 5470 2147 5527 Hoc

554 5577 688 5620 vero
713 5564 873 5618 simul
899 5572 955 5618 et
972 5562 1281 5618 accusantis
1303 5573 1404 5627 est,
1438 5572 1492 5619 et
1517 5563 1781 5618 dictorum
1808 5562 2147 5618 demonstra-

555 5660 757 5713 tionem
786 5657 911 5712 inde
941 5656 1247 5728 praebentis.
1290 5656 1429 5712 Ecce
1474 5671 1704 5726 namque
1751 5671 1886 5723 vos,
1931 5656 2144 5726 inquit,

556 5764 678 5804 cum
706 5749 821 5804 sitis
847 5749 1072 5804 arbores
1100 5748 1253 5805 make
1271 5787 1289 5815 ,
1320 5763 1428 5803 non
1451 5749 1698 5818 ,potestis
1737 5747 1877 5805 ferre
1914 5746 2143 5806 fructum

621 5885 638 5915 ³
675 5887 819 5937 Unus,
851 5881 1090 5933 diabolmu
1113 5896 1215 5934 esse
1232 5881 1469 5934 dicebant.

2247 1578 2467 1634 bonum.
2502 1581 2617 1637 Non
2650 1583 2817 1639 miror
2837 1601 2992 1657 ergo,
3019 1590 3159 1660 quod
3189 1591 3309 1646 talia
3338 1592 3626 1663 loquamini
3652 1611 3668 1660 ;
3698 1596 3842 1651 male

2246 1671 2443 1743 quippe
2472 1674 2681 1731 educati
2701 1677 2853 1745 estis,
2873 1694 2902 1732 a
2925 1680 3079 1735 malis
3102 1683 3534 1754 progenitoribus
3550 1686 3671 1751 orti,
3694 1703 3842 1741 men-

2248 1771 2464 1836 temque
2491 1766 2687 1823 malam
2715 1766 2942 1825 habetis.
2973 1771 3040 1826 Et
3063 1772 3183 1828 vide
3212 1790 3369 1843 quam
3396 1788 3642 1833 accurate
3665 1818 3681 1841 ,
3709 1779 3841 1833 nul.

2248 1852 2352 1910 iam
2399 1857 2644 1927 praebens
2671 1858 2775 1915 illis
2801 1876 2987 1916 ansam
3018 1903 3034 1930 ,
3081 1865 3448 1921 accusationes
3488 1866 3836 1938 disposuerit.

2246 1947 2363 2003 Non
2400 1950 2542 2004 enim
2572 1951 2705 2006 dixit
2738 1970 2753 2007 :
2784 1953 3062 2022 Quomodo
3091 1957 3314 2025 potestis
3339 1958 3476 2013 bona
3509 1960 3686 2030 loqui,
3709 1976 3839 2017 cum

2247 2041 2367 2096 sitis
2406 2042 2673 2113 genimina
2703 2044 3050 2116 viperarum?
3084 2046 3187 2104 hoc
3230 2050 3371 2105 enim
3403 2052 3532 2106 nihil
3560 2052 3625 2107 ad
3669 2054 3837 2117 illud;

2248 2132 2363 2199 sed,
2397 2133 2663 2200 Quomodo
2691 2139 2896 2207 potestis
2924 2140 3054 2196 bona
3080 2141 3238 2213 loqui,
3267 2146 3392 2198 mali
3414 2162 3528 2199 cum
3555 2148 3663 2201 sitis
3682 2147 3708 2201 ?
3732 2148 3842 2204 Gc-

2248 2226 2447 2282 nimina
2478 2237 2656 2285 autem
2687 2231 2992 2302 viperarum
3035 2234 3182 2306 ipsos
3205 2238 3437 2303 vocavit,
3466 2239 3587 2310 quia
3612 2239 3682 2295 de
3705 2256 3839 2311 pro-

2247 2320 2580 2392 genitoribus
2605 2323 2992 2395 gloriabantur.
3042 2327 3344 2385 Ostendens
3371 2330 3532 2402 igitur
3569 2331 3701 2387 nihil
3733 2334 3839 2389 sibi

2250 2412 2374 2469 inde
2404 2413 2610 2470 lucrum
2651 2419 2931 2487 provenire
2951 2460 2971 2488 ,
3000 2435 3067 2475 ex
3098 2421 3327 2477 Abrahae
3368 2425 3683 2493 cognatione
3714 2424 3840 2480 illos

2244 2506 2439 2577 ejecit;
2463 2510 2829 2580 progenitores
2847 2521 3027 2569 autem
3052 2512 3292 2583 ejusdem
3324 2514 3515 2569 indolis
3544 2516 3633 2571 dat
3654 2516 3779 2582 illis,
3806 2533 3837 2572 a

2248 2599 2526 2657 nobilitate
2557 2603 2775 2673 pristina
2819 2605 3049 2661 nudatis.
3082 2605 3222 2661 Nam
3247 2624 3311 2662 ea:
3335 2608 3646 2662 abundantia
3670 2611 3840 2666 cordis

2248 2706 2304 2746 οε
2357 2692 2594 2762 loquitur.
2646 2694 2744 2750 llic
2788 2711 3000 2768 quoque
3046 2713 3253 2753 rursum
3305 2699 3636 2755 divinitatem
3681 2717 3839 2757 suam

2247 2794 2633 2839 commonstrat
2658 2828 2672 2849 ,
2699 2802 2815 2856 quae
2838 2798 3041 2843 secreta
3069 2801 3390 2859 cognoscat;
3428 2792 3663 2863 sciatque
3693 2793 3842 2862 ipsos

2250 2890 2358 2932 non
2385 2877 2666 2935 verborum
2697 2888 2924 2947 tantum,
2954 2882 3047 2939 sed
3074 2883 3233 2939 etiam
3266 2883 3524 2941 malarum
3554 2886 3843 2957 cogitatio-

2251 2986 2379 3025 num
2423 2971 2688 3027 rationem
2736 2973 3036 3029 reddituros
3056 2991 3211 3039 esse;
3245 2976 3517 3048 Deumque
3558 2979 3704 3046 ipsas
3748 2995 3843 3035 co-

2248 3076 2529 3132 gnoscere.
2552 3062 2689 3117 Dicit
2710 3079 2857 3128 vero,
2882 3079 3037 3134 posse
3056 3066 3215 3121 etiam
3237 3067 3477 3123 homines
3499 3067 3615 3124 haec
3642 3084 3839 3135 nosse;

2250 3154 2374 3224 quia
2404 3153 2522 3209 haec
2547 3165 2756 3210 natura:
2784 3159 3166 3229 consequentia
3192 3169 3294 3224 est,
3322 3161 3450 3217 utsi
3487 3161 3626 3216 intus
3652 3163 3845 3233 nequi-

2248 3245 2324 3300 tia
2367 3246 2803 3316 superabundet,
2844 3263 2944 3320 per
2984 3251 3095 3303 oris
3132 3251 3292 3306 verba
3342 3250 3470 3309 foris
3516 3253 3841 3311 cl'f‘undatnr.

2253 3335 2438 3408 itaque
2466 3352 2587 3393 cum
2628 3340 2863 3395 audieris
2890 3341 3162 3397 hominem
3207 3343 3345 3398 mala
3373 3345 3703 3415 loquentem,
3732 3363 3846 3405 non

2252 3429 2514 3500 mqualem
2543 3431 2714 3485 solum
2757 3433 2807 3488 ei
2853 3435 3143 3503 nequitiam
3180 3436 3235 3491 in
3274 3437 3390 3505 ipso
3440 3438 3617 3494 inesse
3645 3451 3841 3509 putes.

2247 3532 2410 3592 quam
2426 3522 2588 3578 verba
2603 3523 2883 3589 exhibent;
2902 3524 2995 3581 sed
3012 3527 3168 3597 longe
3189 3527 3442 3598 majorem
3465 3544 3585 3585 esse
3600 3532 3809 3600 eonjlce
3824 3550 3845 3591 ;

2250 3612 2392 3683 quod
2423 3613 2568 3669 enim
2593 3624 2746 3670 extra
2779 3614 3065 3686 profertur,
3095 3618 3241 3674 intus
3270 3618 3623 3688 superemnit.
3654 3622 3846 3678 \‘idcn’

2254 3713 2412 3775 quam
2438 3705 2635 3761 acriter
2663 3705 2782 3761 illos
2810 3706 3086 3779 tetigerit?
3110 3707 3241 3763 Nam
3271 3710 3316 3763 si
3344 3710 3484 3765 dicta
3517 3727 3703 3768 eorum
3734 3721 3842 3767 tam

2255 3813 2418 3871 prava
2463 3810 2622 3868 sunt,
2653 3809 2709 3857 et
2746 3801 3038 3857 secundum
3083 3801 3282 3858 diaboli
3323 3814 3580 3867 mentem,
3606 3806 3760 3860 radix
3788 3815 3845 3861 et

2257 3891 2394 3958 feus,
2412 3907 2531 3964 qua:
2553 3892 2662 3948 sint
2684 3894 2878 3965 cogita.
2900 3893 3012 3950 Hoc
3036 3907 3215 3950 autem
3237 3896 3315 3951 sic
3334 3897 3646 3969 contingere
3666 3899 3838 3961 solet;

2255 3983 2431 4056 lingua
2452 3999 2596 4055 sape
2624 3983 2825 4056 pudore
2848 3984 3085 4055 detenta,
3121 4001 3224 4043 non
3257 3995 3454 4042 tantam
3485 3988 3642 4043 simul
3666 3990 3847 4060 nequi-

2252 4076 2382 4132 tiam
2417 4074 2680 4133 eﬂ‘undit:
2722 4092 2817 4134 cor
2860 4087 3036 4133 autem
3062 4122 3077 4145 ,
3123 4081 3205 4134 cui
3250 4080 3429 4135 nullus
3480 4081 3642 4136 homo
3695 4084 3846 4138 testis

2252 4171 2445 4239 adest,
2493 4171 2611 4227 sine
2658 4180 2803 4226 metu
2873 4187 3221 4243 quaecumque
3268 4172 3397 4228 velit
3439 4174 3578 4227 mala
3631 4174 3845 4245 gignit;

2255 4263 2426 4320 Deum
2454 4265 2651 4335 quippe
2685 4263 2815 4318 nihil
2854 4273 3033 4324 curat.
3061 4263 3321 4331 Quoniam
3361 4281 3490 4337 ergo
3519 4283 3580 4321 ea
3611 4283 3731 4338 qum
3758 4266 3842 4322 di-

2246 4365 2467 4422 cuntur,
2494 4356 2546 4411 in
2571 4371 2795 4412 examen
2822 4356 3041 4411 veniunt
3067 4365 3121 4410 et
3147 4356 3395 4412 omnibus
3425 4367 3550 4413 sunt
3577 4359 3841 4429 exposita,

2255 4463 2350 4503 eor
2379 4458 2557 4506 autem
2585 4450 2714 4505 latet
2752 4458 2807 4505 et
2831 4450 2980 4520 quasi
3009 4448 3194 4503 umbra
3228 4448 3541 4504 obvolutum
3571 4459 3654 4505 est
3676 4492 3692 4516 ,
3724 4450 3847 4506 ideo

2256 4540 2464 4595 minora
2505 4548 2633 4596 sunt
2674 4556 2793 4612 qua:
2837 4556 2904 4597 ex
2947 4541 3123 4611 lingua
3164 4540 3613 4612 proficiscuntur,
3644 4556 3764 4612 qua:
3792 4543 3846 4598 in

2255 4632 2420 4689 corde
2447 4632 2613 4689 latent
2656 4633 2881 4703 majora.
2912 4631 3043 4688 Cum
3091 4643 3270 4688 autem
3306 4635 3493 4704 ingens
3518 4635 3673 4704 copia
3703 4635 3849 4690 intus

2248 4735 2338 4783 est
2361 4769 2376 4792 ,
2407 4738 2517 4780 tum
2546 4741 2739 4797 magno
2769 4729 2969 4798 impetu
3013 4726 3280 4799 prodeunt
3321 4728 3408 4783 illa
3440 4743 3559 4798 qua":
3588 4729 3848 4785 hactenus

2253 4820 2463 4875 occulta
2487 4827 2657 4875 erant.
2688 4820 2767 4875 Ac
2790 4820 2927 4875 sicut
2953 4819 2987 4874 ii
3013 4819 3104 4890 qui
3131 4829 3386 4885 vomunt,
3419 4820 3570 4876 initio
3600 4818 3848 4876 videntur

2254 4913 2564 4970 exsilientes
2603 4911 2858 4968 humores
2893 4912 2945 4967 vi
2996 4912 3229 4968 retinere
3275 4911 3456 4979 velle;
3499 4927 3621 4967 cum
3667 4919 3847 4967 autem

2254 5007 2336 5062 vis
2358 5006 2446 5061 illa
2476 5005 2674 5069 deficit,
2695 5014 2821 5061 tunc
2846 5003 2989 5062 [cede
3013 5004 3299 5061 admodum
3326 5004 3624 5076 prodeunt:
3657 5004 3734 5060 sic
3757 5006 3846 5076 qui

2251 5098 2434 5170 pravis
2450 5097 2695 5154 consiliis
2724 5097 2865 5167 pleni
2893 5106 3058 5165 sunt,
3090 5097 3390 5169 proximum
3416 5097 3712 5154 maledictis
3742 5098 3848 5152 im-

2256 5201 2464 5264 petunt.
2498 5191 2585 5248 55.
2615 5189 2791 5245 Bonus
2817 5191 2992 5257 homo,
3023 5192 3212 5262 inquit,
3239 5207 3302 5246 ex
3317 5189 3448 5245 bona
3478 5192 3714 5245 thesauro
3732 5206 3847 5245 cor-

2256 5286 2337 5341 dis
2360 5285 2440 5340 sui
2466 5285 2663 5357 profert
2693 5285 2823 5339 bona
2841 5300 2860 5338 :
2888 5292 2937 5338 et
2976 5283 3142 5339 malus
3179 5284 3330 5339 homo
3361 5300 3427 5339 ea:
3446 5284 3580 5339 malo
3608 5284 3849 5339 thesauro

2257 5378 2428 5434 cordis
2455 5378 2536 5432 sui
2561 5377 2755 5448 profert
2781 5378 2936 5431 mala.

2324 5494 2383 5551 2.
2412 5493 2491 5550 Ne
2518 5504 2692 5564 putes,
2720 5493 2910 5564 inquit,
2947 5492 3001 5547 id
3030 5491 3082 5547 in
3116 5490 3267 5546 malis
3295 5499 3498 5546 tantum
3521 5489 3772 5554 evenire;
3795 5488 3848 5545 in

2255 5588 2412 5644 bonis
2451 5588 2650 5658 quippe
2693 5585 2922 5657 idipsum
2973 5584 3204 5641 accidit:
3255 5584 3456 5639 etenim
3485 5581 3658 5652 major
3695 5570 3846 5636 intus

2255 5682 2426 5737 virtus
2450 5688 2553 5745 est,
2581 5695 2740 5750 quam
2767 5678 2927 5734 verba
2950 5676 3254 5734 exhibeant.
3274 5674 3429 5732 Unde
3449 5674 3708 5745 arguitur,
3729 5674 3849 5730 illas

2255 5774 2465 5848 pejores
2475 5772 2637 5832 etiam
2647 5773 2992 5841 fuisse,quam
3003 5769 3162 5827 verba
3175 5774 3554 5826 monstrarent.
3570 5764 3853 5838 ipsumque

2247 5869 2554 5938 mliorem,
2576 5883 2733 5942 quam
2750 5882 2815 5925 ex
2841 5864 2996 5922 dictis
3021 5864 3137 5937 ejus
3161 5869 3493 5939 argueretur.
3514 5858 3851 5917 Theseum
