4118 6480
435 429 446 451 ι
462 428 524 445 νο

422 446 529 484 ιόῦι)

423 555 599 601 autem
641 550 938 606 memorat,
972 554 1215 610 magnam
1265 539 1474 607 copiam
1522 538 1781 592 indicans.
1812 537 2013 592 Deinde

423 651 607 697 rursus
637 648 885 704 magnum
916 632 1116 688 excitat
1145 630 1414 684 timorem.
1445 628 1524 684 Ne
1556 630 1770 698 putetis,
1807 630 2009 698 inquit,

423 744 529 783 non
557 727 696 782 ultra
727 724 964 795 procedi,
996 724 1154 793 inque
1183 720 1305 776 facti
1337 719 1786 776 condemnatione
1815 720 2011 774 sisten-

418 821 546 876 dum
594 834 714 875 esse
758 818 1067 888 negotium:
1118 831 1240 870 nam
1287 823 1557 870 extremas
1592 814 1794 871 dabunt
1826 828 2012 884 poenas

419 920 681 982 quotquot
728 911 849 964 talia
897 908 1279 979 perpetrarint.
1307 906 1492 976 Neque
1518 905 1688 985 dixit,
1720 905 1828 960 Vos
1854 923 1868 969 ;
1901 916 2009 959 tum

421 1015 477 1059 ut
505 1019 691 1059 omnes
718 1002 975 1070 erudiret,
997 1010 1105 1056 tum
1129 1017 1198 1056 ne
1222 1002 1503 1055 onerosior
1526 1014 1704 1055 sermo
1725 1010 1888 1055 esset.
1919 998 2006 1055 56.

420 1096 549 1151 Dico
575 1105 743 1151 autent
762 1097 919 1161 vobis,
938 1095 1177 1166 quoniam
1196 1109 1341 1148 omne
1365 1093 1571 1147 verbum
1596 1092 1831 1156 otiosum,
1858 1092 2014 1163 quod-

418 1206 632 1261 cumque
682 1189 948 1257 loquentur
975 1187 1235 1254 homines,
1263 1186 1451 1241 dabunt
1473 1185 1536 1241 de
1569 1187 1659 1242 illo
1687 1187 1933 1241 rationem
1959 1186 2011 1241 in

418 1281 502 1335 die
526 1280 734 1351 judicii.
774 1280 1014 1335 Otiosum
1055 1290 1253 1347 autem,
1278 1279 1421 1349 quod
1448 1280 1523 1333 rei
1564 1294 1670 1333 non
1715 1279 1964 1333 convenit
1990 1320 2004 1339 .

419 1372 673 1439 mendax,
702 1372 1104 1442 syc0phantiam
1128 1372 1448 1436 continens;
1478 1371 1585 1426 imo
1616 1372 1794 1436 inane,
1822 1371 2009 1441 utqui-

417 1465 541 1521 dam
569 1465 773 1532 dicunt,
801 1466 942 1536 quod
972 1464 1244 1534 profusmn
1274 1466 1438 1518 risum
1464 1473 1695 1529 moveat,
1720 1464 1803 1519 vel
1833 1473 2005 1532 turpe,

418 1556 721 1628 impudens,
745 1557 1027 1614 illiberale.
1061 1558 1150 1612 57.
1186 1556 1267 1610 EI;
1290 1558 1451 1611 verbis
1480 1557 1611 1611 enim
1639 1557 1736 1611 tuis
1749 1556 2009 1626 justi/ica-

413 1652 571 1719 beris,
595 1662 642 1706 et
668 1669 730 1706 ea:
756 1652 915 1706 verbis
940 1651 1037 1706 tuis
1055 1650 1486 1705 condemnaberis.
1518 1649 1702 1705 Videu’
1732 1665 1835 1704 non
1885 1664 2006 1703 mo-

417 1745 608 1802 lestum
634 1745 916 1815 judicium,
947 1745 1197 1814 levesque
1229 1745 1452 1814 pmnas?
1479 1744 1662 1814 Neque
1681 1744 1825 1799 enim
1850 1759 1914 1798 ex
1943 1743 2007 1798 iis

413 1853 534 1909 qua:
569 1838 707 1893 alius
736 1837 803 1893 de
840 1846 891 1893 te
919 1837 1089 1903 dixit,
1123 1836 1218 1892 sed
1265 1852 1328 1890 ex
1361 1837 1426 1891 iis
1455 1851 1574 1907 quae
1615 1837 1729 1907 ipse
1756 1838 2005 1906 loquutus

411 1945 506 1996 es,
534 1929 702 2001 judex
730 1930 997 1985 calculum
1025 1928 1192 1995 feret;
1225 1928 1365 1998 quod
1409 1928 1646 1984 omnium
1675 1929 2002 1999 estjustissi.

412 2038 583 2079 mum.
616 2022 697 2077 Tu
722 2022 867 2077 enim
891 2030 947 2078 et
972 2019 1183 2077 dicendi
1215 2031 1270 2077 et
1293 2037 1400 2076 non
1443 2021 1654 2077 dicendi
1684 2032 2003 2093 poteStatetu

413 2114 599 2171 babes.
622 2115 738 2171 Non
767 2115 929 2185 igitur
953 2129 1048 2170 eos
1074 2114 1165 2186 qui
1194 2114 1480 2169 calumniis
1523 2115 1853 2184 impetuntur
1881 2117 2001 2186 angi

409 2217 467 2264 ct
497 2208 685 2263 timere
709 2222 804 2279 par
844 2215 930 2263 est
950 2249 966 2271 ,
995 2206 1090 2262 sed
1125 2221 1221 2262 eos
1245 2206 1338 2276 qui
1379 2206 1791 2262 calumniantur.
1820 2206 2005 2277 Neque

409 2302 554 2358 enim
584 2300 659 2354 illi
687 2308 951 2370 coguntur
973 2313 1092 2355 sese
1117 2314 1363 2368 purgare,
1384 2297 1527 2369 quod
1546 2297 1686 2354 male
1705 2296 2000 2364 audierint;

409 2391 507 2448 sed
536 2391 611 2457 bi,
642 2390 785 2462 quod
808 2391 948 2446 male
972 2390 1236 2446 dixerint:
1262 2390 1502 2461 ipsisque
1523 2406 1684 2445 omne
1709 2390 1999 2460 periculum

408 2482 675 2537 imminet.
703 2482 881 2549 Quare
907 2496 1003 2537 cos
1043 2482 1134 2552 qui
1165 2481 1304 2536 male
1343 2480 1614 2536 audierint
1655 2481 1785 2535 nihil
1814 2496 2002 2536 curare

405 2584 657 2646 oportet:
695 2588 866 2644 neque
897 2575 1038 2628 enim
1073 2588 1262 2644 pinnas
1307 2572 1511 2629 dabunt
1561 2588 1659 2643 pro
1702 2572 2001 2627 maledictis

404 2668 672 2733 aliorum;
703 2681 796 2722 eos
824 2675 1001 2721 autem
1028 2667 1118 2737 qui
1145 2664 1524 2722 maledixeriut
1549 2665 1739 2720 anxios
1765 2680 1884 2721 esse
1907 2679 2003 2736 par

405 2767 491 2814 est
519 2770 573 2814 et
605 2768 834 2813 tremere
852 2798 867 2822 ,
895 2766 1078 2827 utpote
1108 2758 1159 2812 in
1180 2756 1435 2827 judicium
1468 2758 1569 2813 hac
1600 2757 1669 2813 de
1698 2773 1757 2813 re
1783 2758 2002 2813 trahen-

406 2851 525 2906 dus.
556 2849 690 2905 Nam
715 2849 1016 2905 diabolicus
1040 2859 1123 2905 est
1149 2849 1370 2921 laqueus
1395 2859 1672 2920 peccatum
1701 2851 1825 2906 illud
1854 2853 1997 2922 quod

403 2943 605 2998 nullam
634 2941 792 2997 habet
820 2940 1144 3012 voluptatem
1165 2984 1181 3009 ,
1212 2941 1305 2997 sed
1351 2941 1689 2998 solummodo
1723 2942 1998 3003 damnum.

405 3034 539 3091 Nam
573 3034 692 3089 talis
720 3032 882 3087 homo
905 3033 1101 3088 malum
1130 3033 1184 3088 in
1213 3032 1395 3088 animo
1426 3034 1731 3090 thesaurum
1756 3035 1996 3106 deponit.

403 3126 463 3180 Si
498 3140 627 3180 vero
656 3125 704 3180 is
743 3123 830 3195 qui
860 3139 1085 3196 pravum
1116 3123 1278 3181 habet
1318 3124 1599 3179 humorem
1624 3167 1639 3191 ,
1674 3126 1724 3180 in
1752 3127 1996 3183 morbum

403 3219 520 3290 ipse
549 3217 735 3273 incidit
759 3258 775 3281 ,
806 3217 972 3270 tnulto
1002 3217 1171 3288 magis
1200 3217 1290 3273 ille
1317 3219 1406 3287 qui
1438 3217 1542 3272 bile
1568 3218 1827 3273 acriorem
1860 3219 1910 3273 in
1938 3235 1999 3276 se

401 3311 694 3383 nequitiam
722 3310 1063 3375 thesaurizat,
1095 3318 1333 3365 extrema
1355 3310 1606 3379 patietur,
1625 3310 1747 3381 quia
1775 3325 1996 3381 gravem

356 3430 359 3435 -
401 3404 504 3459 sibi
557 3403 802 3459 morbum
846 3402 1070 3473 paravit.
1114 3401 1276 3472 quue
1323 3400 1662 3456 manifestum
1701 3410 1783 3456 est
1825 3416 1888 3456 ex
1929 3402 1995 3458 iis

402 3512 525 3567 qua:
554 3496 671 3567 ipse
693 3504 925 3551 eructat.
963 3495 1096 3550 Nam
1126 3494 1173 3550 si
1209 3494 1345 3550 alios
1394 3503 1539 3550 tanto
1581 3494 1767 3552 dolore
1795 3496 1991 3565 afficit,

398 3587 569 3643 multo
596 3588 762 3660 magis
789 3589 1021 3643 animam
1053 3603 1204 3644 suam
1236 3588 1324 3642 illa
1355 3590 1672 3658 parientem.
1719 3591 1817 3658 Qui
1846 3589 1992 3644 enim

398 3680 621 3736 insidias
646 3689 816 3752 parat,
849 3681 1083 3751 seipsum
1106 3681 1336 3751 primum
1357 3680 1581 3736 occidit:
1621 3680 1886 3750 siquidem
1902 3681 1993 3751 qui

398 3773 576 3845 ignem
678 3777 874 3843 calcat,
945 3774 1180 3845 scipsum
1213 3772 1519 3840 comburit;
1548 3781 1601 3829 et
1619 3774 1709 3844 qui
1738 3773 1992 3829 adaman-

398 3872 507 3919 tem
537 3864 782 3933 percutit,
810 3864 909 3918 sibi
939 3863 1036 3934 ipsi
1068 3874 1444 3921 uocumentum
1467 3865 1603 3935 parit
1627 3883 1641 3932 ;
1668 3880 1731 3921 ac
1754 3867 1842 3936 qui
1865 3881 1993 3922 con-

397 3964 480 4010 tra
510 3954 782 4010 stimulum
813 3955 1076 4022 calcitrat,
1106 3956 1342 4026 seipsum
1368 3963 1631 4011 cruentat.

468 4045 725 4118 Injnriam
763 4047 1026 4118 inferentis
1068 4047 1225 4100 multo
1269 4048 1412 4118 pejor
1448 4057 1522 4102 est
1560 4047 1783 4103 conditio
1824 4067 1980 4118 quam

396 4139 653 4208 patientis.
678 4137 982 4193 —Etenim
1013 4137 1100 4209 qui
1136 4138 1293 4193 laesus
1323 4139 1530 4195 fortiter
1569 4140 1815 4211 injuriam
1849 4142 1988 4199 ferre

396 4231 567 4295 novit,
596 4230 643 4284 is
668 4238 750 4284 est
774 4229 1016 4296 adamas,
1060 4229 1308 4285 stimulus
1336 4239 1391 4284 et
1421 4231 1556 4301 ignis
1589 4249 1602 4285 :
1632 4233 1720 4302 qui
1752 4249 1880 4287 vero
1907 4235 1988 4288 in-

390 4325 585 4395 juriam
614 4322 758 4378 ferre
785 4322 1092 4387 meditatur,
1116 4323 1228 4378 luto
1249 4322 1568 4379 imbecillior
1594 4334 1695 4381 est.
1720 4325 1835 4380 Non
1858 4342 1987 4397 ergo

393 4416 587 4485 injuria
616 4414 759 4469 affici
804 4415 1003 4470 malum
1046 4425 1151 4481 est,
1193 4416 1288 4472 sed
1336 4416 1585 4486 injuriam
1617 4418 1833 4481 inferre,
1887 4436 1986 4475 nec

392 4523 555 4579 posse
611 4507 859 4577 injuriam
916 4506 1079 4563 ferre.
1122 4506 1393 4575 Quantum
1444 4508 1605 4564 laesus
1647 4521 1730 4566 est
1784 4511 1986 4565 David?

389 4600 659 4669 Quantum
699 4600 836 4655 [assit
881 4599 1049 4655 Saﬁl?
1095 4600 1226 4668 Quis
1271 4616 1399 4671 ergo
1445 4600 1631 4658 fortior
1677 4603 1986 4673 hcatiorque

390 4694 533 4749 fuit?
562 4694 680 4765 quis
728 4694 1011 4750 miserior?
1040 4694 1228 4750 Nonne
1266 4696 1311 4750 is
1355 4697 1443 4766 qui
1473 4697 1650 4752 ltesit?
1688 4697 1822 4753 [tem
1858 4713 1984 4753 vero

358 4786 686 4857 ,perpende.
721 4785 999 4841 Pollicitus
1044 4795 1129 4841 est
1167 4787 1296 4842 Saﬁl
1343 4788 1387 4842 si
1431 4787 1600 4843 David
1629 4788 1981 4860 alienigenam

389 4881 649 4948 vinceret,
689 4897 750 4937 se
780 4881 950 4950 ipsum
984 4880 1035 4934 in
1076 4896 1331 4951 generum
1370 4891 1788 4951 assumpturum,
1829 4900 1891 4937 ac
1917 4883 1982 4938 fi-

389 4975 517 5030 liam
560 4991 717 5031 suam
772 4975 846 5030 illi
903 4974 1259 5030 libentissime
1302 4973 1553 5029 daturum
1611 4977 1704 5044 (i.
1740 4978 1976 5048 899.17.

389 5079 437 5122 et
466 5068 578 5140 l8).
612 5067 981 5137 Alienigenam
1012 5066 1102 5122 ille
1128 5066 1324 5121 occidit
1358 5084 1372 5120 :
1396 5068 1520 5122 Sai‘tl
1542 5083 1666 5122 vero
1691 5079 1841 5137 pacta
1863 5069 1979 5123 vio-

388 5164 556 5220 lavit:
584 5177 683 5216 nec
705 5161 865 5216 modo
889 5175 995 5216 non
1023 5159 1170 5215 dedit
1201 5160 1364 5215 filiam
1384 5158 1482 5232 (α),
1507 5160 1600 5215 sed
1634 5175 1820 5216 necem
1846 5177 1982 5232 quo-

384 5271 492 5326 que
535 5256 633 5326 ipsi
677 5254 1101 5309 machinabatur.
1145 5252 1279 5321 Quis
1321 5268 1450 5322 ergo
1478 5251 1806 5323 splendidior
1846 5254 1981 5308 fuit?

386 5351 580 5402 Annon
611 5346 699 5401 ille
726 5359 957 5401 mmrore
984 5344 1147 5399 animi
1191 5352 1247 5400 et
1269 5358 1438 5414 pravo
1463 5343 1708 5399 daemone
1750 5343 1980 5400 suﬂ’oca-

386 5440 564 5505 batur,
612 5439 698 5492 hic
734 5452 864 5493 vero
896 5437 1112 5509 tropaeis
1154 5445 1210 5493 et
1236 5437 1404 5508 gratia
1449 5437 1626 5493 divina
1658 5437 1776 5508 plus
1818 5452 1977 5509 quam

449 5680 521 5742 (ιι)
556 5682 692 5744 Atqui
712 5681 850 5745 dedit
867 5678 1034 5731 ntiebol
1058 5680 1201 5745 filiam
1221 5692 1358 5745 suam
1381 5682 1429 5729 in
1450 5681 1729 5745 coniugem.
1748 5678 1839 5745 sed
1859 5686 1979 5745 puto

383 5741 780 5806 Citrysostomum,
795 5742 875 5792 hic
894 5756 1099 5806 pronoun
1118 5744 1229 5806 data
1250 5743 1437 5806 habere
1471 5741 1732 5806 eamiqme
1749 5741 1979 5806 simulate

383 5803 571 5854 tantum
611 5805 724 5854 data
759 5804 868 5864 fuit,
896 5803 960 5855 ἰιι
988 5804 1081 5855 hoc
1115 5803 1322 5855 allectus
1350 5804 1591 5855 beneﬁcio
1610 5803 1764 5854 David
1791 5804 1978 5857 facilius

380 5870 860 5921 obtrutwaretur.——
877 5871 997 5922 \‘idc
1023 5876 1195 5923 Ααηυι.
1226 5871 1382 5923 Held.
1409 5872 1467 5922 ad
1490 5885 1604 5937 pag.
1637 5870 1744 5920 454.

1386 422 1447 476 ΙΝ
1489 420 1896 478 ΜΛΤΤΗᾸΞΗΜ
1940 422 2170 479 IIOMIL.
2215 425 2371 481 XLII.
2414 428 2485 481 al.
2532 429 2711 484 XLIII.

3614 441 3715 493 ibi

2122 539 2203 595 Sol
2223 540 2541 610 splendehat
2559 545 2582 596 ?
2602 544 2804 599 Rursus
2828 546 2967 600 circa
2994 546 3273 604 mulierum
3293 548 3512 603 chorum
3540 567 3714 607 nonne

2122 630 2211 685 ille
2253 632 2449 697 invidia
2479 635 2886 703 praefocabatur,
2933 635 3021 690 hic
3064 638 3279 692 silentio
3306 639 3485 695 ferens
3512 644 3711 709 omnia,

2117 735 2307 778 omnes
2335 728 2573 790 attraxit,
2605 727 2814 797 sibique
2834 727 3148 793 conjunxit?
3177 729 3310 784 Cum
3337 743 3515 787 autem
3552 734 3713 789 David

2118 812 2268 869 illttm
2297 831 2405 885 pra:
2434 818 2678 874 manilius
2705 818 2909 883 habuit,
2927 820 3132 891 ipsique
3159 825 3418 892 pepercit,
3447 828 3565 895 quis
3593 845 3713 882 rur-

2119 920 2236 960 sum
2265 907 2451 962 bt'atus
2480 920 2614 973 crat,
2658 913 2777 980 quis
2808 911 3006 966 miser?
3036 913 3155 982 quis
3199 914 3555 970 imbecillior?
3594 919 3712 987 quis

2119 995 2341 1053 fortior?
2356 998 2543 1054 Nonne
2566 1002 2748 1065 David,
2769 1003 2857 1072 qui
2875 1004 3021 1058 illum
3047 1020 3150 1059 non
3169 1006 3312 1060 ultus
3329 1017 3429 1071 est,
3446 1009 3547 1063 etsi
3568 1009 3710 1079 juste

2118 1092 2333 1160 posset?
2362 1091 2428 1146 Et
2450 1092 2571 1161 jure
2601 1094 2834 1163 quidem.
2861 1094 2990 1148 Nam
3015 1096 3104 1149 ille
3130 1108 3366 1152 armatos
3393 1100 3589 1155 milites
3618 1102 3712 1154 ha-

2118 1180 2298 1249 bebat,
2345 1182 2433 1239 ltic
2458 1186 2717 1254 justitiam
2770 1188 3037 1241 sexcentis
3065 1189 3392 1244 exercitibus
3437 1191 3708 1246 fortiorem

2116 1276 2506 1333 auxiliatricem
2537 1278 2740 1332 habuit.
2788 1280 3017 1351 Ideoque
3042 1281 3248 1336 insidiis
3276 1282 3470 1353 injuste
3502 1286 3712 1355 impeti-

2117 1374 2222 1433 tus,
2256 1384 2322 1421 ne
2341 1367 2484 1438 juste
2524 1370 2736 1439 quidem
2767 1371 2931 1424 voluit
2962 1370 3167 1426 hostem
3197 1373 3459 1429 occidere.
3497 1375 3711 1431 Sciebat

2115 1461 2257 1515 enim
2285 1477 2351 1517 ex
2386 1461 2450 1516 iis
2485 1478 2602 1533 qum
2633 1472 2757 1518 ante
2791 1464 3116 1529 at-eiderant,
3149 1482 3254 1519 non
3296 1483 3416 1520 cum
3448 1469 3536 1538 qui
3572 1470 3711 1525 male

2114 1550 2261 1619 facit,
2305 1552 2400 1608 sed
2427 1568 2546 1609 cum
2578 1555 2669 1624 qui
2711 1556 2848 1611 male
2883 1557 3098 1625 patitur,
3147 1558 3375 1619 evadere
3406 1558 3704 1615 fortiorem.

2113 1643 2265 1710 Quod
2294 1653 2350 1699 et
2396 1646 2448 1699 in
2491 1646 2808 1715 corporibus
2855 1658 2911 1701 et
2962 1647 3013 1701 in
3053 1648 3338 1701 arboribus
3376 1649 3560 1706 videre
3602 1663 3704 1706 est.

2112 1734 2250 1803 Quid
2275 1750 2403 1805 ergo
2427 1737 2630 1791 Jacob?
2655 1754 2831 1791 annon
2859 1739 3017 1793 l;rsus
3047 1750 3126 1794 est
3155 1756 3185 1793 a
3214 1739 3449 1805 Labauo,
3477 1752 3529 1795 et
3568 1745 3708 1799 male

2114 1844 2302 1898 passus
2330 1831 2455 1885 est?
2488 1830 2618 1898 Quis
2647 1847 2774 1900 ergo
2814 1831 3045 1886 fortior?
3081 1850 3146 1886 an
3179 1834 3222 1887 is
3247 1834 3335 1903 qui
3365 1837 3505 1904 cepit
3535 1837 3705 1905 illum,

2112 1938 2213 1978 nec
2237 1938 2400 1979 ausus
2425 1935 2508 1978 cst
2550 1934 2786 1995 tangere,
2818 1924 2912 1979 sed
2944 1925 3120 1980 timuit
3150 1942 3212 1979 ac
3243 1929 3477 1992 tremuit,
3510 1947 3574 1981 an
3621 1931 3707 1985 hic

2110 2014 2201 2085 qui
2225 2014 2341 2069 sine
2379 2017 2544 2070 armis
2568 2031 2630 2070 ac
2661 2015 2915 2071 militibus
2945 2018 3066 2087 plus
3095 2017 3171 2072 illi
3201 2016 3557 2076 formidabilis
3587 2022 3702 2088 fuit,

2109 2120 2267 2176 quam
2297 2120 2448 2176 rcges
2480 2106 2624 2162 mille
2652 2105 2913 2161 fuissent?

2182 2199 2235 2253 '5.
2278 2197 2618 2269 Con/irritatur
2644 2200 2818 2254 eadem
2866 2202 3038 2256 thesis.
3074 2201 3208 2256 Vitia
3237 2206 3479 2275 proximi,
3512 2208 3706 2263 etiamsi

2108 2304 2244 2355 vera,
2273 2306 2372 2344 non
2401 2291 2689 2346 rwclauda.
2720 2292 2947 2347 Ea‘anten
2977 2295 3317 2349 conscientiae.
3346 2328 3415 2337 —
3445 2296 3514 2352 Ut
3538 2301 3705 2368 majo-

2108 2399 2220 2439 rem
2270 2396 2449 2439 autetn
2502 2384 2764 2440 dictorum
2812 2386 3329 2443 demOustrationcut
3375 2393 3525 2446 vobis
3568 2410 3702 2463 pra:-

2106 2474 2281 2541 beam,
2323 2475 2390 2530 ad
2431 2477 2603 2547 ipsum
2652 2478 2842 2533 iterum
2886 2478 3074 2545 David,
3106 2481 3199 2536 scd
3240 2484 3512 2538 contrario
3540 2487 3702 2542 modo

2105 2576 2422 2637 spectatum,
2455 2583 2759 2625 sermonem
2785 2581 3184 2629 convertamus.
3213 2573 3344 2628 Nant
3377 2576 3463 2630 hic
3491 2580 3580 2649 qui
3611 2579 3703 2634 lac-

2105 2672 2198 2712 sus
2239 2660 2535 2727 praevaluit,
2584 2674 2709 2715 cum
2751 2661 2885 2716 ltcsit
2926 2672 3132 2733 postea,
3172 2665 3495 2723 imbecillior
3535 2670 3703 2726 factus

2104 2761 2203 2805 est.
2235 2751 2460 2820 Quando
2491 2753 2651 2823 igitur
2676 2753 2861 2810 Uriam
2904 2756 3062 2821 laesit,
3096 2766 3335 2812 mutatus
3357 2771 3441 2815 est
3465 2762 3618 2827 ordo,
3650 2775 3703 2819 et

2106 2843 2442 2900 imbecillitas
2488 2847 2540 2901 in
2590 2848 2911 2914 laedentem,
2966 2851 3135 2904 virtus
3182 2864 3359 2907 autem
3412 2856 3462 2909 in
3515 2856 3700 2912 laesum

2104 2938 2349 2992 transivit
2399 2939 2474 3011 (‘2.
2501 2940 2631 3012 Reg.
2662 2942 2752 3012 Η)
2784 2961 2797 2995 :
2827 2958 2950 2997 nam
3000 2955 3244 2999 mortuus
3286 2947 3438 3002 Urias
3482 2951 3701 3007 Davidis

2103 3028 2320 3083 domum
2351 3030 2624 3100 expilavit.
2655 3031 2722 3086 Et
2760 3032 2846 3087 llic
2872 3034 3087 3103 quidem
3118 3051 3236 3090 cunt
3276 3054 3366 3092 rex
3397 3050 3451 3092 ct
3483 3040 3533 3094 itt
3564 3043 3696 3097 vivis

2103 3129 2267 3188 esset,
2300 3121 2430 3176 nihil
2455 3124 2626 3193 potuit
2650 3141 2664 3189 ;
2701 3125 2790 3180 ille
2815 3140 2947 3181 vero
2968 3142 3087 3180 cum
3117 3128 3270 3183 miles
3296 3141 3455 3200 atque
3482 3132 3701 3189 interfe-

2103 3223 2219 3269 ctus
2247 3225 2409 3278 essct.
2440 3216 2585 3272 illius
2607 3220 2786 3273 omnia
2814 3220 3096 3275 subvertit.
3129 3221 3370 3277 Vultisne
3402 3235 3459 3278 ut
3485 3228 3699 3284 aliunde

2102 3320 2214 3359 rem
2246 3306 2394 3361 vobis
2414 3306 2694 3363 clariorem
2722 3309 2996 3366 efficiam?
3025 3312 3381 3382 Exploremus
3402 3330 3497 3371 eos
3522 3319 3612 3388 qui
3637 3336 3697 3374 se

2101 3396 2335 3467 legitime
2363 3398 2459 3453 ulti
2489 3408 2634 3455 sunt.
2664 3399 2797 3455 Nam
2834 3415 2949 3469 eos,
2978 3403 3067 3473 qui
3099 3403 3295 3473 injuste
3323 3406 3545 3475 ileUtll,
3574 3424 3694 3464 om-

2099 3489 2247 3543 nium
2275 3503 2396 3545 esse
2425 3489 2735 3558 vilissimos,
2764 3492 2856 3563 qui
2887 3493 3120 3548 animam
3162 3510 3317 3549 suam
3344 3495 3558 3567 hedant,
3594 3517 3693 3556 nc-

2099 3581 2227 3635 miui
2268 3596 2374 3638 non
2405 3582 2578 3654 palam
2608 3593 2711 3639 est.
2749 3583 2944 3641 Verum
2983 3588 3100 3657 quis
3132 3604 3191 3644 se
3210 3589 3358 3659 juste
3407 3592 3547 3647 ultus
3585 3609 3689 3661 cSt,

2100 3672 2485 3745 innumeraque
2508 3675 2763 3731 excitavit
2788 3678 2952 3743 mala,
2974 3679 3262 3750 multisque
3292 3682 3526 3751 seipsum
3549 3685 3694 3738 cala-

2098 3767 2371 3823 mitatibus
2416 3767 2800 3841 doloribusque
2831 3770 3089 3826 involvit?
3123 3773 3335 3829 Davidis
3362 3775 3469 3829 dux
3488 3774 3686 3849 (Joab).

2097 3859 2195 3916 llic
2220 3860 2362 3916 enim
2391 3877 2557 3930 grave
2585 3862 2781 3918 bellmn
2812 3866 3117 3932 concitavit,
3152 3877 3205 3920 et
3253 3868 3530 3924 innumera
3563 3886 3688 3940 pas-

2094 3967 2189 4008 sus
2214 3963 2298 4009 est
2324 3953 2482 4019 mala,
2516 3971 2740 4024 quorum
2770 3971 2839 4011 ne
2870 3973 3034 4012 unum
3063 3959 3277 4028 quidem
3304 3962 3613 4029 accidisset,
3645 3966 3687 4016 si

2096 4041 2212 4113 ipse
2239 4043 2483 4099 scivisset
2522 4044 2908 4115 philosophari.
2957 4046 3246 4117 Fugiamus
3287 4051 3464 4120 itaque
3497 4068 3686 4122 pcoca-

2096 4144 2206 4190 tum
2245 4135 2376 4191 illud
2407 4156 2420 4189 :
2451 4153 2514 4192 ac
2541 4154 2639 4193 nec
2668 4138 2866 4207 verbis,
2893 4155 2992 4196 nec
3018 4139 3170 4198 factis
3210 4144 3456 4213 proximo
3496 4162 3689 4202 nocea-

2095 4243 2234 4285 mus.
2261 4228 2445 4300 Neque
2474 4231 2617 4286 enim
2645 4231 2799 4299 dixit,
2850 4232 2909 4289 Si
2950 4238 3289 4291 aceusaveris
3318 4238 3480 4308 ctjus
3510 4240 3689 4296 dicere

2092 4321 2449 4391 compuleris;
2476 4322 2569 4378 sed
2602 4324 2942 4393 simpliciter,
2971 4325 3023 4382 Si
3055 4327 3194 4381 male
3222 4327 3443 4396 dixeris,
3478 4332 3686 4387 etiamsi

2093 4413 2342 4480 seorsim,
2387 4425 2657 4470 extremas
2683 4415 2836 4471 dabis
2869 4432 3077 4488 poenas.
3113 4418 3336 4475 Etiamsi
3378 4421 3429 4476 id
3459 4424 3598 4494 quod
3634 4437 3688 4482 tu

2090 4504 2224 4560 dicis
2245 4520 2429 4560 verum
2457 4507 2545 4574 sit,
2575 4507 2782 4563 etiamsi
2807 4524 2870 4564 ca
2899 4509 2966 4565 de
2990 4526 3050 4565 re
3080 4526 3369 4580 persuasus
3398 4516 3471 4570 sis
3495 4518 3534 4583 ¹,
3570 4534 3685 4587 pue—

2092 4612 2188 4650 nas
2216 4606 2392 4652 tamen
2419 4597 2592 4653 dabis.
2624 4598 2740 4654 Non
2769 4601 2911 4655 enim
2938 4617 3001 4656 ex
3035 4602 3100 4657 iis
3142 4619 3261 4672 qum
3291 4605 3379 4659 ille
3407 4607 3551 4673 l'ccit,
3590 4610 3683 4663 sed

2090 4706 2156 4745 ex
2184 4691 2247 4745 iis
2269 4706 2389 4762 quas
2418 4700 2473 4747 tu
2502 4691 2704 4760 dixisti,
2733 4695 3054 4749 sententiam
3085 4694 3225 4750 feret
3251 4697 3388 4752 Deus
3414 4715 3427 4751 :
3457 4699 3594 4752 Nam
3623 4719 3686 4756 ea:

2090 4782 2249 4836 verbis
2289 4784 2387 4837 tuis
2431 4784 2861 4852 condemnaberis,
2908 4786 3098 4856 inquit.
3140 4785 3258 4842 Non
3297 4788 3451 4843 audis
3498 4788 3684 4848 Phari-

2089 4888 2254 4928 sazum
2283 4891 2408 4931 vera
2432 4876 2707 4945 loquututn
2734 4893 2875 4941 esse,
2910 4880 3264 4951 omnibusque
3291 4891 3436 4946 nota,
3468 4900 3569 4940 nec
3589 4902 3682 4940 oc-

2089 4967 2230 5021 culta
2268 4969 2575 5024 revelasse?
2617 4969 2725 5025 Sed
2772 4979 2953 5025 tamen
2986 4980 3257 5027 extremas
3283 4974 3431 5029 dedit
3475 4991 3681 5046 ptenas.

2089 5057 2146 5112 Si
2174 5074 2302 5113 vero
2326 5058 2393 5113 de
2423 5058 2487 5113 iis
2510 5076 2628 5129 quae
2648 5061 2930 5132 perspicua
2954 5071 3082 5117 sunt
3110 5079 3216 5116 non
3248 5064 3372 5120 licet
3402 5083 3679 5135 accusare,

2088 5153 2255 5206 multo
2300 5153 2476 5207 minus
2519 5151 2590 5207 de
2632 5153 2848 5208 dubiis:
2881 5168 3003 5208 nam
3044 5154 3277 5223 judicem
3312 5156 3472 5213 habet
3510 5160 3555 5214 is
3594 5164 3681 5231 qui

2088 5244 2352 5312 peccavit.
2381 5243 2461 5299 Ne
2498 5244 2779 5315 praeripias
2807 5259 2937 5316 ergo
2967 5245 3236 5318 Unigeniti
3283 5251 3674 5307 auctoritatem.

2087 5334 2168 5389 llli
2197 5336 2388 5389 solium
2416 5335 2599 5406 judicii
2632 5348 2962 5393 reservatum
3003 5350 3105 5393 est.
3148 5339 3252 5396 Sed
3297 5341 3376 5394 vis
3398 5342 3677 5410 judicare?

2085 5427 2181 5483 Est
2211 5428 2303 5482 tibi
2330 5428 2609 5497 judicium,
2639 5430 2864 5484 multum
2891 5441 3151 5500 quaestum
3183 5433 3446 5502 praibens,
3471 5445 3524 5490 et
3552 5438 3677 5491 nulli

2085 5519 2374 5574 obnoxium
2405 5520 2638 5576 crimini.
2671 5521 2724 5575 lu
2771 5523 3096 5579 conscientia
3130 5534 3217 5579 tua
3263 5526 3526 5582 rationem
3568 5540 3677 5585 sta-

2086 5622 2175 5669 tue
2195 5613 2546 5684 judicautem,
2576 5615 2628 5670 in
2675 5616 3016 5688 mediumque
3042 5618 3215 5674 adduc
3245 5621 3426 5676 omnia
3455 5634 3671 5693 peccata

2087 5716 2194 5762 tua.
2239 5707 2449 5763 Animae
2495 5716 2598 5762 tum
2628 5718 2845 5779 peccata
2891 5710 3165 5778 examina,
3217 5722 3404 5769 exacte
3444 5715 3675 5771 rationes

2148 5872 2165 5902 ι
2199 5868 2387 5932 Mat-01.,
2411 5869 2564 5922 Etiam
2587 5869 2629 5922 si
2652 5869 2739 5923 tibi
2758 5871 2939 5925 dicent:
2966 5884 3059 5924 non
3081 5873 3321 5926 creditum
3344 5872 3425 5926 sit.
