  <div class='ocr_page' id='page_1' title='image "/cluster/home/n/w/nwhite01/storage/ocr_20150623/57:no.7:pt.1/coo.31924054869577/383.png"; bbox 0 0 4118 6506; ppageno 0'>
   <div class='ocr_carea' id='block_1_1' title="bbox 511 476 615 532">
    <p class='ocr_par' dir='ltr' id='par_1_1' title="bbox 511 476 615 532">
     <span class='ocr_line' id='line_1_1' title="bbox 511 476 615 532; baseline 0.019 -2"><span class='ocrx_word' id='word_1_1' title='bbox 511 476 615 532; x_wconf 66' lang='grc'><strong>155</strong></span> 
     </span>
    </p>
   </div>
   <div class='ocr_carea' id='block_1_2' title="bbox 508 586 2095 662">
    <p class='ocr_par' dir='ltr' id='par_1_2' title="bbox 508 586 2095 662">
     <span class='ocr_line' id='line_1_2' title="bbox 508 586 2095 662; baseline -0.005 -17"><span class='ocrx_word' id='word_1_2' title='bbox 508 599 693 662; x_wconf 82' lang='lat' dir='ltr'><strong>repete</strong></span> <span class='ocrx_word' id='word_1_3' title='bbox 715 599 769 645; x_wconf 91' lang='lat' dir='ltr'><strong>et</strong></span> <span class='ocrx_word' id='word_1_4' title='bbox 791 590 874 643; x_wconf 89' lang='lat' dir='ltr'><strong>die</strong></span> <span class='ocrx_word' id='word_1_5' title='bbox 900 609 911 644; x_wconf 86' lang='lat'><strong>:</strong></span> <span class='ocrx_word' id='word_1_6' title='bbox 940 590 1045 648; x_wconf 88' lang='lat' dir='ltr'><strong>Cur</strong></span> <span class='ocrx_word' id='word_1_7' title='bbox 1073 588 1172 642; x_wconf 86' lang='lat' dir='ltr'><strong>hoc</strong></span> <span class='ocrx_word' id='word_1_8' title='bbox 1200 596 1253 642; x_wconf 90' lang='lat' dir='ltr'><strong>et</strong></span> <span class='ocrx_word' id='word_1_9' title='bbox 1278 586 1380 642; x_wconf 88' lang='lat' dir='ltr'><strong>hoc</strong></span> <span class='ocrx_word' id='word_1_10' title='bbox 1413 602 1572 641; x_wconf 88' lang='lat' dir='ltr'><strong>ausus</strong></span> <span class='ocrx_word' id='word_1_11' title='bbox 1598 586 1691 641; x_wconf 83' lang='lat' dir='ltr'><strong>es?</strong></span> <span class='ocrx_word' id='word_1_12' title='bbox 1722 586 1776 641; x_wconf 94' lang='lat' dir='ltr'><strong>Si</strong></span> <span class='ocrx_word' id='word_1_13' title='bbox 1808 586 1921 640; x_wconf 71' lang='lat' dir='ltr'><strong>hare</strong></span> <span class='ocrx_word' id='word_1_14' title='bbox 1941 598 2095 640; x_wconf 83' lang='lat' dir='ltr'><strong>recu-</strong></span> 
     </span>
    </p>
   </div>
   <div class='ocr_carea' id='block_1_3' title="bbox 507 677 2095 749">
    <p class='ocr_par' dir='ltr' id='par_1_3' title="bbox 507 677 2095 749">
     <span class='ocr_line' id='line_1_3' title="bbox 507 677 2095 749; baseline -0.003 -14"><span class='ocrx_word' id='word_1_15' title='bbox 507 690 607 748; x_wconf 86' lang='lat' dir='ltr'><strong>set,</strong></span> <span class='ocrx_word' id='word_1_16' title='bbox 642 691 697 737; x_wconf 91' lang='lat' dir='ltr'><strong>et</strong></span> <span class='ocrx_word' id='word_1_17' title='bbox 726 682 951 735; x_wconf 89' lang='lat' dir='ltr'><strong>aliorum</strong></span> <span class='ocrx_word' id='word_1_18' title='bbox 978 678 1114 734; x_wconf 87' lang='lat' dir='ltr'><strong>facta</strong></span> <span class='ocrx_word' id='word_1_19' title='bbox 1144 681 1403 749; x_wconf 77' lang='lat' dir='ltr'><strong>exploret,</strong></span> <span class='ocrx_word' id='word_1_20' title='bbox 1434 679 1520 734; x_wconf 82' lang='lat' dir='ltr'><strong>dic</strong></span> <span class='ocrx_word' id='word_1_21' title='bbox 1548 679 1617 733; x_wconf 90' lang='lat' dir='ltr'><strong>illi</strong></span> <span class='ocrx_word' id='word_1_22' title='bbox 1652 697 1664 734; x_wconf 89' lang='lat'><strong>:</strong></span> <span class='ocrx_word' id='word_1_23' title='bbox 1690 678 1808 733; x_wconf 88' lang='lat' dir='ltr'><strong>Non</strong></span> <span class='ocrx_word' id='word_1_24' title='bbox 1835 678 1902 733; x_wconf 90' lang='lat' dir='ltr'><strong>de</strong></span> <span class='ocrx_word' id='word_1_25' title='bbox 1932 677 2015 733; x_wconf 90' lang='lat' dir='ltr'><strong>his</strong></span> <span class='ocrx_word' id='word_1_26' title='bbox 2045 686 2095 732; x_wconf 90' lang='lat' dir='ltr'><strong>te</strong></span> 
     </span>
    </p>
   </div>
   <div class='ocr_carea' id='block_1_4' title="bbox 507 772 2093 844">
    <p class='ocr_par' dir='ltr' id='par_1_4' title="bbox 507 772 2093 844">
     <span class='ocr_line' id='line_1_4' title="bbox 507 772 2093 844; baseline -0.001 -17"><span class='ocrx_word' id='word_1_27' title='bbox 507 775 705 844; x_wconf 78' lang='lat' dir='ltr'><strong>judico,</strong></span> <span class='ocrx_word' id='word_1_28' title='bbox 735 789 832 828; x_wconf 91' lang='lat' dir='ltr'><strong>nec</strong></span> <span class='ocrx_word' id='word_1_29' title='bbox 861 774 929 829; x_wconf 88' lang='lat' dir='ltr'><strong>de</strong></span> <span class='ocrx_word' id='word_1_30' title='bbox 971 772 1055 827; x_wconf 85' lang='lat' dir='ltr'><strong>his</strong></span> <span class='ocrx_word' id='word_1_31' title='bbox 1087 782 1191 828; x_wconf 83' lang='lat' dir='ltr'><strong>tete</strong></span> <span class='ocrx_word' id='word_1_32' title='bbox 1220 788 1447 844; x_wconf 86' lang='lat' dir='ltr'><strong>purgare</strong></span> <span class='ocrx_word' id='word_1_33' title='bbox 1474 772 1658 827; x_wconf 81' lang='lat' dir='ltr'><strong>debes.</strong></span> <span class='ocrx_word' id='word_1_34' title='bbox 1687 772 1823 840; x_wconf 85' lang='lat' dir='ltr'><strong>Quid</strong></span> <span class='ocrx_word' id='word_1_35' title='bbox 1852 774 1995 826; x_wconf 82' lang='lat' dir='ltr'><strong>enim</strong></span> <span class='ocrx_word' id='word_1_36' title='bbox 2026 772 2093 826; x_wconf 85' lang='lat' dir='ltr'><strong>ad</strong></span> 
     </span>
    </p>
   </div>
   <div class='ocr_carea' id='block_1_5' title="bbox 509 862 2095 934">
    <p class='ocr_par' dir='ltr' id='par_1_5' title="bbox 509 862 2095 934">
     <span class='ocr_line' id='line_1_5' title="bbox 509 862 2095 934; baseline 0 -15"><span class='ocrx_word' id='word_1_37' title='bbox 509 876 560 920; x_wconf 89' lang='lat' dir='ltr'><strong>te</strong></span> <span class='ocrx_word' id='word_1_38' title='bbox 587 865 631 919; x_wconf 91' lang='lat' dir='ltr'><strong>si</strong></span> <span class='ocrx_word' id='word_1_39' title='bbox 676 864 767 919; x_wconf 90' lang='lat' dir='ltr'><strong>ille</strong></span> <span class='ocrx_word' id='word_1_40' title='bbox 806 865 978 921; x_wconf 88' lang='lat' dir='ltr'><strong>malus</strong></span> <span class='ocrx_word' id='word_1_41' title='bbox 1007 865 1124 921; x_wconf 83' lang='lat' dir='ltr'><strong>est?</strong></span> <span class='ocrx_word' id='word_1_42' title='bbox 1153 864 1233 920; x_wconf 88' lang='lat' dir='ltr'><strong>&#39;I‘u</strong></span> <span class='ocrx_word' id='word_1_43' title='bbox 1261 880 1425 934; x_wconf 87' lang='lat' dir='ltr'><strong>quare</strong></span> <span class='ocrx_word' id='word_1_44' title='bbox 1456 864 1558 919; x_wconf 90' lang='lat' dir='ltr'><strong>hoc</strong></span> <span class='ocrx_word' id='word_1_45' title='bbox 1579 871 1632 917; x_wconf 89' lang='lat' dir='ltr'><strong>et</strong></span> <span class='ocrx_word' id='word_1_46' title='bbox 1658 862 1786 917; x_wconf 88' lang='lat' dir='ltr'><strong>illud</strong></span> <span class='ocrx_word' id='word_1_47' title='bbox 1818 863 2095 932; x_wconf 79' lang='lat' dir='ltr'><strong>peccasti?</strong></span> 
     </span>
    </p>
   </div>
   <div class='ocr_carea' id='block_1_6' title="bbox 507 956 2087 1028">
    <p class='ocr_par' dir='ltr' id='par_1_6' title="bbox 507 956 2087 1028">
     <span class='ocr_line' id='line_1_6' title="bbox 507 956 2087 1028; baseline 0.001 -17"><span class='ocrx_word' id='word_1_48' title='bbox 507 956 747 1012; x_wconf 90' lang='lat' dir='ltr'><strong>Defende</strong></span> <span class='ocrx_word' id='word_1_49' title='bbox 790 965 860 1024; x_wconf 86' lang='lat' dir='ltr'><strong>te,</strong></span> <span class='ocrx_word' id='word_1_50' title='bbox 912 972 978 1013; x_wconf 90' lang='lat' dir='ltr'><strong>ne</strong></span> <span class='ocrx_word' id='word_1_51' title='bbox 1007 971 1268 1014; x_wconf 86' lang='lat' dir='ltr'><strong>accuses:</strong></span> <span class='ocrx_word' id='word_1_52' title='bbox 1299 973 1416 1028; x_wconf 82' lang='lat' dir='ltr'><strong>quae</strong></span> <span class='ocrx_word' id='word_1_53' title='bbox 1445 957 1513 1013; x_wconf 92' lang='lat' dir='ltr'><strong>ad</strong></span> <span class='ocrx_word' id='word_1_54' title='bbox 1554 967 1604 1014; x_wconf 90' lang='lat' dir='ltr'><strong>te</strong></span> <span class='ocrx_word' id='word_1_55' title='bbox 1645 967 1888 1028; x_wconf 75' lang='lat' dir='ltr'><strong>spectant</strong></span> <span class='ocrx_word' id='word_1_56' title='bbox 1913 973 2087 1021; x_wconf 89' lang='lat' dir='ltr'><strong>cures,</strong></span> 
     </span>
    </p>
   </div>
   <div class='ocr_carea' id='block_1_7' title="bbox 504 1047 2090 1119">
    <p class='ocr_par' dir='ltr' id='par_1_7' title="bbox 504 1047 2090 1119">
     <span class='ocr_line' id='line_1_7' title="bbox 504 1047 2090 1119; baseline 0.001 -19"><span class='ocrx_word' id='word_1_57' title='bbox 504 1063 608 1102; x_wconf 92' lang='lat' dir='ltr'><strong>non</strong></span> <span class='ocrx_word' id='word_1_58' title='bbox 649 1047 845 1103; x_wconf 87' lang='lat' dir='ltr'><strong>aliena.</strong></span> <span class='ocrx_word' id='word_1_59' title='bbox 885 1047 1146 1119; x_wconf 72' lang='lat' dir='ltr'><strong>Smpeque</strong></span> <span class='ocrx_word' id='word_1_60' title='bbox 1186 1048 1330 1103; x_wconf 85' lang='lat' dir='ltr'><strong>illam</strong></span> <span class='ocrx_word' id='word_1_61' title='bbox 1378 1049 1427 1102; x_wconf 90' lang='lat' dir='ltr'><strong>in</strong></span> <span class='ocrx_word' id='word_1_62' title='bbox 1475 1049 1609 1103; x_wconf 90' lang='lat' dir='ltr'><strong>hanc</strong></span> <span class='ocrx_word' id='word_1_63' title='bbox 1640 1048 2090 1104; x_wconf 72' lang='lat' dir='ltr'><strong>concertationem</strong></span> 
     </span>
    </p>
   </div>
   <div class='ocr_carea' id='block_1_8' title="bbox 504 1141 2088 1212">
    <p class='ocr_par' dir='ltr' id='par_1_8' title="bbox 504 1141 2088 1212">
     <span class='ocr_line' id='line_1_8' title="bbox 504 1141 2088 1212; baseline 0.001 -17"><span class='ocrx_word' id='word_1_64' title='bbox 504 1141 695 1196; x_wconf 84' lang='lat' dir='ltr'><strong>deduc.</strong></span> <span class='ocrx_word' id='word_1_65' title='bbox 745 1141 969 1208; x_wconf 85' lang='lat' dir='ltr'><strong>Deinde,</strong></span> <span class='ocrx_word' id='word_1_66' title='bbox 1018 1142 1062 1196; x_wconf 89' lang='lat' dir='ltr'><strong>si</strong></span> <span class='ocrx_word' id='word_1_67' title='bbox 1095 1142 1223 1196; x_wconf 86' lang='lat' dir='ltr'><strong>nihil</strong></span> <span class='ocrx_word' id='word_1_68' title='bbox 1270 1141 1700 1212; x_wconf 80' lang='lat' dir='ltr'><strong>respondendum</strong></span> <span class='ocrx_word' id='word_1_69' title='bbox 1747 1142 1960 1208; x_wconf 89' lang='lat' dir='ltr'><strong>habeat,</strong></span> <span class='ocrx_word' id='word_1_70' title='bbox 1995 1142 2088 1197; x_wconf 90' lang='lat' dir='ltr'><strong>sed</strong></span> 
     </span>
    </p>
   </div>
   <div class='ocr_carea' id='block_1_9' title="bbox 502 1233 2090 1305">
    <p class='ocr_par' dir='ltr' id='par_1_9' title="bbox 502 1233 2090 1305">
     <span class='ocr_line' id='line_1_9' title="bbox 502 1233 2090 1305; baseline 0 -18"><span class='ocrx_word' id='word_1_71' title='bbox 502 1233 891 1304; x_wconf 85' lang='lat' dir='ltr'><strong>subterfugiat;</strong></span> <span class='ocrx_word' id='word_1_72' title='bbox 927 1234 1069 1288; x_wconf 94' lang='lat' dir='ltr'><strong>illam</strong></span> <span class='ocrx_word' id='word_1_73' title='bbox 1102 1234 1328 1305; x_wconf 87' lang='lat' dir='ltr'><strong>ﬂagellis</strong></span> <span class='ocrx_word' id='word_1_74' title='bbox 1362 1234 1530 1301; x_wconf 75' lang='lat' dir='ltr'><strong>cmde,</strong></span> <span class='ocrx_word' id='word_1_75' title='bbox 1561 1235 1701 1289; x_wconf 90' lang='lat' dir='ltr'><strong>sicut</strong></span> <span class='ocrx_word' id='word_1_76' title='bbox 1724 1235 1971 1290; x_wconf 83' lang='lat' dir='ltr'><strong>ancillam</strong></span> <span class='ocrx_word' id='word_1_77' title='bbox 1999 1251 2090 1290; x_wconf 87' lang='lat' dir='ltr'><strong>su-</strong></span> 
     </span>
    </p>
   </div>
   <div class='ocr_carea' id='block_1_10' title="bbox 499 1324 2091 1396">
    <p class='ocr_par' dir='ltr' id='par_1_10' title="bbox 499 1324 2091 1396">
     <span class='ocr_line' id='line_1_10' title="bbox 499 1324 2091 1396; baseline 0 -15"><span class='ocrx_word' id='word_1_78' title='bbox 499 1326 720 1396; x_wconf 88' lang='lat' dir='ltr'><strong>perbam</strong></span> <span class='ocrx_word' id='word_1_79' title='bbox 753 1337 807 1382; x_wconf 92' lang='lat' dir='ltr'><strong>et</strong></span> <span class='ocrx_word' id='word_1_80' title='bbox 835 1328 1193 1391; x_wconf 82' lang='lat' dir='ltr'><strong>meretricem,</strong></span> <span class='ocrx_word' id='word_1_81' title='bbox 1224 1336 1277 1381; x_wconf 90' lang='lat' dir='ltr'><strong>et</strong></span> <span class='ocrx_word' id='word_1_82' title='bbox 1298 1326 1399 1380; x_wconf 87' lang='lat' dir='ltr'><strong>hoc</strong></span> <span class='ocrx_word' id='word_1_83' title='bbox 1420 1324 1929 1396; x_wconf 91' lang='lat' dir='ltr'><strong>quotidiejudicium</strong></span> <span class='ocrx_word' id='word_1_84' title='bbox 1962 1341 2091 1381; x_wconf 88' lang='lat' dir='ltr'><strong>con-</strong></span> 
     </span>
    </p>
   </div>
   <div class='ocr_carea' id='block_1_11' title="bbox 497 1416 2086 1488">
    <p class='ocr_par' dir='ltr' id='par_1_11' title="bbox 497 1416 2086 1488">
     <span class='ocr_line' id='line_1_11' title="bbox 497 1416 2086 1488; baseline 0 -16"><span class='ocrx_word' id='word_1_85' title='bbox 497 1420 659 1475; x_wconf 85' lang='lat' dir='ltr'><strong>stitue</strong></span> <span class='ocrx_word' id='word_1_86' title='bbox 696 1437 709 1474; x_wconf 90' lang='lat'><strong>:</strong></span> <span class='ocrx_word' id='word_1_87' title='bbox 740 1419 986 1474; x_wconf 90' lang='lat' dir='ltr'><strong>describe</strong></span> <span class='ocrx_word' id='word_1_88' title='bbox 1024 1416 1241 1473; x_wconf 88' lang='lat' dir='ltr'><strong>ﬂuvium</strong></span> <span class='ocrx_word' id='word_1_89' title='bbox 1291 1419 1521 1488; x_wconf 86' lang='lat' dir='ltr'><strong>igneum,</strong></span> <span class='ocrx_word' id='word_1_90' title='bbox 1567 1434 1803 1474; x_wconf 90' lang='lat' dir='ltr'><strong>vermem</strong></span> <span class='ocrx_word' id='word_1_91' title='bbox 1850 1432 2086 1474; x_wconf 83' lang='lat' dir='ltr'><strong>veneno-</strong></span> 
     </span>
    </p>
   </div>
   <div class='ocr_carea' id='block_1_12' title="bbox 497 1506 2084 1581">
    <p class='ocr_par' dir='ltr' id='par_1_12' title="bbox 497 1506 2084 1581">
     <span class='ocr_line' id='line_1_12' title="bbox 497 1506 2084 1581; baseline -0.001 -17"><span class='ocrx_word' id='word_1_92' title='bbox 497 1526 638 1574; x_wconf 92' lang='lat' dir='ltr'><strong>sum,</strong></span> <span class='ocrx_word' id='word_1_93' title='bbox 669 1511 879 1581; x_wconf 88' lang='lat' dir='ltr'><strong>aliaque</strong></span> <span class='ocrx_word' id='word_1_94' title='bbox 921 1519 1182 1565; x_wconf 88' lang='lat' dir='ltr'><strong>tormenta</strong></span> <span class='ocrx_word' id='word_1_95' title='bbox 1224 1528 1235 1562; x_wconf 94' lang='lat'><strong>:</strong></span> <span class='ocrx_word' id='word_1_96' title='bbox 1271 1525 1370 1565; x_wconf 92' lang='lat' dir='ltr'><strong>nec</strong></span> <span class='ocrx_word' id='word_1_97' title='bbox 1415 1509 1561 1563; x_wconf 89' lang='lat' dir='ltr'><strong>siuas</strong></span> <span class='ocrx_word' id='word_1_98' title='bbox 1598 1525 1717 1565; x_wconf 88' lang='lat' dir='ltr'><strong>eam</strong></span> <span class='ocrx_word' id='word_1_99' title='bbox 1744 1506 1938 1565; x_wconf 87' lang='lat' dir='ltr'><strong>deinde</strong></span> <span class='ocrx_word' id='word_1_100' title='bbox 1963 1525 2084 1564; x_wconf 81' lang='lat' dir='ltr'><strong>cuin</strong></span> 
     </span>
    </p>
   </div>
   <div class='ocr_carea' id='block_1_13' title="bbox 496 1601 2081 1672">
    <p class='ocr_par' dir='ltr' id='par_1_13' title="bbox 496 1601 2081 1672">
     <span class='ocr_line' id='line_1_13' title="bbox 496 1601 2081 1672; baseline 0.001 -15"><span class='ocrx_word' id='word_1_101' title='bbox 496 1604 708 1660; x_wconf 81' lang='lat' dir='ltr'><strong>diabolo</strong></span> <span class='ocrx_word' id='word_1_102' title='bbox 734 1604 900 1668; x_wconf 88' lang='lat' dir='ltr'><strong>coire,</strong></span> <span class='ocrx_word' id='word_1_103' title='bbox 947 1618 1046 1658; x_wconf 89' lang='lat' dir='ltr'><strong>nec</strong></span> <span class='ocrx_word' id='word_1_104' title='bbox 1076 1602 1217 1657; x_wconf 86' lang='lat' dir='ltr'><strong>feras</strong></span> <span class='ocrx_word' id='word_1_105' title='bbox 1251 1602 1587 1672; x_wconf 89' lang='lat' dir='ltr'><strong>impudenter</strong></span> <span class='ocrx_word' id='word_1_106' title='bbox 1624 1602 1703 1657; x_wconf 90' lang='lat' dir='ltr'><strong>sic</strong></span> <span class='ocrx_word' id='word_1_107' title='bbox 1729 1601 2037 1672; x_wconf 84' lang='lat' dir='ltr'><strong>loquentem</strong></span> <span class='ocrx_word' id='word_1_108' title='bbox 2068 1621 2081 1658; x_wconf 89' lang='lat'><strong>:</strong></span> 
     </span>
    </p>
   </div>
   <div class='ocr_carea' id='block_1_14' title="bbox 497 1694 2080 1760">
    <p class='ocr_par' dir='ltr' id='par_1_14' title="bbox 497 1694 2080 1760">
     <span class='ocr_line' id='line_1_14' title="bbox 497 1694 2080 1760; baseline -0.001 -10"><span class='ocrx_word' id='word_1_109' title='bbox 497 1696 592 1750; x_wconf 93' lang='lat' dir='ltr'><strong>llic</strong></span> <span class='ocrx_word' id='word_1_110' title='bbox 629 1695 694 1750; x_wconf 91' lang='lat' dir='ltr'><strong>ad</strong></span> <span class='ocrx_word' id='word_1_111' title='bbox 728 1711 815 1751; x_wconf 90' lang='lat' dir='ltr'><strong>me</strong></span> <span class='ocrx_word' id='word_1_112' title='bbox 841 1695 1004 1758; x_wconf 86' lang='lat' dir='ltr'><strong>venit.</strong></span> <span class='ocrx_word' id='word_1_113' title='bbox 1055 1694 1147 1749; x_wconf 89' lang='lat' dir='ltr'><strong>ille</strong></span> <span class='ocrx_word' id='word_1_114' title='bbox 1177 1694 1400 1749; x_wconf 87' lang='lat' dir='ltr'><strong>insidias</strong></span> <span class='ocrx_word' id='word_1_115' title='bbox 1429 1697 1607 1760; x_wconf 90' lang='lat' dir='ltr'><strong>struit,</strong></span> <span class='ocrx_word' id='word_1_116' title='bbox 1637 1694 1723 1749; x_wconf 92' lang='lat' dir='ltr'><strong>ille</strong></span> <span class='ocrx_word' id='word_1_117' title='bbox 1768 1709 1853 1750; x_wconf 89' lang='lat' dir='ltr'><strong>me</strong></span> <span class='ocrx_word' id='word_1_118' title='bbox 1879 1701 2080 1760; x_wconf 87' lang='lat' dir='ltr'><strong>tentat;</strong></span> 
     </span>
    </p>
   </div>
   <div class='ocr_carea' id='block_1_15' title="bbox 493 1783 2079 1856">
    <p class='ocr_par' dir='ltr' id='par_1_15' title="bbox 493 1783 2079 1856">
     <span class='ocr_line' id='line_1_15' title="bbox 493 1783 2079 1856; baseline -0.001 -15"><span class='ocrx_word' id='word_1_119' title='bbox 493 1789 585 1843; x_wconf 87' lang='lat' dir='ltr'><strong>sed</strong></span> <span class='ocrx_word' id='word_1_120' title='bbox 611 1788 695 1843; x_wconf 90' lang='lat' dir='ltr'><strong>die</strong></span> <span class='ocrx_word' id='word_1_121' title='bbox 718 1787 791 1841; x_wconf 94' lang='lat' dir='ltr'><strong>illi</strong></span> <span class='ocrx_word' id='word_1_122' title='bbox 814 1805 825 1840; x_wconf 92' lang='lat'><strong>:</strong></span> <span class='ocrx_word' id='word_1_123' title='bbox 847 1785 900 1842; x_wconf 91' lang='lat' dir='ltr'><strong>Si</strong></span> <span class='ocrx_word' id='word_1_124' title='bbox 925 1796 979 1841; x_wconf 92' lang='lat' dir='ltr'><strong>tu</strong></span> <span class='ocrx_word' id='word_1_125' title='bbox 1004 1785 1259 1849; x_wconf 87' lang='lat' dir='ltr'><strong>uolucris,</strong></span> <span class='ocrx_word' id='word_1_126' title='bbox 1286 1787 1371 1839; x_wconf 92' lang='lat' dir='ltr'><strong>illa</strong></span> <span class='ocrx_word' id='word_1_127' title='bbox 1398 1786 1578 1840; x_wconf 90' lang='lat' dir='ltr'><strong>omnia</strong></span> <span class='ocrx_word' id='word_1_128' title='bbox 1606 1783 1872 1856; x_wconf 89' lang='lat' dir='ltr'><strong>superﬂua</strong></span> <span class='ocrx_word' id='word_1_129' title='bbox 1900 1794 2079 1840; x_wconf 90' lang='lat' dir='ltr'><strong>erunt.</strong></span> 
     </span>
    </p>
   </div>
   <div class='ocr_carea' id='block_1_16' title="bbox 491 1878 2078 1951">
    <p class='ocr_par' dir='ltr' id='par_1_16' title="bbox 491 1878 2078 1951">
     <span class='ocr_line' id='line_1_16' title="bbox 491 1878 2078 1951; baseline 0 -15"><span class='ocrx_word' id='word_1_130' title='bbox 491 1881 547 1937; x_wconf 88' lang='lat' dir='ltr'><strong>Si</strong></span> <span class='ocrx_word' id='word_1_131' title='bbox 577 1896 791 1936; x_wconf 86' lang='lat' dir='ltr'><strong>rursum</strong></span> <span class='ocrx_word' id='word_1_132' title='bbox 837 1880 1047 1944; x_wconf 86' lang='lat' dir='ltr'><strong>dixerit,</strong></span> <span class='ocrx_word' id='word_1_133' title='bbox 1082 1878 1306 1950; x_wconf 91' lang='lat' dir='ltr'><strong>Corpori</strong></span> <span class='ocrx_word' id='word_1_134' title='bbox 1336 1880 1578 1951; x_wconf 79' lang='lat' dir='ltr'><strong>colligata</strong></span> <span class='ocrx_word' id='word_1_135' title='bbox 1620 1894 1758 1941; x_wconf 92' lang='lat' dir='ltr'><strong>sum,</strong></span> <span class='ocrx_word' id='word_1_136' title='bbox 1790 1895 1955 1936; x_wconf 90' lang='lat' dir='ltr'><strong>carne</strong></span> <span class='ocrx_word' id='word_1_137' title='bbox 1995 1880 2078 1935; x_wconf 83' lang='lat' dir='ltr'><strong>in-</strong></span> 
     </span>
    </p>
   </div>
   <div class='ocr_carea' id='block_1_17' title="bbox 394 1969 2079 2039">
    <p class='ocr_par' dir='ltr' id='par_1_17' title="bbox 394 1969 2079 2039">
     <span class='ocr_line' id='line_1_17' title="bbox 394 1969 2079 2039; baseline 0.002 -14"><span class='ocrx_word' id='word_1_138' title='bbox 394 2014 398 2018; x_wconf 32' lang='grc'><strong>.</strong></span> <span class='ocrx_word' id='word_1_139' title='bbox 492 1971 639 2039; x_wconf 88' lang='lat' dir='ltr'><strong>dula,</strong></span> <span class='ocrx_word' id='word_1_140' title='bbox 678 1973 731 2026; x_wconf 89' lang='lat' dir='ltr'><strong>in</strong></span> <span class='ocrx_word' id='word_1_141' title='bbox 760 1969 957 2026; x_wconf 89' lang='lat' dir='ltr'><strong>mundo</strong></span> <span class='ocrx_word' id='word_1_142' title='bbox 984 1986 1126 2036; x_wconf 90' lang='lat' dir='ltr'><strong>sum,</strong></span> <span class='ocrx_word' id='word_1_143' title='bbox 1174 1972 1224 2025; x_wconf 90' lang='lat' dir='ltr'><strong>in</strong></span> <span class='ocrx_word' id='word_1_144' title='bbox 1271 1980 1408 2026; x_wconf 86' lang='lat' dir='ltr'><strong>terra</strong></span> <span class='ocrx_word' id='word_1_145' title='bbox 1438 1986 1627 2027; x_wconf 87' lang='lat' dir='ltr'><strong>versor</strong></span> <span class='ocrx_word' id='word_1_146' title='bbox 1656 1990 1667 2024; x_wconf 92' lang='lat'>:</span> <span class='ocrx_word' id='word_1_147' title='bbox 1699 1972 1785 2027; x_wconf 88' lang='lat' dir='ltr'><strong>dic</strong></span> <span class='ocrx_word' id='word_1_148' title='bbox 1813 1972 1924 2027; x_wconf 83' lang='lat' dir='ltr'><strong>illi:</strong></span> <span class='ocrx_word' id='word_1_149' title='bbox 1955 1973 2079 2029; x_wconf 67' lang='lat' dir='ltr'><strong>Haec</strong></span> 
     </span>
    </p>
   </div>
   <div class='ocr_carea' id='block_1_18' title="bbox 491 2060 2080 2131">
    <p class='ocr_par' dir='ltr' id='par_1_18' title="bbox 491 2060 2080 2131">
     <span class='ocr_line' id='line_1_18' title="bbox 491 2060 2080 2131; baseline 0.003 -16"><span class='ocrx_word' id='word_1_150' title='bbox 491 2062 669 2118; x_wconf 80' lang='lat' dir='ltr'><strong>omnia</strong></span> <span class='ocrx_word' id='word_1_151' title='bbox 697 2062 948 2118; x_wconf 90' lang='lat' dir='ltr'><strong>obtentus</strong></span> <span class='ocrx_word' id='word_1_152' title='bbox 973 2071 1115 2117; x_wconf 91' lang='lat' dir='ltr'><strong>sunt.</strong></span> <span class='ocrx_word' id='word_1_153' title='bbox 1148 2060 1282 2117; x_wconf 86' lang='lat' dir='ltr'><strong>Nam</strong></span> <span class='ocrx_word' id='word_1_154' title='bbox 1312 2062 1398 2117; x_wconf 91' lang='lat' dir='ltr'><strong>ille</strong></span> <span class='ocrx_word' id='word_1_155' title='bbox 1433 2077 1594 2118; x_wconf 88' lang='lat' dir='ltr'><strong>carne</strong></span> <span class='ocrx_word' id='word_1_156' title='bbox 1622 2060 1958 2131; x_wconf 88' lang='lat' dir='ltr'><strong>induebatur,</strong></span> <span class='ocrx_word' id='word_1_157' title='bbox 1991 2064 2080 2120; x_wconf 88' lang='lat' dir='ltr'><strong>ille</strong></span> 
     </span>
    </p>
   </div>
   <div class='ocr_carea' id='block_1_19' title="bbox 492 2153 2077 2226">
    <p class='ocr_par' dir='ltr' id='par_1_19' title="bbox 492 2153 2077 2226">
     <span class='ocr_line' id='line_1_19' title="bbox 492 2153 2077 2226; baseline 0.001 -17"><span class='ocrx_word' id='word_1_158' title='bbox 492 2157 542 2210; x_wconf 94' lang='lat' dir='ltr'><strong>in</strong></span> <span class='ocrx_word' id='word_1_159' title='bbox 591 2155 794 2211; x_wconf 90' lang='lat' dir='ltr'><strong>mundo</strong></span> <span class='ocrx_word' id='word_1_160' title='bbox 830 2165 889 2210; x_wconf 90' lang='lat' dir='ltr'><strong>et</strong></span> <span class='ocrx_word' id='word_1_161' title='bbox 924 2154 979 2209; x_wconf 92' lang='lat' dir='ltr'><strong>in</strong></span> <span class='ocrx_word' id='word_1_162' title='bbox 1006 2163 1145 2210; x_wconf 87' lang='lat' dir='ltr'><strong>terra</strong></span> <span class='ocrx_word' id='word_1_163' title='bbox 1176 2168 1395 2209; x_wconf 87' lang='lat' dir='ltr'><strong>versans</strong></span> <span class='ocrx_word' id='word_1_164' title='bbox 1423 2153 1682 2226; x_wconf 64' lang='lat' dir='ltr'><strong>praeclare</strong></span> <span class='ocrx_word' id='word_1_165' title='bbox 1713 2155 1842 2209; x_wconf 77' lang='lat' dir='ltr'><strong>vixit</strong></span> <span class='ocrx_word' id='word_1_166' title='bbox 1872 2172 1885 2209; x_wconf 88' lang='lat'><strong>:</strong></span> <span class='ocrx_word' id='word_1_167' title='bbox 1918 2164 1972 2211; x_wconf 92' lang='lat' dir='ltr'><strong>et</strong></span> <span class='ocrx_word' id='word_1_168' title='bbox 2022 2164 2077 2211; x_wconf 90' lang='lat' dir='ltr'><strong>tu</strong></span> 
     </span>
    </p>
   </div>
   <div class='ocr_carea' id='block_1_20' title="bbox 488 2246 2074 2320">
    <p class='ocr_par' dir='ltr' id='par_1_20' title="bbox 488 2246 2074 2320">
     <span class='ocr_line' id='line_1_20' title="bbox 488 2246 2074 2320; baseline 0.001 -18"><span class='ocrx_word' id='word_1_169' title='bbox 488 2265 720 2320; x_wconf 83' lang='lat' dir='ltr'><strong>quoque,</strong></span> <span class='ocrx_word' id='word_1_170' title='bbox 749 2263 869 2302; x_wconf 91' lang='lat' dir='ltr'><strong>cum</strong></span> <span class='ocrx_word' id='word_1_171' title='bbox 898 2254 1043 2303; x_wconf 91' lang='lat' dir='ltr'><strong>recte</strong></span> <span class='ocrx_word' id='word_1_172' title='bbox 1070 2247 1206 2319; x_wconf 82' lang='lat' dir='ltr'><strong>agis,</strong></span> <span class='ocrx_word' id='word_1_173' title='bbox 1236 2262 1395 2302; x_wconf 88' lang='lat' dir='ltr'><strong>carne</strong></span> <span class='ocrx_word' id='word_1_174' title='bbox 1421 2261 1480 2302; x_wconf 90' lang='lat' dir='ltr'><strong>es</strong></span> <span class='ocrx_word' id='word_1_175' title='bbox 1507 2246 1708 2302; x_wconf 90' lang='lat' dir='ltr'><strong>induta.</strong></span> <span class='ocrx_word' id='word_1_176' title='bbox 1751 2246 1805 2304; x_wconf 92' lang='lat' dir='ltr'><strong>Si</strong></span> <span class='ocrx_word' id='word_1_177' title='bbox 1837 2247 1951 2303; x_wconf 87' lang='lat' dir='ltr'><strong>haec</strong></span> <span class='ocrx_word' id='word_1_178' title='bbox 1979 2263 2074 2303; x_wconf 87' lang='lat' dir='ltr'><strong>au-</strong></span> 
     </span>
    </p>
   </div>
   <div class='ocr_carea' id='block_1_21' title="bbox 489 2337 2075 2412">
    <p class='ocr_par' dir='ltr' id='par_1_21' title="bbox 489 2337 2075 2412">
     <span class='ocr_line' id='line_1_21' title="bbox 489 2337 2075 2412; baseline 0.001 -18"><span class='ocrx_word' id='word_1_179' title='bbox 489 2342 638 2396; x_wconf 88' lang='lat' dir='ltr'><strong>diens</strong></span> <span class='ocrx_word' id='word_1_180' title='bbox 663 2350 909 2412; x_wconf 81' lang='lat' dir='ltr'><strong>angatur,</strong></span> <span class='ocrx_word' id='word_1_181' title='bbox 939 2354 1007 2395; x_wconf 89' lang='lat' dir='ltr'><strong>ne</strong></span> <span class='ocrx_word' id='word_1_182' title='bbox 1035 2337 1320 2395; x_wconf 86' lang='lat' dir='ltr'><strong>subtrahas</strong></span> <span class='ocrx_word' id='word_1_183' title='bbox 1350 2353 1563 2393; x_wconf 89' lang='lat' dir='ltr'><strong>manum</strong></span> <span class='ocrx_word' id='word_1_184' title='bbox 1597 2357 1610 2393; x_wconf 91' lang='lat'><strong><em>:</em></strong></span> <span class='ocrx_word' id='word_1_185' title='bbox 1643 2354 1749 2393; x_wconf 91' lang='lat' dir='ltr'><strong>non</strong></span> <span class='ocrx_word' id='word_1_186' title='bbox 1785 2341 1926 2396; x_wconf 86' lang='lat' dir='ltr'><strong>enim</strong></span> <span class='ocrx_word' id='word_1_187' title='bbox 1956 2355 2075 2395; x_wconf 90' lang='lat' dir='ltr'><strong>mo-</strong></span> 
     </span>
    </p>
   </div>
   <div class='ocr_carea' id='block_1_22' title="bbox 489 2429 2074 2502">
    <p class='ocr_par' dir='ltr' id='par_1_22' title="bbox 489 2429 2074 2502">
     <span class='ocr_line' id='line_1_22' title="bbox 489 2429 2074 2502; baseline 0.003 -18"><span class='ocrx_word' id='word_1_188' title='bbox 489 2433 674 2499; x_wconf 89' lang='lat' dir='ltr'><strong>rietur,</strong></span> <span class='ocrx_word' id='word_1_189' title='bbox 699 2432 744 2486; x_wconf 91' lang='lat' dir='ltr'><strong>si</strong></span> <span class='ocrx_word' id='word_1_190' title='bbox 770 2430 1121 2502; x_wconf 87' lang='lat' dir='ltr'><strong>percusseris,</strong></span> <span class='ocrx_word' id='word_1_191' title='bbox 1144 2430 1254 2485; x_wconf 86' lang='lat' dir='ltr'><strong>imo</strong></span> <span class='ocrx_word' id='word_1_192' title='bbox 1283 2430 1429 2485; x_wconf 88' lang='lat' dir='ltr'><strong>illam</strong></span> <span class='ocrx_word' id='word_1_193' title='bbox 1456 2446 1485 2484; x_wconf 89' lang='lat' dir='ltr'><strong>a</strong></span> <span class='ocrx_word' id='word_1_194' title='bbox 1513 2439 1685 2484; x_wconf 87' lang='lat' dir='ltr'><strong>morte</strong></span> <span class='ocrx_word' id='word_1_195' title='bbox 1716 2430 1989 2486; x_wconf 84' lang='lat' dir='ltr'><strong>liberabis.</strong></span> <span class='ocrx_word' id='word_1_196' title='bbox 2018 2429 2074 2488; x_wconf 87' lang='lat' dir='ltr'><strong>Si</strong></span> 
     </span>
    </p>
   </div>
   <div class='ocr_carea' id='block_1_23' title="bbox 489 2520 2077 2589">
    <p class='ocr_par' dir='ltr' id='par_1_23' title="bbox 489 2520 2077 2589">
     <span class='ocr_line' id='line_1_23' title="bbox 489 2520 2077 2589; baseline 0.003 -14"><span class='ocrx_word' id='word_1_197' title='bbox 489 2538 700 2578; x_wconf 80' lang='lat' dir='ltr'><strong>rursum</strong></span> <span class='ocrx_word' id='word_1_198' title='bbox 738 2522 955 2588; x_wconf 84' lang='lat' dir='ltr'><strong>dixerit,</strong></span> <span class='ocrx_word' id='word_1_199' title='bbox 997 2521 1091 2577; x_wconf 89' lang='lat' dir='ltr'><strong>Ille</strong></span> <span class='ocrx_word' id='word_1_200' title='bbox 1119 2538 1205 2577; x_wconf 90' lang='lat' dir='ltr'><strong>me</strong></span> <span class='ocrx_word' id='word_1_201' title='bbox 1254 2522 1502 2589; x_wconf 90' lang='lat' dir='ltr'><strong>irritavit,</strong></span> <span class='ocrx_word' id='word_1_202' title='bbox 1544 2520 1633 2578; x_wconf 85' lang='lat' dir='ltr'><strong>die</strong></span> <span class='ocrx_word' id='word_1_203' title='bbox 1663 2522 1735 2577; x_wconf 88' lang='lat' dir='ltr'><strong>illi</strong></span> <span class='ocrx_word' id='word_1_204' title='bbox 1768 2522 1916 2579; x_wconf 87' lang='lat' dir='ltr'><strong>:Sed</strong></span> <span class='ocrx_word' id='word_1_205' title='bbox 1954 2523 2077 2580; x_wconf 87' lang='lat' dir='ltr'><strong>licet</strong></span> 
     </span>
    </p>
   </div>
   <div class='ocr_carea' id='block_1_24' title="bbox 487 2612 2077 2684">
    <p class='ocr_par' dir='ltr' id='par_1_24' title="bbox 487 2612 2077 2684">
     <span class='ocr_line' id='line_1_24' title="bbox 487 2612 2077 2684; baseline 0.002 -17"><span class='ocrx_word' id='word_1_206' title='bbox 487 2615 577 2668; x_wconf 88' lang='lat' dir='ltr'><strong>tibi</strong></span> <span class='ocrx_word' id='word_1_207' title='bbox 606 2629 710 2668; x_wconf 90' lang='lat' dir='ltr'><strong>non</strong></span> <span class='ocrx_word' id='word_1_208' title='bbox 742 2613 977 2680; x_wconf 89' lang='lat' dir='ltr'><strong>irritari;</strong></span> <span class='ocrx_word' id='word_1_209' title='bbox 1009 2627 1153 2684; x_wconf 68' lang='lat' dir='ltr'><strong>saepe</strong></span> <span class='ocrx_word' id='word_1_210' title='bbox 1182 2613 1324 2668; x_wconf 89' lang='lat' dir='ltr'><strong>enim</strong></span> <span class='ocrx_word' id='word_1_211' title='bbox 1355 2613 1488 2668; x_wconf 88' lang='lat' dir='ltr'><strong>iram</strong></span> <span class='ocrx_word' id='word_1_212' title='bbox 1517 2613 1806 2684; x_wconf 84' lang='lat' dir='ltr'><strong>superasti.</strong></span> <span class='ocrx_word' id='word_1_213' title='bbox 1834 2612 1894 2669; x_wconf 90' lang='lat' dir='ltr'><strong>Si</strong></span> <span class='ocrx_word' id='word_1_214' title='bbox 1920 2613 2077 2670; x_wconf 80' lang='lat' dir='ltr'><strong>dixe-</strong></span> 
     </span>
    </p>
   </div>
   <div class='ocr_carea' id='block_1_25' title="bbox 486 2706 2076 2780">
    <p class='ocr_par' dir='ltr' id='par_1_25' title="bbox 486 2706 2076 2780">
     <span class='ocr_line' id='line_1_25' title="bbox 486 2706 2076 2780; baseline 0.004 -19"><span class='ocrx_word' id='word_1_215' title='bbox 486 2710 572 2771; x_wconf 86' lang='lat' dir='ltr'><strong>rit,</strong></span> <span class='ocrx_word' id='word_1_216' title='bbox 617 2707 764 2763; x_wconf 91' lang='lat' dir='ltr'><strong>Illius</strong></span> <span class='ocrx_word' id='word_1_217' title='bbox 808 2706 1021 2764; x_wconf 75' lang='lat' dir='ltr'><strong>femina:</strong></span> <span class='ocrx_word' id='word_1_218' title='bbox 1070 2709 1407 2780; x_wconf 86' lang='lat' dir='ltr'><strong>pulchritudo</strong></span> <span class='ocrx_word' id='word_1_219' title='bbox 1450 2726 1538 2765; x_wconf 89' lang='lat' dir='ltr'><strong>me</strong></span> <span class='ocrx_word' id='word_1_220' title='bbox 1575 2711 1943 2777; x_wconf 84' lang='lat' dir='ltr'><strong>inﬂammavit,</strong></span> <span class='ocrx_word' id='word_1_221' title='bbox 1989 2710 2076 2768; x_wconf 90' lang='lat' dir='ltr'><strong>dic</strong></span> 
     </span>
    </p>
   </div>
   <div class='ocr_carea' id='block_1_26' title="bbox 484 2802 2074 2877">
    <p class='ocr_par' dir='ltr' id='par_1_26' title="bbox 484 2802 2074 2877">
     <span class='ocr_line' id='line_1_26' title="bbox 484 2802 2074 2877; baseline 0.003 -21"><span class='ocrx_word' id='word_1_222' title='bbox 484 2802 555 2856; x_wconf 91' lang='lat' dir='ltr'><strong>illi</strong></span> <span class='ocrx_word' id='word_1_223' title='bbox 586 2819 599 2855; x_wconf 91' lang='lat'><strong>:</strong></span> <span class='ocrx_word' id='word_1_224' title='bbox 630 2802 733 2858; x_wconf 86' lang='lat' dir='ltr'><strong>Sed</strong></span> <span class='ocrx_word' id='word_1_225' title='bbox 760 2812 977 2873; x_wconf 88' lang='lat' dir='ltr'><strong>poteras</strong></span> <span class='ocrx_word' id='word_1_226' title='bbox 1007 2802 1109 2858; x_wconf 90' lang='lat' dir='ltr'><strong>hoc</strong></span> <span class='ocrx_word' id='word_1_227' title='bbox 1137 2818 1412 2874; x_wconf 90' lang='lat' dir='ltr'><strong>superare.</strong></span> <span class='ocrx_word' id='word_1_228' title='bbox 1443 2804 1589 2860; x_wconf 86' lang='lat' dir='ltr'><strong>Aﬂ‘er</strong></span> <span class='ocrx_word' id='word_1_229' title='bbox 1617 2805 1859 2877; x_wconf 82' lang='lat' dir='ltr'><strong>exempla</strong></span> <span class='ocrx_word' id='word_1_230' title='bbox 1887 2820 2074 2862; x_wconf 90' lang='lat' dir='ltr'><strong>eorum</strong></span> 
     </span>
    </p>
   </div>
   <div class='ocr_carea' id='block_1_27' title="bbox 484 2893 2070 2968">
    <p class='ocr_par' dir='ltr' id='par_1_27' title="bbox 484 2893 2070 2968">
     <span class='ocr_line' id='line_1_27' title="bbox 484 2893 2070 2968; baseline 0.004 -21"><span class='ocrx_word' id='word_1_231' title='bbox 484 2895 571 2965; x_wconf 86' lang='lat' dir='ltr'><strong>qui</strong></span> <span class='ocrx_word' id='word_1_232' title='bbox 604 2893 656 2950; x_wconf 90' lang='lat' dir='ltr'><strong>id</strong></span> <span class='ocrx_word' id='word_1_233' title='bbox 686 2904 1007 2965; x_wconf 87' lang='lat' dir='ltr'><strong>superarunt</strong></span> <span class='ocrx_word' id='word_1_234' title='bbox 1027 2896 1067 2962; x_wconf 77' lang='grc' dir='ltr'><strong>ί,</strong></span> <span class='ocrx_word' id='word_1_235' title='bbox 1096 2894 1229 2951; x_wconf 80' lang='lat' dir='ltr'><strong>aﬂcr</strong></span> <span class='ocrx_word' id='word_1_236' title='bbox 1254 2897 1559 2967; x_wconf 88' lang='lat' dir='ltr'><strong>exemplum</strong></span> <span class='ocrx_word' id='word_1_237' title='bbox 1587 2897 1775 2968; x_wconf 65' lang='lat' dir='ltr'><strong>prima:</strong></span> <span class='ocrx_word' id='word_1_238' title='bbox 1810 2898 2070 2968; x_wconf 88' lang='lat' dir='ltr'><strong>mulieris,</strong></span> 
     </span>
    </p>
   </div>
   <div class='ocr_carea' id='block_1_28' title="bbox 483 2987 2073 3063">
    <p class='ocr_par' dir='ltr' id='par_1_28' title="bbox 483 2987 2073 3063">
     <span class='ocr_line' id='line_1_28' title="bbox 483 2987 2073 3063; baseline 0.004 -22"><span class='ocrx_word' id='word_1_239' title='bbox 483 3003 600 3057; x_wconf 69' lang='lat' dir='ltr'><strong>quae</strong></span> <span class='ocrx_word' id='word_1_240' title='bbox 629 2987 786 3056; x_wconf 80' lang='lat' dir='ltr'><strong>dixit,</strong></span> <span class='ocrx_word' id='word_1_241' title='bbox 833 2988 1056 3062; x_wconf 77' lang='lat' dir='ltr'><strong>Serpens</strong></span> <span class='ocrx_word' id='word_1_242' title='bbox 1096 2990 1288 3061; x_wconf 79' lang='lat' dir='ltr'><strong>decepit</strong></span> <span class='ocrx_word' id='word_1_243' title='bbox 1335 3006 1415 3045; x_wconf 87' lang='lat' dir='ltr'><strong>me</strong></span> <span class='ocrx_word' id='word_1_244' title='bbox 1444 2988 1596 3063; x_wconf 81' lang='lat' dir='ltr'><strong>(Gen.</strong></span> <span class='ocrx_word' id='word_1_245' title='bbox 1624 2991 1677 3046; x_wconf 83' lang='lat'><strong>&#39;5.</strong></span> <span class='ocrx_word' id='word_1_246' title='bbox 1711 2990 1825 3062; x_wconf 81' lang='lat' dir='ltr'><strong>I5),</strong></span> <span class='ocrx_word' id='word_1_247' title='bbox 1856 3007 1955 3047; x_wconf 89' lang='lat' dir='ltr'><strong>nec</strong></span> <span class='ocrx_word' id='word_1_248' title='bbox 1995 3000 2073 3048; x_wconf 71' lang='grc' dir='ltr'><strong>ιιι-</strong></span> 
     </span>
    </p>
   </div>
   <div class='ocr_carea' id='block_1_29' title="bbox 484 3080 1197 3136">
    <p class='ocr_par' dir='ltr' id='par_1_29' title="bbox 484 3080 1197 3136">
     <span class='ocr_line' id='line_1_29' title="bbox 484 3080 1197 3136; baseline 0.003 -4"><span class='ocrx_word' id='word_1_249' title='bbox 484 3095 604 3135; x_wconf 90' lang='lat' dir='ltr'><strong>men</strong></span> <span class='ocrx_word' id='word_1_250' title='bbox 635 3080 859 3135; x_wconf 89' lang='lat' dir='ltr'><strong>crimine</strong></span> <span class='ocrx_word' id='word_1_251' title='bbox 886 3080 1050 3136; x_wconf 86' lang='lat' dir='ltr'><strong>libera</strong></span> <span class='ocrx_word' id='word_1_252' title='bbox 1080 3081 1197 3136; x_wconf 84' lang='lat' dir='ltr'><strong>fuit.</strong></span> 
     </span>
    </p>
   </div>
   <div class='ocr_carea' id='block_1_30' title="bbox 554 3171 2068 3248">
    <p class='ocr_par' dir='ltr' id='par_1_30' title="bbox 554 3171 2068 3248">
     <span class='ocr_line' id='line_1_30' title="bbox 554 3171 2068 3248; baseline 0.004 -20"><span class='ocrx_word' id='word_1_253' title='bbox 554 3174 608 3229; x_wconf 74' lang='grc'><strong>4.</strong></span> <span class='ocrx_word' id='word_1_254' title='bbox 639 3171 773 3229; x_wconf 77' lang='lat' dir='ltr'><strong>cum</strong></span> <span class='ocrx_word' id='word_1_255' title='bbox 804 3172 920 3228; x_wconf 83' lang='lat' dir='ltr'><strong>haec</strong></span> <span class='ocrx_word' id='word_1_256' title='bbox 948 3175 1193 3245; x_wconf 88' lang='lat' dir='ltr'><strong>inquiris,</strong></span> <span class='ocrx_word' id='word_1_257' title='bbox 1220 3191 1379 3230; x_wconf 89' lang='lat' dir='ltr'><strong>nemo</strong></span> <span class='ocrx_word' id='word_1_258' title='bbox 1399 3175 1557 3245; x_wconf 89' lang='lat' dir='ltr'><strong>adsit,</strong></span> <span class='ocrx_word' id='word_1_259' title='bbox 1584 3193 1741 3233; x_wconf 85' lang='lat' dir='ltr'><strong>nemo</strong></span> <span class='ocrx_word' id='word_1_260' title='bbox 1769 3178 2068 3248; x_wconf 88' lang='lat' dir='ltr'><strong>perturbet,</strong></span> 
     </span>
    </p>
   </div>
   <div class='ocr_carea' id='block_1_31' title="bbox 482 3264 2071 3347">
    <p class='ocr_par' dir='ltr' id='par_1_31' title="bbox 482 3264 2071 3347">
     <span class='ocr_line' id='line_1_31' title="bbox 482 3264 2071 3347; baseline 0.004 -28"><span class='ocrx_word' id='word_1_261' title='bbox 482 3265 575 3321; x_wconf 90' lang='lat' dir='ltr'><strong>sed</strong></span> <span class='ocrx_word' id='word_1_262' title='bbox 604 3264 1050 3335; x_wconf 88' lang='lat' dir='ltr'><strong>quemadmodum</strong></span> <span class='ocrx_word' id='word_1_263' title='bbox 1082 3266 1296 3347; x_wconf 81' lang='lat' dir='ltr'><strong>judices</strong></span> <span class='ocrx_word' id='word_1_264' title='bbox 1326 3283 1464 3339; x_wconf 92' lang='lat' dir='ltr'><strong>pone</strong></span> <span class='ocrx_word' id='word_1_265' title='bbox 1490 3270 1664 3325; x_wconf 84' lang='lat' dir='ltr'><strong>velum</strong></span> <span class='ocrx_word' id='word_1_266' title='bbox 1704 3270 1955 3326; x_wconf 87' lang='lat' dir='ltr'><strong>sedentes</strong></span> <span class='ocrx_word' id='word_1_267' title='bbox 1985 3272 2071 3341; x_wconf 85' lang='lat' dir='ltr'><strong>ju-</strong></span> 
     </span>
    </p>
   </div>
   <div class='ocr_carea' id='block_1_32' title="bbox 481 3354 2070 3433">
    <p class='ocr_par' dir='ltr' id='par_1_32' title="bbox 481 3354 2070 3433">
     <span class='ocr_line' id='line_1_32' title="bbox 481 3354 2070 3433; baseline 0.005 -24"><span class='ocrx_word' id='word_1_268' title='bbox 481 3358 661 3411; x_wconf 89' lang='lat' dir='ltr'><strong>dicant</strong></span> <span class='ocrx_word' id='word_1_269' title='bbox 691 3354 785 3429; x_wconf 85' lang='grc' dir='ltr'>(α),</span> <span class='ocrx_word' id='word_1_270' title='bbox 818 3358 895 3413; x_wconf 90' lang='lat' dir='ltr'><strong>sic</strong></span> <span class='ocrx_word' id='word_1_271' title='bbox 916 3368 968 3413; x_wconf 88' lang='lat' dir='ltr'><strong>et</strong></span> <span class='ocrx_word' id='word_1_272' title='bbox 1001 3366 1054 3413; x_wconf 91' lang='lat' dir='ltr'><strong>tu</strong></span> <span class='ocrx_word' id='word_1_273' title='bbox 1083 3374 1182 3429; x_wconf 91' lang='lat' dir='ltr'><strong>pro</strong></span> <span class='ocrx_word' id='word_1_274' title='bbox 1204 3358 1320 3415; x_wconf 90' lang='lat' dir='ltr'><strong>velo</strong></span> <span class='ocrx_word' id='word_1_275' title='bbox 1348 3368 1557 3431; x_wconf 88' lang='lat' dir='ltr'><strong>tempus</strong></span> <span class='ocrx_word' id='word_1_276' title='bbox 1585 3371 1634 3415; x_wconf 91' lang='lat' dir='ltr'><strong>et</strong></span> <span class='ocrx_word' id='word_1_277' title='bbox 1668 3360 1844 3416; x_wconf 89' lang='lat' dir='ltr'><strong>locum</strong></span> <span class='ocrx_word' id='word_1_278' title='bbox 1876 3360 2070 3433; x_wconf 85' lang='lat' dir='ltr'><strong>quietis</strong></span> 
     </span>
    </p>
   </div>
   <div class='ocr_carea' id='block_1_33' title="bbox 479 3448 2069 3525">
    <p class='ocr_par' dir='ltr' id='par_1_33' title="bbox 479 3448 2069 3525">
     <span class='ocr_line' id='line_1_33' title="bbox 479 3448 2069 3525; baseline 0.005 -23"><span class='ocrx_word' id='word_1_279' title='bbox 479 3464 677 3521; x_wconf 67' lang='lat' dir='ltr'><strong>quarre.</strong></span> <span class='ocrx_word' id='word_1_280' title='bbox 706 3448 840 3506; x_wconf 90' lang='lat' dir='ltr'><strong>Cum</strong></span> <span class='ocrx_word' id='word_1_281' title='bbox 868 3458 989 3521; x_wconf 89' lang='lat' dir='ltr'><strong>post</strong></span> <span class='ocrx_word' id='word_1_282' title='bbox 1015 3465 1223 3508; x_wconf 89' lang='lat' dir='ltr'><strong>coenam</strong></span> <span class='ocrx_word' id='word_1_283' title='bbox 1254 3454 1427 3525; x_wconf 86' lang='lat' dir='ltr'><strong>surgis</strong></span> <span class='ocrx_word' id='word_1_284' title='bbox 1453 3496 1467 3519; x_wconf 93' lang='lat'><strong>,</strong></span> <span class='ocrx_word' id='word_1_285' title='bbox 1495 3463 1546 3509; x_wconf 92' lang='lat' dir='ltr'><strong>et</strong></span> <span class='ocrx_word' id='word_1_286' title='bbox 1577 3453 1773 3509; x_wconf 83' lang='lat' dir='ltr'><strong>lectum</strong></span> <span class='ocrx_word' id='word_1_287' title='bbox 1808 3457 2069 3524; x_wconf 87' lang='lat' dir='ltr'><strong>petiturus</strong></span> 
     </span>
    </p>
   </div>
   <div class='ocr_carea' id='block_1_34' title="bbox 479 3544 2064 3618">
    <p class='ocr_par' dir='ltr' id='par_1_34' title="bbox 479 3544 2064 3618">
     <span class='ocr_line' id='line_1_34' title="bbox 479 3544 2064 3618; baseline 0.001 -18"><span class='ocrx_word' id='word_1_288' title='bbox 479 3560 570 3610; x_wconf 87' lang='lat' dir='ltr'><strong>es,</strong></span> <span class='ocrx_word' id='word_1_289' title='bbox 608 3544 718 3599; x_wconf 86' lang='lat' dir='ltr'><strong>hoc</strong></span> <span class='ocrx_word' id='word_1_290' title='bbox 759 3544 1015 3615; x_wconf 86' lang='lat' dir='ltr'><strong>judicium</strong></span> <span class='ocrx_word' id='word_1_291' title='bbox 1064 3544 1212 3602; x_wconf 89' lang='lat' dir='ltr'><strong>ineas</strong></span> <span class='ocrx_word' id='word_1_292' title='bbox 1245 3565 1257 3599; x_wconf 95' lang='lat'>:</span> <span class='ocrx_word' id='word_1_293' title='bbox 1292 3546 1393 3602; x_wconf 83' lang='lat' dir='ltr'><strong>huc</strong></span> <span class='ocrx_word' id='word_1_294' title='bbox 1425 3555 1634 3618; x_wconf 89' lang='lat' dir='ltr'><strong>tempus</strong></span> <span class='ocrx_word' id='word_1_295' title='bbox 1672 3549 1918 3604; x_wconf 89' lang='lat' dir='ltr'><strong>idoneum</strong></span> <span class='ocrx_word' id='word_1_296' title='bbox 1945 3559 2064 3605; x_wconf 91' lang='lat' dir='ltr'><strong>est:</strong></span> 
     </span>
    </p>
   </div>
   <div class='ocr_carea' id='block_1_35' title="bbox 475 3635 2065 3709">
    <p class='ocr_par' dir='ltr' id='par_1_35' title="bbox 475 3635 2065 3709">
     <span class='ocr_line' id='line_1_35' title="bbox 475 3635 2065 3709; baseline 0.003 -20"><span class='ocrx_word' id='word_1_297' title='bbox 475 3637 628 3691; x_wconf 89' lang='lat' dir='ltr'><strong>locus</strong></span> <span class='ocrx_word' id='word_1_298' title='bbox 656 3651 786 3690; x_wconf 91' lang='lat' dir='ltr'><strong>vero</strong></span> <span class='ocrx_word' id='word_1_299' title='bbox 824 3635 994 3690; x_wconf 92' lang='lat' dir='ltr'><strong>lectus</strong></span> <span class='ocrx_word' id='word_1_300' title='bbox 1020 3645 1103 3691; x_wconf 89' lang='lat' dir='ltr'><strong>est</strong></span> <span class='ocrx_word' id='word_1_301' title='bbox 1130 3646 1185 3692; x_wconf 92' lang='lat' dir='ltr'><strong>et</strong></span> <span class='ocrx_word' id='word_1_302' title='bbox 1211 3637 1492 3693; x_wconf 87' lang='lat' dir='ltr'><strong>thalamus.</strong></span> <span class='ocrx_word' id='word_1_303' title='bbox 1536 3638 1665 3692; x_wconf 92' lang='lat' dir='ltr'><strong>Illud</strong></span> <span class='ocrx_word' id='word_1_304' title='bbox 1710 3646 1764 3694; x_wconf 92' lang='lat' dir='ltr'><strong>ct</strong></span> <span class='ocrx_word' id='word_1_305' title='bbox 1807 3638 2065 3709; x_wconf 82' lang='lat' dir='ltr'><strong>prepheta</strong></span> 
     </span>
    </p>
   </div>
   <div class='ocr_carea' id='block_1_36' title="bbox 478 3726 2070 3797">
    <p class='ocr_par' dir='ltr' id='par_1_36' title="bbox 478 3726 2070 3797">
     <span class='ocr_line' id='line_1_36' title="bbox 478 3726 2070 3797; baseline 0.001 -16"><span class='ocrx_word' id='word_1_306' title='bbox 478 3728 655 3797; x_wconf 82' lang='lat' dir='ltr'><strong>jussit,</strong></span> <span class='ocrx_word' id='word_1_307' title='bbox 685 3728 868 3783; x_wconf 89' lang='lat' dir='ltr'><strong>dicens</strong></span> <span class='ocrx_word' id='word_1_308' title='bbox 898 3745 912 3781; x_wconf 88' lang='lat'><strong>:</strong></span> <span class='ocrx_word' id='word_1_309' title='bbox 945 3728 1073 3795; x_wconf 81' lang='lat' dir='ltr'><strong>Qua:</strong></span> <span class='ocrx_word' id='word_1_310' title='bbox 1099 3726 1265 3782; x_wconf 81' lang='lat' dir='ltr'><strong>dicitis</strong></span> <span class='ocrx_word' id='word_1_311' title='bbox 1290 3729 1343 3782; x_wconf 88' lang='lat' dir='ltr'><strong>in</strong></span> <span class='ocrx_word' id='word_1_312' title='bbox 1372 3728 1607 3783; x_wconf 79' lang='lat' dir='ltr'><strong>cordibus</strong></span> <span class='ocrx_word' id='word_1_313' title='bbox 1634 3732 1828 3797; x_wconf 79' lang='lat' dir='ltr'><strong>vestris,</strong></span> <span class='ocrx_word' id='word_1_314' title='bbox 1856 3731 1908 3784; x_wconf 87' lang='lat' dir='ltr'><strong>in</strong></span> <span class='ocrx_word' id='word_1_315' title='bbox 1930 3732 2070 3785; x_wconf 85' lang='lat' dir='ltr'><strong>cubi-</strong></span> 
     </span>
    </p>
   </div>
   <div class='ocr_carea' id='block_1_37' title="bbox 479 3818 2065 3894">
    <p class='ocr_par' dir='ltr' id='par_1_37' title="bbox 479 3818 2065 3894">
     <span class='ocr_line' id='line_1_37' title="bbox 479 3818 2065 3894; baseline 0.003 -21"><span class='ocrx_word' id='word_1_316' title='bbox 479 3821 608 3874; x_wconf 83' lang='lat' dir='ltr'><strong>tibus</strong></span> <span class='ocrx_word' id='word_1_317' title='bbox 628 3820 801 3874; x_wconf 78' lang='lat' dir='ltr'><strong>vestris</strong></span> <span class='ocrx_word' id='word_1_318' title='bbox 821 3821 1216 3890; x_wconf 84' lang='lat' dir='ltr'><strong>compungimini</strong></span> <span class='ocrx_word' id='word_1_319' title='bbox 1233 3818 1401 3894; x_wconf 82' lang='lat' dir='ltr'><strong>(Psal.</strong></span> <span class='ocrx_word' id='word_1_320' title='bbox 1417 3821 1470 3875; x_wconf 76' lang='grc'><strong>4.</strong></span> <span class='ocrx_word' id='word_1_321' title='bbox 1494 3821 1570 3892; x_wconf 86' lang='grc'><strong>5).</strong></span> <span class='ocrx_word' id='word_1_322' title='bbox 1594 3822 1883 3876; x_wconf 88' lang='lat' dir='ltr'><strong>Parvarum</strong></span> <span class='ocrx_word' id='word_1_323' title='bbox 1907 3824 2065 3877; x_wconf 88' lang='lat' dir='ltr'><strong>etiam</strong></span> 
     </span>
    </p>
   </div>
   <div class='ocr_carea' id='block_1_38' title="bbox 477 3913 2067 3985">
    <p class='ocr_par' dir='ltr' id='par_1_38' title="bbox 477 3913 2067 3985">
     <span class='ocr_line' id='line_1_38' title="bbox 477 3913 2067 3985; baseline 0.001 -18"><span class='ocrx_word' id='word_1_324' title='bbox 477 3928 654 3967; x_wconf 89' lang='lat' dir='ltr'><strong>rerum</strong></span> <span class='ocrx_word' id='word_1_325' title='bbox 680 3927 899 3983; x_wconf 83' lang='lat' dir='ltr'><strong>magnas</strong></span> <span class='ocrx_word' id='word_1_326' title='bbox 929 3915 1161 3968; x_wconf 78' lang='lat' dir='ltr'><strong>ratioiies</strong></span> <span class='ocrx_word' id='word_1_327' title='bbox 1187 3914 1361 3983; x_wconf 77' lang='lat' dir='ltr'><strong>exige,</strong></span> <span class='ocrx_word' id='word_1_328' title='bbox 1391 3929 1458 3968; x_wconf 90' lang='lat' dir='ltr'><strong>ne</strong></span> <span class='ocrx_word' id='word_1_329' title='bbox 1479 3929 1728 3985; x_wconf 87' lang='lat' dir='ltr'><strong>umquam</strong></span> <span class='ocrx_word' id='word_1_330' title='bbox 1752 3913 1817 3968; x_wconf 90' lang='lat' dir='ltr'><strong>ad</strong></span> <span class='ocrx_word' id='word_1_331' title='bbox 1848 3929 2067 3985; x_wconf 84' lang='lat' dir='ltr'><strong>magnas</strong></span> 
     </span>
    </p>
   </div>
   <div class='ocr_carea' id='block_1_39' title="bbox 477 4003 2067 4075">
    <p class='ocr_par' dir='ltr' id='par_1_39' title="bbox 477 4003 2067 4075">
     <span class='ocr_line' id='line_1_39' title="bbox 477 4003 2067 4075; baseline 0.002 -16"><span class='ocrx_word' id='word_1_332' title='bbox 477 4020 562 4059; x_wconf 90' lang='lat' dir='ltr'><strong>res</strong></span> <span class='ocrx_word' id='word_1_333' title='bbox 591 4004 834 4060; x_wconf 90' lang='lat' dir='ltr'><strong>accedas.</strong></span> <span class='ocrx_word' id='word_1_334' title='bbox 858 4004 913 4060; x_wconf 92' lang='lat' dir='ltr'><strong>Si</strong></span> <span class='ocrx_word' id='word_1_335' title='bbox 944 4003 1045 4059; x_wconf 87' lang='lat' dir='ltr'><strong>hoe</strong></span> <span class='ocrx_word' id='word_1_336' title='bbox 1067 4005 1306 4075; x_wconf 86' lang='lat' dir='ltr'><strong>quotidie</strong></span> <span class='ocrx_word' id='word_1_337' title='bbox 1336 4006 1549 4073; x_wconf 87' lang='lat' dir='ltr'><strong>feceris,</strong></span> <span class='ocrx_word' id='word_1_338' title='bbox 1575 4020 1697 4062; x_wconf 88' lang='lat' dir='ltr'><strong>cum</strong></span> <span class='ocrx_word' id='word_1_339' title='bbox 1737 4006 1931 4062; x_wconf 84' lang='lat' dir='ltr'><strong>fiducia</strong></span> <span class='ocrx_word' id='word_1_340' title='bbox 1958 4017 2067 4062; x_wconf 84' lang='lat' dir='ltr'><strong>sta—</strong></span> 
     </span>
    </p>
   </div>
   <div class='ocr_carea' id='block_1_40' title="bbox 477 4097 2063 4172">
    <p class='ocr_par' dir='ltr' id='par_1_40' title="bbox 477 4097 2063 4172">
     <span class='ocr_line' id='line_1_40' title="bbox 477 4097 2063 4172; baseline 0.004 -22"><span class='ocrx_word' id='word_1_341' title='bbox 477 4097 559 4151; x_wconf 89' lang='lat' dir='ltr'><strong>his</strong></span> <span class='ocrx_word' id='word_1_342' title='bbox 586 4108 713 4153; x_wconf 88' lang='lat' dir='ltr'><strong>ante</strong></span> <span class='ocrx_word' id='word_1_343' title='bbox 735 4097 966 4152; x_wconf 90' lang='lat' dir='ltr'><strong>tribunal</strong></span> <span class='ocrx_word' id='word_1_344' title='bbox 998 4098 1124 4153; x_wconf 91' lang='lat' dir='ltr'><strong>illud</strong></span> <span class='ocrx_word' id='word_1_345' title='bbox 1158 4098 1413 4155; x_wconf 87' lang='lat' dir='ltr'><strong>terribile.</strong></span> <span class='ocrx_word' id='word_1_346' title='bbox 1444 4097 1533 4155; x_wconf 90' lang='lat' dir='ltr'><strong>Sic</strong></span> <span class='ocrx_word' id='word_1_347' title='bbox 1562 4099 1759 4156; x_wconf 84' lang='lat' dir='ltr'><strong>Paulus</strong></span> <span class='ocrx_word' id='word_1_348' title='bbox 1791 4116 1953 4172; x_wconf 92' lang='lat' dir='ltr'><strong>purus</strong></span> <span class='ocrx_word' id='word_1_349' title='bbox 1980 4099 2063 4157; x_wconf 86' lang='lat' dir='ltr'><strong>cf-</strong></span> 
     </span>
    </p>
   </div>
   <div class='ocr_carea' id='block_1_41' title="bbox 476 4190 2061 4266">
    <p class='ocr_par' dir='ltr' id='par_1_41' title="bbox 476 4190 2061 4266">
     <span class='ocr_line' id='line_1_41' title="bbox 476 4190 2061 4266; baseline 0.001 -20"><span class='ocrx_word' id='word_1_350' title='bbox 476 4191 646 4247; x_wconf 86' lang='lat' dir='ltr'><strong>fcclus</strong></span> <span class='ocrx_word' id='word_1_351' title='bbox 670 4200 789 4258; x_wconf 88' lang='lat' dir='ltr'><strong>est;</strong></span> <span class='ocrx_word' id='word_1_352' title='bbox 821 4192 943 4247; x_wconf 90' lang='lat' dir='ltr'><strong>ideo</strong></span> <span class='ocrx_word' id='word_1_353' title='bbox 970 4190 1181 4248; x_wconf 88' lang='lat' dir='ltr'><strong>dicebat</strong></span> <span class='ocrx_word' id='word_1_354' title='bbox 1214 4212 1227 4247; x_wconf 89' lang='lat'><strong>:</strong></span> <span class='ocrx_word' id='word_1_355' title='bbox 1262 4192 1324 4248; x_wconf 86' lang='lat' dir='ltr'><strong>Si</strong></span> <span class='ocrx_word' id='word_1_356' title='bbox 1343 4194 1672 4263; x_wconf 82' lang='lat' dir='ltr'><strong>nosmetipsos</strong></span> <span class='ocrx_word' id='word_1_357' title='bbox 1687 4195 2061 4266; x_wconf 82' lang='lat' dir='ltr'><strong>judicaremus,</strong></span> 
     </span>
    </p>
   </div>
   <div class='ocr_carea' id='block_1_42' title="bbox 474 4283 2064 4358">
    <p class='ocr_par' dir='ltr' id='par_1_42' title="bbox 474 4283 2064 4358">
     <span class='ocr_line' id='line_1_42' title="bbox 474 4283 2064 4358; baseline 0.003 -21"><span class='ocrx_word' id='word_1_358' title='bbox 474 4299 574 4337; x_wconf 82' lang='lat' dir='ltr'><strong>non</strong></span> <span class='ocrx_word' id='word_1_359' title='bbox 604 4285 772 4355; x_wconf 82' lang='lat' dir='ltr'><strong>utique</strong></span> <span class='ocrx_word' id='word_1_360' title='bbox 796 4285 1146 4354; x_wconf 81' lang='lat' dir='ltr'><strong>iudicaremur</strong></span> <span class='ocrx_word' id='word_1_361' title='bbox 1175 4285 1193 4355; x_wconf 91' lang='lat'>(</span> <span class='ocrx_word' id='word_1_362' title='bbox 1222 4286 1271 4339; x_wconf 88' lang='lat' dir='ltr'><strong>I.</strong></span> <span class='ocrx_word' id='word_1_363' title='bbox 1302 4285 1422 4341; x_wconf 80' lang='lat' dir='ltr'><strong>Cor.</strong></span> <span class='ocrx_word' id='word_1_364' title='bbox 1457 4287 1543 4341; x_wconf 85' lang='grc'><strong>11.</strong></span> <span class='ocrx_word' id='word_1_365' title='bbox 1596 4287 1656 4342; x_wconf 76' lang='lat'><strong>5|</strong></span> <span class='ocrx_word' id='word_1_366' title='bbox 1748 4285 1837 4343; x_wconf 88' lang='lat' dir='ltr'><strong>Sic</strong></span> <span class='ocrx_word' id='word_1_367' title='bbox 1865 4286 1968 4342; x_wconf 81' lang='lat' dir='ltr'><strong>Job</strong></span> <span class='ocrx_word' id='word_1_368' title='bbox 1999 4286 2064 4342; x_wconf 82' lang='lat' dir='ltr'><strong>Ii-</strong></span> 
     </span>
    </p>
   </div>
   <div class='ocr_carea' id='block_1_43' title="bbox 475 4375 2065 4451">
    <p class='ocr_par' dir='ltr' id='par_1_43' title="bbox 475 4375 2065 4451">
     <span class='ocr_line' id='line_1_43' title="bbox 475 4375 2065 4451; baseline 0.003 -21"><span class='ocrx_word' id='word_1_369' title='bbox 475 4376 578 4430; x_wconf 90' lang='lat' dir='ltr'><strong>Iios</strong></span> <span class='ocrx_word' id='word_1_370' title='bbox 600 4391 725 4433; x_wconf 88' lang='lat' dir='ltr'><strong>suos</strong></span> <span class='ocrx_word' id='word_1_371' title='bbox 754 4377 1006 4448; x_wconf 84' lang='lat' dir='ltr'><strong>purgabat</strong></span> <span class='ocrx_word' id='word_1_372' title='bbox 1053 4376 1196 4448; x_wconf 80' lang='lat' dir='ltr'><strong>(Job.</strong></span> <span class='ocrx_word' id='word_1_373' title='bbox 1228 4380 1279 4432; x_wconf 85' lang='lat' dir='ltr'><strong>I.</strong></span> <span class='ocrx_word' id='word_1_374' title='bbox 1306 4375 1401 4451; x_wconf 83' lang='lat'><strong>5).</strong></span> <span class='ocrx_word' id='word_1_375' title='bbox 1432 4377 1564 4433; x_wconf 87' lang='lat' dir='ltr'><strong>Nam</strong></span> <span class='ocrx_word' id='word_1_376' title='bbox 1593 4380 1680 4450; x_wconf 91' lang='lat' dir='ltr'><strong>qui</strong></span> <span class='ocrx_word' id='word_1_377' title='bbox 1713 4394 1811 4448; x_wconf 89' lang='lat' dir='ltr'><strong>pro</strong></span> <span class='ocrx_word' id='word_1_378' title='bbox 1839 4377 2065 4434; x_wconf 91' lang='lat' dir='ltr'><strong>occultis</strong></span> 
     </span>
    </p>
   </div>
   <div class='ocr_carea' id='block_1_44' title="bbox 474 4467 2066 4540">
    <p class='ocr_par' dir='ltr' id='par_1_44' title="bbox 474 4467 2066 4540">
     <span class='ocr_line' id='line_1_44' title="bbox 474 4467 2066 4540; baseline 0.001 -17"><span class='ocrx_word' id='word_1_379' title='bbox 474 4469 732 4523; x_wconf 82' lang='lat' dir='ltr'><strong>sacrificia</strong></span> <span class='ocrx_word' id='word_1_380' title='bbox 760 4467 1038 4535; x_wconf 74' lang='lat' dir='ltr'><strong>offerebat,</strong></span> <span class='ocrx_word' id='word_1_381' title='bbox 1070 4469 1237 4524; x_wconf 90' lang='lat' dir='ltr'><strong>multo</strong></span> <span class='ocrx_word' id='word_1_382' title='bbox 1266 4471 1435 4540; x_wconf 82' lang='lat' dir='ltr'><strong>magis</strong></span> <span class='ocrx_word' id='word_1_383' title='bbox 1465 4485 1561 4540; x_wconf 91' lang='lat' dir='ltr'><strong>pro</strong></span> <span class='ocrx_word' id='word_1_384' title='bbox 1587 4470 1883 4526; x_wconf 81' lang='lat' dir='ltr'><strong>manifestis</strong></span> <span class='ocrx_word' id='word_1_385' title='bbox 1904 4473 2066 4526; x_wconf 86' lang='lat' dir='ltr'><strong>ratio-</strong></span> 
     </span>
    </p>
   </div>
   <div class='ocr_carea' id='block_1_45' title="bbox 475 4561 2064 4633">
    <p class='ocr_par' dir='ltr' id='par_1_45' title="bbox 475 4561 2064 4633">
     <span class='ocr_line' id='line_1_45' title="bbox 475 4561 2064 4633; baseline 0.002 -15"><span class='ocrx_word' id='word_1_386' title='bbox 475 4578 571 4618; x_wconf 87' lang='lat' dir='ltr'><strong>nes</strong></span> <span class='ocrx_word' id='word_1_387' title='bbox 596 4561 901 4633; x_wconf 81' lang='lat' dir='ltr'><strong>expetebat.</strong></span> <span class='ocrx_word' id='word_1_388' title='bbox 924 4563 1013 4618; x_wconf 78' lang='lat' dir='ltr'><strong>‘At</strong></span> <span class='ocrx_word' id='word_1_389' title='bbox 1052 4578 1150 4619; x_wconf 90' lang='lat' dir='ltr'><strong>nos</strong></span> <span class='ocrx_word' id='word_1_390' title='bbox 1178 4580 1281 4617; x_wconf 92' lang='lat' dir='ltr'><strong>non</strong></span> <span class='ocrx_word' id='word_1_391' title='bbox 1325 4565 1395 4618; x_wconf 92' lang='lat' dir='ltr'><strong>ita</strong></span> <span class='ocrx_word' id='word_1_392' title='bbox 1437 4564 1692 4632; x_wconf 80' lang='lat' dir='ltr'><strong>facimus;</strong></span> <span class='ocrx_word' id='word_1_393' title='bbox 1720 4565 1812 4620; x_wconf 91' lang='lat' dir='ltr'><strong>sed</strong></span> <span class='ocrx_word' id='word_1_394' title='bbox 1843 4566 2064 4621; x_wconf 91' lang='lat' dir='ltr'><strong>omnino</strong></span> 
     </span>
    </p>
   </div>
   <div class='ocr_carea' id='block_1_46' title="bbox 474 4655 2065 4727">
    <p class='ocr_par' dir='ltr' id='par_1_46' title="bbox 474 4655 2065 4727">
     <span class='ocr_line' id='line_1_46' title="bbox 474 4655 2065 4727; baseline 0 -16"><span class='ocrx_word' id='word_1_395' title='bbox 474 4670 647 4712; x_wconf 88' lang='lat' dir='ltr'><strong>secus.</strong></span> <span class='ocrx_word' id='word_1_396' title='bbox 677 4655 849 4712; x_wconf 91' lang='lat' dir='ltr'><strong>Simul</strong></span> <span class='ocrx_word' id='word_1_397' title='bbox 870 4657 1012 4712; x_wconf 90' lang='lat' dir='ltr'><strong>enim</strong></span> <span class='ocrx_word' id='word_1_398' title='bbox 1041 4667 1201 4727; x_wconf 88' lang='lat' dir='ltr'><strong>atque</strong></span> <span class='ocrx_word' id='word_1_399' title='bbox 1228 4656 1618 4724; x_wconf 88' lang='lat' dir='ltr'><strong>decumbimus,</strong></span> <span class='ocrx_word' id='word_1_400' title='bbox 1651 4658 1926 4713; x_wconf 81' lang='lat' dir='ltr'><strong>saecularia</strong></span> <span class='ocrx_word' id='word_1_401' title='bbox 1949 4675 2065 4711; x_wconf 84' lang='lat' dir='ltr'><strong>om—</strong></span> 
     </span>
    </p>
   </div>
   <div class='ocr_carea' id='block_1_47' title="bbox 474 4747 2060 4820">
    <p class='ocr_par' dir='ltr' id='par_1_47' title="bbox 474 4747 2060 4820">
     <span class='ocr_line' id='line_1_47' title="bbox 474 4747 2060 4820; baseline 0.001 -18"><span class='ocrx_word' id='word_1_402' title='bbox 474 4747 563 4803; x_wconf 83' lang='lat' dir='ltr'><strong>nia</strong></span> <span class='ocrx_word' id='word_1_403' title='bbox 590 4748 641 4803; x_wconf 90' lang='lat' dir='ltr'><strong>in</strong></span> <span class='ocrx_word' id='word_1_404' title='bbox 666 4756 846 4803; x_wconf 86' lang='lat' dir='ltr'><strong>mente</strong></span> <span class='ocrx_word' id='word_1_405' title='bbox 873 4762 1148 4817; x_wconf 86' lang='lat' dir='ltr'><strong>versamus</strong></span> <span class='ocrx_word' id='word_1_406' title='bbox 1172 4764 1186 4815; x_wconf 91' lang='lat'><strong>;</strong></span> <span class='ocrx_word' id='word_1_407' title='bbox 1216 4755 1272 4803; x_wconf 91' lang='lat' dir='ltr'><strong>et</strong></span> <span class='ocrx_word' id='word_1_408' title='bbox 1290 4747 1378 4801; x_wconf 88' lang='lat' dir='ltr'><strong>alii</strong></span> <span class='ocrx_word' id='word_1_409' title='bbox 1407 4747 1621 4818; x_wconf 88' lang='lat' dir='ltr'><strong>quidem</strong></span> <span class='ocrx_word' id='word_1_410' title='bbox 1649 4749 1884 4819; x_wconf 76' lang='lat' dir='ltr'><strong>impurus</strong></span> <span class='ocrx_word' id='word_1_411' title='bbox 1911 4748 2060 4820; x_wconf 85' lang='lat' dir='ltr'><strong>cogi-</strong></span> 
     </span>
    </p>
   </div>
   <div class='ocr_carea' id='block_1_48' title="bbox 467 4904 2063 4980">
    <p class='ocr_par' dir='ltr' id='par_1_48' title="bbox 467 4904 2063 4980">
     <span class='ocr_line' id='line_1_48' title="bbox 467 4904 2063 4980; baseline 0.001 -23"><span class='ocrx_word' id='word_1_412' title='bbox 467 4962 514 4980; x_wconf 40' lang='grc' dir='ltr'><strong>ρ-</strong></span> <span class='ocrx_word' id='word_1_413' title='bbox 535 4907 574 4980; x_wconf 17' lang='grc' dir='ltr'><strong>’ῃ</strong></span> <span class='ocrx_word' id='word_1_414' title='bbox 586 4912 714 4980; x_wconf 59' lang='lat' dir='ltr'><strong>ttaec,</strong></span> <span class='ocrx_word' id='word_1_415' title='bbox 734 4906 867 4980; x_wconf 65' lang='lat' dir='ltr'><strong>gﬂ&#39;er</strong></span> <span class='ocrx_word' id='word_1_416' title='bbox 877 4905 1110 4980; x_wconf 72' lang='lat' dir='ltr'><strong>exempta</strong></span> <span class='ocrx_word' id='word_1_417' title='bbox 1150 4917 1317 4957; x_wconf 82' lang='lat' dir='ltr'><strong>eorum</strong></span> <span class='ocrx_word' id='word_1_418' title='bbox 1338 4904 1423 4970; x_wconf 81' lang='lat' dir='ltr'><strong>qui</strong></span> <span class='ocrx_word' id='word_1_419' title='bbox 1448 4905 1506 4956; x_wconf 75' lang='lat' dir='ltr'><strong>id</strong></span> <span class='ocrx_word' id='word_1_420' title='bbox 1550 4912 1857 4969; x_wconf 80' lang='lat' dir='ltr'><strong>superarum,</strong></span> <span class='ocrx_word' id='word_1_421' title='bbox 1883 4905 2063 4958; x_wconf 88' lang='lat' dir='ltr'><strong>desunt</strong></span> 
     </span>
    </p>
   </div>
   <div class='ocr_carea' id='block_1_49' title="bbox 465 4968 2057 5102">
    <p class='ocr_par' dir='ltr' id='par_1_49' title="bbox 465 4968 2057 5102">
     <span class='ocr_line' id='line_1_49' title="bbox 465 4968 1616 5032; baseline 0.003 -19"><span class='ocrx_word' id='word_1_422' title='bbox 465 4968 518 5014; x_wconf 86' lang='lat' dir='ltr'><strong>in</strong></span> <span class='ocrx_word' id='word_1_423' title='bbox 542 4968 829 5032; x_wconf 67' lang='lat' dir='ltr'><strong>quibusdam</strong></span> <span class='ocrx_word' id='word_1_424' title='bbox 852 4975 961 5018; x_wconf 81' lang='lat' dir='ltr'><strong>Mss.</strong></span> <span class='ocrx_word' id='word_1_425' title='bbox 1028 4968 1037 4971; x_wconf 64' lang='grc'><strong><em>⁷</em></strong></span> <span class='ocrx_word' id='word_1_426' title='bbox 1355 4968 1360 4970; x_wconf 63' lang='grc'><em>“</em></span> <span class='ocrx_word' id='word_1_427' title='bbox 1610 4968 1616 4969; x_wconf 55' lang='grc'><strong>“</strong></span> 
     </span>
     <span class='ocr_line' id='line_1_50' title="bbox 479 5027 2057 5102; baseline -0.001 -23"><span class='ocrx_word' id='word_1_428' title='bbox 479 5093 491 5102; x_wconf 84' lang='lat'><strong>_</strong></span> <span class='ocrx_word' id='word_1_429' title='bbox 536 5031 609 5093; x_wconf 76' lang='grc' dir='ltr'><strong>(α)</strong></span> <span class='ocrx_word' id='word_1_430' title='bbox 623 5030 837 5102; x_wconf 47' lang='lat' dir='ltr'><strong>iudices</strong></span> <span class='ocrx_word' id='word_1_431' title='bbox 859 5029 976 5080; x_wconf 90' lang='lat' dir='ltr'><strong>olim</strong></span> <span class='ocrx_word' id='word_1_432' title='bbox 998 5044 1126 5093; x_wconf 90' lang='lat' dir='ltr'><strong>pone</strong></span> <span class='ocrx_word' id='word_1_433' title='bbox 1146 5030 1311 5080; x_wconf 88' lang='lat' dir='ltr'><strong>velum</strong></span> <span class='ocrx_word' id='word_1_434' title='bbox 1333 5029 1596 5102; x_wconf 76' lang='lat' dir='ltr'><strong>sedebant.</strong></span> <span class='ocrx_word' id='word_1_435' title='bbox 1616 5027 1691 5079; x_wconf 81' lang='lat' dir='ltr'><strong>sic</strong></span> <span class='ocrx_word' id='word_1_436' title='bbox 1711 5030 1993 5102; x_wconf 64' lang='lat' dir='ltr'><strong>Athanasius</strong></span> <span class='ocrx_word' id='word_1_437' title='bbox 2006 5038 2057 5079; x_wconf 86' lang='grc' dir='ltr'><strong>Τ.</strong></span> 
     </span>
    </p>
   </div>
   <div class='ocr_carea' id='block_1_50' title="bbox 474 5092 2062 5157">
    <p class='ocr_par' dir='ltr' id='par_1_50' title="bbox 474 5092 2062 5157">
     <span class='ocr_line' id='line_1_51' title="bbox 474 5092 2062 5157; baseline 0.003 -17"><span class='ocrx_word' id='word_1_438' title='bbox 474 5093 515 5139; x_wconf 72' lang='lat' dir='ltr'><strong>t.</strong></span> <span class='ocrx_word' id='word_1_439' title='bbox 535 5092 597 5157; x_wconf 21' lang='lat' dir='ltr'><strong>Ap.</strong></span> <span class='ocrx_word' id='word_1_440' title='bbox 617 5092 709 5142; x_wconf 75' lang='lat'><strong>297</strong></span> <span class='ocrx_word' id='word_1_441' title='bbox 734 5105 747 5142; x_wconf 91' lang='lat'>:</span> <span class='ocrx_word' id='word_1_442' title='bbox 770 5104 967 5157; x_wconf 38' lang='lat' dir='ltr'><strong>geriem</strong></span> <span class='ocrx_word' id='word_1_443' title='bbox 986 5104 1141 5156; x_wconf 61' lang='grc' dir='ltr'><strong>ιεστνβιιι</strong></span> <span class='ocrx_word' id='word_1_444' title='bbox 1171 5105 1241 5157; x_wconf 69' lang='grc' dir='ltr'><strong>πρὸ</strong></span> <span class='ocrx_word' id='word_1_445' title='bbox 1261 5109 1327 5144; x_wconf 73' lang='grc' dir='ltr'><strong>τοῦ</strong></span> <span class='ocrx_word' id='word_1_446' title='bbox 1353 5104 1489 5154; x_wconf 64' lang='grc' dir='ltr'><strong>βήλω,</strong></span> <span class='ocrx_word' id='word_1_447' title='bbox 1521 5092 1625 5155; x_wconf 74' lang='lat' dir='ltr'><strong>ipse</strong></span> <span class='ocrx_word' id='word_1_448' title='bbox 1646 5104 1757 5157; x_wconf 76' lang='lat' dir='ltr'><strong>vero</strong></span> <span class='ocrx_word' id='word_1_449' title='bbox 1778 5092 1929 5157; x_wconf 68' lang='lat' dir='ltr'><strong>stabat</strong></span> <span class='ocrx_word' id='word_1_450' title='bbox 1952 5102 2062 5144; x_wconf 72' lang='lat' dir='ltr'><strong>mite</strong></span> 
     </span>
    </p>
   </div>
   <div class='ocr_carea' id='block_1_51' title="bbox 471 5154 2061 5217">
    <p class='ocr_par' dir='ltr' id='par_1_51' title="bbox 471 5154 2061 5217">
     <span class='ocr_line' id='line_1_52' title="bbox 471 5154 2061 5217; baseline 0 -10"><span class='ocrx_word' id='word_1_451' title='bbox 471 5155 642 5216; x_wconf 75' lang='lat' dir='ltr'><strong>velum,</strong></span> <span class='ocrx_word' id='word_1_452' title='bbox 664 5160 717 5203; x_wconf 87' lang='lat' dir='ltr'><strong>et</strong></span> <span class='ocrx_word' id='word_1_453' title='bbox 740 5169 788 5217; x_wconf 88' lang='lat' dir='ltr'><strong>p.</strong></span> <span class='ocrx_word' id='word_1_454' title='bbox 812 5154 915 5217; x_wconf 56' lang='lat'><strong>370&#39;</strong></span> <span class='ocrx_word' id='word_1_455' title='bbox 931 5154 1026 5208; x_wconf 42' lang='lat' dir='ltr'><strong>:‘u‘t</strong></span> <span class='ocrx_word' id='word_1_456' title='bbox 1045 5154 1092 5208; x_wconf 69' lang='lat' dir='ltr'><strong>ut</strong></span> <span class='ocrx_word' id='word_1_457' title='bbox 1111 5154 1213 5217; x_wconf 64' lang='grc' dir='ltr'><strong>βήλιί</strong></span> <span class='ocrx_word' id='word_1_458' title='bbox 1226 5167 1495 5216; x_wconf 55' lang='lat' dir='ltr'><strong>vicinantia;</strong></span> <span class='ocrx_word' id='word_1_459' title='bbox 1508 5195 1522 5215; x_wconf 94' lang='lat'><strong>,</strong></span> <span class='ocrx_word' id='word_1_460' title='bbox 1544 5154 1711 5217; x_wconf 12' lang='lat' dir='ltr'><strong>etfacit:</strong></span> <span class='ocrx_word' id='word_1_461' title='bbox 1728 5156 1968 5217; x_wconf 61' lang='lat' dir='ltr'><strong>ccclesiis.</strong></span> <span class='ocrx_word' id='word_1_462' title='bbox 2006 5158 2061 5206; x_wconf 93' lang='lat' dir='ltr'><strong>ln</strong></span> 
     </span>
    </p>
   </div>
   <div class='ocr_carea' id='block_1_52' title="bbox 471 5215 1872 5281">
    <p class='ocr_par' dir='ltr' id='par_1_52' title="bbox 471 5215 1872 5281">
     <span class='ocr_line' id='line_1_53' title="bbox 471 5215 1872 5281; baseline 0.003 -19"><span class='ocrx_word' id='word_1_463' title='bbox 471 5215 710 5268; x_wconf 72' lang='lat' dir='ltr'><strong>AnaleCtis</strong></span> <span class='ocrx_word' id='word_1_464' title='bbox 728 5215 907 5266; x_wconf 84' lang='lat' dir='ltr'><strong>nostris</strong></span> <span class='ocrx_word' id='word_1_465' title='bbox 929 5230 979 5279; x_wconf 86' lang='lat' dir='ltr'><strong>p.</strong></span> <span class='ocrx_word' id='word_1_466' title='bbox 997 5217 1090 5268; x_wconf 85' lang='lat'><strong>580</strong></span> <span class='ocrx_word' id='word_1_467' title='bbox 1113 5215 1127 5266; x_wconf 70' lang='grc' dir='ltr'><strong>ὲ</strong></span> <span class='ocrx_word' id='word_1_468' title='bbox 1148 5215 1309 5281; x_wconf 53' lang='lat' dir='ltr'><strong>exemit;</strong></span> <span class='ocrx_word' id='word_1_469' title='bbox 1332 5234 1397 5268; x_wconf 72' lang='grc' dir='ltr'><strong>τος.</strong></span> <span class='ocrx_word' id='word_1_470' title='bbox 1422 5231 1531 5280; x_wconf 59' lang='lat' dir='ltr'><strong>ppu.</strong></span> <span class='ocrx_word' id='word_1_471' title='bbox 1545 5254 1558 5277; x_wconf 93' lang='lat'><strong>,</strong></span> <span class='ocrx_word' id='word_1_472' title='bbox 1576 5216 1738 5278; x_wconf 80' lang='lat' dir='ltr'><strong>judea:</strong></span> <span class='ocrx_word' id='word_1_473' title='bbox 1764 5215 1872 5269; x_wconf 76' lang='lat' dir='ltr'><strong>veli.</strong></span> 
     </span>
    </p>
   </div>
   <div class='ocr_carea' id='block_1_53' title="bbox 1194 463 3017 555">
    <p class='ocr_par' dir='ltr' id='par_1_53' title="bbox 1194 463 3017 555">
     <span class='ocr_line' id='line_1_54' title="bbox 1194 463 3017 555; baseline 0.004 -29"><span class='ocrx_word' id='word_1_474' title='bbox 1194 471 1245 526; x_wconf 89' lang='lat' dir='ltr'><strong>S.</strong></span> <span class='ocrx_word' id='word_1_475' title='bbox 1286 470 1562 527; x_wconf 73' lang='lat' dir='ltr'><strong>JOANNIS</strong></span> <span class='ocrx_word' id='word_1_476' title='bbox 1603 465 2074 555; x_wconf 64' lang='lat' dir='ltr'><strong>(ZIIRYSOSTOIII</strong></span> <span class='ocrx_word' id='word_1_477' title='bbox 2116 463 2435 525; x_wconf 76' lang='lat' dir='ltr'><strong>ARCIIIEP.</strong></span> <span class='ocrx_word' id='word_1_478' title='bbox 2477 472 3017 534; x_wconf 77' lang='lat' dir='ltr'><strong>CONS’I‘ANTINOP.</strong></span> 
     </span>
    </p>
   </div>
   <div class='ocr_carea' id='block_1_54' title="bbox 3692 486 3801 545">
    <p class='ocr_par' dir='ltr' id='par_1_54' title="bbox 3692 486 3801 545">
     <span class='ocr_line' id='line_1_55' title="bbox 3692 486 3801 545; baseline 0.009 -1"><span class='ocrx_word' id='word_1_479' title='bbox 3692 486 3801 545; x_wconf 70' lang='grc'><strong>656</strong></span> 
     </span>
    </p>
   </div>
   <div class='ocr_carea' id='block_1_55' title="bbox 2215 581 3797 666">
    <p class='ocr_par' dir='ltr' id='par_1_55' title="bbox 2215 581 3797 666">
     <span class='ocr_line' id='line_1_56' title="bbox 2215 581 3797 666; baseline 0.014 -30"><span class='ocrx_word' id='word_1_480' title='bbox 2215 581 2441 640; x_wconf 81' lang='lat' dir='ltr'><strong>lationes</strong></span> <span class='ocrx_word' id='word_1_481' title='bbox 2486 584 2832 647; x_wconf 88' lang='lat' dir='ltr'><strong>introducunt</strong></span> <span class='ocrx_word' id='word_1_482' title='bbox 2864 608 2880 657; x_wconf 88' lang='lat'><strong>;</strong></span> <span class='ocrx_word' id='word_1_483' title='bbox 2911 592 3000 648; x_wconf 85' lang='lat' dir='ltr'><strong>alii</strong></span> <span class='ocrx_word' id='word_1_484' title='bbox 3042 591 3247 649; x_wconf 74' lang='lat' dir='ltr'><strong>ftenora</strong></span> <span class='ocrx_word' id='word_1_485' title='bbox 3272 632 3288 661; x_wconf 87' lang='lat'><strong>,</strong></span> <span class='ocrx_word' id='word_1_486' title='bbox 3329 606 3478 665; x_wconf 90' lang='lat' dir='ltr'><strong>pacta</strong></span> <span class='ocrx_word' id='word_1_487' title='bbox 3505 639 3520 666; x_wconf 87' lang='lat'><strong>,</strong></span> <span class='ocrx_word' id='word_1_488' title='bbox 3559 608 3612 654; x_wconf 92' lang='lat' dir='ltr'><strong>et</strong></span> <span class='ocrx_word' id='word_1_489' title='bbox 3642 616 3797 663; x_wconf 75' lang='lat' dir='ltr'><strong>curas</strong></span> 
     </span>
    </p>
   </div>
   <div class='ocr_carea' id='block_1_56' title="bbox 2207 673 3795 756">
    <p class='ocr_par' dir='ltr' id='par_1_56' title="bbox 2207 673 3795 756">
     <span class='ocr_line' id='line_1_57' title="bbox 2207 673 3795 756; baseline 0.014 -30"><span class='ocrx_word' id='word_1_490' title='bbox 2207 673 2396 731; x_wconf 80' lang='lat' dir='ltr'><strong>ﬂuxas.</strong></span> <span class='ocrx_word' id='word_1_491' title='bbox 2427 677 2668 751; x_wconf 88' lang='lat' dir='ltr'><strong>Cumque</strong></span> <span class='ocrx_word' id='word_1_492' title='bbox 2700 681 2861 738; x_wconf 84' lang='lat' dir='ltr'><strong>filiam</strong></span> <span class='ocrx_word' id='word_1_493' title='bbox 2892 685 3149 756; x_wconf 87' lang='lat' dir='ltr'><strong>virginem</strong></span> <span class='ocrx_word' id='word_1_494' title='bbox 3174 685 3457 756; x_wconf 88' lang='lat' dir='ltr'><strong>habemus,</strong></span> <span class='ocrx_word' id='word_1_495' title='bbox 3490 705 3606 746; x_wconf 89' lang='lat' dir='ltr'><strong>eam</strong></span> <span class='ocrx_word' id='word_1_496' title='bbox 3639 709 3795 749; x_wconf 81' lang='lat' dir='ltr'><strong>accu-</strong></span> 
     </span>
    </p>
   </div>
   <div class='ocr_carea' id='block_1_57' title="bbox 2204 775 3791 855">
    <p class='ocr_par' dir='ltr' id='par_1_57' title="bbox 2204 775 3791 855">
     <span class='ocr_line' id='line_1_58' title="bbox 2204 775 3791 855; baseline 0.014 -33"><span class='ocrx_word' id='word_1_497' title='bbox 2204 775 2319 824; x_wconf 90' lang='lat' dir='ltr'><strong>rate</strong></span> <span class='ocrx_word' id='word_1_498' title='bbox 2363 784 2638 830; x_wconf 86' lang='lat' dir='ltr'><strong>servamus</strong></span> <span class='ocrx_word' id='word_1_499' title='bbox 2665 792 2678 829; x_wconf 93' lang='lat'><strong>:</strong></span> <span class='ocrx_word' id='word_1_500' title='bbox 2711 777 2945 834; x_wconf 89' lang='lat' dir='ltr'><strong>animam</strong></span> <span class='ocrx_word' id='word_1_501' title='bbox 2978 795 3105 836; x_wconf 88' lang='lat' dir='ltr'><strong>vero</strong></span> <span class='ocrx_word' id='word_1_502' title='bbox 3128 822 3144 848; x_wconf 96' lang='lat'><strong>,</strong></span> <span class='ocrx_word' id='word_1_503' title='bbox 3173 781 3329 837; x_wconf 91' lang='lat' dir='ltr'><strong>nobis</strong></span> <span class='ocrx_word' id='word_1_504' title='bbox 3366 781 3469 838; x_wconf 88' lang='lat' dir='ltr'><strong>lilia</strong></span> <span class='ocrx_word' id='word_1_505' title='bbox 3507 788 3791 855; x_wconf 83' lang='lat' dir='ltr'><strong>pretiosio-</strong></span> 
     </span>
    </p>
   </div>
   <div class='ocr_carea' id='block_1_58' title="bbox 2204 864 3791 944">
    <p class='ocr_par' dir='ltr' id='par_1_58' title="bbox 2204 864 3791 944">
     <span class='ocr_line' id='line_1_59' title="bbox 2204 864 3791 944; baseline 0.014 -30"><span class='ocrx_word' id='word_1_506' title='bbox 2204 875 2339 930; x_wconf 90' lang='lat' dir='ltr'><strong>rem,</strong></span> <span class='ocrx_word' id='word_1_507' title='bbox 2364 864 2589 923; x_wconf 90' lang='lat' dir='ltr'><strong>sinimus</strong></span> <span class='ocrx_word' id='word_1_508' title='bbox 2617 867 2865 926; x_wconf 84' lang='lat' dir='ltr'><strong>fornicari</strong></span> <span class='ocrx_word' id='word_1_509' title='bbox 2891 881 2945 927; x_wconf 91' lang='lat' dir='ltr'><strong>et</strong></span> <span class='ocrx_word' id='word_1_510' title='bbox 2970 872 3156 944; x_wconf 90' lang='lat' dir='ltr'><strong>pollui,</strong></span> <span class='ocrx_word' id='word_1_511' title='bbox 3181 874 3376 932; x_wconf 90' lang='lat' dir='ltr'><strong>multas</strong></span> <span class='ocrx_word' id='word_1_512' title='bbox 3402 876 3475 933; x_wconf 91' lang='lat' dir='ltr'><strong>illi</strong></span> <span class='ocrx_word' id='word_1_513' title='bbox 3505 879 3673 935; x_wconf 87' lang='lat' dir='ltr'><strong>malas</strong></span> <span class='ocrx_word' id='word_1_514' title='bbox 3700 897 3791 936; x_wconf 85' lang='lat' dir='ltr'><strong>co-</strong></span> 
     </span>
    </p>
   </div>
   <div class='ocr_carea' id='block_1_59' title="bbox 2199 952 3791 1039">
    <p class='ocr_par' dir='ltr' id='par_1_59' title="bbox 2199 952 3791 1039">
     <span class='ocr_line' id='line_1_60' title="bbox 2199 952 3791 1039; baseline 0.015 -33"><span class='ocrx_word' id='word_1_515' title='bbox 2199 952 2484 1022; x_wconf 87' lang='lat' dir='ltr'><strong>gitationes</strong></span> <span class='ocrx_word' id='word_1_516' title='bbox 2528 959 2876 1019; x_wconf 74' lang='lat' dir='ltr'><strong>imminentes</strong></span> <span class='ocrx_word' id='word_1_517' title='bbox 2908 982 2922 1018; x_wconf 91' lang='lat'><strong>:</strong></span> <span class='ocrx_word' id='word_1_518' title='bbox 2965 979 3028 1020; x_wconf 88' lang='lat' dir='ltr'><strong>ac</strong></span> <span class='ocrx_word' id='word_1_519' title='bbox 3061 965 3175 1020; x_wconf 90' lang='lat' dir='ltr'><strong>sive</strong></span> <span class='ocrx_word' id='word_1_520' title='bbox 3210 966 3450 1025; x_wconf 59' lang='lat' dir='ltr'><strong>avaritia</strong></span> <span class='ocrx_word' id='word_1_521' title='bbox 3476 985 3650 1039; x_wconf 89' lang='lat' dir='ltr'><strong>amor,</strong></span> <span class='ocrx_word' id='word_1_522' title='bbox 3679 974 3791 1030; x_wconf 82' lang='lat' dir='ltr'><strong>sive</strong></span> 
     </span>
    </p>
   </div>
   <div class='ocr_carea' id='block_1_60' title="bbox 2200 1044 3789 1129">
    <p class='ocr_par' dir='ltr' id='par_1_60' title="bbox 2200 1044 3789 1129">
     <span class='ocr_line' id='line_1_61' title="bbox 2200 1044 3789 1129; baseline 0.012 -30"><span class='ocrx_word' id='word_1_523' title='bbox 2200 1044 2535 1116; x_wconf 90' lang='lat' dir='ltr'><strong>deliciarum,</strong></span> <span class='ocrx_word' id='word_1_524' title='bbox 2558 1050 2674 1107; x_wconf 87' lang='lat' dir='ltr'><strong>sive</strong></span> <span class='ocrx_word' id='word_1_525' title='bbox 2693 1050 3048 1110; x_wconf 90' lang='lat' dir='ltr'><strong>formosorum</strong></span> <span class='ocrx_word' id='word_1_526' title='bbox 3071 1070 3378 1127; x_wconf 89' lang='lat' dir='ltr'><strong>corporum,</strong></span> <span class='ocrx_word' id='word_1_527' title='bbox 3403 1059 3514 1116; x_wconf 83' lang='lat' dir='ltr'><strong>sive</strong></span> <span class='ocrx_word' id='word_1_528' title='bbox 3536 1061 3651 1129; x_wconf 60' lang='lat' dir='ltr'><strong>irie,</strong></span> <span class='ocrx_word' id='word_1_529' title='bbox 3677 1064 3789 1119; x_wconf 83' lang='lat' dir='ltr'><strong>sive</strong></span> 
     </span>
    </p>
   </div>
   <div class='ocr_carea' id='block_1_61' title="bbox 2196 1135 3784 1219">
    <p class='ocr_par' dir='ltr' id='par_1_61' title="bbox 2196 1135 3784 1219">
     <span class='ocr_line' id='line_1_62' title="bbox 2196 1135 3784 1219; baseline 0.013 -30"><span class='ocrx_word' id='word_1_530' title='bbox 2196 1135 2331 1191; x_wconf 89' lang='lat' dir='ltr'><strong>alius</strong></span> <span class='ocrx_word' id='word_1_531' title='bbox 2350 1140 2523 1209; x_wconf 89' lang='lat' dir='ltr'><strong>quivis</strong></span> <span class='ocrx_word' id='word_1_532' title='bbox 2542 1155 2693 1198; x_wconf 90' lang='lat' dir='ltr'><strong>amor</strong></span> <span class='ocrx_word' id='word_1_533' title='bbox 2718 1144 2919 1201; x_wconf 90' lang='lat' dir='ltr'><strong>intrare</strong></span> <span class='ocrx_word' id='word_1_534' title='bbox 2939 1146 3187 1213; x_wconf 90' lang='lat' dir='ltr'><strong>voluerit,</strong></span> <span class='ocrx_word' id='word_1_535' title='bbox 3209 1149 3411 1218; x_wconf 84' lang='lat' dir='ltr'><strong>apertis</strong></span> <span class='ocrx_word' id='word_1_536' title='bbox 3434 1149 3614 1219; x_wconf 88' lang='lat' dir='ltr'><strong>januis</strong></span> <span class='ocrx_word' id='word_1_537' title='bbox 3639 1152 3784 1210; x_wconf 88' lang='lat' dir='ltr'><strong>illum</strong></span> 
     </span>
    </p>
   </div>
   <div class='ocr_carea' id='block_1_62' title="bbox 2196 1230 3781 1305">
    <p class='ocr_par' dir='ltr' id='par_1_62' title="bbox 2196 1230 3781 1305">
     <span class='ocr_line' id='line_1_63' title="bbox 2196 1230 3781 1305; baseline 0.01 -21"><span class='ocrx_word' id='word_1_538' title='bbox 2196 1230 2494 1299; x_wconf 78' lang='lat' dir='ltr'><strong>excipimus</strong></span> <span class='ocrx_word' id='word_1_539' title='bbox 2522 1242 2577 1288; x_wconf 91' lang='lat' dir='ltr'><strong>et</strong></span> <span class='ocrx_word' id='word_1_540' title='bbox 2608 1234 2936 1293; x_wconf 82' lang='lat' dir='ltr'><strong>advocamus</strong></span> <span class='ocrx_word' id='word_1_541' title='bbox 2958 1280 2972 1305; x_wconf 93' lang='lat'><strong>,</strong></span> <span class='ocrx_word' id='word_1_542' title='bbox 3002 1246 3058 1294; x_wconf 89' lang='lat' dir='ltr'><strong>et</strong></span> <span class='ocrx_word' id='word_1_543' title='bbox 3084 1238 3252 1295; x_wconf 87' lang='lat' dir='ltr'><strong>libere</strong></span> <span class='ocrx_word' id='word_1_544' title='bbox 3282 1254 3402 1295; x_wconf 89' lang='lat' dir='ltr'><strong>cum</strong></span> <span class='ocrx_word' id='word_1_545' title='bbox 3438 1241 3529 1301; x_wconf 84' lang='lat' dir='ltr'><strong>illa</strong></span> <span class='ocrx_word' id='word_1_546' title='bbox 3570 1244 3781 1300; x_wconf 86' lang='lat' dir='ltr'><strong>misceri</strong></span> 
     </span>
    </p>
   </div>
   <div class='ocr_carea' id='block_1_63' title="bbox 2194 1318 3783 1404">
    <p class='ocr_par' dir='ltr' id='par_1_63' title="bbox 2194 1318 3783 1404">
     <span class='ocr_line' id='line_1_64' title="bbox 2194 1318 3783 1404; baseline 0.014 -34"><span class='ocrx_word' id='word_1_547' title='bbox 2194 1318 2440 1377; x_wconf 84' lang='lat' dir='ltr'><strong>sinimus.</strong></span> <span class='ocrx_word' id='word_1_548' title='bbox 2473 1322 2589 1391; x_wconf 88' lang='lat' dir='ltr'><strong>Quo</strong></span> <span class='ocrx_word' id='word_1_549' title='bbox 2619 1326 2746 1396; x_wconf 90' lang='lat' dir='ltr'><strong>quid</strong></span> <span class='ocrx_word' id='word_1_550' title='bbox 2770 1328 2943 1398; x_wconf 90' lang='lat' dir='ltr'><strong>magis</strong></span> <span class='ocrx_word' id='word_1_551' title='bbox 2968 1328 3278 1398; x_wconf 89' lang='lat' dir='ltr'><strong>barbarum,</strong></span> <span class='ocrx_word' id='word_1_552' title='bbox 3311 1332 3550 1390; x_wconf 88' lang='lat' dir='ltr'><strong>omnium</strong></span> <span class='ocrx_word' id='word_1_553' title='bbox 3583 1336 3783 1404; x_wconf 36' lang='lat' dir='ltr'><strong>pretlos</strong></span> 
     </span>
    </p>
   </div>
   <div class='ocr_carea' id='block_1_64' title="bbox 2192 1410 3780 1496">
    <p class='ocr_par' dir='ltr' id='par_1_64' title="bbox 2192 1410 3780 1496">
     <span class='ocr_line' id='line_1_65' title="bbox 2192 1410 3780 1496; baseline 0.012 -33"><span class='ocrx_word' id='word_1_554' title='bbox 2192 1410 2458 1467; x_wconf 90' lang='lat' dir='ltr'><strong>sissimam</strong></span> <span class='ocrx_word' id='word_1_555' title='bbox 2498 1416 2730 1472; x_wconf 89' lang='lat' dir='ltr'><strong>animam</strong></span> <span class='ocrx_word' id='word_1_556' title='bbox 2759 1433 2790 1473; x_wconf 91' lang='lat' dir='ltr'><strong>a</strong></span> <span class='ocrx_word' id='word_1_557' title='bbox 2824 1426 2901 1473; x_wconf 92' lang='lat' dir='ltr'><strong>tot</strong></span> <span class='ocrx_word' id='word_1_558' title='bbox 2942 1421 3167 1476; x_wconf 78' lang='lat' dir='ltr'><strong>mtechis</strong></span> <span class='ocrx_word' id='word_1_559' title='bbox 3197 1419 3448 1477; x_wconf 88' lang='lat' dir='ltr'><strong>foedatam</strong></span> <span class='ocrx_word' id='word_1_560' title='bbox 3480 1424 3780 1496; x_wconf 84' lang='lat' dir='ltr'><strong>negligere,</strong></span> 
     </span>
    </p>
   </div>
   <div class='ocr_carea' id='block_1_65' title="bbox 2191 1504 3780 1574">
    <p class='ocr_par' dir='ltr' id='par_1_65' title="bbox 2191 1504 3780 1574">
     <span class='ocr_line' id='line_1_66' title="bbox 2191 1504 3780 1574; baseline 0.011 -17"><span class='ocrx_word' id='word_1_561' title='bbox 2191 1510 2245 1557; x_wconf 86' lang='lat' dir='ltr'><strong>ct</strong></span> <span class='ocrx_word' id='word_1_562' title='bbox 2277 1504 2475 1560; x_wconf 88' lang='lat' dir='ltr'><strong>tamdiu</strong></span> <span class='ocrx_word' id='word_1_563' title='bbox 2515 1517 2795 1563; x_wconf 84' lang='lat' dir='ltr'><strong>cocuutem</strong></span> <span class='ocrx_word' id='word_1_564' title='bbox 2839 1509 3012 1566; x_wconf 89' lang='lat' dir='ltr'><strong>donec</strong></span> <span class='ocrx_word' id='word_1_565' title='bbox 3053 1511 3128 1566; x_wconf 90' lang='lat' dir='ltr'><strong>illi</strong></span> <span class='ocrx_word' id='word_1_566' title='bbox 3168 1513 3413 1568; x_wconf 78' lang='lat' dir='ltr'><strong>exsatiati</strong></span> <span class='ocrx_word' id='word_1_567' title='bbox 3460 1513 3695 1570; x_wconf 81' lang='lat' dir='ltr'><strong>fuerint?</strong></span> <span class='ocrx_word' id='word_1_568' title='bbox 3722 1517 3780 1574; x_wconf 89' lang='lat' dir='ltr'><strong>Id</strong></span> 
     </span>
    </p>
   </div>
   <div class='ocr_carea' id='block_1_66' title="bbox 2190 1593 3780 1670">
    <p class='ocr_par' dir='ltr' id='par_1_66' title="bbox 2190 1593 3780 1670">
     <span class='ocr_line' id='line_1_67' title="bbox 2190 1593 3780 1670; baseline 0.01 -24"><span class='ocrx_word' id='word_1_569' title='bbox 2190 1593 2331 1661; x_wconf 86' lang='lat' dir='ltr'><strong>quod</strong></span> <span class='ocrx_word' id='word_1_570' title='bbox 2357 1603 2536 1652; x_wconf 90' lang='lat' dir='ltr'><strong>tamen</strong></span> <span class='ocrx_word' id='word_1_571' title='bbox 2565 1613 2852 1670; x_wconf 88' lang='lat' dir='ltr'><strong>numquam</strong></span> <span class='ocrx_word' id='word_1_572' title='bbox 2877 1601 2998 1661; x_wconf 87' lang='lat' dir='ltr'><strong>erit.</strong></span> <span class='ocrx_word' id='word_1_573' title='bbox 3030 1601 3233 1657; x_wconf 88' lang='lat' dir='ltr'><strong>Idcirco</strong></span> <span class='ocrx_word' id='word_1_574' title='bbox 3259 1602 3347 1657; x_wconf 90' lang='lat' dir='ltr'><strong>ubi</strong></span> <span class='ocrx_word' id='word_1_575' title='bbox 3379 1618 3599 1660; x_wconf 89' lang='lat' dir='ltr'><strong>somnus</strong></span> <span class='ocrx_word' id='word_1_576' title='bbox 3626 1607 3780 1661; x_wconf 85' lang='lat' dir='ltr'><strong>inva-</strong></span> 
     </span>
    </p>
   </div>
   <div class='ocr_carea' id='block_1_67' title="bbox 2188 1687 3777 1770">
    <p class='ocr_par' dir='ltr' id='par_1_67' title="bbox 2188 1687 3777 1770">
     <span class='ocr_line' id='line_1_68' title="bbox 2188 1687 3777 1770; baseline 0.008 -29"><span class='ocrx_word' id='word_1_577' title='bbox 2188 1687 2304 1755; x_wconf 90' lang='lat' dir='ltr'><strong>dit,</strong></span> <span class='ocrx_word' id='word_1_578' title='bbox 2337 1697 2462 1746; x_wconf 90' lang='lat' dir='ltr'><strong>tunc</strong></span> <span class='ocrx_word' id='word_1_579' title='bbox 2497 1698 2703 1749; x_wconf 91' lang='lat' dir='ltr'><strong>tantum</strong></span> <span class='ocrx_word' id='word_1_580' title='bbox 2740 1694 3074 1761; x_wconf 86' lang='lat' dir='ltr'><strong>abscedunt;</strong></span> <span class='ocrx_word' id='word_1_581' title='bbox 3117 1696 3225 1751; x_wconf 87' lang='lat' dir='ltr'><strong>imo</strong></span> <span class='ocrx_word' id='word_1_582' title='bbox 3264 1712 3331 1751; x_wconf 91' lang='lat' dir='ltr'><strong>ne</strong></span> <span class='ocrx_word' id='word_1_583' title='bbox 3360 1705 3485 1753; x_wconf 88' lang='lat' dir='ltr'><strong>tunc</strong></span> <span class='ocrx_word' id='word_1_584' title='bbox 3514 1700 3725 1770; x_wconf 85' lang='lat' dir='ltr'><strong>quidem</strong></span> <span class='ocrx_word' id='word_1_585' title='bbox 3762 1719 3777 1756; x_wconf 92' lang='lat'><strong>:</strong></span> 
     </span>
    </p>
   </div>
   <div class='ocr_carea' id='block_1_68' title="bbox 2189 1783 3778 1861">
    <p class='ocr_par' dir='ltr' id='par_1_68' title="bbox 2189 1783 3778 1861">
     <span class='ocr_line' id='line_1_69' title="bbox 2189 1783 3778 1861; baseline 0.007 -27"><span class='ocrx_word' id='word_1_586' title='bbox 2189 1794 2313 1836; x_wconf 83' lang='lat' dir='ltr'><strong>nam</strong></span> <span class='ocrx_word' id='word_1_587' title='bbox 2342 1783 2551 1839; x_wconf 90' lang='lat' dir='ltr'><strong>somnia</strong></span> <span class='ocrx_word' id='word_1_588' title='bbox 2581 1785 2768 1841; x_wconf 86' lang='lat' dir='ltr'><strong>eadem</strong></span> <span class='ocrx_word' id='word_1_589' title='bbox 2806 1786 2907 1857; x_wconf 86' lang='lat' dir='ltr'><strong>ipsi</strong></span> <span class='ocrx_word' id='word_1_590' title='bbox 2937 1786 3221 1842; x_wconf 89' lang='lat' dir='ltr'><strong>simulacra</strong></span> <span class='ocrx_word' id='word_1_591' title='bbox 3252 1786 3505 1844; x_wconf 81' lang='lat' dir='ltr'><strong>offerunt.</strong></span> <span class='ocrx_word' id='word_1_592' title='bbox 3536 1790 3778 1861; x_wconf 79' lang='lat' dir='ltr'><strong>Quapro-</strong></span> 
     </span>
    </p>
   </div>
   <div class='ocr_carea' id='block_1_69' title="bbox 2184 1873 3777 1949">
    <p class='ocr_par' dir='ltr' id='par_1_69' title="bbox 2184 1873 3777 1949">
     <span class='ocr_line' id='line_1_70' title="bbox 2184 1873 3777 1949; baseline 0.008 -23"><span class='ocrx_word' id='word_1_593' title='bbox 2184 1880 2306 1942; x_wconf 88' lang='lat' dir='ltr'><strong>pter</strong></span> <span class='ocrx_word' id='word_1_594' title='bbox 2329 1873 2674 1931; x_wconf 86' lang='lat' dir='ltr'><strong>illucescente</strong></span> <span class='ocrx_word' id='word_1_595' title='bbox 2692 1875 2802 1945; x_wconf 90' lang='lat' dir='ltr'><strong>die,</strong></span> <span class='ocrx_word' id='word_1_596' title='bbox 2824 1891 2944 1948; x_wconf 70' lang='lat' dir='ltr'><strong>qua:</strong></span> <span class='ocrx_word' id='word_1_597' title='bbox 2969 1877 3057 1933; x_wconf 82' lang='lat' dir='ltr'><strong>illa</strong></span> <span class='ocrx_word' id='word_1_598' title='bbox 3087 1879 3368 1949; x_wconf 84' lang='lat' dir='ltr'><strong>imaginata</strong></span> <span class='ocrx_word' id='word_1_599' title='bbox 3395 1889 3476 1935; x_wconf 90' lang='lat' dir='ltr'><strong>est</strong></span> <span class='ocrx_word' id='word_1_600' title='bbox 3499 1881 3697 1947; x_wconf 83' lang='lat' dir='ltr'><strong>anima,</strong></span> <span class='ocrx_word' id='word_1_601' title='bbox 3720 1883 3777 1938; x_wconf 80' lang='lat' dir='ltr'><strong>in</strong></span> 
     </span>
    </p>
   </div>
   <div class='ocr_carea' id='block_1_70' title="bbox 2184 1967 3776 2040">
    <p class='ocr_par' dir='ltr' id='par_1_70' title="bbox 2184 1967 3776 2040">
     <span class='ocr_line' id='line_1_71' title="bbox 2184 1967 3776 2040; baseline 0.007 -23"><span class='ocrx_word' id='word_1_602' title='bbox 2184 1977 2320 2033; x_wconf 92' lang='lat' dir='ltr'><strong>opus</strong></span> <span class='ocrx_word' id='word_1_603' title='bbox 2345 1978 2492 2036; x_wconf 68' lang='lat' dir='ltr'><strong>saepe</strong></span> <span class='ocrx_word' id='word_1_604' title='bbox 2511 1967 2717 2022; x_wconf 87' lang='lat' dir='ltr'><strong>illarum</strong></span> <span class='ocrx_word' id='word_1_605' title='bbox 2744 1967 3032 2040; x_wconf 88' lang='lat' dir='ltr'><strong>imaginum</strong></span> <span class='ocrx_word' id='word_1_606' title='bbox 3050 1982 3155 2039; x_wconf 81' lang='lat' dir='ltr'><strong>&#39;ope</strong></span> <span class='ocrx_word' id='word_1_607' title='bbox 3175 1968 3402 2025; x_wconf 86' lang='lat' dir='ltr'><strong>deducta</strong></span> <span class='ocrx_word' id='word_1_608' title='bbox 3422 1979 3523 2026; x_wconf 81' lang='lat' dir='ltr'><strong>est.</strong></span> <span class='ocrx_word' id='word_1_609' title='bbox 3542 1970 3621 2026; x_wconf 85' lang='lat' dir='ltr'><strong>Tu</strong></span> <span class='ocrx_word' id='word_1_610' title='bbox 3648 1988 3776 2028; x_wconf 82' lang='lat' dir='ltr'><strong>vero</strong></span> 
     </span>
    </p>
   </div>
   <div class='ocr_carea' id='block_1_71' title="bbox 2182 2058 3775 2134">
    <p class='ocr_par' dir='ltr' id='par_1_71' title="bbox 2182 2058 3775 2134">
     <span class='ocr_line' id='line_1_72' title="bbox 2182 2058 3775 2134; baseline 0.003 -17"><span class='ocrx_word' id='word_1_611' title='bbox 2182 2061 2238 2117; x_wconf 91' lang='lat' dir='ltr'><strong>in</strong></span> <span class='ocrx_word' id='word_1_612' title='bbox 2274 2058 2529 2130; x_wconf 88' lang='lat' dir='ltr'><strong>pupillam</strong></span> <span class='ocrx_word' id='word_1_613' title='bbox 2571 2059 2715 2116; x_wconf 90' lang='lat' dir='ltr'><strong>oculi</strong></span> <span class='ocrx_word' id='word_1_614' title='bbox 2756 2075 2825 2117; x_wconf 90' lang='lat' dir='ltr'><strong>ne</strong></span> <span class='ocrx_word' id='word_1_615' title='bbox 2855 2061 3132 2118; x_wconf 91' lang='lat' dir='ltr'><strong>minimum</strong></span> <span class='ocrx_word' id='word_1_616' title='bbox 3163 2062 3380 2134; x_wconf 86' lang='lat' dir='ltr'><strong>quidem</strong></span> <span class='ocrx_word' id='word_1_617' title='bbox 3423 2064 3657 2134; x_wconf 88' lang='lat' dir='ltr'><strong>pulveris</strong></span> <span class='ocrx_word' id='word_1_618' title='bbox 3693 2066 3775 2121; x_wconf 83' lang='lat' dir='ltr'><strong>in-</strong></span> 
     </span>
    </p>
   </div>
   <div class='ocr_carea' id='block_1_72' title="bbox 2182 2154 3777 2231">
    <p class='ocr_par' dir='ltr' id='par_1_72' title="bbox 2182 2154 3777 2231">
     <span class='ocr_line' id='line_1_73' title="bbox 2182 2154 3777 2231; baseline 0.004 -21"><span class='ocrx_word' id='word_1_619' title='bbox 2182 2155 2334 2226; x_wconf 87' lang='lat' dir='ltr'><strong>gredi</strong></span> <span class='ocrx_word' id='word_1_620' title='bbox 2357 2154 2491 2211; x_wconf 89' lang='lat' dir='ltr'><strong>sinis</strong></span> <span class='ocrx_word' id='word_1_621' title='bbox 2513 2196 2528 2221; x_wconf 92' lang='lat'><strong>,</strong></span> <span class='ocrx_word' id='word_1_622' title='bbox 2555 2154 2789 2210; x_wconf 88' lang='lat' dir='ltr'><strong>animam</strong></span> <span class='ocrx_word' id='word_1_623' title='bbox 2816 2169 2946 2211; x_wconf 89' lang='lat' dir='ltr'><strong>vero</strong></span> <span class='ocrx_word' id='word_1_624' title='bbox 2971 2162 3238 2210; x_wconf 87' lang='lat' dir='ltr'><strong>tantorum</strong></span> <span class='ocrx_word' id='word_1_625' title='bbox 3278 2157 3541 2213; x_wconf 86' lang='lat' dir='ltr'><strong>malorum</strong></span> <span class='ocrx_word' id='word_1_626' title='bbox 3578 2173 3777 2231; x_wconf 87' lang='lat' dir='ltr'><strong>conge-</strong></span> 
     </span>
    </p>
   </div>
   <div class='ocr_carea' id='block_1_73' title="bbox 2184 2246 3774 2323">
    <p class='ocr_par' dir='ltr' id='par_1_73' title="bbox 2184 2246 3774 2323">
     <span class='ocr_line' id='line_1_74' title="bbox 2184 2246 3774 2323; baseline 0.001 -19"><span class='ocrx_word' id='word_1_627' title='bbox 2184 2250 2316 2304; x_wconf 91' lang='lat' dir='ltr'><strong>riem</strong></span> <span class='ocrx_word' id='word_1_628' title='bbox 2345 2246 2559 2304; x_wconf 86' lang='lat' dir='ltr'><strong>trahere</strong></span> <span class='ocrx_word' id='word_1_629' title='bbox 2597 2247 2924 2319; x_wconf 84' lang='lat' dir='ltr'><strong>negligenter</strong></span> <span class='ocrx_word' id='word_1_630' title='bbox 2954 2248 3193 2316; x_wconf 86' lang='lat' dir='ltr'><strong>pateris?</strong></span> <span class='ocrx_word' id='word_1_631' title='bbox 3236 2246 3585 2316; x_wconf 82' lang='lat' dir='ltr'><strong>Quandonam</strong></span> <span class='ocrx_word' id='word_1_632' title='bbox 3615 2251 3774 2323; x_wconf 79' lang='lat' dir='ltr'><strong>igitur</strong></span> 
     </span>
    </p>
   </div>
   <div class='ocr_carea' id='block_1_74' title="bbox 2180 2337 3775 2411">
    <p class='ocr_par' dir='ltr' id='par_1_74' title="bbox 2180 2337 3775 2411">
     <span class='ocr_line' id='line_1_75' title="bbox 2180 2337 3775 2411; baseline 0.003 -17"><span class='ocrx_word' id='word_1_633' title='bbox 2180 2338 2369 2394; x_wconf 85' lang='lat' dir='ltr'><strong>sordes</strong></span> <span class='ocrx_word' id='word_1_634' title='bbox 2395 2338 2510 2393; x_wconf 83' lang='lat' dir='ltr'><strong>illas</strong></span> <span class='ocrx_word' id='word_1_635' title='bbox 2535 2351 2668 2409; x_wconf 86' lang='lat' dir='ltr'><strong>quas</strong></span> <span class='ocrx_word' id='word_1_636' title='bbox 2691 2337 2928 2407; x_wconf 88' lang='lat' dir='ltr'><strong>quotidie</strong></span> <span class='ocrx_word' id='word_1_637' title='bbox 2953 2338 3243 2409; x_wconf 88' lang='lat' dir='ltr'><strong>ingerimus</strong></span> <span class='ocrx_word' id='word_1_638' title='bbox 3264 2351 3485 2408; x_wconf 82' lang='lat' dir='ltr'><strong>prorsus</strong></span> <span class='ocrx_word' id='word_1_639' title='bbox 3505 2340 3775 2411; x_wconf 73' lang='lat' dir='ltr'><strong>deputiere</strong></span> 
     </span>
    </p>
   </div>
   <div class='ocr_carea' id='block_1_75' title="bbox 2179 2428 3771 2502">
    <p class='ocr_par' dir='ltr' id='par_1_75' title="bbox 2179 2428 3771 2502">
     <span class='ocr_line' id='line_1_76' title="bbox 2179 2428 3771 2502; baseline 0.002 -15"><span class='ocrx_word' id='word_1_640' title='bbox 2179 2430 2478 2502; x_wconf 90' lang='lat' dir='ltr'><strong>poterimus</strong></span> <span class='ocrx_word' id='word_1_641' title='bbox 2492 2430 2517 2483; x_wconf 70' lang='grc' dir='ltr'><strong>’ἱ</strong></span> <span class='ocrx_word' id='word_1_642' title='bbox 2530 2428 2742 2500; x_wconf 89' lang='lat' dir='ltr'><strong>quando</strong></span> <span class='ocrx_word' id='word_1_643' title='bbox 2766 2429 2947 2500; x_wconf 85' lang='lat' dir='ltr'><strong>spinas</strong></span> <span class='ocrx_word' id='word_1_644' title='bbox 2966 2429 3314 2486; x_wconf 86' lang='lat' dir='ltr'><strong>exscindere?</strong></span> <span class='ocrx_word' id='word_1_645' title='bbox 3333 2431 3546 2501; x_wconf 84' lang='lat' dir='ltr'><strong>quando</strong></span> <span class='ocrx_word' id='word_1_646' title='bbox 3567 2435 3771 2494; x_wconf 83' lang='lat' dir='ltr'><strong>semina</strong></span> 
     </span>
    </p>
   </div>
   <div class='ocr_carea' id='block_1_76' title="bbox 2176 2522 3773 2595">
    <p class='ocr_par' dir='ltr' id='par_1_76' title="bbox 2176 2522 3773 2595">
     <span class='ocr_line' id='line_1_77' title="bbox 2176 2522 3773 2595; baseline 0.003 -17"><span class='ocrx_word' id='word_1_647' title='bbox 2176 2522 2402 2595; x_wconf 79' lang='lat' dir='ltr'><strong>jacere?</strong></span> <span class='ocrx_word' id='word_1_648' title='bbox 2432 2523 2617 2579; x_wconf 80' lang='lat' dir='ltr'><strong>Nescis</strong></span> <span class='ocrx_word' id='word_1_649' title='bbox 2640 2534 2693 2578; x_wconf 88' lang='lat' dir='ltr'><strong>tu</strong></span> <span class='ocrx_word' id='word_1_650' title='bbox 2719 2563 2733 2590; x_wconf 90' lang='lat'><strong>,</strong></span> <span class='ocrx_word' id='word_1_651' title='bbox 2763 2529 2977 2593; x_wconf 85' lang='lat' dir='ltr'><strong>tempus</strong></span> <span class='ocrx_word' id='word_1_652' title='bbox 3020 2524 3212 2579; x_wconf 86' lang='lat' dir='ltr'><strong>messis</strong></span> <span class='ocrx_word' id='word_1_653' title='bbox 3242 2524 3483 2580; x_wconf 83' lang='lat' dir='ltr'><strong>instare?</strong></span> <span class='ocrx_word' id='word_1_654' title='bbox 3507 2524 3614 2581; x_wconf 81' lang='lat' dir='ltr'><strong>Nos</strong></span> <span class='ocrx_word' id='word_1_655' title='bbox 3640 2542 3773 2583; x_wconf 88' lang='lat' dir='ltr'><strong>vero</strong></span> 
     </span>
    </p>
   </div>
   <div class='ocr_carea' id='block_1_77' title="bbox 2180 2615 3775 2689">
    <p class='ocr_par' dir='ltr' id='par_1_77' title="bbox 2180 2615 3775 2689">
     <span class='ocr_line' id='line_1_78' title="bbox 2180 2615 3775 2689; baseline 0.003 -16"><span class='ocrx_word' id='word_1_656' title='bbox 2180 2633 2249 2674; x_wconf 90' lang='lat' dir='ltr'><strong>ne</strong></span> <span class='ocrx_word' id='word_1_657' title='bbox 2279 2617 2498 2674; x_wconf 86' lang='lat' dir='ltr'><strong>novales</strong></span> <span class='ocrx_word' id='word_1_658' title='bbox 2526 2616 2738 2687; x_wconf 89' lang='lat' dir='ltr'><strong>quidem</strong></span> <span class='ocrx_word' id='word_1_659' title='bbox 2768 2615 2945 2672; x_wconf 78' lang='lat' dir='ltr'><strong>adhuc</strong></span> <span class='ocrx_word' id='word_1_660' title='bbox 2973 2615 3296 2671; x_wconf 87' lang='lat' dir='ltr'><strong>curavimus.</strong></span> <span class='ocrx_word' id='word_1_661' title='bbox 3324 2616 3381 2673; x_wconf 90' lang='lat' dir='ltr'><strong>Si</strong></span> <span class='ocrx_word' id='word_1_662' title='bbox 3413 2632 3540 2689; x_wconf 87' lang='lat' dir='ltr'><strong>ergo</strong></span> <span class='ocrx_word' id='word_1_663' title='bbox 3563 2621 3775 2677; x_wconf 82' lang='lat' dir='ltr'><strong>venerit</strong></span> 
     </span>
    </p>
   </div>
   <div class='ocr_carea' id='block_1_78' title="bbox 2179 2708 3771 2785">
    <p class='ocr_par' dir='ltr' id='par_1_78' title="bbox 2179 2708 3771 2785">
     <span class='ocr_line' id='line_1_79' title="bbox 2179 2708 3771 2785; baseline 0 -17"><span class='ocrx_word' id='word_1_664' title='bbox 2179 2712 2410 2785; x_wconf 86' lang='lat' dir='ltr'><strong>agricola</strong></span> <span class='ocrx_word' id='word_1_665' title='bbox 2437 2753 2454 2778; x_wconf 97' lang='lat'><strong>,</strong></span> <span class='ocrx_word' id='word_1_666' title='bbox 2489 2719 2544 2766; x_wconf 90' lang='lat' dir='ltr'><strong>et</strong></span> <span class='ocrx_word' id='word_1_667' title='bbox 2569 2723 2670 2766; x_wconf 90' lang='lat' dir='ltr'><strong>nos</strong></span> <span class='ocrx_word' id='word_1_668' title='bbox 2697 2709 3014 2765; x_wconf 88' lang='lat' dir='ltr'><strong>incusaverit</strong></span> <span class='ocrx_word' id='word_1_669' title='bbox 3036 2750 3050 2775; x_wconf 91' lang='lat'><strong>,</strong></span> <span class='ocrx_word' id='word_1_670' title='bbox 3079 2709 3205 2781; x_wconf 87' lang='lat' dir='ltr'><strong>quid</strong></span> <span class='ocrx_word' id='word_1_671' title='bbox 3235 2708 3511 2767; x_wconf 86' lang='lat' dir='ltr'><strong>dicemus?</strong></span> <span class='ocrx_word' id='word_1_672' title='bbox 3530 2710 3654 2780; x_wconf 84' lang='lat' dir='ltr'><strong>quid</strong></span> <span class='ocrx_word' id='word_1_673' title='bbox 3682 2727 3771 2768; x_wconf 54' lang='lat' dir='ltr'><strong>rea</strong></span> 
     </span>
    </p>
   </div>
   <div class='ocr_carea' id='block_1_79' title="bbox 2178 2801 3771 2876">
    <p class='ocr_par' dir='ltr' id='par_1_79' title="bbox 2178 2801 3771 2876">
     <span class='ocr_line' id='line_1_80' title="bbox 2178 2801 3771 2876; baseline -0.001 -15"><span class='ocrx_word' id='word_1_674' title='bbox 2178 2802 2603 2876; x_wconf 81' lang='lat' dir='ltr'><strong>spondebimus?</strong></span> <span class='ocrx_word' id='word_1_675' title='bbox 2630 2802 2712 2857; x_wconf 77' lang='lat' dir='ltr'><strong>An</strong></span> <span class='ocrx_word' id='word_1_676' title='bbox 2758 2802 3028 2858; x_wconf 86' lang='lat' dir='ltr'><strong>neminem</strong></span> <span class='ocrx_word' id='word_1_677' title='bbox 3075 2803 3279 2857; x_wconf 88' lang='lat' dir='ltr'><strong>semina</strong></span> <span class='ocrx_word' id='word_1_678' title='bbox 3319 2801 3579 2860; x_wconf 87' lang='lat' dir='ltr'><strong>dedisse?</strong></span> <span class='ocrx_word' id='word_1_679' title='bbox 3605 2803 3771 2875; x_wconf 77' lang='lat' dir='ltr'><strong>Atqui</strong></span> 
     </span>
    </p>
   </div>
   <div class='ocr_carea' id='block_1_80' title="bbox 2176 2893 3770 2966">
    <p class='ocr_par' dir='ltr' id='par_1_80' title="bbox 2176 2893 3770 2966">
     <span class='ocr_line' id='line_1_81' title="bbox 2176 2893 3770 2966; baseline 0 -14"><span class='ocrx_word' id='word_1_680' title='bbox 2176 2897 2267 2952; x_wconf 89' lang='lat' dir='ltr'><strong>illa</strong></span> <span class='ocrx_word' id='word_1_681' title='bbox 2296 2894 2535 2966; x_wconf 86' lang='lat' dir='ltr'><strong>quotidie</strong></span> <span class='ocrx_word' id='word_1_682' title='bbox 2557 2893 2851 2964; x_wconf 83' lang='lat' dir='ltr'><strong>jaciuntur.</strong></span> <span class='ocrx_word' id='word_1_683' title='bbox 2886 2895 2966 2948; x_wconf 87' lang='lat' dir='ltr'><strong>An</strong></span> <span class='ocrx_word' id='word_1_684' title='bbox 2997 2895 3265 2949; x_wconf 87' lang='lat' dir='ltr'><strong>neminem</strong></span> <span class='ocrx_word' id='word_1_685' title='bbox 3296 2897 3476 2964; x_wconf 84' lang='lat' dir='ltr'><strong>spinas</strong></span> <span class='ocrx_word' id='word_1_686' title='bbox 3506 2896 3770 2952; x_wconf 65' lang='lat' dir='ltr'><strong>succidiso</strong></span> 
     </span>
    </p>
   </div>
   <div class='ocr_carea' id='block_1_81' title="bbox 2174 2984 3769 3056">
    <p class='ocr_par' dir='ltr' id='par_1_81' title="bbox 2174 2984 3769 3056">
     <span class='ocr_line' id='line_1_82' title="bbox 2174 2984 3769 3056; baseline -0.001 -13"><span class='ocrx_word' id='word_1_687' title='bbox 2174 2989 2278 3044; x_wconf 81' lang='lat' dir='ltr'><strong>se?</strong></span> <span class='ocrx_word' id='word_1_688' title='bbox 2302 2986 2499 3043; x_wconf 81' lang='lat' dir='ltr'><strong>Verum</strong></span> <span class='ocrx_word' id='word_1_689' title='bbox 2529 2986 2766 3056; x_wconf 89' lang='lat' dir='ltr'><strong>quotidie</strong></span> <span class='ocrx_word' id='word_1_690' title='bbox 2793 2984 2983 3040; x_wconf 84' lang='lat' dir='ltr'><strong>falcem</strong></span> <span class='ocrx_word' id='word_1_691' title='bbox 3010 2985 3270 3042; x_wconf 89' lang='lat' dir='ltr'><strong>acuimus.</strong></span> <span class='ocrx_word' id='word_1_692' title='bbox 3306 2989 3386 3041; x_wconf 84' lang='lat' dir='ltr'><strong>An</strong></span> <span class='ocrx_word' id='word_1_693' title='bbox 3415 3003 3518 3046; x_wconf 78' lang='lat' dir='ltr'><strong>nos</strong></span> <span class='ocrx_word' id='word_1_694' title='bbox 3541 2988 3769 3043; x_wconf 71' lang='lat' dir='ltr'><strong>smcula—</strong></span> 
     </span>
    </p>
   </div>
   <div class='ocr_carea' id='block_1_82' title="bbox 2176 3078 3767 3150">
    <p class='ocr_par' dir='ltr' id='par_1_82' title="bbox 2176 3078 3767 3150">
     <span class='ocr_line' id='line_1_83' title="bbox 2176 3078 3767 3150; baseline 0.001 -16"><span class='ocrx_word' id='word_1_695' title='bbox 2176 3078 2325 3134; x_wconf 92' lang='lat' dir='ltr'><strong>ribus</strong></span> <span class='ocrx_word' id='word_1_696' title='bbox 2354 3078 2543 3134; x_wconf 91' lang='lat' dir='ltr'><strong>abduci</strong></span> <span class='ocrx_word' id='word_1_697' title='bbox 2585 3079 2730 3132; x_wconf 90' lang='lat' dir='ltr'><strong>curis</strong></span> <span class='ocrx_word' id='word_1_698' title='bbox 2772 3082 2827 3134; x_wconf 82' lang='lat' dir='ltr'><strong>et</strong></span> <span class='ocrx_word' id='word_1_699' title='bbox 2868 3078 3320 3133; x_wconf 83' lang='lat' dir='ltr'><strong>necessitatibus?</strong></span> <span class='ocrx_word' id='word_1_700' title='bbox 3348 3079 3415 3134; x_wconf 87' lang='lat' dir='ltr'><strong>Et</strong></span> <span class='ocrx_word' id='word_1_701' title='bbox 3448 3094 3613 3150; x_wconf 82' lang='lat' dir='ltr'><strong>quare</strong></span> <span class='ocrx_word' id='word_1_702' title='bbox 3658 3095 3767 3135; x_wconf 85' lang='lat' dir='ltr'><strong>non</strong></span> 
     </span>
    </p>
   </div>
   <div class='ocr_carea' id='block_1_83' title="bbox 2176 3169 3764 3246">
    <p class='ocr_par' dir='ltr' id='par_1_83' title="bbox 2176 3169 3764 3246">
     <span class='ocr_line' id='line_1_84' title="bbox 2176 3169 3764 3246; baseline -0.001 -18"><span class='ocrx_word' id='word_1_703' title='bbox 2176 3172 2404 3246; x_wconf 87' lang='lat' dir='ltr'><strong>teipsum</strong></span> <span class='ocrx_word' id='word_1_704' title='bbox 2433 3171 2630 3226; x_wconf 91' lang='lat' dir='ltr'><strong>mundo</strong></span> <span class='ocrx_word' id='word_1_705' title='bbox 2656 3170 2999 3226; x_wconf 78' lang='lat' dir='ltr'><strong>cruciﬁxisti?</strong></span> <span class='ocrx_word' id='word_1_706' title='bbox 3023 3169 3154 3225; x_wconf 84' lang='lat' dir='ltr'><strong>Nam</strong></span> <span class='ocrx_word' id='word_1_707' title='bbox 3185 3172 3228 3226; x_wconf 93' lang='lat' dir='ltr'><strong>si</strong></span> <span class='ocrx_word' id='word_1_708' title='bbox 3261 3171 3352 3227; x_wconf 88' lang='lat' dir='ltr'><strong>ille</strong></span> <span class='ocrx_word' id='word_1_709' title='bbox 3376 3173 3548 3227; x_wconf 83' lang='lat' dir='ltr'><strong>malus</strong></span> <span class='ocrx_word' id='word_1_710' title='bbox 3570 3182 3653 3227; x_wconf 89' lang='lat' dir='ltr'><strong>est</strong></span> <span class='ocrx_word' id='word_1_711' title='bbox 3672 3176 3764 3244; x_wconf 88' lang='lat' dir='ltr'><strong>qui</strong></span> 
     </span>
    </p>
   </div>
   <div class='ocr_carea' id='block_1_84' title="bbox 2174 3261 3764 3334">
    <p class='ocr_par' dir='ltr' id='par_1_84' title="bbox 2174 3261 3764 3334">
     <span class='ocr_line' id='line_1_85' title="bbox 2174 3261 3764 3334; baseline -0.002 -13"><span class='ocrx_word' id='word_1_712' title='bbox 2174 3265 2302 3322; x_wconf 90' lang='lat' dir='ltr'><strong>illud</strong></span> <span class='ocrx_word' id='word_1_713' title='bbox 2331 3262 2507 3319; x_wconf 88' lang='lat' dir='ltr'><strong>solum</strong></span> <span class='ocrx_word' id='word_1_714' title='bbox 2536 3262 2731 3329; x_wconf 85' lang='lat' dir='ltr'><strong>reddit,</strong></span> <span class='ocrx_word' id='word_1_715' title='bbox 2755 3261 2896 3334; x_wconf 89' lang='lat' dir='ltr'><strong>quod</strong></span> <span class='ocrx_word' id='word_1_716' title='bbox 2926 3261 3027 3316; x_wconf 89' lang='lat' dir='ltr'><strong>sibi</strong></span> <span class='ocrx_word' id='word_1_717' title='bbox 3055 3264 3240 3316; x_wconf 86' lang='lat' dir='ltr'><strong>datum</strong></span> <span class='ocrx_word' id='word_1_718' title='bbox 3272 3261 3479 3329; x_wconf 89' lang='lat' dir='ltr'><strong>fuerat,</strong></span> <span class='ocrx_word' id='word_1_719' title='bbox 3508 3264 3629 3333; x_wconf 77' lang='lat' dir='ltr'><strong>quia</strong></span> <span class='ocrx_word' id='word_1_720' title='bbox 3655 3279 3764 3319; x_wconf 85' lang='lat' dir='ltr'><strong>non</strong></span> 
     </span>
    </p>
   </div>
   <div class='ocr_carea' id='block_1_85' title="bbox 2173 3353 3766 3428">
    <p class='ocr_par' dir='ltr' id='par_1_85' title="bbox 2173 3353 3766 3428">
     <span class='ocr_line' id='line_1_86' title="bbox 2173 3353 3766 3428; baseline -0.006 -14"><span class='ocrx_word' id='word_1_721' title='bbox 2173 3356 2461 3428; x_wconf 87' lang='lat' dir='ltr'><strong>duplicavit</strong></span> <span class='ocrx_word' id='word_1_722' title='bbox 2489 3370 2750 3410; x_wconf 84' lang='lat' dir='ltr'><strong>summam</strong></span> <span class='ocrx_word' id='word_1_723' title='bbox 2770 3354 2897 3426; x_wconf 86' lang='lat' dir='ltr'><strong>:qui</strong></span> <span class='ocrx_word' id='word_1_724' title='bbox 2922 3353 3102 3409; x_wconf 87' lang='lat' dir='ltr'><strong>datum</strong></span> <span class='ocrx_word' id='word_1_725' title='bbox 3129 3353 3486 3421; x_wconf 83' lang='lat' dir='ltr'><strong>labefactavit,</strong></span> <span class='ocrx_word' id='word_1_726' title='bbox 3511 3354 3636 3424; x_wconf 89' lang='lat' dir='ltr'><strong>quid</strong></span> <span class='ocrx_word' id='word_1_727' title='bbox 3663 3370 3766 3411; x_wconf 81' lang='lat' dir='ltr'><strong>au.</strong></span> 
     </span>
    </p>
   </div>
   <div class='ocr_carea' id='block_1_86' title="bbox 2172 3444 3764 3517">
    <p class='ocr_par' dir='ltr' id='par_1_86' title="bbox 2172 3444 3764 3517">
     <span class='ocr_line' id='line_1_87' title="bbox 2172 3444 3764 3517; baseline -0.003 -12"><span class='ocrx_word' id='word_1_728' title='bbox 2172 3448 2325 3505; x_wconf 83' lang='lat' dir='ltr'><strong>diet?</strong></span> <span class='ocrx_word' id='word_1_729' title='bbox 2350 3447 2406 3504; x_wconf 92' lang='lat' dir='ltr'><strong>Si</strong></span> <span class='ocrx_word' id='word_1_730' title='bbox 2436 3447 2523 3502; x_wconf 91' lang='lat' dir='ltr'><strong>ille</strong></span> <span class='ocrx_word' id='word_1_731' title='bbox 2559 3445 2750 3517; x_wconf 83' lang='lat' dir='ltr'><strong>ligatus</strong></span> <span class='ocrx_word' id='word_1_732' title='bbox 2786 3459 2852 3501; x_wconf 89' lang='lat' dir='ltr'><strong>eo</strong></span> <span class='ocrx_word' id='word_1_733' title='bbox 2883 3444 3154 3515; x_wconf 88' lang='lat' dir='ltr'><strong>projectus</strong></span> <span class='ocrx_word' id='word_1_734' title='bbox 3183 3452 3268 3500; x_wconf 88' lang='lat' dir='ltr'><strong>est</strong></span> <span class='ocrx_word' id='word_1_735' title='bbox 3295 3444 3383 3500; x_wconf 87' lang='lat' dir='ltr'><strong>ubi</strong></span> <span class='ocrx_word' id='word_1_736' title='bbox 3408 3445 3607 3500; x_wconf 84' lang='lat' dir='ltr'><strong>stridor</strong></span> <span class='ocrx_word' id='word_1_737' title='bbox 3629 3445 3764 3501; x_wconf 63' lang='lat' dir='ltr'><strong>deuo</strong></span> 
     </span>
    </p>
   </div>
   <div class='ocr_carea' id='block_1_87' title="bbox 2172 3535 3765 3611">
    <p class='ocr_par' dir='ltr' id='par_1_87' title="bbox 2172 3535 3765 3611">
     <span class='ocr_line' id='line_1_88' title="bbox 2172 3535 3765 3611; baseline -0.002 -15"><span class='ocrx_word' id='word_1_738' title='bbox 2172 3541 2327 3609; x_wconf 89' lang='lat' dir='ltr'><strong>tium,</strong></span> <span class='ocrx_word' id='word_1_739' title='bbox 2356 3538 2482 3611; x_wconf 89' lang='lat' dir='ltr'><strong>quid</strong></span> <span class='ocrx_word' id='word_1_740' title='bbox 2509 3552 2608 3593; x_wconf 91' lang='lat' dir='ltr'><strong>nos</strong></span> <span class='ocrx_word' id='word_1_741' title='bbox 2633 3537 2917 3607; x_wconf 88' lang='lat' dir='ltr'><strong>patiemur,</strong></span> <span class='ocrx_word' id='word_1_742' title='bbox 2939 3535 3065 3590; x_wconf 90' lang='lat' dir='ltr'><strong>dum</strong></span> <span class='ocrx_word' id='word_1_743' title='bbox 3095 3544 3364 3591; x_wconf 63' lang='lat' dir='ltr'><strong>sescentae</strong></span> <span class='ocrx_word' id='word_1_744' title='bbox 3388 3550 3478 3591; x_wconf 88' lang='lat' dir='ltr'><strong>res</strong></span> <span class='ocrx_word' id='word_1_745' title='bbox 3498 3546 3621 3590; x_wconf 85' lang='lat' dir='ltr'><strong>sunt</strong></span> <span class='ocrx_word' id='word_1_746' title='bbox 3640 3554 3765 3608; x_wconf 69' lang='lat' dir='ltr'><strong>qua:</strong></span> 
     </span>
    </p>
   </div>
   <div class='ocr_carea' id='block_1_88' title="bbox 2171 3626 3768 3699">
    <p class='ocr_par' dir='ltr' id='par_1_88' title="bbox 2171 3626 3768 3699">
     <span class='ocr_line' id='line_1_89' title="bbox 2171 3626 3768 3699; baseline -0.003 -9"><span class='ocrx_word' id='word_1_747' title='bbox 2171 3647 2273 3690; x_wconf 85' lang='lat' dir='ltr'><strong>nos</strong></span> <span class='ocrx_word' id='word_1_748' title='bbox 2291 3631 2359 3688; x_wconf 88' lang='lat' dir='ltr'><strong>ad</strong></span> <span class='ocrx_word' id='word_1_749' title='bbox 2380 3632 2628 3686; x_wconf 89' lang='lat' dir='ltr'><strong>virtutem</strong></span> <span class='ocrx_word' id='word_1_750' title='bbox 2648 3628 2884 3695; x_wconf 86' lang='lat' dir='ltr'><strong>trahunt,</strong></span> <span class='ocrx_word' id='word_1_751' title='bbox 2908 3642 3113 3698; x_wconf 90' lang='lat' dir='ltr'><strong>nosque</strong></span> <span class='ocrx_word' id='word_1_752' title='bbox 3140 3626 3430 3699; x_wconf 87' lang='lat' dir='ltr'><strong>refugimus</strong></span> <span class='ocrx_word' id='word_1_753' title='bbox 3450 3637 3506 3683; x_wconf 88' lang='lat' dir='ltr'><strong>et</strong></span> <span class='ocrx_word' id='word_1_754' title='bbox 3528 3630 3768 3699; x_wconf 81' lang='lat' dir='ltr'><strong>segniter</strong></span> 
     </span>
    </p>
   </div>
   <div class='ocr_carea' id='block_1_89' title="bbox 2172 3718 3766 3797">
    <p class='ocr_par' dir='ltr' id='par_1_89' title="bbox 2172 3718 3766 3797">
     <span class='ocr_line' id='line_1_90' title="bbox 2172 3718 3766 3797; baseline -0.004 -16"><span class='ocrx_word' id='word_1_755' title='bbox 2172 3725 2414 3797; x_wconf 86' lang='lat' dir='ltr'><strong>agimus?</strong></span> <span class='ocrx_word' id='word_1_756' title='bbox 2434 3723 2572 3792; x_wconf 80' lang='lat' dir='ltr'><strong>Quid</strong></span> <span class='ocrx_word' id='word_1_757' title='bbox 2595 3722 2739 3777; x_wconf 87' lang='lat' dir='ltr'><strong>enim</strong></span> <span class='ocrx_word' id='word_1_758' title='bbox 2761 3736 2866 3777; x_wconf 89' lang='lat' dir='ltr'><strong>non</strong></span> <span class='ocrx_word' id='word_1_759' title='bbox 2888 3720 3135 3776; x_wconf 88' lang='lat' dir='ltr'><strong>idoneum</strong></span> <span class='ocrx_word' id='word_1_760' title='bbox 3156 3720 3227 3774; x_wconf 92' lang='lat' dir='ltr'><strong>sit</strong></span> <span class='ocrx_word' id='word_1_761' title='bbox 3245 3718 3311 3774; x_wconf 89' lang='lat' dir='ltr'><strong>ad</strong></span> <span class='ocrx_word' id='word_1_762' title='bbox 3330 3728 3380 3774; x_wconf 92' lang='lat' dir='ltr'><strong>te</strong></span> <span class='ocrx_word' id='word_1_763' title='bbox 3396 3720 3721 3776; x_wconf 86' lang='lat' dir='ltr'><strong>incitandum</strong></span> <span class='ocrx_word' id='word_1_764' title='bbox 3740 3720 3766 3774; x_wconf 70' lang='grc' dir='ltr'><strong>’ἔ</strong></span> 
     </span>
    </p>
   </div>
   <div class='ocr_carea' id='block_1_90' title="bbox 2171 3813 3767 3888">
    <p class='ocr_par' dir='ltr' id='par_1_90' title="bbox 2171 3813 3767 3888">
     <span class='ocr_line' id='line_1_91' title="bbox 2171 3813 3767 3888; baseline -0.006 -11"><span class='ocrx_word' id='word_1_765' title='bbox 2171 3823 2363 3877; x_wconf 84' lang='lat' dir='ltr'><strong>Annon</strong></span> <span class='ocrx_word' id='word_1_766' title='bbox 2391 3817 2543 3873; x_wconf 86' lang='lat' dir='ltr'><strong>vides</strong></span> <span class='ocrx_word' id='word_1_767' title='bbox 2570 3831 2728 3888; x_wconf 90' lang='lat' dir='ltr'><strong>quam</strong></span> <span class='ocrx_word' id='word_1_768' title='bbox 2760 3814 2883 3871; x_wconf 88' lang='lat' dir='ltr'><strong>vilis</strong></span> <span class='ocrx_word' id='word_1_769' title='bbox 2906 3857 2921 3880; x_wconf 95' lang='lat'><strong>,</strong></span> <span class='ocrx_word' id='word_1_770' title='bbox 2950 3829 3109 3884; x_wconf 88' lang='lat' dir='ltr'><strong>quam</strong></span> <span class='ocrx_word' id='word_1_771' title='bbox 3140 3813 3341 3869; x_wconf 87' lang='lat' dir='ltr'><strong>incerta</strong></span> <span class='ocrx_word' id='word_1_772' title='bbox 3368 3814 3440 3869; x_wconf 90' lang='lat' dir='ltr'><strong>sit</strong></span> <span class='ocrx_word' id='word_1_773' title='bbox 3467 3813 3583 3869; x_wconf 85' lang='lat' dir='ltr'><strong>haec</strong></span> <span class='ocrx_word' id='word_1_774' title='bbox 3612 3814 3722 3868; x_wconf 85' lang='lat' dir='ltr'><strong>vita</strong></span> <span class='ocrx_word' id='word_1_775' title='bbox 3739 3814 3767 3868; x_wconf 89' lang='lat'><strong>?</strong></span> 
     </span>
    </p>
   </div>
   <div class='ocr_carea' id='block_1_91' title="bbox 2170 3903 3763 3984">
    <p class='ocr_par' dir='ltr' id='par_1_91' title="bbox 2170 3903 3763 3984">
     <span class='ocr_line' id='line_1_92' title="bbox 2170 3903 3763 3984; baseline -0.005 -17"><span class='ocrx_word' id='word_1_776' title='bbox 2170 3919 2401 3984; x_wconf 90' lang='lat' dir='ltr'><strong>quantus</strong></span> <span class='ocrx_word' id='word_1_777' title='bbox 2430 3910 2516 3965; x_wconf 90' lang='lat' dir='ltr'><strong>hic</strong></span> <span class='ocrx_word' id='word_1_778' title='bbox 2541 3909 2692 3963; x_wconf 89' lang='lat' dir='ltr'><strong>labor</strong></span> <span class='ocrx_word' id='word_1_779' title='bbox 2718 3904 2832 3962; x_wconf 84' lang='lat' dir='ltr'><strong>sit?</strong></span> <span class='ocrx_word' id='word_1_780' title='bbox 2871 3912 3101 3976; x_wconf 87' lang='lat' dir='ltr'><strong>quantus</strong></span> <span class='ocrx_word' id='word_1_781' title='bbox 3141 3903 3344 3960; x_wconf 80' lang='lat' dir='ltr'><strong>sudor?</strong></span> <span class='ocrx_word' id='word_1_782' title='bbox 3389 3903 3577 3959; x_wconf 86' lang='lat' dir='ltr'><strong>Nonne</strong></span> <span class='ocrx_word' id='word_1_783' title='bbox 3613 3904 3763 3959; x_wconf 90' lang='lat' dir='ltr'><strong>enim</strong></span> 
     </span>
    </p>
   </div>
   <div class='ocr_carea' id='block_1_92' title="bbox 2171 3989 3766 4066">
    <p class='ocr_par' dir='ltr' id='par_1_92' title="bbox 2171 3989 3766 4066">
     <span class='ocr_line' id='line_1_93' title="bbox 2171 3989 3766 4066; baseline -0.006 -6"><span class='ocrx_word' id='word_1_784' title='bbox 2171 4005 2249 4060; x_wconf 89' lang='lat' dir='ltr'><strong>sic</strong></span> <span class='ocrx_word' id='word_1_785' title='bbox 2278 4018 2366 4059; x_wconf 89' lang='lat' dir='ltr'><strong>res</strong></span> <span class='ocrx_word' id='word_1_786' title='bbox 2392 4009 2494 4066; x_wconf 86' lang='lat' dir='ltr'><strong>est,</strong></span> <span class='ocrx_word' id='word_1_787' title='bbox 2527 4008 2584 4055; x_wconf 86' lang='lat' dir='ltr'><strong>ut</strong></span> <span class='ocrx_word' id='word_1_788' title='bbox 2611 4000 2778 4053; x_wconf 88' lang='lat' dir='ltr'><strong>virtus</strong></span> <span class='ocrx_word' id='word_1_789' title='bbox 2797 4012 2919 4053; x_wconf 86' lang='lat' dir='ltr'><strong>cum</strong></span> <span class='ocrx_word' id='word_1_790' title='bbox 2946 3989 3151 4061; x_wconf 86' lang='lat' dir='ltr'><strong>labore,</strong></span> <span class='ocrx_word' id='word_1_791' title='bbox 3177 4004 3234 4050; x_wconf 89' lang='lat' dir='ltr'><strong>et</strong></span> <span class='ocrx_word' id='word_1_792' title='bbox 3261 3993 3444 4049; x_wconf 87' lang='lat' dir='ltr'><strong>vitium</strong></span> <span class='ocrx_word' id='word_1_793' title='bbox 3470 3995 3589 4050; x_wconf 89' lang='lat' dir='ltr'><strong>sine</strong></span> <span class='ocrx_word' id='word_1_794' title='bbox 3610 3994 3766 4051; x_wconf 86' lang='lat' dir='ltr'><strong>labo-</strong></span> 
     </span>
    </p>
   </div>
   <div class='ocr_carea' id='block_1_93' title="bbox 2170 4086 3760 4166">
    <p class='ocr_par' dir='ltr' id='par_1_93' title="bbox 2170 4086 3760 4166">
     <span class='ocr_line' id='line_1_94' title="bbox 2170 4086 3760 4166; baseline -0.006 -15"><span class='ocrx_word' id='word_1_795' title='bbox 2170 4096 2318 4166; x_wconf 83' lang='lat' dir='ltr'><strong>ribus</strong></span> <span class='ocrx_word' id='word_1_796' title='bbox 2339 4092 2594 4149; x_wconf 75' lang='lat' dir='ltr'><strong>adcatur?</strong></span> <span class='ocrx_word' id='word_1_797' title='bbox 2613 4091 2667 4147; x_wconf 93' lang='lat' dir='ltr'><strong>Si</strong></span> <span class='ocrx_word' id='word_1_798' title='bbox 2689 4098 2742 4145; x_wconf 89' lang='lat' dir='ltr'><strong>ct</strong></span> <span class='ocrx_word' id='word_1_799' title='bbox 2766 4090 2818 4144; x_wconf 89' lang='lat' dir='ltr'><strong>in</strong></span> <span class='ocrx_word' id='word_1_800' title='bbox 2843 4088 2944 4143; x_wconf 87' lang='lat' dir='ltr'><strong>hoc</strong></span> <span class='ocrx_word' id='word_1_801' title='bbox 2962 4096 3019 4144; x_wconf 92' lang='lat' dir='ltr'><strong>et</strong></span> <span class='ocrx_word' id='word_1_802' title='bbox 3046 4088 3099 4142; x_wconf 89' lang='lat' dir='ltr'><strong>in</strong></span> <span class='ocrx_word' id='word_1_803' title='bbox 3125 4086 3216 4141; x_wconf 92' lang='lat' dir='ltr'><strong>illo</strong></span> <span class='ocrx_word' id='word_1_804' title='bbox 3237 4086 3388 4141; x_wconf 87' lang='lat' dir='ltr'><strong>labor</strong></span> <span class='ocrx_word' id='word_1_805' title='bbox 3406 4094 3508 4149; x_wconf 87' lang='lat' dir='ltr'><strong>est,</strong></span> <span class='ocrx_word' id='word_1_806' title='bbox 3532 4101 3629 4141; x_wconf 91' lang='lat' dir='ltr'><strong>cur</strong></span> <span class='ocrx_word' id='word_1_807' title='bbox 3652 4102 3760 4141; x_wconf 91' lang='lat' dir='ltr'><strong>nou</strong></span> 
     </span>
    </p>
   </div>
   <div class='ocr_carea' id='block_1_94' title="bbox 2170 4176 3766 4255">
    <p class='ocr_par' dir='ltr' id='par_1_94' title="bbox 2170 4176 3766 4255">
     <span class='ocr_line' id='line_1_95' title="bbox 2170 4176 3766 4255; baseline -0.006 -12"><span class='ocrx_word' id='word_1_808' title='bbox 2170 4188 2418 4242; x_wconf 89' lang='lat' dir='ltr'><strong>virtutem</strong></span> <span class='ocrx_word' id='word_1_809' title='bbox 2450 4185 2602 4255; x_wconf 85' lang='lat' dir='ltr'><strong>eligis</strong></span> <span class='ocrx_word' id='word_1_810' title='bbox 2628 4198 2747 4254; x_wconf 73' lang='lat' dir='ltr'><strong>qum</strong></span> <span class='ocrx_word' id='word_1_811' title='bbox 2782 4189 2986 4236; x_wconf 90' lang='lat' dir='ltr'><strong>tantum</strong></span> <span class='ocrx_word' id='word_1_812' title='bbox 3017 4187 3276 4251; x_wconf 67' lang='lat' dir='ltr'><strong>qumstum</strong></span> <span class='ocrx_word' id='word_1_813' title='bbox 3305 4178 3484 4249; x_wconf 88' lang='lat' dir='ltr'><strong>parit?</strong></span> <span class='ocrx_word' id='word_1_814' title='bbox 3511 4176 3625 4232; x_wconf 77' lang='lat' dir='ltr'><strong>Iino</strong></span> <span class='ocrx_word' id='word_1_815' title='bbox 3655 4179 3766 4233; x_wconf 79' lang='lat' dir='ltr'><strong>vir-</strong></span> 
     </span>
    </p>
   </div>
   <div class='ocr_carea' id='block_1_95' title="bbox 2170 4269 3766 4349">
    <p class='ocr_par' dir='ltr' id='par_1_95' title="bbox 2170 4269 3766 4349">
     <span class='ocr_line' id='line_1_96' title="bbox 2170 4269 3766 4349; baseline -0.008 -13"><span class='ocrx_word' id='word_1_816' title='bbox 2170 4287 2311 4336; x_wconf 89' lang='lat' dir='ltr'><strong>tutes</strong></span> <span class='ocrx_word' id='word_1_817' title='bbox 2328 4276 2569 4349; x_wconf 71' lang='lat' dir='ltr'><strong>quazdam</strong></span> <span class='ocrx_word' id='word_1_818' title='bbox 2595 4281 2738 4341; x_wconf 91' lang='lat' dir='ltr'><strong>sunt,</strong></span> <span class='ocrx_word' id='word_1_819' title='bbox 2765 4288 2884 4344; x_wconf 60' lang='lat' dir='ltr'><strong>quae</strong></span> <span class='ocrx_word' id='word_1_820' title='bbox 2907 4272 3112 4327; x_wconf 90' lang='lat' dir='ltr'><strong>nullum</strong></span> <span class='ocrx_word' id='word_1_821' title='bbox 3139 4269 3335 4325; x_wconf 87' lang='lat' dir='ltr'><strong>habent</strong></span> <span class='ocrx_word' id='word_1_822' title='bbox 3357 4269 3612 4324; x_wconf 86' lang='lat' dir='ltr'><strong>laborem.</strong></span> <span class='ocrx_word' id='word_1_823' title='bbox 3642 4269 3766 4338; x_wconf 79' lang='lat' dir='ltr'><strong>Quo</strong></span> 
     </span>
    </p>
   </div>
   <div class='ocr_carea' id='block_1_96' title="bbox 2168 4360 3763 4432">
    <p class='ocr_par' dir='ltr' id='par_1_96' title="bbox 2168 4360 3763 4432">
     <span class='ocr_line' id='line_1_97' title="bbox 2168 4360 3763 4432; baseline -0.008 -3"><span class='ocrx_word' id='word_1_824' title='bbox 2168 4371 2352 4428; x_wconf 89' lang='lat' dir='ltr'><strong>labore</strong></span> <span class='ocrx_word' id='word_1_825' title='bbox 2376 4366 2632 4423; x_wconf 89' lang='lat' dir='ltr'><strong>utendum</strong></span> <span class='ocrx_word' id='word_1_826' title='bbox 2660 4375 2722 4421; x_wconf 87' lang='lat' dir='ltr'><strong>ut</strong></span> <span class='ocrx_word' id='word_1_827' title='bbox 2749 4379 2854 4420; x_wconf 81' lang='lat' dir='ltr'><strong>non</strong></span> <span class='ocrx_word' id='word_1_828' title='bbox 2884 4362 3168 4419; x_wconf 86' lang='lat' dir='ltr'><strong>maledicta</strong></span> <span class='ocrx_word' id='word_1_829' title='bbox 3196 4360 3458 4432; x_wconf 84' lang='lat' dir='ltr'><strong>proferas,</strong></span> <span class='ocrx_word' id='word_1_830' title='bbox 3485 4376 3587 4417; x_wconf 90' lang='lat' dir='ltr'><strong>nec</strong></span> <span class='ocrx_word' id='word_1_831' title='bbox 3612 4377 3763 4417; x_wconf 85' lang='lat' dir='ltr'><strong>men-</strong></span> 
     </span>
    </p>
   </div>
   <div class='ocr_carea' id='block_1_97' title="bbox 2168 4450 3763 4529">
    <p class='ocr_par' dir='ltr' id='par_1_97' title="bbox 2168 4450 3763 4529">
     <span class='ocr_line' id='line_1_98' title="bbox 2168 4450 3763 4529; baseline -0.008 -10"><span class='ocrx_word' id='word_1_832' title='bbox 2168 4463 2317 4520; x_wconf 89' lang='lat' dir='ltr'><strong>tiaris</strong></span> <span class='ocrx_word' id='word_1_833' title='bbox 2336 4502 2353 4524; x_wconf 87' lang='lat'><strong>,</strong></span> <span class='ocrx_word' id='word_1_834' title='bbox 2389 4474 2489 4516; x_wconf 89' lang='lat' dir='ltr'><strong>nec</strong></span> <span class='ocrx_word' id='word_1_835' title='bbox 2509 4459 2659 4529; x_wconf 74' lang='lat' dir='ltr'><strong>iures</strong></span> <span class='ocrx_word' id='word_1_836' title='bbox 2683 4498 2698 4524; x_wconf 94' lang='lat'><strong>,</strong></span> <span class='ocrx_word' id='word_1_837' title='bbox 2728 4466 2788 4510; x_wconf 90' lang='lat' dir='ltr'><strong>ut</strong></span> <span class='ocrx_word' id='word_1_838' title='bbox 2816 4455 2950 4510; x_wconf 87' lang='lat' dir='ltr'><strong>iram</strong></span> <span class='ocrx_word' id='word_1_839' title='bbox 2983 4452 3226 4525; x_wconf 82' lang='lat' dir='ltr'><strong>proximo</strong></span> <span class='ocrx_word' id='word_1_840' title='bbox 3252 4451 3535 4507; x_wconf 86' lang='lat' dir='ltr'><strong>remittas?</strong></span> <span class='ocrx_word' id='word_1_841' title='bbox 3563 4450 3763 4507; x_wconf 86' lang='lat' dir='ltr'><strong>Contra</strong></span> 
     </span>
    </p>
   </div>
   <div class='ocr_carea' id='block_1_98' title="bbox 2167 4540 3764 4614">
    <p class='ocr_par' dir='ltr' id='par_1_98' title="bbox 2167 4540 3764 4614">
     <span class='ocr_line' id='line_1_99' title="bbox 2167 4540 3764 4614; baseline -0.009 -4"><span class='ocrx_word' id='word_1_842' title='bbox 2167 4567 2299 4610; x_wconf 88' lang='lat' dir='ltr'><strong>vero</strong></span> <span class='ocrx_word' id='word_1_843' title='bbox 2327 4550 2503 4607; x_wconf 87' lang='lat' dir='ltr'><strong>facere</strong></span> <span class='ocrx_word' id='word_1_844' title='bbox 2529 4546 2856 4603; x_wconf 90' lang='lat' dir='ltr'><strong>laboriosum</strong></span> <span class='ocrx_word' id='word_1_845' title='bbox 2882 4552 2986 4612; x_wconf 90' lang='lat' dir='ltr'><strong>est,</strong></span> <span class='ocrx_word' id='word_1_846' title='bbox 3014 4556 3364 4614; x_wconf 85' lang='lat' dir='ltr'><strong>magnamque</strong></span> <span class='ocrx_word' id='word_1_847' title='bbox 3387 4540 3541 4596; x_wconf 83' lang='lat' dir='ltr'><strong>affert</strong></span> <span class='ocrx_word' id='word_1_848' title='bbox 3564 4541 3764 4597; x_wconf 83' lang='lat' dir='ltr'><strong>sollici-</strong></span> 
     </span>
    </p>
   </div>
   <div class='ocr_carea' id='block_1_99' title="bbox 2169 4633 3761 4711">
    <p class='ocr_par' dir='ltr' id='par_1_99' title="bbox 2169 4633 3761 4711">
     <span class='ocr_line' id='line_1_100' title="bbox 2169 4633 3761 4711; baseline -0.011 -9"><span class='ocrx_word' id='word_1_849' title='bbox 2169 4645 2432 4702; x_wconf 88' lang='lat' dir='ltr'><strong>tudinem.</strong></span> <span class='ocrx_word' id='word_1_850' title='bbox 2458 4640 2590 4709; x_wconf 80' lang='lat' dir='ltr'><strong>Quae</strong></span> <span class='ocrx_word' id='word_1_851' title='bbox 2616 4640 2778 4711; x_wconf 88' lang='lat' dir='ltr'><strong>igitur</strong></span> <span class='ocrx_word' id='word_1_852' title='bbox 2801 4636 2958 4692; x_wconf 84' lang='lat' dir='ltr'><strong>nobis</strong></span> <span class='ocrx_word' id='word_1_853' title='bbox 2983 4634 3088 4691; x_wconf 86' lang='lat' dir='ltr'><strong>erit</strong></span> <span class='ocrx_word' id='word_1_854' title='bbox 3115 4634 3406 4698; x_wconf 82' lang='lat' dir='ltr'><strong>excusatio,</strong></span> <span class='ocrx_word' id='word_1_855' title='bbox 3434 4646 3555 4703; x_wconf 63' lang='lat' dir='ltr'><strong>qua:</strong></span> <span class='ocrx_word' id='word_1_856' title='bbox 3581 4633 3761 4698; x_wconf 85' lang='lat' dir='ltr'><strong>venia,</strong></span> 
     </span>
    </p>
   </div>
   <div class='ocr_carea' id='block_1_100' title="bbox 2167 4725 3763 4810">
    <p class='ocr_par' dir='ltr' id='par_1_100' title="bbox 2167 4725 3763 4810">
     <span class='ocr_line' id='line_1_101' title="bbox 2167 4725 3763 4810; baseline -0.009 -16"><span class='ocrx_word' id='word_1_857' title='bbox 2167 4739 2257 4810; x_wconf 91' lang='lat' dir='ltr'><strong>qui</strong></span> <span class='ocrx_word' id='word_1_858' title='bbox 2288 4751 2357 4793; x_wconf 88' lang='lat' dir='ltr'><strong>ne</strong></span> <span class='ocrx_word' id='word_1_859' title='bbox 2384 4736 2502 4791; x_wconf 71' lang='lat' dir='ltr'><strong>lucc</strong></span> <span class='ocrx_word' id='word_1_860' title='bbox 2529 4732 2743 4803; x_wconf 89' lang='lat' dir='ltr'><strong>quidem</strong></span> <span class='ocrx_word' id='word_1_861' title='bbox 2775 4728 2951 4785; x_wconf 85' lang='lat' dir='ltr'><strong>facere</strong></span> <span class='ocrx_word' id='word_1_862' title='bbox 2978 4726 3245 4783; x_wconf 86' lang='lat' dir='ltr'><strong>velimus?</strong></span> <span class='ocrx_word' id='word_1_863' title='bbox 3270 4725 3405 4781; x_wconf 80' lang='lat' dir='ltr'><strong>Hinc</strong></span> <span class='ocrx_word' id='word_1_864' title='bbox 3430 4741 3558 4781; x_wconf 90' lang='lat' dir='ltr'><strong>vero</strong></span> <span class='ocrx_word' id='word_1_865' title='bbox 3584 4725 3763 4796; x_wconf 84' lang='lat' dir='ltr'><strong>palam</strong></span> 
     </span>
    </p>
   </div>
   <div class='ocr_carea' id='block_1_101' title="bbox 2166 4816 3761 4898">
    <p class='ocr_par' dir='ltr' id='par_1_101' title="bbox 2166 4816 3761 4898">
     <span class='ocr_line' id='line_1_102' title="bbox 2166 4816 3761 4898; baseline -0.013 -9"><span class='ocrx_word' id='word_1_866' title='bbox 2166 4843 2272 4898; x_wconf 88' lang='lat' dir='ltr'><strong>est,</strong></span> <span class='ocrx_word' id='word_1_867' title='bbox 2291 4827 2636 4885; x_wconf 74' lang='lat' dir='ltr'><strong>tanoriosiora</strong></span> <span class='ocrx_word' id='word_1_868' title='bbox 2655 4825 2742 4880; x_wconf 74' lang='lat' dir='ltr'><strong>illa</strong></span> <span class='ocrx_word' id='word_1_869' title='bbox 2763 4838 2857 4894; x_wconf 87' lang='lat' dir='ltr'><strong>per</strong></span> <span class='ocrx_word' id='word_1_870' title='bbox 2871 4820 3130 4876; x_wconf 86' lang='lat' dir='ltr'><strong>desidiam</strong></span> <span class='ocrx_word' id='word_1_871' title='bbox 3149 4828 3201 4873; x_wconf 90' lang='lat' dir='ltr'><strong>et</strong></span> <span class='ocrx_word' id='word_1_872' title='bbox 3215 4816 3514 4875; x_wconf 90' lang='lat' dir='ltr'><strong>socordiam</strong></span> <span class='ocrx_word' id='word_1_873' title='bbox 3543 4832 3642 4871; x_wconf 89' lang='lat' dir='ltr'><strong>nos</strong></span> <span class='ocrx_word' id='word_1_874' title='bbox 3672 4817 3761 4870; x_wconf 87' lang='lat' dir='ltr'><strong>fu-</strong></span> 
     </span>
    </p>
   </div>
   <div class='ocr_carea' id='block_1_102' title="bbox 2164 4906 3762 4997">
    <p class='ocr_par' dir='ltr' id='par_1_102' title="bbox 2164 4906 3762 4997">
     <span class='ocr_line' id='line_1_103' title="bbox 2164 4906 3762 4997; baseline -0.013 -16"><span class='ocrx_word' id='word_1_875' title='bbox 2164 4939 2313 4997; x_wconf 87' lang='lat' dir='ltr'><strong>gere.</strong></span> <span class='ocrx_word' id='word_1_876' title='bbox 2337 4922 2468 4990; x_wconf 83' lang='lat' dir='ltr'><strong>Quae</strong></span> <span class='ocrx_word' id='word_1_877' title='bbox 2487 4919 2667 4974; x_wconf 90' lang='lat' dir='ltr'><strong>omnia</strong></span> <span class='ocrx_word' id='word_1_878' title='bbox 2692 4906 3009 4984; x_wconf 78' lang='lat' dir='ltr'><strong>cogitantes,</strong></span> <span class='ocrx_word' id='word_1_879' title='bbox 3034 4910 3322 4981; x_wconf 88' lang='lat' dir='ltr'><strong>nequitiam</strong></span> <span class='ocrx_word' id='word_1_880' title='bbox 3352 4908 3637 4979; x_wconf 85' lang='lat' dir='ltr'><strong>fugiamus,</strong></span> <span class='ocrx_word' id='word_1_881' title='bbox 3653 4908 3762 4961; x_wconf 83' lang='lat' dir='ltr'><strong>vir-</strong></span> 
     </span>
    </p>
   </div>
   <div class='ocr_carea' id='block_1_103' title="bbox 2165 5000 3765 5083">
    <p class='ocr_par' dir='ltr' id='par_1_103' title="bbox 2165 5000 3765 5083">
     <span class='ocr_line' id='line_1_104' title="bbox 2165 5000 3765 5083; baseline -0.014 -9"><span class='ocrx_word' id='word_1_882' title='bbox 2165 5027 2332 5074; x_wconf 83' lang='lat' dir='ltr'><strong>tutem</strong></span> <span class='ocrx_word' id='word_1_883' title='bbox 2348 5014 2651 5083; x_wconf 75' lang='lat' dir='ltr'><strong>diligamus,</strong></span> <span class='ocrx_word' id='word_1_884' title='bbox 2674 5016 2730 5063; x_wconf 89' lang='lat' dir='ltr'><strong>ut</strong></span> <span class='ocrx_word' id='word_1_885' title='bbox 2753 5016 2806 5063; x_wconf 89' lang='lat' dir='ltr'><strong>et</strong></span> <span class='ocrx_word' id='word_1_886' title='bbox 2828 5004 3114 5077; x_wconf 65' lang='lat' dir='ltr'><strong>prtesentia</strong></span> <span class='ocrx_word' id='word_1_887' title='bbox 3134 5013 3188 5057; x_wconf 91' lang='lat' dir='ltr'><strong>et</strong></span> <span class='ocrx_word' id='word_1_888' title='bbox 3206 5001 3377 5056; x_wconf 85' lang='lat' dir='ltr'><strong>futura</strong></span> <span class='ocrx_word' id='word_1_889' title='bbox 3408 5000 3545 5055; x_wconf 88' lang='lat' dir='ltr'><strong>bona</strong></span> <span class='ocrx_word' id='word_1_890' title='bbox 3566 5013 3765 5055; x_wconf 61' lang='lat' dir='ltr'><strong>cense.</strong></span> 
     </span>
    </p>
   </div>
   <div class='ocr_carea' id='block_1_104' title="bbox 2163 5092 3764 5184">
    <p class='ocr_par' dir='ltr' id='par_1_104' title="bbox 2163 5092 3764 5184">
     <span class='ocr_line' id='line_1_105' title="bbox 2163 5092 3764 5184; baseline -0.015 -16"><span class='ocrx_word' id='word_1_891' title='bbox 2163 5124 2411 5184; x_wconf 87' lang='lat' dir='ltr'><strong>quamur,</strong></span> <span class='ocrx_word' id='word_1_892' title='bbox 2438 5105 2606 5177; x_wconf 87' lang='lat' dir='ltr'><strong>gratia</strong></span> <span class='ocrx_word' id='word_1_893' title='bbox 2624 5113 2679 5158; x_wconf 92' lang='lat' dir='ltr'><strong>et</strong></span> <span class='ocrx_word' id='word_1_894' title='bbox 2695 5100 3023 5166; x_wconf 80' lang='lat' dir='ltr'><strong>benignitate</strong></span> <span class='ocrx_word' id='word_1_895' title='bbox 3038 5094 3249 5152; x_wconf 83' lang='lat' dir='ltr'><strong>Domini</strong></span> <span class='ocrx_word' id='word_1_896' title='bbox 3277 5095 3440 5148; x_wconf 89' lang='lat' dir='ltr'><strong>nostri</strong></span> <span class='ocrx_word' id='word_1_897' title='bbox 3459 5093 3588 5149; x_wconf 83' lang='lat' dir='ltr'><strong>Jesu</strong></span> <span class='ocrx_word' id='word_1_898' title='bbox 3616 5092 3764 5146; x_wconf 86' lang='lat' dir='ltr'><strong>Chri-</strong></span> 
     </span>
    </p>
   </div>
   <div class='ocr_carea' id='block_1_105' title="bbox 2163 5188 3761 5276">
    <p class='ocr_par' dir='ltr' id='par_1_105' title="bbox 2163 5188 3761 5276">
     <span class='ocr_line' id='line_1_106' title="bbox 2163 5188 3761 5276; baseline -0.008 -20"><span class='ocrx_word' id='word_1_899' title='bbox 2163 5210 2254 5276; x_wconf 75' lang='grc' dir='ltr'><strong>ειῑ,</strong></span> <span class='ocrx_word' id='word_1_900' title='bbox 2270 5205 2354 5264; x_wconf 86' lang='lat' dir='ltr'><strong>cui</strong></span> <span class='ocrx_word' id='word_1_901' title='bbox 2371 5202 2535 5275; x_wconf 89' lang='lat' dir='ltr'><strong>gloria</strong></span> <span class='ocrx_word' id='word_1_902' title='bbox 2554 5207 2608 5253; x_wconf 87' lang='lat' dir='ltr'><strong>et</strong></span> <span class='ocrx_word' id='word_1_903' title='bbox 2624 5194 2906 5265; x_wconf 88' lang='lat' dir='ltr'><strong>imperium</strong></span> <span class='ocrx_word' id='word_1_904' title='bbox 2920 5191 2974 5247; x_wconf 82' lang='lat' dir='ltr'><strong>in</strong></span> <span class='ocrx_word' id='word_1_905' title='bbox 2992 5191 3185 5245; x_wconf 66' lang='lat' dir='ltr'><strong>saecula</strong></span> <span class='ocrx_word' id='word_1_906' title='bbox 3197 5188 3540 5244; x_wconf 68' lang='lat' dir='ltr'><strong>smenlorrnn.</strong></span> <span class='ocrx_word' id='word_1_907' title='bbox 3565 5188 3761 5243; x_wconf 86' lang='lat' dir='ltr'><strong>Amen.</strong></span> 
     </span>
    </p>
   </div>
   <div class='ocr_carea' id='block_1_106' title="bbox 1319 5308 2963 5342">
    <p class='ocr_par' dir='ltr' id='par_1_106' title="bbox 1319 5308 2963 5342">
     <span class='ocr_line' id='line_1_107' title="bbox 1319 5308 2963 5342; baseline 0.001 -22"><span class='ocrx_word' id='word_1_908' title='bbox 1319 5308 2963 5342; x_wconf 76' lang='lat'><strong>_____________________</strong></span> 
     </span>
    </p>
   </div>
   <div class='ocr_carea' id='block_1_107' title="bbox 1587 5370 2606 5444">
    <p class='ocr_par' dir='ltr' id='par_1_107' title="bbox 1587 5370 2606 5444">
     <span class='ocr_line' id='line_1_108' title="bbox 1587 5370 2606 5444; baseline -0.013 -3"><span class='ocrx_word' id='word_1_909' title='bbox 1587 5378 1934 5442; x_wconf 82' lang='lat' dir='ltr'><strong>HOMILIA</strong></span> <span class='ocrx_word' id='word_1_910' title='bbox 1977 5382 2205 5444; x_wconf 80' lang='lat' dir='ltr'><strong>XLIII.</strong></span> <span class='ocrx_word' id='word_1_911' title='bbox 2250 5378 2336 5441; x_wconf 84' lang='lat' dir='ltr'><strong>al.</strong></span> <span class='ocrx_word' id='word_1_912' title='bbox 2383 5370 2606 5436; x_wconf 78' lang='lat' dir='ltr'><strong>XLIV.</strong></span> 
     </span>
    </p>
   </div>
   <div class='ocr_carea' id='block_1_108' title="bbox 469 5499 2061 5572">
    <p class='ocr_par' dir='ltr' id='par_1_108' title="bbox 469 5499 2061 5572">
     <span class='ocr_line' id='line_1_109' title="bbox 469 5499 2061 5572; baseline 0.001 -18"><span class='ocrx_word' id='word_1_913' title='bbox 469 5506 598 5559; x_wconf 66' lang='lat' dir='ltr'><strong>(lxv.</strong></span> <span class='ocrx_word' id='word_1_914' title='bbox 636 5503 720 5563; x_wconf 76' lang='lat' dir='ltr'><strong>I2.</strong></span> <span class='ocrx_word' id='word_1_915' title='bbox 754 5519 805 5558; x_wconf 76' lang='grc' dir='ltr'><strong>ν.</strong></span> <span class='ocrx_word' id='word_1_916' title='bbox 831 5502 918 5559; x_wconf 80' lang='grc'><strong>58.</strong></span> <span class='ocrx_word' id='word_1_917' title='bbox 948 5499 1093 5555; x_wconf 82' lang='lat' dir='ltr'><strong>Tunc</strong></span> <span class='ocrx_word' id='word_1_918' title='bbox 1113 5502 1476 5571; x_wconf 82' lang='lat' dir='ltr'><strong>responderunt</strong></span> <span class='ocrx_word' id='word_1_919' title='bbox 1503 5500 1548 5553; x_wconf 83' lang='lat' dir='ltr'><strong>ei</strong></span> <span class='ocrx_word' id='word_1_920' title='bbox 1589 5501 1793 5572; x_wconf 80' lang='lat' dir='ltr'><strong>quidam</strong></span> <span class='ocrx_word' id='word_1_921' title='bbox 1838 5501 1901 5555; x_wconf 86' lang='lat' dir='ltr'><strong>de</strong></span> <span class='ocrx_word' id='word_1_922' title='bbox 1935 5501 2061 5556; x_wconf 74' lang='lat' dir='ltr'><strong>scri-</strong></span> 
     </span>
    </p>
   </div>
   <div class='ocr_carea' id='block_1_109' title="bbox 541 5592 2066 5663">
    <p class='ocr_par' dir='ltr' id='par_1_109' title="bbox 541 5592 2066 5663">
     <span class='ocr_line' id='line_1_110' title="bbox 541 5592 2066 5663; baseline -0.001 -13"><span class='ocrx_word' id='word_1_923' title='bbox 541 5596 615 5650; x_wconf 80' lang='lat' dir='ltr'><strong>bis</strong></span> <span class='ocrx_word' id='word_1_924' title='bbox 647 5605 693 5649; x_wconf 85' lang='lat' dir='ltr'><strong>et</strong></span> <span class='ocrx_word' id='word_1_925' title='bbox 726 5594 1024 5654; x_wconf 73' lang='lat' dir='ltr'><strong>Phariswis,</strong></span> <span class='ocrx_word' id='word_1_926' title='bbox 1056 5594 1272 5646; x_wconf 71' lang='lat' dir='ltr'><strong>(limites</strong></span> <span class='ocrx_word' id='word_1_927' title='bbox 1302 5609 1319 5646; x_wconf 90' lang='lat'><strong><em>:</em></strong></span> <span class='ocrx_word' id='word_1_928' title='bbox 1351 5592 1615 5663; x_wconf 76' lang='lat' dir='ltr'><strong>Magister,</strong></span> <span class='ocrx_word' id='word_1_929' title='bbox 1670 5595 1901 5647; x_wconf 79' lang='lat' dir='ltr'><strong>volmmts</strong></span> <span class='ocrx_word' id='word_1_930' title='bbox 1942 5610 1973 5645; x_wconf 91' lang='lat' dir='ltr'><strong>a</strong></span> <span class='ocrx_word' id='word_1_931' title='bbox 2018 5604 2066 5648; x_wconf 88' lang='lat' dir='ltr'><strong>le</strong></span> 
     </span>
    </p>
   </div>
   <div class='ocr_carea' id='block_1_110' title="bbox 540 5685 2064 5762">
    <p class='ocr_par' dir='ltr' id='par_1_110' title="bbox 540 5685 2064 5762">
     <span class='ocr_line' id='line_1_111' title="bbox 540 5685 2064 5762; baseline -0.003 -17"><span class='ocrx_word' id='word_1_932' title='bbox 540 5691 741 5762; x_wconf 81' lang='lat' dir='ltr'><strong>signum</strong></span> <span class='ocrx_word' id='word_1_933' title='bbox 768 5687 954 5742; x_wconf 85' lang='lat' dir='ltr'><strong>videre.</strong></span> <span class='ocrx_word' id='word_1_934' title='bbox 999 5686 1087 5742; x_wconf 78' lang='lat'><strong>39.</strong></span> <span class='ocrx_word' id='word_1_935' title='bbox 1122 5686 1222 5752; x_wconf 82' lang='lat' dir='ltr'><strong>Qui</strong></span> <span class='ocrx_word' id='word_1_936' title='bbox 1264 5686 1521 5754; x_wconf 75' lang='lat' dir='ltr'><strong>respondit</strong></span> <span class='ocrx_word' id='word_1_937' title='bbox 1550 5702 1570 5738; x_wconf 89' lang='lat'><strong><em>:</em></strong></span> <span class='ocrx_word' id='word_1_938' title='bbox 1600 5685 1867 5740; x_wconf 82' lang='lat' dir='ltr'><strong>Generutio</strong></span> <span class='ocrx_word' id='word_1_939' title='bbox 1910 5702 2064 5754; x_wconf 81' lang='lat' dir='ltr'><strong>prava</strong></span> 
     </span>
    </p>
   </div>
   <div class='ocr_carea' id='block_1_111' title="bbox 542 5778 2067 5851">
    <p class='ocr_par' dir='ltr' id='par_1_111' title="bbox 542 5778 2067 5851">
     <span class='ocr_line' id='line_1_112' title="bbox 542 5778 2067 5851; baseline -0.002 -17"><span class='ocrx_word' id='word_1_940' title='bbox 542 5792 585 5834; x_wconf 78' lang='lat' dir='ltr'><strong>et</strong></span> <span class='ocrx_word' id='word_1_941' title='bbox 632 5781 866 5835; x_wconf 80' lang='lat' dir='ltr'><strong>adultera</strong></span> <span class='ocrx_word' id='word_1_942' title='bbox 910 5780 1110 5851; x_wconf 84' lang='lat' dir='ltr'><strong>signum</strong></span> <span class='ocrx_word' id='word_1_943' title='bbox 1163 5780 1363 5850; x_wconf 73' lang='lat' dir='ltr'><strong>quarrit,</strong></span> <span class='ocrx_word' id='word_1_944' title='bbox 1395 5789 1440 5832; x_wconf 83' lang='lat' dir='ltr'><strong>et</strong></span> <span class='ocrx_word' id='word_1_945' title='bbox 1478 5779 1676 5849; x_wconf 80' lang='lat' dir='ltr'><strong>signum</strong></span> <span class='ocrx_word' id='word_1_946' title='bbox 1715 5796 1815 5833; x_wconf 85' lang='lat' dir='ltr'><strong>non</strong></span> <span class='ocrx_word' id='word_1_947' title='bbox 1865 5778 2067 5832; x_wconf 84' lang='lat' dir='ltr'><strong>dabitur</strong></span> 
     </span>
    </p>
   </div>
   <div class='ocr_carea' id='block_1_112' title="bbox 545 5872 1424 5944">
    <p class='ocr_par' dir='ltr' id='par_1_112' title="bbox 545 5872 1424 5944">
     <span class='ocr_line' id='line_1_113' title="bbox 545 5872 1424 5944; baseline -0.002 -16"><span class='ocrx_word' id='word_1_948' title='bbox 545 5877 611 5941; x_wconf 78' lang='lat' dir='ltr'><strong>ei,</strong></span> <span class='ocrx_word' id='word_1_949' title='bbox 640 5875 737 5928; x_wconf 85' lang='lat' dir='ltr'><strong>nisi</strong></span> <span class='ocrx_word' id='word_1_950' title='bbox 756 5875 951 5944; x_wconf 76' lang='lat' dir='ltr'><strong>signant</strong></span> <span class='ocrx_word' id='word_1_951' title='bbox 971 5872 1121 5928; x_wconf 75' lang='lat' dir='ltr'><strong>lente</strong></span> <span class='ocrx_word' id='word_1_952' title='bbox 1146 5873 1424 5944; x_wconf 65' lang='lat' dir='ltr'><strong>prophetat.</strong></span> 
     </span>
    </p>
   </div>
   <div class='ocr_carea' id='block_1_113' title="bbox 556 5964 2065 6038">
    <p class='ocr_par' dir='ltr' id='par_1_113' title="bbox 556 5964 2065 6038">
     <span class='ocr_line' id='line_1_114' title="bbox 556 5964 2065 6038; baseline -0.003 -17"><span class='ocrx_word' id='word_1_953' title='bbox 556 5972 600 6021; x_wconf 91' lang='lat' dir='ltr'><strong>I.</strong></span> <span class='ocrx_word' id='word_1_954' title='bbox 632 5967 766 6034; x_wconf 85' lang='lat' dir='ltr'><strong>Quid</strong></span> <span class='ocrx_word' id='word_1_955' title='bbox 797 5967 879 6022; x_wconf 90' lang='lat' dir='ltr'><strong>his</strong></span> <span class='ocrx_word' id='word_1_956' title='bbox 925 5968 1157 6035; x_wconf 86' lang='lat' dir='ltr'><strong>stultius,</strong></span> <span class='ocrx_word' id='word_1_957' title='bbox 1189 5966 1314 6038; x_wconf 88' lang='lat' dir='ltr'><strong>quid</strong></span> <span class='ocrx_word' id='word_1_958' title='bbox 1344 5966 1512 6035; x_wconf 81' lang='lat' dir='ltr'><strong>magis</strong></span> <span class='ocrx_word' id='word_1_959' title='bbox 1540 5965 1758 6034; x_wconf 86' lang='lat' dir='ltr'><strong>impium</strong></span> <span class='ocrx_word' id='word_1_960' title='bbox 1783 5964 1806 6018; x_wconf 86' lang='lat'><strong>?</strong></span> <span class='ocrx_word' id='word_1_961' title='bbox 1834 5966 1960 6019; x_wconf 85' lang='lat' dir='ltr'><strong>Post</strong></span> <span class='ocrx_word' id='word_1_962' title='bbox 1988 5972 2065 6018; x_wconf 88' lang='lat' dir='ltr'><strong>tot</strong></span> 
     </span>
    </p>
   </div>
   <div class='ocr_carea' id='block_1_114' title="bbox 2171 5476 3772 5570">
    <p class='ocr_par' dir='ltr' id='par_1_114' title="bbox 2171 5476 3772 5570">
     <span class='ocr_line' id='line_1_115' title="bbox 2171 5476 3772 5570; baseline -0.017 -15"><span class='ocrx_word' id='word_1_963' title='bbox 2171 5500 2341 5570; x_wconf 87' lang='lat' dir='ltr'><strong>signa,</strong></span> <span class='ocrx_word' id='word_1_964' title='bbox 2368 5509 2430 5550; x_wconf 89' lang='lat' dir='ltr'><strong>ac</strong></span> <span class='ocrx_word' id='word_1_965' title='bbox 2455 5493 2497 5548; x_wconf 91' lang='lat' dir='ltr'><strong>si</strong></span> <span class='ocrx_word' id='word_1_966' title='bbox 2526 5489 2725 5545; x_wconf 82' lang='lat' dir='ltr'><strong>nullum</strong></span> <span class='ocrx_word' id='word_1_967' title='bbox 2777 5485 2970 5540; x_wconf 87' lang='lat' dir='ltr'><strong>factum</strong></span> <span class='ocrx_word' id='word_1_968' title='bbox 3028 5490 3191 5546; x_wconf 87' lang='lat' dir='ltr'><strong>esset,</strong></span> <span class='ocrx_word' id='word_1_969' title='bbox 3235 5478 3416 5534; x_wconf 82' lang='lat' dir='ltr'><strong>dicunt</strong></span> <span class='ocrx_word' id='word_1_970' title='bbox 3464 5494 3479 5531; x_wconf 89' lang='lat'><strong>:</strong></span> <span class='ocrx_word' id='word_1_971' title='bbox 3524 5476 3772 5570; x_wconf 72' lang='lat' dir='ltr'><strong>Volumus</strong></span> 
     </span>
    </p>
   </div>
   <div class='ocr_carea' id='block_1_115' title="bbox 2174 5569 3763 5661">
    <p class='ocr_par' dir='ltr' id='par_1_115' title="bbox 2174 5569 3763 5661">
     <span class='ocr_line' id='line_1_116' title="bbox 2174 5569 3763 5661; baseline -0.016 -14"><span class='ocrx_word' id='word_1_972' title='bbox 2174 5610 2205 5645; x_wconf 83' lang='grc' dir='ltr'><em>α</em></span> <span class='ocrx_word' id='word_1_973' title='bbox 2229 5569 2282 5646; x_wconf 78' lang='lat' dir='ltr'><strong>te</strong></span> <span class='ocrx_word' id='word_1_974' title='bbox 2304 5590 2505 5661; x_wconf 85' lang='lat' dir='ltr'><strong>signum</strong></span> <span class='ocrx_word' id='word_1_975' title='bbox 2532 5582 2717 5638; x_wconf 75' lang='lat' dir='ltr'><strong>videre.</strong></span> <span class='ocrx_word' id='word_1_976' title='bbox 2765 5579 2873 5634; x_wconf 89' lang='lat' dir='ltr'><strong>Cur</strong></span> <span class='ocrx_word' id='word_1_977' title='bbox 2904 5590 3032 5647; x_wconf 87' lang='lat' dir='ltr'><strong>ergo</strong></span> <span class='ocrx_word' id='word_1_978' title='bbox 3060 5574 3173 5629; x_wconf 72' lang='lat' dir='ltr'><strong>hazc</strong></span> <span class='ocrx_word' id='word_1_979' title='bbox 3220 5571 3512 5628; x_wconf 86' lang='lat' dir='ltr'><strong>dicebant?</strong></span> <span class='ocrx_word' id='word_1_980' title='bbox 3543 5569 3610 5627; x_wconf 89' lang='lat' dir='ltr'><strong>Ut</strong></span> <span class='ocrx_word' id='word_1_981' title='bbox 3639 5585 3763 5623; x_wconf 78' lang='lat' dir='ltr'><strong>ear-</strong></span> 
     </span>
    </p>
   </div>
   <div class='ocr_carea' id='block_1_116' title="bbox 2175 5662 3769 5755">
    <p class='ocr_par' dir='ltr' id='par_1_116' title="bbox 2175 5662 3769 5755">
     <span class='ocr_line' id='line_1_117' title="bbox 2175 5662 3769 5755; baseline -0.019 -16"><span class='ocrx_word' id='word_1_982' title='bbox 2175 5681 2333 5755; x_wconf 87' lang='lat' dir='ltr'><strong>pendi</strong></span> <span class='ocrx_word' id='word_1_983' title='bbox 2358 5681 2533 5736; x_wconf 89' lang='lat' dir='ltr'><strong>locum</strong></span> <span class='ocrx_word' id='word_1_984' title='bbox 2560 5675 2750 5731; x_wconf 89' lang='lat' dir='ltr'><strong>iterum</strong></span> <span class='ocrx_word' id='word_1_985' title='bbox 2776 5670 3057 5725; x_wconf 88' lang='lat' dir='ltr'><strong>haberent.</strong></span> <span class='ocrx_word' id='word_1_986' title='bbox 3080 5665 3212 5733; x_wconf 86' lang='lat' dir='ltr'><strong>Quia</strong></span> <span class='ocrx_word' id='word_1_987' title='bbox 3235 5665 3376 5719; x_wconf 83' lang='lat' dir='ltr'><strong>enim</strong></span> <span class='ocrx_word' id='word_1_988' title='bbox 3401 5664 3545 5733; x_wconf 84' lang='lat' dir='ltr'><strong>ipsas</strong></span> <span class='ocrx_word' id='word_1_989' title='bbox 3573 5662 3769 5724; x_wconf 80' lang='lat' dir='ltr'><strong>semel,</strong></span> 
     </span>
    </p>
   </div>
   <div class='ocr_carea' id='block_1_117' title="bbox 2173 5754 3771 5840">
    <p class='ocr_par' dir='ltr' id='par_1_117' title="bbox 2173 5754 3771 5840">
     <span class='ocr_line' id='line_1_118' title="bbox 2173 5754 3771 5840; baseline -0.017 -9"><span class='ocrx_word' id='word_1_990' title='bbox 2173 5754 2253 5831; x_wconf 86' lang='lat' dir='ltr'><strong>bis</strong></span> <span class='ocrx_word' id='word_1_991' title='bbox 2278 5784 2332 5830; x_wconf 90' lang='lat' dir='ltr'><strong>et</strong></span> <span class='ocrx_word' id='word_1_992' title='bbox 2359 5770 2555 5840; x_wconf 58' lang='lat' dir='ltr'><strong>sacpius</strong></span> <span class='ocrx_word' id='word_1_993' title='bbox 2597 5771 2952 5836; x_wconf 87' lang='lat' dir='ltr'><strong>represserat,</strong></span> <span class='ocrx_word' id='word_1_994' title='bbox 2999 5768 3055 5814; x_wconf 92' lang='lat' dir='ltr'><strong>et</strong></span> <span class='ocrx_word' id='word_1_995' title='bbox 3106 5755 3467 5826; x_wconf 88' lang='lat' dir='ltr'><strong>impudentem</strong></span> <span class='ocrx_word' id='word_1_996' title='bbox 3526 5754 3771 5822; x_wconf 78' lang='lat' dir='ltr'><strong>ipsorum</strong></span> 
     </span>
    </p>
   </div>
   <div class='ocr_carea' id='block_1_118' title="bbox 2173 5845 3770 5937">
    <p class='ocr_par' dir='ltr' id='par_1_118' title="bbox 2173 5845 3770 5937">
     <span class='ocr_line' id='line_1_119' title="bbox 2173 5845 3770 5937; baseline -0.018 -13"><span class='ocrx_word' id='word_1_997' title='bbox 2173 5869 2404 5937; x_wconf 86' lang='lat' dir='ltr'><strong>linguam</strong></span> <span class='ocrx_word' id='word_1_998' title='bbox 2452 5862 2724 5923; x_wconf 74' lang='lat' dir='ltr'><strong>fraurarat,</strong></span> <span class='ocrx_word' id='word_1_999' title='bbox 2769 5855 2835 5909; x_wconf 89' lang='lat' dir='ltr'><strong>ad</strong></span> <span class='ocrx_word' id='word_1_1000' title='bbox 2883 5867 3046 5922; x_wconf 81' lang='lat' dir='ltr'><strong>Opera</strong></span> <span class='ocrx_word' id='word_1_1001' title='bbox 3090 5863 3278 5905; x_wconf 90' lang='lat' dir='ltr'><strong>rursus</strong></span> <span class='ocrx_word' id='word_1_1002' title='bbox 3324 5848 3581 5902; x_wconf 82' lang='lat' dir='ltr'><strong>veniunt:</strong></span> <span class='ocrx_word' id='word_1_1003' title='bbox 3620 5845 3770 5912; x_wconf 72' lang='lat' dir='ltr'><strong>quod</strong></span> 
     </span>
    </p>
   </div>
   <div class='ocr_carea' id='block_1_119' title="bbox 2171 5934 3766 6023">
    <p class='ocr_par' dir='ltr' id='par_1_119' title="bbox 2171 5934 3766 6023">
     <span class='ocr_line' id='line_1_120' title="bbox 2171 5934 3766 6023; baseline -0.018 -9"><span class='ocrx_word' id='word_1_1004' title='bbox 2171 5934 2438 6015; x_wconf 76' lang='lat' dir='ltr'><strong>admirans</strong></span> <span class='ocrx_word' id='word_1_1005' title='bbox 2466 5950 2785 6023; x_wconf 80' lang='lat' dir='ltr'><strong>evangelista</strong></span> <span class='ocrx_word' id='word_1_1006' title='bbox 2819 5960 3002 6001; x_wconf 89' lang='lat' dir='ltr'><strong>rursus</strong></span> <span class='ocrx_word' id='word_1_1007' title='bbox 3034 5942 3243 5998; x_wconf 87' lang='lat' dir='ltr'><strong>dicebat</strong></span> <span class='ocrx_word' id='word_1_1008' title='bbox 3273 5958 3286 5994; x_wconf 90' lang='lat'>:</span> <span class='ocrx_word' id='word_1_1009' title='bbox 3320 5939 3465 5994; x_wconf 82' lang='lat' dir='ltr'><strong>Tunc</strong></span> <span class='ocrx_word' id='word_1_1010' title='bbox 3490 5934 3766 6005; x_wconf 59' lang='lat' dir='ltr'><strong>responde.</strong></span> 
     </span>
    </p>
   </div>
  </div>
