4118 6426
425 454 452 509 ἆ
462 452 525 508 57

423 575 540 622 runt
566 563 613 621 ei
629 564 834 634 quidm»:
862 560 1142 617 scribarum
1168 560 1365 627 signum
1390 565 1628 627 petentes.
1656 551 1821 618 Tunc,
1846 564 2016 621 quan-

425 658 659 717 donam?
686 656 817 713 Cum
848 669 1050 709 morem
1097 665 1319 723 gerere,
1350 647 1531 703 mirari
1557 689 1571 713 ,
1604 646 2018 714 obstupescere,

428 747 680 805 recedere
731 745 1031 815 oportebat,
1066 752 1191 797 tunc
1220 757 1249 796 a
1280 738 1515 810 nequitia
1570 751 1674 792 non
1727 734 2017 789 absistunt.

426 838 744 894 Consideres
772 847 949 892 autem
977 835 1137 890 velim
1158 833 1321 889 verba
1347 830 1650 885 adulatione
1676 839 1727 882 et
1754 825 2022 881 derisione

424 931 597 1000 plena.
616 928 1007 1001 EXSpectabant
1026 927 1165 982 enim
1189 924 1291 979 hac
1312 924 1516 977 ratione
1535 937 1594 976 se
1610 922 1754 976 illum
1775 919 2022 990 pellectu-

427 1039 516 1077 ros
542 1037 682 1077 esse.
717 1022 783 1076 Et
809 1035 950 1074 nunc
978 1018 1193 1089 quidem
1232 1013 1555 1071 contumelia
1581 1011 1816 1066 afliciunt
1836 1052 1850 1075 ,
1880 1025 2022 1066 nunc

422 1126 600 1168 autem
649 1110 970 1173 adulantur,
1000 1123 1140 1163 nunc
1187 1104 1576 1161 da'moniacum
1620 1110 1846 1168 vocant,
1878 1115 2021 1155 nunc

423 1207 764 1276 magistrum,
796 1211 1078 1271 utrumque
1107 1199 1249 1255 malo
1274 1198 1452 1254 animo
1471 1237 1486 1261 ,
1515 1195 1722 1250 etiamsi
1752 1191 2018 1249 contraria

424 1295 563 1351 dicta
595 1296 721 1349 sint.
755 1292 879 1349 Ideo
896 1293 949 1347 in
978 1292 1097 1346 illos
1120 1288 1465 1345 vehementer
1489 1286 1775 1342 invehitur.
1798 1283 2021 1351 Quando

423 1397 599 1441 autem
634 1386 780 1440 illum
813 1398 1004 1454 aspere
1035 1379 1450 1451 interrogabant,
1473 1387 1529 1432 et
1553 1375 1876 1431 contumelia
1904 1372 2022 1429 afﬁ-

422 1478 653 1544 ciebant,
690 1474 967 1530 moderate
994 1489 1117 1528 cum
1166 1471 1270 1525 illis
1309 1468 1812 1540 loquebatur;.cum
1841 1472 2018 1518 autem

424 1569 798 1634 adulabantur,
822 1566 1017 1621 acriter
1045 1573 1096 1620 et
1121 1578 1241 1618 cum
1268 1562 1431 1616 multa
1459 1557 1814 1622 vehementia,
1836 1563 2020 1610 osten-

422 1662 559 1716 dens
588 1676 647 1715 se
676 1669 900 1730 utroque
928 1658 1019 1712 illo
1043 1656 1236 1712 all‘ectu
1269 1671 1390 1711 esse
1421 1655 1754 1725 superiorem
1789 1671 1801 1706 :
1832 1667 1893 1705 ac
1923 1666 2018 1705 ne-

422 1769 528 1824 que
571 1762 695 1807 tunc
750 1752 801 1805 in
853 1751 984 1805 iram
1029 1748 1361 1816 concitatur,
1388 1761 1561 1816 neque
1603 1761 1667 1799 ex
1717 1743 2020 1799 adulatione

422 1845 693 1901 delinitur.
726 1843 860 1898 Vide
888 1853 1067 1897 autem
1098 1840 1547 1911 objurgationem,
1569 1852 1688 1907 qua:
1711 1850 1818 1890 non
1845 1833 2020 1890 solum

420 1936 722 1991 criminatio
764 1936 867 2000 sit,
913 1948 1097 1989 verum
1144 1932 1304 1987 etiam
1347 1927 1732 1985 demonstratio
1771 1925 2020 1997 nequitia:

422 2044 626 2083 eorum.
658 2027 793 2095 Quid
831 2026 972 2082 enim
1003 2025 1113 2079 ait?
1144 2022 1410 2078 Generatio
1454 2019 1590 2074 mala
1619 2029 1666 2073 et
1691 2018 1921 2071 adultera
1951 2018 2021 2071 si-

421 2137 575 2190 gnum
597 2118 794 2192 quierit.
819 2117 872 2173 Id
901 2124 977 2172 est
1001 2135 1015 2172 :
1039 2114 1174 2184 Quid
1198 2115 1389 2169 mirum
1420 2112 1463 2166 si
1492 2111 1607 2166 haec
1624 2110 1906 2165 adversum
1933 2124 2019 2162 me

422 2215 629 2282 facitis,
681 2212 769 2284 qui
813 2211 986 2267 adhuc
1032 2209 1185 2265 vobis
1229 2215 1388 2262 notus
1441 2221 1546 2260 non
1601 2219 1754 2269 sum,
1805 2200 2020 2273 quando

418 2321 545 2375 erga
569 2305 804 2367 Patrem,
829 2303 979 2373 cujus
1000 2301 1251 2372 potentia:
1280 2307 1421 2353 tanta
1447 2297 1811 2367 experimenta
1833 2293 2020 2351 habui-

419 2397 535 2460 stis,
569 2395 800 2465 idipsum
835 2392 1078 2449 fecistis?
1103 2390 1234 2447 Nam
1269 2391 1359 2445 illo
1403 2390 1590 2445 relicto
1612 2428 1629 2454 ,
1652 2387 1720 2443 ad
1746 2387 2017 2442 daemonas

419 2491 717 2546 currebatis
737 2530 752 2555 ,
784 2497 1053 2544 amatores
1084 2501 1280 2558 pravos
1325 2483 1694 2547 attrahentes;
1726 2480 1865 2551 quod
1908 2478 2015 2535 fre-

418 2596 644 2656 quenter
667 2585 769 2639 illis
798 2582 1047 2639 Ezechiel
1078 2582 1276 2652 probro
1303 2581 1498 2649 vertit(
1524 2576 1708 2631 Ezech.
1736 2578 1803 2630 lli
1822 2576 1869 2648 ).
1893 2574 2017 2630 Ilaec

418 2687 593 2732 autem
626 2676 873 2741 dicebat,
904 2666 1195 2729 ostendens
1223 2687 1284 2727 se
1314 2686 1434 2725 cum
1470 2671 1629 2724 Patre
1670 2667 1973 2723 consentire
1997 2707 2013 2734 ,

419 2772 669 2841 ipsus‘lue
718 2769 847 2824 nihil
899 2768 1171 2824 insolitum
1225 2764 1439 2827 facere;
1469 2777 1769 2833 arcanaque
1819 2760 2043 2836 mentis.

418 2863 654 2932 ipsorum
696 2862 897 2917 revelat
920 2902 933 2925 ,
966 2859 1108 2931 quod
1136 2873 1328 2929 nempe
1355 2870 1476 2911 cum
1502 2854 1838 2909 simulatione
1857 2859 2016 2923 atque

419 2966 472 3011 ut
518 2956 713 3012 inimici
743 2956 792 3010 id
823 2962 1084 3026 peterent.

520 3048 749 3103 Christus
794 3064 848 3104 se
918 3045 1068 3101 Patri
1136 3045 1381 3116 (aqualem
1451 3041 1684 3097 ostendit.
1714 3069 1785 3080 —
1812 3036 2016 3093 Idcirco

420 3140 538 3196 illos
577 3140 975 3211 generationem
1015 3153 1228 3208 pravam
1269 3143 1446 3201 vocat,
1477 3134 1598 3205 quia
1638 3132 1828 3204 ingrati
1874 3147 2017 3187 sem-

419 3249 512 3302 per
540 3241 664 3289 sunt
691 3246 815 3302 erga
843 3230 1144 3295 beneﬁcos;
1175 3237 1231 3284 et
1264 3227 1309 3282 si
1346 3226 1479 3281 bene
1510 3241 1629 3280 cum
1669 3224 1773 3279 illis
1816 3222 2013 3293 agitur,

417 3326 627 3396 pejores
653 3324 820 3389 ﬁunt;
844 3321 984 3392 quod
1010 3330 1090 3376 est
1114 3329 1367 3375 extrema:
1390 3317 1775 3386 improbitatis;
1806 3315 2015 3370 adulte-

416 3434 529 3474 ram
565 3433 695 3473 veru
733 3416 975 3483 vocavit,
1006 3424 1061 3470 et
1087 3414 1316 3483 priorem
1343 3420 1397 3466 et
1425 3419 1741 3481 prtrsentem
1770 3407 2019 3463 incredu-

416 3512 616 3566 litatem
672 3508 1011 3580 signiﬁcans;
1067 3506 1207 3561 unde
1249 3504 1440 3561 iterum
1491 3502 1723 3557 ostendit
1776 3517 1835 3558 se
1871 3500 2015 3557 Patri

406 3606 671 3674 aequalem
693 3619 834 3669 esse,
863 3600 1122 3671 siquidem
1147 3599 1196 3654 id
1222 3598 1366 3652 illam
1389 3596 1683 3652 adulteram
1709 3594 1849 3660 facit,
1873 3593 2013 3663 quod

416 3701 515 3755 sibi
547 3716 652 3755 non
682 3698 883 3755 credat.
939 3693 1139 3751 Deinde
1162 3700 1283 3764 post
1307 3694 1421 3747 hare
1449 3689 1724 3754 convicia,
1753 3687 1879 3759 quid
1906 3685 2015 3742 ait?

418 3792 528 3849 Nec
547 3793 749 3862 signum
775 3788 975 3844 dabitur
997 3791 1061 3854 ei,
1084 3786 1182 3843 nisi
1199 3785 1398 3857 signant
1421 3781 1573 3838 Jama
1592 3781 1869 3852 prOphetw.
1897 3778 2014 3835 Jam

417 3898 720 3940 sermonem
753 3881 821 3937 de
848 3878 1244 3936 resurrectione
1292 3875 1598 3946 praemittit,
1627 3888 1800 3944 exque
1848 3871 2014 3942 ﬁgura

419 3974 721 4030 conﬁrmat.
747 3971 882 4040 Quid
914 3970 1090 4040 igitur,
1126 3967 1354 4037 inquies,
1389 3980 1567 4019 nonne
1595 3964 1804 4033 signum
1831 3962 2012 4017 datum

417 4076 502 4122 est
524 4064 617 4120 ei?
645 4063 757 4119 Non
788 4061 967 4118 datum
996 4068 1077 4115 est
1125 4057 1344 4129 petenti.
1379 4055 1492 4111 Non
1523 4055 1665 4110 enim
1696 4063 1752 4108 ut
1782 4053 1899 4109 illos
1929 4052 2014 4108 in-

418 4161 659 4226 duceret,
685 4160 834 4229 signa
860 4155 1089 4212 faciebat
1122 4171 1134 4205 :
1164 4150 1371 4207 sciebat
1397 4149 1540 4205 enim
1573 4149 1692 4203 illos
1719 4156 2015 4205 exemcatos

418 4269 574 4319 esse;
606 4250 702 4307 sed
733 4260 787 4305 ut
816 4249 951 4304 alios
979 4245 1309 4303 emendaret.
1346 4242 1443 4298 Vel
1471 4242 1572 4297 hoc
1597 4239 1879 4297 dicendum
1909 4248 2010 4306 est,

420 4347 501 4403 vel
531 4346 626 4410 sic,
658 4349 799 4415 ipsos
827 4357 1019 4411 nempe
1048 4343 1257 4410 signum
1299 4353 1405 4393 non
1447 4345 1762 4408 accepturos
1789 4349 1908 4388 esse
1938 4332 2013 4387 illi

420 4438 613 4493 simile.
639 4435 856 4506 Signum
881 4433 1077 4504 quippe
1103 4431 1280 4487 datum
1306 4429 1411 4483 illis
1431 4436 1513 4484 est
1536 4425 1750 4498 quando
1770 4425 2012 4495 castigati

418 4531 535 4601 ejus
578 4531 866 4599 potentiam
901 4534 1187 4583 noverunt.
1214 4524 1313 4581 llic
1341 4523 1519 4593 itaque
1542 4522 1712 4576 minas
1743 4521 2014 4576 intentans

423 4625 679 4696 loquitur,
709 4624 810 4677 hoc
837 4623 1008 4692 ipsum
1039 4618 1405 4685 subindieans,
1433 4630 1497 4671 ac
1522 4615 1567 4669 si
1595 4614 1800 4671 diceret
1828 4629 1840 4665 :
1874 4611 2011 4668 Sex-

421 4727 577 4773 cenla
622 4714 879 4771 beneﬁcia
918 4711 1139 4776 contuli,
1180 4711 1381 4766 nulhtm
1430 4724 1614 4763 eorum
1641 4721 1740 4762 vos
1776 4706 2038 4773 attraxit,

423 4822 598 4878 neque
627 4804 869 4861 voluistis
894 4802 1185 4874 potentiam
1210 4815 1381 4855 meam
1403 4799 1648 4853 adorare.
1674 4798 1775 4852 Per
1801 4806 2016 4851 contra-

421 4902 498 4957 ria
525 4915 654 4971 ergo
680 4897 1017 4969 cognoscetis
1054 4892 1418 4951 fortitudinem
1448 4906 1641 4954 meam,
1674 4905 1795 4945 cum
1827 4889 2014 4944 urbem

421 4994 656 5050 excisam
688 4989 928 5046 videritis
947 5030 962 5053 ,
990 4987 1204 5059 quando
1234 4986 1534 5043 destructas
1571 4997 1774 5049 muros,
1805 4980 2016 5052 quando

420 5085 678 5155 templum
718 5081 1002 5137 maceriam
1057 5079 1337 5142 effectum,
1366 5074 1579 5146 quando
1617 5090 1683 5130 ex
1721 5075 1939 5129 civitate
1963 5084 2017 5130 et

423 5195 488 5234 ex
506 5177 748 5233 libertate
780 5174 1002 5243 pristina
1032 5170 1338 5228 excideritis
1358 5186 1373 5235 ;
1395 5178 1450 5224 et
1477 5181 1661 5223 rursus
1688 5176 1934 5224 extorres
1963 5175 2017 5223 et

424 5268 629 5340 profugi
651 5266 851 5337 ubique
872 5263 1132 5319 errabitis.
1172 5262 1297 5318 Hrec
1321 5262 1515 5333 quippe
1541 5261 1717 5315 omnia
1749 5271 1871 5330 post
1895 5275 2014 5314 eru-

423 5379 539 5420 cem
580 5362 715 5416 facta
758 5372 900 5415 sunt.
932 5358 1059 5414 Haec
1105 5372 1233 5428 ergo
1275 5356 1426 5411 vobis
1469 5370 1567 5426 pro
1603 5355 1769 5427 signis
1811 5353 2019 5424 magnis

423 5463 600 5512 erunt.
631 5453 764 5510 Nam
795 5461 940 5510 certe
976 5452 1265 5507 maximum
1308 5448 1437 5505 illud
1481 5458 1564 5505 est
1605 5448 1815 5517 signum
1835 5488 1850 5512 ,
1874 5445 2017 5517 quod

427 5548 564 5602 mala
590 5547 825 5616 ipsorum
855 5544 1071 5600 immota
1104 5549 1355 5597 nianeaut
1376 5583 1390 5608 ,
1423 5538 1565 5611 quod
1610 5537 1906 5594 innumeris
1928 5551 2019 5591 co-

428 5639 698 5704 nantibus,
730 5651 890 5692 nemo
910 5635 1079 5705 possit
1116 5632 1318 5689 mederi
1357 5631 1512 5687 malis
1536 5646 1656 5701 qua:
1686 5630 1738 5684 in
1760 5629 2016 5682 ultionem

429 5734 558 5803 ipsis
596 5732 832 5787 immissa
859 5740 1003 5785 sunt.
1044 5727 1150 5785 Sed
1194 5728 1309 5782 haec
1345 5726 1557 5797 quidem
1586 5726 1676 5781 ille
1702 5741 1807 5779 non
1851 5724 2016 5790 dicit,

430 5840 613 5880 verum
652 5823 906 5891 relinquit
933 5837 993 5877 ea
1031 5830 1091 5876 ut
1116 5820 1415 5890 insequenti
1458 5829 1697 5890 tempore
1723 5816 1852 5886 ipsis
1875 5816 2018 5871 clara

430 5917 657 5976 evadant
686 5935 698 5974 :
728 5916 939 5974 interim
967 5930 1095 5973 vero
1135 5912 1539 5971 resurrectionis
1568 5926 1870 5971 sermonem
1911 5919 2014 5969 tru—

1416 440 1482 497 IN
1522 434 1930 495 MATTIIIEUM
1970 432 2198 489 HOMIL.
2240 433 2420 492 XLIII.
2463 436 2531 491 al.
2577 435 2757 493 XLIV.

3625 445 3726 501 5.33

2129 556 2257 616 σιω,
2286 565 2442 621 quem
2473 553 2656 608 scituri
2688 563 2844 610 erant
2885 570 2980 626 per
3020 558 3157 612 n‘tala
3205 558 3346 630 ipsos
3390 564 3723 631 postmodtnn

2153 639 2420 696 invaSttra.
2448 642 2537 698 40.
2567 643 2714 698 Sicut
2754 646 2887 700 enim
2925 647 3023 714 [ait
3052 648 3232 712 Jonas,
3268 650 3457 722 inquit,
3481 653 3533 706 in
3563 666 3728 709 ventre

2127 731 2222 783 ceti
2263 732 2420 786 tribus
2465 734 2531 786 (lit
2547 733 2637 788 bus
2660 746 2708 789 et
2733 737 2891 791 tribus
2920 737 3146 794 tractibus
3168 782 3183 806 ,
3214 743 3288 795 sic
3335 744 3429 796 erit
3466 754 3514 797 et
3563 743 3728 801 I-‘ilius

2128 823 2346 879 hominis
2375 827 2426 878 in
2453 829 2603 879 corde
2627 837 2773 883 terra:
2799 829 2956 885 tribus
2985 828 3158 887 diebus
3196 844 3241 887 et
3269 835 3429 889 tribus
3472 838 3721 894 noctibus.

2130 915 2201 969 Se
2237 930 2662 973 resurrecturum
2690 920 2836 976 clare
2878 937 2982 976 non
3024 922 3191 990 dixit,
3225 942 3293 981 ne
3317 914 3375 981 se.
3402 928 3722 996 irriderent;

2128 1006 2206 1060 sic
2225 1014 2403 1061 autem
2454 1009 2841 1079 snbindicavit,
2872 1022 2931 1067 ut
2953 1015 3176 1071 credere
3220 1029 3436 1087 possent
3485 1034 3543 1075 se
3591 1021 3721 1087 illud

2131 1099 2478 1166 pra'scivisse.
2530 1101 2681 1169 Quod
2730 1119 2888 1172 porro
2925 1117 3164 1174 nossent,
3206 1086 3453 1164 dixerunt
3482 1111 3550 1166 ad
3581 1086 3735 1167 Pila-

2130 1197 2238 1241 tum
2274 1206 2288 1243 :
2319 1189 2568 1245 Seductor
2602 1193 2690 1247 ille
2731 1196 2860 1249 dixit
2889 1197 3008 1250 dunt
3033 1199 3202 1252 adhuc
3228 1202 3440 1271 viveret,
3472 1201 3598 1258 Post
3626 1215 3725 1260 tres

2127 1279 2233 1334 dies
2261 1297 2522 1353 resurgam
2554 1286 2571 1355 (
2601 1283 2785 1341 Matth.
2814 1287 2904 1341 27.
2933 1287 3002 1343 65
3025 1289 3064 1357 ).
3098 1290 3430 1363 Quamquam
3478 1295 3721 1367 discipuli

2128 1370 2229 1426 hoc
2258 1371 2595 1442 ignorarent;
2627 1392 2747 1431 nam
2777 1391 2931 1435 antea
2963 1381 3205 1437 rutliores
3235 1383 3340 1439 illis
3365 1395 3520 1442 erant
3547 1405 3561 1441 :
3594 1404 3723 1460 qua-

2129 1471 2344 1532 propter
2375 1464 2428 1519 hi
2458 1481 2521 1521 ex
2564 1483 2658 1523 sua
2685 1469 2920 1539 ipsorum
2948 1476 3211 1528 sententia
3237 1475 3470 1532 damnati
3503 1489 3646 1535 sunt.

2196 1555 2251 1609 2.
2286 1555 2516 1612 Christus
2545 1576 2674 1626 vere,
2704 1571 2750 1614 et
2778 1579 2879 1616 non
2909 1565 3074 1634 specie
3102 1576 3298 1620 tantum
3331 1586 3513 1639 passus
3549 1580 3642 1637 est,
3667 1585 3722 1627 ut

2130 1647 2362 1702 Marcion
2386 1652 2731 1707 contendebat.
2748 1653 2952 1710 —-Vide
2973 1666 3149 1712 autem
3176 1661 3444 1727 quomodo
3474 1663 3600 1718 illud
3626 1679 3719 1720 ac-

2126 1752 2309 1798 curate
2339 1744 2656 1802 subindicet.
2686 1746 2800 1802 Non
2823 1749 2965 1803 enim
2996 1750 3148 1817 dixit,
3185 1753 3235 1807 in
3278 1764 3452 1822 terra,
3485 1757 3579 1812 sed
3603 1797 3619 1824 ,
3651 1756 3720 1813 lu

2125 1834 2276 1889 corde
2296 1847 2442 1890 terra:
2462 1852 2481 1899 ;
2505 1847 2560 1890 ut
2584 1846 2640 1892 et
2685 1839 2991 1908 sepulcrum
3016 1840 3296 1901 indicaret.
3321 1853 3377 1900 ct
3405 1862 3564 1902 nemo
3604 1846 3721 1903 baze

2124 1928 2305 1997 specie
2338 1937 2542 1983 tantum
2573 1928 2710 1985 facta
2732 1933 3095 2002 suspicaretur
3119 1933 3218 2007 (a).
3253 1935 3384 1991 Tres
3404 1946 3581 1994 autem
3602 1939 3721 1998 dies

2126 2020 2247 2076 ideo
2291 2023 2575 2091 concessit,
2623 2034 2680 2077 ut
2710 2032 2977 2079 mortuum
3010 2025 3173 2081 fuisse
3203 2028 3350 2083 illum
3387 2029 3716 2088 crederetur.

2124 2112 2238 2167 Non
2270 2115 2410 2167 enim
2440 2130 2509 2169 ex
2536 2131 2694 2171 cruce
2729 2125 2931 2172 tantum
2962 2118 3012 2173 id
3051 2118 3399 2175 confirmatur
3428 2131 3483 2178 et
3506 2139 3570 2178 ex
3599 2125 3717 2180 visu

2123 2208 2396 2273 omnium,
2427 2210 2520 2264 sed
2562 2211 2722 2265 etiam
2753 2227 2818 2266 ex
2848 2211 3055 2267 dierum
3100 2229 3344 2269 numero.
3368 2214 3502 2271 Nam
3532 2233 3715 2273 resur-

2124 2302 2346 2356 rectioni
2375 2303 2531 2357 iidem
2563 2301 2739 2358 facere
2764 2302 2993 2359 debebat
3015 2314 3224 2376 tempus
3262 2321 3422 2364 omne
3454 2323 3713 2379 sequens;

2121 2407 2252 2447 crux
2283 2408 2407 2447 vero
2438 2393 2535 2448 nisi
2555 2393 2716 2449 multa
2751 2403 2877 2449 tunc
2921 2394 3198 2451 habuisset
3251 2399 3577 2467 testimonia,
3606 2418 3712 2455 non

2120 2482 2321 2537 credita
2363 2483 2549 2537 fuisset
2583 2483 2664 2539 :si
2704 2499 2809 2538 non
2841 2499 2993 2553 crux,
3039 2501 3140 2542 nec
3169 2490 3487 2547 resurrectio
3511 2491 3715 2548 credita

2122 2573 2328 2648 fuisset.
2364 2574 2489 2631 Ideo
2530 2576 2741 2648 signum
2765 2587 2917 2632 vocat
2947 2577 3099 2633 illud.
3140 2578 3195 2634 Si
3219 2590 3396 2636 autem
3428 2583 3716 2640 cruciﬁxus

2122 2683 2227 2723 non
2256 2667 2462 2735 fuisset,
2498 2685 2599 2724 llOtI
2628 2669 2863 2725 dandum
2887 2671 3023 2727 foret
3063 2673 3294 2744 signum.
3338 2674 3461 2732 Ideo
3490 2650 3712 2748 figuram

2121 2760 2173 2816 in
2205 2762 2439 2818 medium
2484 2763 2717 2829 adducit,
2765 2772 2821 2819 ut
2864 2767 3058 2821 veritas
3104 2767 3375 2824 credatur.
3425 2770 3516 2825 Dic
3541 2772 3711 2840 mihi,

2118 2873 2323 2929 qumso,
2348 2874 2417 2914 an
2440 2860 2713 2930 phantasia
2737 2870 2850 2914 erat
2875 2860 3038 2916 Jonas
3068 2863 3117 2916 in
3145 2872 3330 2918 ventre
3352 2864 3494 2919 ceti?
3518 2864 3711 2922 Verum

2119 2951 2171 3005 id
2199 2952 2378 3008 dicere
2409 2969 2514 3007 non
2540 2954 2732 3024 possis.
2765 2954 2901 3024 Ergo
2934 2970 3105 3025 neque
3151 2955 3423 3011 Christum
3455 2957 3507 3011 in
3550 2958 3715 3017 corde

2122 3056 2278 3100 terra:
2306 3044 2472 3101 fuisse
2501 3062 2685 3116 neges.
2730 3045 2916 3117 Neque
2944 3047 3086 3102 enim
3129 3056 3285 3119 typus
3322 3048 3373 3103 in
3412 3050 3636 3106 veritate
3660 3060 3718 3106 et

2120 3141 2318 3195 veritas
2354 3140 2406 3195 in
2457 3139 2732 3211 phantasia
2775 3150 2877 3196 est.
2906 3140 3030 3196 Ideo
3080 3140 3277 3213 ubique
3321 3151 3547 3199 mortem
3598 3143 3715 3215 ejus

2120 3234 2515 3298 anmmtiamus,
2551 3232 2602 3286 in
2636 3231 2923 3304 mysteriis,
2964 3232 3015 3288 in
3046 3232 3388 3304 baptismate,
3417 3235 3469 3289 in
3490 3235 3716 3307 aliisque

2120 3327 2390 3381 otimihns.
2423 3326 2627 3382 Idcirco
2653 3336 2706 3383 et
2747 3327 2943 3383 Paulus
2986 3328 3263 3397 splendida
3313 3344 3445 3386 voce
3468 3330 3665 3385 clamat
3695 3349 3711 3389 :

2127 3417 2255 3472 Mihi
2282 3430 2451 3473 autem
2496 3419 2624 3474 absit
2651 3420 2866 3492 gloriari
2910 3421 3008 3474 nisi
3047 3421 3101 3476 in
3131 3438 3281 3477 cruce
3326 3421 3532 3479 Domini
3556 3428 3716 3485 nostri

2118 3510 2244 3566 Jcsu
2269 3512 2457 3569 Christi
2485 3511 2638 3584 (Gal.
2669 3514 2719 3569 6.
2765 3512 2890 3584 14).
2923 3512 3076 3571 Unde
3113 3516 3451 3573 manifestum
3469 3527 3571 3584 est,
3601 3518 3715 3574 dia-

2120 3603 2225 3658 boli
2258 3604 2395 3657 filios
2446 3620 2568 3660 esse
2594 3620 2690 3660 eos
2743 3605 2832 3676 qui
2882 3605 3164 3661 Marcionis
3206 3607 3393 3663 morbo
3435 3608 3713 3679 laborant,

2119 3713 2239 3751 cum
2278 3698 2360 3752 illa
2388 3697 2623 3766 doleant,
2660 3714 2780 3768 qua:
2830 3715 2896 3754 ne
2925 3698 3268 3756 abolerentur
3304 3716 3518 3757 summo
3538 3703 3716 3758 studio

2119 3788 2363 3845 Christus
2391 3790 2617 3857 curavit,
2659 3805 2778 3859 qua:
2807 3798 2864 3845 ut
2919 3789 3268 3846 abolerentur
3286 3807 3499 3847 summa
3537 3794 3716 3849 studio

2120 3886 2365 3941 diabolus
2407 3895 2628 3941 conatus
2676 3895 2797 3952 est;
2848 3900 3061 3942 crucem
3115 3886 3235 3942 dico
3286 3897 3340 3944 et
3388 3889 3711 3958 passionem.

2117 3979 2474 4047 Quamobrem
2497 3978 2622 4033 alibi
2643 3978 2771 4033 dicit
2790 3997 2804 4031 :
2821 3978 3014 4034 Solvite
3032 3980 3272 4051 templum
3293 3980 3408 4049 hoc,
3424 3991 3470 4034 et
3489 3983 3542 4036 in
3557 3982 3715 4041 tribus

2118 4072 2294 4127 diebus
2340 4073 2568 4126 excitabo
2602 4072 2735 4125 illud
2770 4071 2966 4144 (Joan.
2988 4072 3171 4145 2.19)
3212 4091 3225 4138 ;
3256 4083 3329 4141 ei,
3370 4074 3532 4129 Erunt
3566 4076 3673 4130 dies
3697 4118 3713 4143 ,

2117 4165 2320 4232 quando
2349 4166 2609 4236 auferetur
2630 4165 2692 4218 ab
2711 4166 2833 4232 ipsis
2853 4182 3070 4235 sponsus
3096 4166 3322 4236 (Matth.
3353 4166 3407 4223 9.
3460 4168 3566 4239 I5)
3594 4186 3608 4235 ;
3661 4179 3716 4229 et

2119 4258 2226 4323 hic,
2256 4255 2377 4311 Non
2420 4256 2623 4311 dabitur
2646 4255 2750 4310 illis
2774 4256 2997 4327 signum,
3031 4257 3126 4311 nisi
3150 4257 3353 4328 signum
3400 4258 3550 4314 Jonas
3595 4277 3715 4331 pro-

2118 4352 2318 4420 phetia;
2342 4348 2619 4404 declarans
2645 4363 2703 4403 se
2733 4365 2828 4419 pro
2854 4349 2958 4405 illis
2979 4365 3282 4422 passurum,
3338 4360 3392 4406 et
3440 4352 3561 4408 illos
3587 4352 3717 4414 nihil

2121 4441 2246 4497 inde
2275 4441 2406 4496 lucri
2434 4449 2748 4510 accepturos
2774 4456 2913 4497 esse.
2933 4440 3045 4498 Hoc
3071 4442 3212 4495 enim
3253 4453 3437 4514 postea
3472 4442 3714 4501 declara-

2119 4536 2214 4601 vit,
2246 4544 2301 4591 et
2322 4545 2501 4591 tamen
2530 4551 2651 4591 cum
2680 4535 2797 4591 hac
2822 4535 3257 4602 sciret,mortuus
3278 4546 3360 4592 est
3389 4553 3403 4593 :
3437 4546 3578 4592 tanta
3600 4548 3714 4593 erat

2119 4628 2235 4697 ejus
2256 4626 2611 4698 providentia.
2657 4626 2736 4683 Ne
2764 4638 2918 4697 putes
2944 4628 3087 4682 enim
3114 4627 3422 4682 Judaeorum
3456 4628 3589 4685 tales
3612 4630 3713 4687 exi-

2122 4729 2204 4776 tus
2230 4722 2455 4790 futuros,
2484 4721 2669 4791 quales
2696 4720 2840 4773 fuere
2863 4719 3234 4783 Ninivitarum,
3267 4732 3330 4772 ac
3382 4717 3499 4776 fore
3532 4728 3590 4774 ut
3639 4718 3715 4779 illi

2119 4825 2500 4871 convertantur
2533 4832 2545 4868 :
2574 4830 2638 4869 ac
2661 4812 3107 4882 quemadmodum
3150 4810 3362 4866 illorum
3389 4811 3575 4869 urbem
3602 4811 3714 4883 jam

2120 4909 2385 4965 labantem
2414 4907 2612 4972 erexit,
2656 4903 3019 4975 barbarosque
3059 4904 3350 4970 convertit,
3397 4903 3477 4958 sic
3524 4913 3580 4959 et
3624 4902 3715 4962 Ju-

2120 5000 2266 5056 dteos
2312 5009 2431 5071 post
2468 4996 2917 5053 resurrectionem
2965 4995 3360 5052 convertendos
3397 5009 3521 5052 esse
3550 5013 3564 5051 :
3593 4996 3716 5053 audi

2121 5091 2391 5164 quomodo
2431 5090 2756 5145 contrarium
2818 5103 3036 5157 prorsus
3092 5086 3348 5142 declaret.
3395 5086 3527 5142 Nam
3572 5088 3714 5164 quod

2123 5186 2245 5242 inde
2268 5185 2394 5241 nihil
2431 5183 2637 5239 fruetus
2666 5182 2967 5253 percepturi
3018 5181 3123 5236 sint
3151 5181 3202 5236 in
3235 5180 3575 5247 beneﬁcium,
3621 5183 3716 5238 sed

2122 5290 2177 5335 et
2203 5277 2549 5344 intolerabilia
2571 5276 2800 5348 passuri,
2827 5275 2879 5331 id
2906 5274 3097 5330 deinde
3117 5274 3406 5330 declaravit
3428 5289 3497 5331 ex
3518 5275 3716 5330 daemo-

2125 5373 2206 5426 nis
2231 5369 2499 5439 exemplo.
2529 5366 2745 5423 Interim
2776 5381 2905 5420 vero
2947 5365 3014 5421 de
3045 5366 3110 5421 iis
3161 5381 3281 5435 qua:
3333 5364 3540 5433 passuri
3565 5374 3719 5439 erant

2123 5481 2240 5522 sese
2265 5471 2473 5535 purgat,
2501 5463 2788 5518 ostendens
2826 5474 2920 5515 eos
2939 5459 3084 5529 juste
3109 5473 3365 5531 passuros
3391 5474 3528 5513 esse.
3557 5437 3717 5514 Cala-

2186 5599 2260 5664 (ιι)
2302 5599 2453 5664 Erant
2490 5611 2518 5664 a
2557 5592 3067 5664 rrincipio_Ecclesi:e
3106 5590 3298 5664 quidam
3346 5590 3598 5664 haeretici,
3632 5592 3717 5654 qui

2124 5653 2356 5728 pulubant
2396 5653 2640 5728 Christum
2685 5653 2854 5728 specie
2903 5660 3090 5728 tantum
3125 5653 3181 5702 in
3222 5653 3452 5728 mundum
3489 5653 3714 5728 venisse,

2126 5715 2177 5777 et
2223 5740 2280 5790 ea
2323 5736 2454 5790 quas
2488 5721 2538 5790 in
2571 5715 2858 5790 Evangeliis
2894 5725 3151 5790 narrantur
3180 5715 3467 5790 perfecisse.
3504 5716 3717 5790 neuqui-

2125 5791 2216 5839 bus
2236 5777 2482 5856 luereticis
2493 5777 2737 5856 ignei-ius
2748 5777 3211 5856 atartirulipisthad
3220 5784 3537 5856 laturum-asas,
3545 5851 3554 5856 _
3562 5780 3716 5856 item:

2124 5837 2400 5969 'Eplst.
2450 5837 2820 5904 ad'l‘rallianos,
2854 5837 3075 5892 {renisus
3102 5838 3186 5890 lib.
3218 5840 3270 5902 I,
3302 5837 3637 5902 Epiphanius,
3663 5843 3713 5893 et

2126 5929 2156 5970 a
2177 5928 2226 5968 u.
