4118 6428
430 465 537 521 459

430 594 643 648 mitates
669 597 841 643 autem
880 595 932 638 et
961 578 1345 635 desolationem
1400 588 1583 628 eorum
1631 571 1731 624 hoc
1774 565 2021 634 exemplo

433 689 812 756 repraesentat;
845 675 1054 730 interim
1090 684 1216 723 vero
1241 668 1498 726 declarat,
1554 665 1672 717 illos
1724 658 2020 756 haicAjnste

434 751 681 847 passuros
709 789 826 828 esse
853 790 865 824 :
899 770 948 822 id
979 765 1118 838 quod
1146 765 1305 820 etiam
1347 762 1398 814 in
1432 757 1592 812 veteri
1634 756 1746 824 lege
1773 751 2018 853 faciebat.

430 871 559 926 Nam
588 867 814 924 Sodoma
841 863 1228 918 tlestructurtts,
1278 851 1414 923 apttd
1467 847 1828 904 Ahrahamum
1876 847 2022 913 prius

428 980 548 1019 sese
592 957 834 1032 purgavit
879 954 1044 1029 (Gen.
1102 950 1223 1021 18),
1265 944 1554 1000 ostendens
1581 955 1739 1010 quam
1768 936 1918 1032 pauci
1949 933 2019 988 ibi

428 1028 609 1110 virtuti
637 1028 912 1107 studerent
937 1065 951 1112 ;
978 1062 1098 1099 cum
1127 1042 1267 1097 enim
1301 1040 1351 1091 itt
1383 1046 1460 1090 tot
1489 1033 1707 1087 urbibus
1735 1045 1802 1084 ne
1833 1028 2018 1082 decem

433 1145 651 1217 quidem
683 1142 1048 1214 reperirentur
1069 1137 1155 1204 qui
1183 1139 1541 1201 temperanter
1572 1126 1828 1226 viverent.
1854 1121 2019 1226 item-

427 1257 531 1311 que
561 1255 680 1294 cum
705 1233 843 1291 Loto
892 1229 1359 1300 inltospitalitatem
1391 1225 1626 1294 ipsorum
1655 1218 2019 1320 turpissimos-

427 1309 532 1405 qtte
577 1345 786 1385 autores
813 1329 1250 1386 demonstrasset,
1301 1320 1473 1389 ignem
1520 1313 1757 1369 immisit.
1789 1309 2020 1378 ldipsum

430 1429 554 1483 fecit
582 1428 632 1480 itt
655 1423 874 1483 diluvio,
902 1436 1021 1475 cum
1055 1434 1117 1471 ex
1160 1417 1287 1486 ipsis
1320 1410 1572 1482 operibus
1609 1419 1824 1462 causam
1871 1417 2021 1456 suam

427 1517 770 1572 defendisset.
805 1513 868 1567 Et
893 1509 1029 1581 apud
1053 1507 1387 1562 Ezechieleut
1419 1501 1682 1562 similiter,
1711 1512 1828 1550 cum
1853 1493 2025 1564 Baby-

429 1612 552 1665 lone
569 1607 780 1678 degenti
801 1619 918 1674 qua:
941 1599 1289 1671 Jerosolym‘is
1318 1595 1506 1649 fierent
1528 1592 1663 1646 mala
1687 1599 1810 1643 ante
1839 1586 2023 1640 oculos

429 1703 603 1770 posuit
643 1698 866 1770 (Ezech.
897 1694 989 1767 5).
1024 1694 1259 1762 Itemque
1284 1705 1406 1744 cum
1474 1684 1722 1742 Jeretnia:
1776 1681 2020 1770 dicebat,

428 1769 555 1847 Νοιὶ
607 1809 701 1864 pro
750 1790 874 1859 ipsis
929 1802 1096 1852 orare,
1155 1792 1211 1835 ttt
1256 1795 1472 1836 causam
1517 1791 1667 1830 suam
1711 1769 2025 1864 defenderet

426 1884 559 1938 dixit
588 1857 711 1936 :vAn
744 1857 841 1933 non
861 1877 997 1932 rides
1024 1875 1144 1945 quid
1184 1874 1264 1928 isti
1291 1872 1484 1941 faciunt
1513 1867 1661 1940 (Jer.
1687 1867 1740 1919 7.
1769 1863 1855 1918 16.
1881 1857 2025 1931 i7)?

426 1971 494 2029 Et
526 1973 720 2042 uhiqtte
746 1972 883 2024 idem
918 1968 1039 2021 facit
1069 1983 1081 2018 :
1112 1966 1189 2018 sic
1215 1974 1268 2018 et
1295 1963 1394 2016 Itoc
1429 1956 1730 2049 loca-Quid
1754 1955 1895 2009 enim
1917 1953 2025 2049 ait?

427 2063 517 2116 41.
555 2041 666 2112 Viri
698 2055 940 2144 Niniritiw
967 2061 1188 2122 surgent,
1223 2059 1267 2102 et
1297 2041 1699 2100 condenmabunt
1743 2041 2024 2110 generatio-

427 2171 540 2208 nem
581 2153 751 2210 istam,
784 2133 906 2220 quid
948 2145 1287 2218 pwnitentiam
1315 2147 1520 2210 egerunt
1567 2138 1619 2190 in
1667 2133 2026 2206 prmdicatione

426 2246 595 2300 J0me.
625 2242 691 2296 Et
711 2258 822 2294 (cce
843 2241 956 2310 plus
984 2233 1311 2307 quamJonas
1331 2232 1429 2284 hic.
1463 2230 1553 2283 llle
1581 2241 1810 2296 namque
1839 2236 2024 2278 servus

426 2346 560 2402 erat,
591 2353 691 2405 ego
738 2333 1033 2395 Dominus;
1069 2331 1154 2384 ille
1186 2345 1248 2381 ex
1280 2337 1400 2381 ceto
1429 2324 1587 2382 exiit,
1619 2337 1718 2391 ego
1747 2336 1810 2374 cx
1852 2329 2025 2372 morte

426 2429 664 2490 surrexi;
691 2427 779 2480 ille
799 2424 1060 2479 excidium
1089 2419 1392 2492 prmdicavil
1413 2459 1426 2482 ,
1451 2429 1550 2481 ego
1576 2427 1798 2482 regnum
1819 2425 2025 2465 annun-

428 2525 565 2578 tians
591 2521 729 2576 veni.
777 2519 844 2572 Et
873 2518 947 2571 illi
978 2513 1191 2586 quidem
1236 2512 1436 2579 absque
1464 2509 1616 2577 signo
1645 2505 1984 2560 crediderunt
2007 2545 2021 2568 ,

429 2630 526 2686 ego
556 2629 682 2670 vero
709 2612 872 2665 multa
902 2607 1115 2664 exhibui
1162 2605 1331 2673 signa.
1374 2601 1448 2654 Illi
1493 2599 1622 2653 niltil
1676 2595 1816 2650 aliud
1864 2607 2023 2686 quam

428 2683 516 2763 illa
557 2709 721 2762 verba
773 2702 1076 2764 audierunt,
1130 2712 1230 2768 ego
1275 2711 1401 2749 vero
1429 2691 1628 2747 nullam
1670 2704 1773 2743 non
1805 2683 2025 2741 adhibui

428 2800 779 2874 pllilosnpllitl}
821 2796 1077 2866 speciem.
1114 2792 1204 2845 Ille
1251 2788 1493 2843 minister
1522 2784 1754 2843 advenit,
1786 2794 1886 2882 ego
1913 2781 2025 2848 ipse

429 2894 734 2948 dominator
758 2899 806 2944 et
832 2887 1067 2942 omnium
1098 2882 1354 2938 Dominus
1373 2879 1512 2943 veni,
1544 2892 1647 2929 non
1671 2879 2023 2930 comminans,

430 3003 536 3041 non
577 2985 812 3050 rationes
841 2988 1119 3050 expetens,
1167 2975 1262 3030 sed
1313 2974 1519 3027 veniam
1569 2968 1818 3023 all'erens.
1855 2964 1919 3019 Et
1949 2963 2027 3017 illi

431 3047 644 3150 quide’m
690 3075 939 3140 barbari,
993 3071 1047 3125 hi
1089 3084 1216 3124 vero
1264 3077 1383 3121 cum
1439 3062 1703 3119 sexcentis
1753 3056 2029 3129 praphetis

432 3170 628 3225 versati
685 3177 826 3222 sunt.
881 3165 957 3219 De
999 3163 1093 3216 illo
1148 3159 1323 3214 nullus
1393 3155 1748 3226 prmdixerat,
1823 3150 1890 3206 de
1942 3164 2029 3204 me

435 3278 627 3318 omnes
703 3259 1068 3331 prauiixerunt
1105 3298 1119 3319 ,
1179 3264 1233 3308 et
1313 3265 1473 3320 opera
1549 3246 1722 3302 verbis
1793 3257 2029 3298 consona

431 3355 598 3410 fuere.
645 3352 738 3407 l'lle
786 3350 918 3420 fugit
959 3347 1194 3414 abiitque
1244 3358 1311 3398 ne
1360 3340 1724 3403 derideretur;
1781 3350 1881 3407 ego
1933 3333 2030 3388 ad-

431 3445 574 3513 veni,
621 3445 718 3499 etsi
759 3443 950 3496 scirem
987 3449 1042 3495 et
1078 3450 1292 3493 crucem
1333 3443 1384 3489 et
1427 3433 1700 3488 irrisiones
1749 3441 2028 3498 passurum

433 3555 518 3594 me
548 3553 686 3592 esse.
724 3537 813 3589 Ille
849 3549 917 3588 ne
947 3530 1290 3602 opprobrium
1313 3525 1526 3597 quidem
1557 3524 1674 3577 tulit
1705 3537 1800 3591 pro
1834 3520 1898 3574 iis
1939 3518 2031 3589 qui

431 3629 627 3684 servati
657 3636 706 3680 et
724 3623 931 3679 liberati
960 3631 1100 3686 sunt,
1123 3635 1223 3690 ego
1244 3628 1469 3672 mortem
1499 3614 1749 3676 sustinui,
1779 3620 2033 3666 mortem-

435 3735 540 3793 que
572 3717 952 3788 turpissimam,
984 3724 1038 3768 et
1089 3721 1210 3782 post
1263 3710 1378 3762 Ita-c
1425 3708 1557 3761 alios
1606 3707 1780 3759 mitto.
1828 3704 1893 3756 Et
1943 3701 2033 3756 ille

436 3812 648 3882 quidem
678 3819 966 3863 extraneas
994 3813 1108 3859 erat
1135 3811 1188 3856 et
1212 3804 1442 3871 ignotus,
1470 3813 1569 3868 ego
1589 3793 1882 3851 secundum
1911 3807 2032 3846 car-

433 3903 767 3960 nemiisdem
800 3895 1230 3970 progenitoribus
1261 3903 1408 3947 ortus
1445 3905 1583 3945 sum.
1617 3889 1772 3943 Plura
1794 3886 1892 3940 alia
1916 3885 2035 3956 quis

439 3995 783 4068 disquirendo
815 4006 1103 4062 congerere
1135 3988 1319 4060 possit.

507 4092 561 4146 3.
596 4090 712 4158 Ipse
748 4101 874 4141 vero
906 4100 1010 4139 non
1053 4082 1139 4136 ltic
1170 4081 1390 4152 gradum
1426 4080 1585 4145 sistit,
1618 4077 1711 4134 sed
1739 4077 1881 4132 aliud
1915 4090 2038 4146 pro-

437 4183 588 4254 ponit
615 4180 938 4250 exemplum,
963 4177 1148 4232 dicens
1180 4193 1192 4229 :
1223 4173 1311 4229 4‘2.
1343 4173 1539 4244 Regina
1582 4171 1752 4226 Austri
1785 4179 1956 4240 surget
1983 4170 2036 4222 in

428 4274 630 4344 judicio
673 4291 785 4328 cum
826 4271 1144 4344 generatione
1169 4271 1284 4332 ista,
1324 4278 1368 4323 et
1392 4265 1740 4322 condemnabit
1760 4281 1845 4319 eos
1871 4281 1889 4318 :
1918 4265 2039 4332 quia

442 4369 573 4424 venit
599 4383 631 4419 a
657 4367 843 4435 ﬁnibus
874 4375 1021 4419 terra:
1064 4374 1117 4417 ut
1149 4363 1355 4417 audiret
1388 4361 1689 4430 sapientiam
1722 4358 2033 4414 Salomonis.

444 4462 511 4514 Et
533 4476 644 4515 ecce
672 4459 788 4528 plus
816 4473 966 4526 qnam
994 4455 1241 4511 Salomon
1263 4455 1363 4508 hic.
1393 4451 1506 4508 Hoc
1539 4453 1714 4522 prio-re
1735 4451 1908 4520 majus
1935 4459 2036 4506 est.

445 4553 576 4608 Nam
608 4551 771 4606 Jonas
800 4548 864 4603 ad
895 4547 1156 4602 Ninivitas
1185 4547 1311 4600 abiit
1337 4545 1554 4615 ;regina
1579 4561 1706 4599 vero
1733 4544 1908 4598 Austri
1931 4557 2040 4598 non

446 4643 777 4715 exspectavit
797 4650 857 4695 ttt
884 4640 1140 4696 Salomon
1185 4639 1353 4709 ipsam
1386 4638 1578 4701 adiret,
1607 4637 1700 4691 sed
1748 4637 1835 4690 illa
1868 4636 2038 4705 ipsum

445 4738 596 4803 adiit,
634 4735 806 4791 etsi'et
830 4734 1027 4789 mulier
1063 4743 1116 4788 et
1143 4733 1401 4792 barbara,
1450 4739 1704 4799 tantoque
1749 4729 1922 4799 Spatia
1953 4743 2040 4782 re-

447 4837 589 4883 mota
617 4837 779 4890 esset,
809 4839 914 4879 non
958 4825 1116 4879 minis
1163 4822 1502 4888 instantibus,
1549 4836 1658 4875 non
1705 4829 1931 4876 mortem
1975 4820 2042 4873 ti.-

450 4936 639 4986 mens,
673 4920 766 4975 sed
793 4919 912 4972 solo
967 4917 1284 4987 sapientium
1340 4915 1628 4969 verborum
1686 4929 1889 4967 amore.
1936 4913 2043 4968 Sed

451 5012 586 5066 Ecce
607 5012 723 5081 plus
755 5025 905 5081 quam
937 4989 1187 5065 Salomon
1214 5009 1316 5062 hic.
1353 5005 1466 5061 Illic
1491 5007 1634 5062 enim
1661 5007 1852 5060 mulier
1879 5005 2044 5060 adve-

451 5107 549 5173 ni't,
578 5105 682 5160 huc
701 5119 802 5174 ego
823 5103 968 5157 veni.
994 5101 1081 5157 Illa
1104 5118 1131 5155 a
1161 5100 1354 5154 finibus
1383 5110 1538 5154 terra:
1566 5098 1798 5168 profecta
1821 5105 1921 5160 est,
1947 5112 2046 5167 ego

456 5199 618 5253 nrbes
645 5206 700 5252 et
721 5197 866 5250 vicos
887 5196 1177 5249 circumeo.
1205 5194 1269 5246 Et
1313 5193 1400 5246 ille
1429 5193 1645 5262 quidem
1674 5191 1740 5244 de
1762 5189 2045 5244 arboribus

450 5302 502 5346 et
526 5291 719 5360 plantis
739 5287 1054 5350 disserebat,
1073 5302 1194 5357 qua:
1211 5301 1317 5340 non
1343 5287 1564 5340 multum
1589 5284 1732 5338 illam
1755 5299 1814 5339 se
1840 5283 2046 5337 adeun-

453 5391 561 5437 tem
590 5383 776 5451 juvare
814 5387 1095 5450 poterant;
1128 5394 1228 5447 ego
1254 5391 1383 5431 vero
1411 5377 1478 5431 de
1509 5376 1861 5430 itteﬂ'abilibus
1888 5376 2048 5430 rebus

453 5485 506 5530 et
533 5475 824 5529 tremendis
850 5473 1140 5542 mysteriis.
1171 5471 1455 5540 Postquam
1504 5485 1634 5539 ergo
1669 5471 1789 5523 illos
1817 5470 2044 5523 damna-

451 5569 546 5633 vit,
581 5566 870 5621 05tendens
909 5565 975 5618 ab
1004 5564 1148 5618 omni
1180 5563 1330 5616 venia
1356 5563 1511 5630 longe
1541 5563 1743 5617 alienos
1767 5578 1906 5628 esse,
1941 5563 2050 5616 illo-

453 5672 679 5728 rumque
701 5657 1119 5710 iuobedientiam
1145 5671 1208 5709 ex
1239 5655 1444 5723 ingrato
1475 5654 1684 5707 illorum
1711 5655 1909 5720 animo,
1939 5670 2045 5709 non

456 5766 521 5804 ex
551 5750 789 5805 doctoris
822 5747 1182 5803 imbecillitate
1221 5745 1519 5816 proficisci;
1577 5747 1784 5817 hocque
1825 5757 1932 5800 tum
1982 5763 2045 5802 ex

457 5843 575 5895 aliis
593 5843 793 5904 multis,
822 5848 931 5892 tum
955 5839 1200 5908 exemplo
1224 5837 1575 5892 Ninivitarum
1605 5846 1660 5891 et
1681 5838 1878 5908 regina:
1897 5854 2046 5894 eom-

461 5933 777 5985 monstravit
809 5950 819 5986 :
850 5941 973 5985 tunc
1001 5929 1316 6000 supplicium
1364 5929 1506 6000 ipsos
1542 5937 1888 6000 excepturum
1917 5934 2047 5987 (eui-

1104 455 1158 510 S.
1200 450 1477 508 JO.\NNIS
1514 445 1993 503 CllllYSOSTOMI
2038 445 2353 504 AllCllll‘ZP.
2398 450 2928 513 CONSTANTINOP.

3614 469 3723 528 460

2130 564 2356 630 gmatice
2397 581 2799 637 commemorat,
2830 573 3051 629 multum
3083 575 3134 630 in
3169 578 3433 633 narrando
3459 587 3723 638 terrorem

2127 654 2384 709 inferens.
2415 657 2545 712 Nam
2575 663 2680 714 ait:
2706 664 2793 718 b5.
2825 665 2947 718 Cum
2973 667 3270 723 immundus
3318 672 3526 742 Spiritus
3550 677 3728 730 exierit

2129 747 2191 799 ab
2213 749 2432 816 homine,
2455 755 2677 807 ambulat
2698 773 2786 824 per
2809 758 2919 810 loca
2940 759 3201 827 inaquosa,
3226 780 3452 833 quan-ens
3483 769 3722 837 requiem,

2131 853 2174 895 et
2208 861 2306 897 non
2336 847 2608 916 inveniens,
2638 852 2723 905 Η.
2746 853 2865 906 dicit
2893 870 2910 907 :
2943 854 3179 910 Revertar
3219 861 3268 911 in
3300 860 3505 915 domum
3538 881 3722 930 meam,

2129 938 2262 990 unde
2306 941 2453 993 catini.
2505 941 2570 995 Et
2614 946 2832 1011 veniens,
2865 948 3047 1001 invenit
3096 967 3206 1002 eant
3234 963 3528 1020 vacantem,
3558 961 3727 1025 scopis

2129 1030 2443 1097 mandatam,
2472 1045 2517 1086 et
2539 1047 2790 1089 ornatam.
2819 1037 3057 1092 45.7mm
3078 1042 3234 1108 vadit,
3259 1055 3303 1096 et
3324 1048 3532 1099 assumit
3558 1063 3727 1100 secum

2130 1120 2256 1176 alios
2277 1135 2462 1192 septem
2501 1127 2710 1197 spiritus
2754 1130 3011 1200 nequiores
3037 1150 3108 1191 se.
3147 1145 3190 1187 et
3231 1136 3475 1191 intrantes
3502 1139 3729 1193 habitant

2129 1212 2237 1266 ibi:
2264 1224 2309 1267 et
2348 1217 2477 1283 ﬁunt
2508 1221 2776 1274 novissima
2821 1223 3038 1278 hominis
3087 1226 3228 1280 illius
3256 1231 3428 1299 pejora
3452 1233 3725 1300 prioribus.

2137 1305 2226 1360 Sic
2251 1309 2342 1360 erit
2373 1319 2418 1362 et
2449 1314 2758 1380 generationi
2799 1315 2932 1370 huic.
2983 1314 3115 1372 lliuc
3165 1321 3419 1389 ostendit,
3472 1325 3592 1379 illos
3619 1342 3726 1381 non

2131 1402 2182 1456 itt
2214 1401 2392 1458 futuro
2439 1415 2643 1460 tantum
2675 1409 2894 1472 εαξςιιιο,
2927 1411 3021 1465 sed
3049 1413 3209 1466 etiam
3242 1414 3291 1467 i‘n
3323 1420 3572 1484 praesenti
3603 1435 3726 1489 gra-

2131 1494 2345 1548 vissima
2379 1511 2629 1564 passuros
2659 1515 2798 1555 esse.
2839 1501 2974 1556 Nam
3014 1504 3135 1571 quia
3188 1504 3419 1574 dicebat,
3468 1506 3729 1564 Ninivitas

2132 1587 2524 1643 iusurreeturos
2551 1590 2601 1644 in
2628 1591 2850 1660 judicio,
2879 1608 2932 1648 et
2978 1595 3116 1650 hanc
3157 1601 3555 1667 generationem
3599 1617 3731 1656 con-

2129 1678 2474 1735 demnaturos
2506 1700 2518 1735 :
2551 1699 2620 1738 ne
2658 1683 2727 1738 ob
2769 1687 3025 1755 temporis
3075 1685 3477 1747 diuturnitatem
3521 1693 3572 1747 id
3595 1709 3730 1749 con-

2133 1772 2454 1828 temnercnt,
2501 1777 2557 1822 et
2600 1768 3014 1839 negligentiores
3051 1773 3360 1842 evaderent,
3411 1779 3511 1832 hac
3538 1779 3590 1835 in
3620 1781 3726 1835 vita

2130 1857 2307 1926 gravia
2331 1858 2468 1911 mala
2497 1860 2626 1928 ipsis
2643 1861 2913 1917 subeunda
2942 1866 3145 1921 statuit.
3171 1865 3322 1934 Quod
3349 1871 3728 1927 comminando

2129 1951 2265 2004 Osee
2298 1950 2553 2021 propheta
2583 1953 2794 2010 dicebat
2819 1975 2829 2008 :
2857 1955 3028 2012 Erunt
3069 1957 3135 2013 Ut
3180 1963 3422 2031 propheta
3453 1965 3504 2017 in
3548 1967 3727 2020 mentis

2129 2061 2355 2111 excessu,
2384 2041 2439 2100 ut
2467 2047 2616 2101 homo
2638 2065 2669 2101 a
2697 2050 2878 2120 spiritu
2905 2062 3165 2121 correptus
3215 2054 3234 2126 (
3263 2055 3388 2110 Osee
3429 2057 3482 2112 9.
3511 2055 3580 2118 7)
3608 2076 3623 2125 ;
3672 2059 3726 2114 id

2128 2146 2229 2198 est.
2254 2139 2388 2192 sicut
2412 2139 2889 2211 pseudoprophette
2922 2145 3178 2214 furentes,
3231 2149 3619 2207 debacchantes
3646 2195 3658 2216 ,
3695 2169 3726 2208 a

2131 2229 2377 2299 malignis
2410 2233 2682 2302 Spiritibus
2718 2235 2919 2306 agitati.
2949 2237 3080 2292 Nam
3110 2240 3194 2294 hic
3223 2244 3532 2312 prophetam
3564 2246 3724 2301 intel-

2129 2321 2242 2392 ligit
2288 2333 2465 2380 mente
2514 2335 2748 2395 captum,
2800 2330 3345 2400 pseudopropltetam,
3393 2337 3574 2404 quales
3603 2348 3728 2392 sunt

2129 2425 2295 2470 vates.
2330 2416 2443 2471 Hoc
2475 2419 2644 2487 ipsum
2679 2418 2926 2474 Christus
2954 2421 3260 2490 significans
3292 2425 3417 2480 dicit
3456 2429 3596 2498 ipsos
3627 2446 3726 2484 es-

2131 2517 2297 2562 trema
2327 2524 2578 2577 passuros
2607 2526 2744 2565 esse.
2791 2511 2976 2567 Viden’
3004 2530 3111 2584 quo
3143 2529 3297 2586 pacto
3330 2519 3474 2589 ipsos
3498 2522 3729 2592 undique

2129 2599 2368 2667 impellat
2398 2611 2454 2654 ut
2479 2601 2634 2656 dictis
2662 2603 2960 2670 attendant,
2991 2623 3020 2660 a
3053 2611 3429 2677 praesentibus,
3458 2630 3484 2664 a
3516 2612 3725 2679 futuris,

2130 2692 2197 2746 ab
2217 2693 2278 2746 iis
2305 2695 2391 2764 qui
2421 2695 2556 2750 bene
2591 2712 2702 2752 rem
2731 2709 3030 2767 gesserunt,
3052 2717 3078 2753 a
3100 2701 3365 2766 Ninivitis,
3402 2706 3640 2773 inquam,
3675 2721 3728 2762 et

2099 2801 2158 2838 -a
2190 2786 2390 2856 regina,
2417 2788 2483 2842 ab
2510 2789 2574 2844 iis
2600 2791 2687 2859 qui
2717 2791 2940 2861 collapsi
2965 2795 3299 2866 sunt,Tyriis
3325 2808 3377 2850 et
3400 2797 3730 2854 Sodomitis?

2130 2876 2280 2944 Quod
2309 2880 2468 2933 etiam
2505 2882 2775 2950 propheta:
2796 2883 3080 2953 faciebant,
3116 2888 3251 2940 filios
3276 2888 3543 2944 Reehabiu
3573 2892 3724 2945 indu-

2131 2978 2313 3023 centes
2335 2979 2656 3040 etspousam
2679 2989 2799 3043 qua:
2834 2985 3055 3031 ornatus
3078 2981 3279 3048 proprii
3324 2991 3378 3034 et
3425 2995 3571 3034 zome
3614 2998 3730 3037 sua:

2133 3075 2238 3114 non
2267 3061 2617 3129 obliviscitur,
2646 3073 2699 3119 et
2735 3068 2926 3124 bovem
2953 3071 3042 3138 qui
3077 3072 3221 3124 novit
3254 3087 3646 3143 poSsessorcm,
3675 3087 3730 3132 et

2133 3153 2340 3208 asinum
2372 3157 2458 3224 qui
2491 3173 2732 3230 praesepe
2763 3164 2933 3216 novit.
2966 3161 3057 3219 Sic
3086 3175 3140 3219 et
3169 3165 3271 3222 huc
3304 3168 3422 3223 loco
3449 3186 3474 3222 a
3507 3185 3726 3241 compa-

2132 3248 2342 3303 ratione
2371 3249 2635 3321 ingratutn
2664 3254 2872 3309 illorum
2919 3259 3155 3314 animum
3194 3260 3491 3326 declarans.
3524 3265 3732 3334 suppli-

2133 3340 2274 3394 cium
2305 3340 2557 3413 deinceps
2599 3349 2941 3415 prrcnuntiat.
3555 3344 3558 3346 ’

2205 3431 2507 3488 Judteorum
2551 3446 2664 3505 post
2702 3437 2956 3492 Christum
2994 3456 3180 3495 cwsunt
3240 3444 3518 3497 damnatio.
3562 3445 3733 3501 Judari

2135 3525 2226 3578 sub
2273 3523 2486 3580 Juliano
2531 3539 2766 3594 apostata
2807 3531 3073 3600 gentilibus
3099 3535 3280 3601 iuncti.
3311 3566 3381 3574 -—
3406 3536 3545 3603 Quid
3579 3538 3736 3607 igitur

2136 3628 2220 3672 est
2271 3620 2320 3673 id
2361 3621 2501 3690 quod
2539 3621 2772 3676 dicitur?
2811 3625 2958 3679 Sicut
2986 3627 3301 3681 (il‘llmltiaci
3326 3672 3339 3694 ,
3374 3630 3578 3696 inquit,
3608 3647 3733 3686 cum

2139 3711 2432 3766 liberantur
2459 3714 2526 3768 ab
2553 3715 2860 3771 inlirntitate
2888 3734 3000 3782 sua,
3053 3721 3095 3772 si
3137 3721 3546 3791 negligentiores
3569 3722 3731 3786 fiant,

2138 3803 2438 3872 graviorem
2487 3805 2585 3859 sibi
2628 3808 2904 3861 attrahunt
2955 3809 3284 3879 phantasiam
3322 3815 3440 3867 :sic
3469 3815 3608 3868 enim
3644 3829 3736 3868 vos

2135 3892 2330 3947 facitis.
2362 3893 2572 3949 Etenim
2601 3897 2827 3952 antehac
2855 3914 2882 3950 a
2913 3899 3155 3955 d:emou‘e
3189 3901 3588 3967 detinebamini,
3614 3920 3734 3957 euut

2136 3982 2279 4038 'idola
2311 3985 2630 4054 adoraretis,
2663 3999 2716 4042 et
2742 3989 2879 4044 filios
2926 4002 3132 4048 vestros
3175 3994 3522 4050 inttnolaretis
3539 3997 3738 4050 dieme-

2143 4078 2262 4142 niis,
2309 4094 2554 4148 magnant
2603 4080 2918 4137 exhibentes
2960 4083 3217 4139 insaniam
3262 4105 3275 4138 :
3310 4101 3407 4142 nec
3439 4097 3609 4142 tamen
3638 4089 3735 4142 de-

2142 4169 2332 4240 reliqui
2364 4185 2478 4237 Vos,
2513 4173 2607 4227 sed
2639 4189 2734 4243 per
2757 4174 3044 4247 prephetas
3075 4177 3205 4245 ejeei
3229 4177 3525 4235 dremoneru
3551 4181 3696 4234 illum
3720 4225 3735 4246 ,

2139 4271 2197 4317 “et
2243 4265 2356 4332 ipse
2404 4279 2588 4319 rursus
2645 4268 2785 4333 veni,
2834 4275 2889 4322 u't
2931 4286 3025 4324 vos
3063 4286 3325 4326 curarem.
3356 4273 3458 4327 Sed
3481 4275 3599 4344 quia
3633 4290 3738 4327 non

2145 4355 2306 4410 vultis
2333 4358 2635 4428 attendere,
2668 4373 2851 4416 verum
2892 4363 2946 4416 in
2980 4364 3238 4432 majorem
3289 4369 3574 4436 nequitiam
3614 4384 3738 4437 pro-

2137 4449 2362 4519 ‘rttpislis
2400 4448 2636 4522 (etenim
2663 4453 2828 4508 multo
2859 4456 3072 4525 gravius
3093 4455 3432 4526 deict'iUS‘l"e
3459 4469 3540 4513 ρει
3569 4460 3738 4528 Ῐ1γ³⁸¹¹¹¹ι

2147 4541 2428 4598 Dominum
2452 4545 2716 4616 jugulare,
2760 4563 2918 4618 quam
2949 4551 3238 4620 prophetas
3268 4553 3512 4608 occidere
3535 4553 3556 4622 )
3579 4595 3592 4618 ,
3622 4554 3742 4607 ideo

2146 4636 2392 4705 graviora
2446 4637 2714 4706 prioribus
2757 4641 3047 4709 patiemini,
3105 4655 3296 4712 nempe
3333 4645 3393 4699 iis
3433 4661 3552 4714 qua:
3600 4649 3741 4716 νειδί

2148 4728 2280 4782 estis
2310 4728 2578 4800 Babylone
2599 4773 2614 4797 ,
2666 4733 2715 4786 in
2749 4732 3004 4804 Egypto,
3036 4744 3089 4789 et
3117 4737 3218 4789 sub
3257 4739 3520 4793 Antiocho
3548 4743 3739 4810 primo.

2147 4819 2278 4872 Nam
2334 4819 2492 4890 longe
2522 4821 2585 4875 iis
2634 4827 2906 4893 asperiora
2947 4827 3260 4882 acciderunt
3308 4817 3632 4899 Vespasiano
3692 4841 3745 4885 et

2150 4912 2270 4966 Tito
2305 4914 2549 4969 ducibus.
2612 4919 2949 4987 Quapropter
2997 4921 3212 4975 dicebat
3260 4941 3272 4974 :
3327 4922 3438 4976 Erit
3488 4926 3747 4978 tribulatio

2152 5022 2358 5076 magno,
2389 5008 2556 5075 qualis
2583 5025 2857 5077 numquam
2886 5011 3003 5081 fuit,
3038 5029 3196 5081 neque
3216 5014 3307 5066 erit
3328 5024 3497 5083 postea
3518 5016 3536 5086 (
3555 5015 3741 5069 Matth.

2150 5100 2240 5152 “ll.
2269 5101 2328 5154 2|
2356 5098 2396 5173 ).
2421 5101 2605 5171 Neque
2640 5101 2691 5156 id
2720 5103 2889 5156 solum
2920 5103 3022 5159 hoc
3053 5106 3295 5174 exemplo
3316 5107 3742 5174 significabatur;

2153 5192 2244 5244 sed
2287 5193 2444 5246 etiam
2486 5191 2605 5249 'fore
2651 5195 2793 5263 ipsos
2821 5197 2967 5250 onmi
3001 5197 3193 5252 virtute
3223 5213 3440 5261 vacuos,
3473 5208 3528 5253 et
3570 5215 3598 5252 a
3633 5201 3746 5253 da:-

2155 5284 2400 5338 utonibtts
2455 5285 2664 5339 facilius
2705 5303 2861 5355 quant
2909 5298 3034 5341 ante
3083 5273 3430 5343 invadetdas.
3464 5287 3593 5342 Nam
3623 5299 3749 5345 tunc

2154 5377 2255 5428 etsi
2303 5387 2586 5445 peccarent
2611 5421 2625 5445 ,
2682 5386 2917 5432 aterant
2946 5380 3083 5433 inter
3109 5395 3201 5432 eos
3240 5380 3448 5433 virtutis
3475 5381 3745 5447 cultores,

2155 5467 2452 5522 aderatliei
2481 5467 2836 5538 providentia,
2863 5469 3198 5540 Spiritusque
3244 5473 3411 5541 gratia
3448 5474 3578 5542 ipsis
3628 5489 3748 5541 pro-

2157 5561 2361 5625 videns,
2399 5561 2543 5629 ipsos
2593 5561 2906 5628 emendans,
2959 5577 3163 5632 suaque
3207 5563 3384 5617 omnia
3438 5573 3696 5633 prwstans
3735 5583 3748 5619 :

2157 5669 2298 5707 nunc
2319 5666 2518 5721 autem,
2550 5655 2642 5716 ait,
2670 5655 3000 5723 providentia
3033 5657 3114 5708 illa
3137 5672 3357 5727 prorsus
3385 5657 3534 5711 vacui
3564 5668 3749 5721 erunt,

2158 5746 2226 5799 ita
2260 5756 2315 5799 ut
2341 5747 2515 5814 ‘major
2546 5749 2614 5801 sit
2643 5763 2783 5802 nunc
2815 5749 3020 5803 virtutis
3051 5750 3264 5812 raritas,
3300 5749 3618 5802 calamitatis
3645 5750 3750 5812 vis,

2157 5847 2204 5890 et
2234 5838 2533 5891 ila-manum
2564 5839 2836 5910 tyrannica
2863 5850 3114 5909 potestas.
3157 5839 3340 5894 Nostis
3384 5850 3529 5894 certe
3575 5841 3626 5892 in
3655 5855 3751 5907 ge-

2155 5933 2436 5988 neratione
2482 5933 2580 5990 hac
2610 5951 2728 5990 cum
2771 5933 3013 5990 Julianus
3043 5933 3261 6004 fureret,
3293 5931 3560 6005 quomodo
3583 5931 3758 5990 Judaei
