4118 6432
442 458 535 512 Ilii
1394 456 1460 513 IN
1500 455 1912 514 ΜΑΤΤΗλΕυΜ
1954 456 2024 513 11(

2131 457 2181 514 ιι.
2227 458 2409 518 XLIII.
2455 466 2525 520 al.
2569 466 2753 525 XLIV.

440 588 558 629 sese
596 589 718 630 cum
751 572 1037 642 gentilibus
1058 569 1365 644 iungerent,
1410 582 1465 627 et
1493 573 1705 628 illorum
1737 588 1913 628 mores
1939 588 2027 628 se-

441 675 734 721 ctarentur.
760 664 940 734 Itaque
961 667 1171 721 etiamsi
1198 682 1337 721 nunc
1361 667 1623 721 tantillum
1646 666 2032 721 moderatiores

442 757 719 812 videantur
761 773 903 821 esse,
952 759 1074 826 quia
1103 755 1486 826 Imperatorum
1519 766 1664 814 metu
1709 758 2027 828 quiescunt:

440 860 587 905 certe
615 851 713 905 nisi
758 850 861 904 hoc
898 858 1060 913 esset,
1089 852 1255 905 multo
1279 851 1526 920 graviora
1555 866 1712 921 quam
1751 861 1876 905 ante
1910 850 2028 905 ausi

441 942 686 997 fuissent.
715 942 848 996 Nam
873 941 924 996 in
966 942 1084 996 aliis
1112 943 1363 1012 operibus
1392 941 1548 997 malis
1568 942 1772 1012 priscos
1793 942 1913 995 illos
1935 956 2028 995 su-

440 1042 645 1102 perant,
681 1033 732 1087 in
763 1033 1071 1103 praestigiis,
1104 1033 1359 1088 maleficis
1387 1031 1606 1100 artibus,
1636 1041 1687 1090 et
1709 1033 1759 1086 in
1788 1031 2026 1097 lascivia,

438 1124 616 1177 omnia
644 1124 828 1178 istbmc
848 1139 1005 1194 supra
1033 1123 1249 1179 modum
1271 1130 1603 1178 exercentes.
1626 1122 1793 1178 Etiam
1816 1122 1871 1177 in
1887 1121 2026 1186 aliis,

439 1217 537 1270 etsi
568 1216 668 1271 hoc
688 1214 843 1273 freno
866 1218 1225 1285 detineantur,
1253 1233 1395 1287 smpe
1414 1216 1704 1272 seditiones
1723 1222 2025 1282 moverunt,

438 1318 622 1362 contra
662 1308 1020 1379 Imperatores
1051 1311 1494 1377 insurrexerunt,
1529 1310 1600 1365 ita
1625 1318 1683 1364 ut
1709 1308 1760 1364 in
1789 1317 2028 1364 extrema

440 1399 819 1457 delaberentur
858 1404 1019 1459 mala.

346 1480 353 1485 ’
509 1492 562 1546 4.
593 1491 819 1548 Ubinam
843 1508 972 1565 ergo
993 1503 1118 1550 sunt
1146 1494 1222 1550 illi
1246 1496 1337 1566 qui
1357 1495 1505 1567 signa
1527 1496 1799 1565 quaerunt?
1822 1493 2024 1557 Sciant,

438 1583 606 1652 probo
634 1593 688 1639 et
700 1595 853 1655 grato
878 1600 1013 1656 opus
1036 1601 1157 1643 esse
1179 1587 1358 1642 animo
1385 1603 1402 1642 :
1425 1587 1513 1657 qui
1542 1587 1641 1642 nisi
1665 1588 1824 1653 adsit,
1848 1587 2029 1657 signo-

438 1690 554 1729 rum
586 1676 731 1732 nulla
757 1677 862 1732 erit
903 1678 1122 1734 utilitas.
1164 1677 1322 1734 Certe
1347 1678 1599 1733 Ninivitte'
1622 1678 1823 1747 absque
1861 1678 2028 1748 signis

436 1764 779 1820 crediderunt
810 1785 824 1822 :
856 1766 911 1822 hi
937 1782 1066 1823 vero
1091 1779 1214 1838 post
1254 1777 1334 1823 tot
1359 1768 1617 1823 miracula
1652 1766 1864 1838 pejores
1901 1775 2028 1822 sunt

436 1859 606 1916 ell'ecti
638 1901 654 1926 ,
695 1877 861 1933 seque
907 1863 1310 1918 innumerorum
1350 1861 1655 1917 dzemonum
1692 1861 2023 1917 domicilium

435 1952 842 2015 constituerunt,
860 1961 917 2008 et
941 1962 1220 2009 sescentas
1242 1953 1342 2008 sibi
1362 1961 1685 2023 pepererunt
1698 1952 2028 2007 calamitates

433 2042 550 2111 jure
581 2043 917 2101 illatas.Cum
944 2046 1087 2101 enim
1112 2046 1230 2115 quis
1253 2060 1283 2100 a
1302 2045 1457 2100 malis
1484 2044 1739 2100 liberatus
1763 2060 1869 2099 nou
1896 2044 2028 2099 resi-

435 2136 611 2206 piscit,
645 2138 801 2208 longe
824 2139 1068 2208 graviora
1101 2137 1368 2208 prioribus
1413 2137 1663 2207 patietur.
1713 2136 1840 2192 Ideo
1881 2136 2024 2191 enim

434 2226 566 2282 dixit
588 2270 604 2292 ,
659 2228 781 2283 Non
807 2229 992 2283 invenit
1016 2230 1236 2300 requiem
1258 2270 1274 2295 ,
1302 2236 1361 2284 ut
1385 2228 1672 2296 ostendat,
1719 2228 2023 2284 daemonum

436 2318 653 2374 insidias
694 2320 834 2374 hunc
876 2321 1179 2376 necessario
1207 2329 1550 2390 correpturas
1592 2333 1732 2374 esse.
1781 2318 1915 2374 Nam
1958 2319 2026 2375 ab

436 2408 516 2462 his
544 2407 753 2481 duobus
778 2409 843 2464 ad
874 2425 1058 2464 sanam
1090 2418 1324 2464 mentem
1351 2409 1533 2464 reduci
1563 2410 1927 2478 oportuisset,
1971 2417 2027 2464 et

433 2499 572 2568 quod
600 2500 761 2568 passi,
786 2510 838 2555 et
857 2501 996 2571 quod
1029 2501 1237 2557 liberati
1265 2508 1447 2556 essent
1468 2516 1483 2567 ;
1508 2500 1615 2555 imo
1646 2502 1860 2556 tertium
1891 2515 2026 2571 quo—

433 2591 730 2665 queadest,
760 2607 956 2663 nempe
996 2592 1343 2647 comminatio
1373 2608 1440 2648 ne
1468 2592 1595 2663 quid
1622 2592 1858 2648 deterius
1885 2607 2020 2648 con-

433 2687 619 2755 tingat.
654 2686 903 2741 Attamen
933 2701 1000 2740 ex
1026 2687 1172 2741 nullo
1201 2701 1386 2742 eorum
1418 2686 1668 2741 meliores
1711 2694 2021 2741 evaserunt.

433 2774 558 2832 Ilmc
601 2784 727 2832 Vero
774 2793 879 2833 non
922 2777 988 2833 ad
1019 2778 1139 2833 illos
1175 2786 1418 2845 tantum,
1471 2776 1565 2833 sed
1604 2779 1763 2833 etiam
1809 2776 1877 2832 ad
1923 2792 2021 2832 nos

432 2871 572 2926 dicta
599 2869 764 2927 fuisse
791 2858 1089 2942 opportune
1119 2872 1399 2927 credamus
1421 2911 1438 2939 ,
1477 2870 1691 2941 quando
1739 2869 2023 2925 illuminati

432 2972 485 3015 et
513 2977 543 3015 a
574 2962 761 3032 priscis
786 2963 955 3033 erepti
981 2963 1170 3030 malis,
1207 2977 1392 3017 rursus
1421 2961 1599 3017 eidem
1629 2960 1880 3032 nequitiae
1910 2960 2021 3015 ba:-

432 3067 612 3109 remus
644 3070 658 3107 :
691 3068 813 3108 nam
845 3053 916 3109 ob
953 3052 1183 3109 admissa
1232 3052 1495 3123 posthaec
1539 3062 1755 3121 peccata
1788 3052 2024 3120 graviori

433 3142 634 3198 ultione
674 3143 987 3214 plectemur.
1019 3144 1144 3199 Ideo
1170 3144 1462 3215 paralytico
1487 3142 1698 3200 dicebat
1732 3143 1975 3199 Christus
2005 3161 2018 3197 :

437 3236 586 3303 Ecce,
615 3253 770 3292 sanus
799 3239 964 3309 [actus
993 3252 1082 3298 es;
1114 3237 1220 3291 noli
1246 3237 1467 3306 amplius
1502 3252 1707 3307 peccare
1730 3277 1745 3299 ,
1795 3252 1859 3290 ne
1903 3236 2024 3306 quid

433 3327 521 3381 tibi
548 3327 765 3381 deterius
795 3327 1052 3398 contingat
1083 3325 1264 3396 (Joan.
1297 3327 1352 3383 5.
1380 3323 1481 3398 11)
1525 3344 1538 3378 :
1567 3333 1623 3382 et
1667 3325 1781 3381 haec
1821 3326 2023 3382 homini

431 3420 571 3475 dicta
592 3429 734 3486 sunt,
757 3419 847 3493 qui
874 3418 1086 3492 triginta
1105 3428 1227 3475 octo
1246 3417 1400 3475 annis
1422 3432 1563 3491 avget
1580 3416 1773 3476 fuerat.
1794 3417 2020 3491 Ecquid,

433 3514 640 3584 inquies
662 3555 677 3580 ,
707 3514 920 3584 gravius
948 3528 1201 3582 passurus
1245 3522 1362 3568 erat
1387 3554 1402 3578 ,
1432 3528 1591 3583 quam
1620 3514 1814 3568 antea?
1843 3513 2024 3584 Longe

435 3605 616 3674 pejora
644 3613 698 3659 et
724 3605 992 3674 graviora.
1028 3603 1182 3658 Absit
1227 3604 1371 3658 enim
1405 3618 1475 3658 ne
1522 3611 1666 3659 tanta
1715 3604 1979 3674 patiamur
2001 3645 2019 3669 ,

431 3707 630 3768 quama
659 3698 765 3768 pati
795 3712 1097 3767 possumus.
1124 3696 1307 3765 Neque
1331 3696 1474 3751 enim
1499 3696 1608 3751 Deo
1633 3696 1892 3767 supplicia
1922 3697 2023 3752 dc-

434 3801 577 3845 stmt.
610 3791 742 3846 Nam
775 3800 831 3845 ut
861 3806 1052 3861 magna
1091 3790 1458 3846 misericordia
1483 3790 1601 3860 ejus
1621 3832 1637 3857 ,
1666 3790 1737 3844 ita
1771 3799 1825 3846 et
1848 3789 2024 3860 gravis

433 3895 516 3939 est
544 3884 619 3939 ira
647 3886 783 3954 ejus.
816 3883 927 3939 liae
953 3884 1021 3939 de
1042 3899 1102 3939 re
1116 3883 1505 3956 Jcrosolymam
1531 3884 1672 3954 apud
1688 3882 2024 3939 Ezechielem

433 3983 677 4031 accusat:
712 3972 824 4029 Vidi
853 3976 987 4029 enim
1016 3984 1094 4040 te,
1127 3974 1329 4044 inquit,
1364 3976 1612 4044 pollutam
1649 3976 1898 4046 sanguine
1919 4015 1935 4040 ,
1976 3985 2024 4030 et

434 4070 535 4125 lavi
557 4080 603 4123 et
653 4069 775 4123 anxi
802 4110 817 4136 ,
860 4078 907 4123 et
937 4071 1125 4138 {uetant
1147 4076 1219 4121 est
1247 4067 1334 4120 tibi
1361 4084 1541 4123 nomen
1566 4069 1618 4122 in
1650 4067 2025 4137 pulchritudine

435 4173 558 4229 tua;
584 4176 629 4217 et
651 4164 902 4233 fornicata
927 4178 979 4217 es
1003 4178 1116 4215 cum
1142 4160 1370 4230 ﬁnitimis
1399 4161 1499 4215 tuis
1526 4160 1737 4231 (Ezeclt.
1763 4161 1848 4216 16.
1883 4160 1937 4216 6.
1967 4160 2023 4223 9;

434 4255 521 4309 14.
550 4254 655 4324 26)
689 4272 703 4310 :
737 4254 858 4309 ideo
899 4253 1141 4324 graviora
1181 4252 1275 4307 tibi
1321 4250 1562 4321 peccanti
1589 4251 1840 4307 minatur.
1889 4252 2027 4307 Iliuc

434 4363 564 4402 vero
592 4362 697 4401 non
725 4345 1042 4415 supplicium
1074 4351 1299 4409 tantum,
1330 4343 1423 4397 sed
1453 4342 1768 4398 immensam
1800 4343 1891 4397 Dei
1926 4358 2021 4412 pa-

434 4440 672 4495 tientiam
701 4448 877 4495 tecum
907 4446 1113 4508 reputa.
1144 4434 1298 4505 Stepe
1329 4451 1559 4505 namque
1588 4435 1640 4489 in
1666 4434 1853 4490 eadem
1887 4435 2020 4489 mala

433 4531 636 4600 delapsi
661 4546 867 4597 sumus,
891 4528 1125 4584 etadhuc
1143 4528 1232 4583 ille
1246 4527 1562 4582 uostolerat.
1581 4525 1773 4581 Verum
1807 4542 1875 4582 ne
1891 4541 2025 4582 con-

439 4623 685 4688 fidamus,
718 4622 812 4678 sed
841 4622 1016 4691 potius
1044 4621 1347 4675 timeamus.
1379 4617 1595 4674 Etenim
1619 4616 1849 4683 Pharao,
1882 4619 1926 4673 si
1953 4620 2018 4675 ex

436 4716 606 4786 prima
636 4714 786 4785 plaga
809 4713 1141 4780 resipuisset,
1175 4726 1279 4765 non
1310 4717 1596 4780 sequentes
1621 4717 1894 4778 expertus,
1922 4723 2025 4765 nec

435 4815 620 4878 postea
649 4821 769 4861 cum
800 4813 911 4860 toto
937 4803 1172 4858 exercitu
1211 4800 1492 4857 demersus
1532 4800 1739 4856 fuisset.
1773 4800 1900 4856 Ilmc
1927 4816 2025 4856 au-

438 4911 544 4956 tem
568 4899 710 4962 dico,
742 4898 863 4967 quia
893 4896 1090 4950 multos
1116 4895 1239 4950 novi
1269 4909 1410 4949 nunc
1434 4895 1573 4950 sicut
1599 4894 1808 4950 Pharao
1835 4895 2025 4950 dicen-

437 4999 518 5045 tes
539 5033 555 5057 ,
582 4989 699 5044 Non
732 4987 859 5042 novi
886 4987 1088 5046 Deum:
1139 4985 1227 5054 qui
1257 4985 1368 5039 luto
1392 4993 1447 5039 et
1488 4984 1746 5039 lateribus
1784 4984 2027 5039 subditos

436 5098 563 5138 suos
591 5082 863 5137 addicunt.
890 5080 1032 5145 Quot
1056 5077 1321 5144 homines,
1351 5075 1573 5146 jubente
1604 5075 1715 5131 Deo
1739 5076 1913 5130 minae.
1939 5092 2027 5132 re-

438 5176 674 5241 mittere,
703 5191 772 5229 ne
798 5174 1037 5229 laborem
1075 5169 1293 5242 quidem
1323 5170 1565 5224 relaxare
1587 5169 1797 5224 volunt?
1825 5169 2023 5223 Verum

439 5286 543 5323 non
573 5277 657 5324 est
668 5268 779 5338 jam
806 5265 1045 5321 Rubrum
1073 5277 1223 5316 mare
1248 5259 1641 5330 trajiciendum.
1674 5258 1778 5315 Sed
1808 5259 2027 5330 pelagus

440 5363 577 5434 ignis
619 5370 741 5427 est,
780 5360 1002 5431 pelagus
1032 5372 1139 5411 non
1183 5371 1304 5410 cum
1335 5354 1427 5409 illo
1455 5353 1881 5419 conferendum,
1929 5350 2025 5407 sed

440 5456 607 5509 multo
647 5455 822 5525 majus
860 5460 915 5508 et
954 5449 1204 5505 acerbius
1229 5489 1245 5512 ,
1284 5447 1436 5517 cujus
1463 5447 1658 5502 fluctus
1697 5447 1833 5518 ignis
1861 5453 2022 5512 sunt;

442 5547 576 5612 ignis
612 5555 756 5600 certe
783 5559 951 5598 novus
976 5550 1031 5596 et
1074 5538 1392 5595 horrendus.
1421 5539 1663 5610 Abyssus
1701 5539 1806 5592 illic
1835 5552 2025 5609 magna

352 5697 361 5710 ,
440 5650 523 5695 est
547 5638 775 5693 flammis
800 5635 1148 5708 gravissimzn.
1178 5632 1256 5686 Ibi
1293 5631 1435 5686 enim
1476 5632 1651 5702 ignem
1678 5645 1892 5700 semper
1917 5630 2021 5684 cir-

440 5747 785 5787 cumcurrcre
807 5729 991 5785 videre
1020 5735 1137 5794 est,
1178 5725 1303 5780 [erm
1343 5724 1742 5780 immanissimm
1772 5725 2022 5779 similem.

442 5824 496 5877 Si
525 5823 665 5877 enim
690 5821 777 5875 ille
805 5820 1020 5875 sensilis
1044 5827 1098 5873 et
1135 5816 1423 5872 materialis
1451 5816 1608 5883 ignis,
1640 5816 1788 5884 quasi
1818 5816 1925 5870 fera
1959 5832 2025 5871 ex

444 5914 659 5970 fcrnare
698 5913 950 5970 cxsiliens
973 5954 988 5979 ,
1029 5910 1216 5967 insiliit
1243 5910 1292 5964 in
1331 5925 1424 5965 eos
1451 5909 1539 5979 qui
1575 5918 1723 5964 extra
1753 5908 2024 5965 fornacem

3619 485 3728 541 46?.

2135 586 2311 641 erant,
2343 579 2468 634 dum
2500 590 2606 637 tres
2631 586 2777 653 pueri
2812 586 2951 642 inttts
2977 601 3158 646 essent
3188 595 3201 625 ³
3236 611 3250 648 :
3280 597 3403 666 qttid
3434 613 3539 653 non
3567 598 3727 657 faciet

2136 667 2273 737 ignis
2303 671 2392 727 ille
2419 675 2482 727 iis
2512 677 2600 745 qui
2630 680 2679 731 in
2710 679 2854 733 illum
2884 682 3163 739 incident?
3185 688 3320 741 Audi
3354 692 3641 760 prophetas
3659 693 3731 749 de

2137 762 2227 817 illo
2252 764 2340 821 die
2372 767 2651 838 loquentes
2687 789 2700 824 :
2739 771 2857 827 Dies
2893 774 3097 832 Domini
3120 782 3447 845 inamabilis,
3480 788 3655 856 furore
3681 795 3729 841 et

2134 856 2215 909 ira
2239 858 2418 927 plenus
2468 860 2617 930 (lsai.
2656 865 2740 918 15.
2776 865 2855 937 9).
2891 866 3056 924 Nemo
3092 872 3233 924 enim
3263 874 3363 927 erit
3394 876 3484 944 qtti
3512 876 3724 944 adstet,

2136 962 2295 1003 nemo
2338 951 2427 1019 qui
2458 963 2647 1019 eruat;
2679 972 2936 1026 nusquam
2973 960 3044 1014 ibi
3086 961 3283 1017 Christi
3314 964 3500 1020 faciem
3539 969 3726 1024 mitem

2135 1045 2190 1090 et
2232 1053 2479 1095 serenam
2528 1047 2849 1116 conspicies.
2903 1048 3010 1106 Sed
3059 1055 3507 1121 quemadmodmn
3554 1059 3587 1112 ii
3634 1061 3724 1131 qui

2135 1131 2349 1185 metalla
2377 1144 2625 1201 tractant,
2654 1141 2866 1195 acerbis
2889 1143 3170 1200 traduntur
3200 1147 3524 1216 hominibus,
3555 1155 3727 1209 nemi-

2136 1238 2364 1295 nemque
2389 1229 2684 1284 amicorum
2706 1273 2722 1298 ,
2748 1233 2843 1288 sed
2869 1250 2968 1291 eos
2990 1244 3196 1292 tantum
3223 1243 3311 1310 qui
3343 1252 3613 1311 praesunt,
3643 1247 3727 1299 vi-

2133 1314 2262 1372 dent
2285 1336 2301 1372 :
2321 1319 2400 1374 sic
2427 1330 2482 1375 et
2513 1330 2668 1389 tunc;
2702 1325 2810 1381 imo
2838 1342 2944 1382 non
2971 1330 3068 1393 sic,
3092 1330 3185 1385 sed
3206 1330 3365 1402 longe
3387 1332 3729 1392 horribiliorc

2133 1407 2314 1463 modo.
2349 1409 2471 1466 Istic
2489 1414 2632 1467 enim
2657 1415 3036 1486 Imperatorem
3068 1436 3354 1490 possumus
3382 1424 3532 1481 adire
3554 1435 3603 1480 et
3635 1443 3724 1480 ro-

2132 1513 2281 1569 gare,
2298 1508 2352 1555 et
2380 1502 2458 1557 sic
2480 1503 2792 1561 damnatum
2819 1509 3065 1567 solvere:
3087 1513 3196 1567 illic
3223 1529 3350 1569 vero
3366 1529 3545 1570 secus.
3572 1516 3727 1573 Nulla

2133 1591 2278 1644 enim
2301 1594 2567 1660 remissio,
2590 1599 2684 1652 sed
2708 1609 2926 1657 manent
2951 1602 3003 1656 in
3024 1611 3172 1658 tutuo
3190 1606 3428 1661 cruciatu
3445 1616 3497 1662 et
3512 1607 3725 1673 dolore,

2131 1681 2221 1751 qui
2253 1698 2357 1737 non
2392 1687 2560 1753 possit
2587 1690 2839 1758 exprimi.
2868 1691 3004 1748 Nam
3033 1695 3076 1749 si
3104 1711 3291 1750 eorum
3336 1699 3425 1767 qui
3457 1699 3545 1754 hic
3571 1716 3724 1756 com—

2132 1772 2395 1830 buruntur
2423 1789 2608 1834 acutos
2635 1780 2850 1837 dolores
2880 1784 3057 1839 nullus
3095 1795 3271 1854 potest
3300 1802 3482 1844 sermo
3520 1790 3723 1846 descri-

2131 1861 2294 1930 bere,
2327 1868 2494 1923 multo
2529 1870 2704 1926 minus
2732 1873 2837 1927 illis
2863 1875 3042 1931 verbis
3081 1877 3310 1947 exprimi
3345 1890 3590 1948 possunt.
3626 1883 3727 1938 llic

2131 1955 2274 2011 enim
2305 1957 2450 2015 brevi
2483 1970 2721 2032 tempore
2753 1973 2921 2020 totum
2953 1954 3229 2036 perficitur
3269 1986 3284 2026 :
3324 1969 3431 2025 illic
3471 1989 3596 2027 vero
3636 1975 3729 2044 qui

2132 2047 2325 2116 uritur,
2359 2067 2463 2105 non
2491 2055 2847 2112 consumitur.

2204 2137 2284 2192 An
2301 2141 2364 2193 sit
2378 2142 2654 2197 consolatio
2670 2146 2832 2201 socios
2862 2149 3043 2204 habere
3072 2152 3543 2222 supplicii.—-Quid
3568 2156 3730 2226 igitur

2133 2226 2204 2283 ibi
2225 2228 2518 2288 faciemus?
2540 2235 2799 2306 Meipsum
2819 2240 3017 2311 quippe
3035 2242 3297 2313 alloquor.
3317 2245 3371 2301 Si
3396 2257 3471 2311 tu,
3493 2248 3722 2317 inquies,

2130 2320 2318 2377 doctor
2346 2325 2572 2394 teipsum
2600 2328 2888 2399 alloqueris
2916 2374 2930 2397 ,
2964 2334 3106 2388 nulla
3137 2337 3265 2390 mihi
3295 2352 3422 2391 cura
3454 2351 3723 2411 superest.

2130 2411 2268 2480 Quid
2300 2415 2492 2471 mirum
2522 2419 2665 2473 enim
2705 2421 2749 2475 si
2777 2430 2832 2476 et
2859 2438 2961 2493 ego
2984 2424 3226 2492 plectar?
3258 2427 3337 2483 Ne
3360 2470 3374 2493 ,
3405 2446 3588 2498 qua‘so
3612 2471 3626 2493 ,
3660 2448 3729 2485 ne

2130 2504 2252 2574 quis
2289 2504 2425 2561 hanc
2452 2519 2658 2578 qurerat
2685 2513 3137 2570 consolationem.
3168 2516 3351 2586 Neque
3379 2522 3523 2574 enim
3556 2521 3723 2575 ullum

2131 2596 2204 2652 ibi
2237 2599 2510 2657 solatium.
2558 2602 2775 2671 Annon,
2801 2620 3019 2674 quteso,
3055 2607 3366 2678 incorporea
3419 2611 3585 2667 virtus
3612 2624 3728 2667 erat

2128 2688 2420 2746 diabolus?
2479 2709 2656 2749 nonne
2707 2697 3048 2765 prmstantior
3091 2698 3446 2755 hominibus?
3475 2703 3728 2760 Attamen

2130 2782 2311 2854 lapsus
2332 2793 2434 2839 est.
2471 2786 2553 2841 An
2587 2802 2716 2843 vero
2735 2789 3000 2859 quispiam
3031 2790 3156 2847 hinc
3179 2795 3600 2850 couSolatiouem
3630 2813 3723 2852 ac-

2129 2874 2289 2942 cipiet
2315 2875 2455 2944 quod
2505 2890 2627 2932 cum
2677 2878 2773 2933 illo
2819 2881 3130 2937 crucietur?
3178 2883 3542 2955 Nequaquam.
3585 2887 3727 2955 Quid

2129 2980 2290 3034 porro
2320 2966 2558 3039 Egyptii
2605 2970 2679 3024 illi
2728 2973 2957 3028 omnes?
3004 2988 3185 3029 annon
3233 2977 3515 3045 pra-lectos
3561 2980 3726 3034 etiam

2129 3056 2317 3126 plexos
2342 3059 2627 3115 viderunt?
2655 3070 2710 3116 et
2730 3060 2920 3118 domos
2942 3064 3183 3136 singulas
3211 3067 3261 3121 in
3290 3067 3461 3122 luctu?
3487 3068 3569 3124 An
3598 3070 3722 3125 ideo

2128 3150 2549 3208 consolationem
2561 3156 2996 3226 acceperunt,vel
3016 3159 3366 3227 reSpirarunt?
3387 3160 3601 3216 Minime
3617 3178 3725 3217 cer-

2132 3249 2184 3297 te
2216 3260 2228 3296 :
2257 3243 2309 3298 id
2338 3245 2482 3314 quod
2511 3245 2769 3316 liquidum
2790 3257 2960 3304 estex
2993 3249 3059 3305 iis
3082 3266 3201 3320 qua:
3225 3260 3410 3322 postea
3439 3252 3723 3321 fecerunt,

2128 3336 2279 3403 quasi
2306 3336 2519 3393 flamma
2535 3338 2761 3407 quadam
2783 3339 3033 3410 ﬂagellati
3061 3356 3241 3413 regem
3256 3343 3520 3411 adierunt,
3538 3356 3591 3401 et
3617 3345 3724 3400 IIe-

2129 3427 2396 3486 brmorum
2425 3429 2679 3503 populum
2704 3431 2951 3490 emittere
2972 3442 3283 3506 coegerunt.
3324 3433 3535 3508 Frigida
3576 3446 3724 3495 certe

2128 3523 2424 3578 consolatio
2446 3524 2833 3596 cruciati,quod
2849 3540 2968 3581 cum
2987 3526 3107 3581 aliis
3123 3526 3539 3599 puniatur,un
3555 3532 3725 3599 possit

2129 3612 2535 3681 dicerc,Eadcm
2552 3614 2860 3672 conditione
2874 3633 2993 3672 sum
3015 3633 3118 3688 qua
3145 3619 3256 3674 alii.
3277 3618 3381 3676 Sed
3398 3620 3524 3690 quid
3552 3621 3618 3676 de
3633 3636 3726 3690 ge-

2129 3701 2306 3759 henna
2333 3704 2566 3775 loquor?
2608 3705 2791 3777 Cogita
2809 3722 2905 3763 eos
2923 3709 3014 3778 qui
3045 3707 3276 3779 podagra
3309 3710 3555 3766 laborant
3587 3728 3600 3765 :
3625 3712 3718 3781 qui

2128 3809 2250 3851 cum
2271 3798 2444 3854 acutis
2466 3798 2740 3855 doloribus
2754 3799 3079 3865 cruciantur,
3101 3800 3307 3854 etiamsi
3329 3810 3609 3856 sexcentos
3629 3816 3692 3857 os
3705 3831 3725 3843 ο

2130 3888 2319 3943 lendas
2331 3888 2575 3959 graviora
2600 3888 2882 3959 patientes,
2896 3903 2966 3943 ne
2990 3888 3266 3944 attendere
3283 3889 3497 3959 quidem
3516 3892 3722 3946 volunt.

2132 3981 2225 4036 Vis
2250 3980 2448 4051 quippe
2476 3979 2679 4034 doloris
2705 3993 2772 4033 ne
2797 3980 2974 4034 locum
3001 3979 3218 4049 quidem
3244 3980 3368 4035 sinit
3391 3990 3443 4035 ut
3467 3983 3602 4038 alios
3623 3997 3718 4037 co-

2128 4076 2299 4147 gitent
2319 4114 2336 4141 ,
2383 4073 2614 4144 hincque
2637 4071 3060 4128 consolationem
3089 4072 3371 4142 accipiant.
3426 4073 3504 4129 Ne
3536 4076 3716 4145 itaque

2130 4168 2234 4222 hac
2260 4166 2448 4237 frigida
2475 4180 2571 4235 spe
2592 4166 2820 4230 alamur;
2851 4163 3152 4219 consolatio
3171 4163 3365 4234 quippe
3391 4164 3477 4218 illa
3497 4181 3558 4221 ex
3579 4166 3728 4235 ejus-

2129 4260 2252 4316 dem
2310 4260 2436 4314 mali
2481 4259 2822 4314 consortibus
2871 4267 3022 4330 parta
3050 4299 3065 4323 ,
3116 4258 3168 4312 in
3210 4258 3467 4314 mediocri
3515 4269 3721 4315 tantum

2130 4366 2369 4406 aerumna
2397 4352 2570 4406 locum
2597 4350 2797 4417 habet;
2836 4349 3050 4421 quando
3078 4360 3254 4405 autem
3284 4352 3455 4422 major
3488 4363 3568 4407 est
3595 4367 3724 4407 cru-

2129 4443 2321 4509 ciatus,
2344 4454 2397 4498 et
2426 4443 2677 4498 interiora
2703 4451 2782 4498 tot
2808 4443 3056 4498 fluctibus
3080 4442 3369 4513 agitantur,
3406 4455 3461 4498 ut
3490 4461 3556 4500 ne
3581 4448 3728 4515 seip—

2130 4550 2245 4591 sam
2277 4536 2445 4606 possit
2487 4537 2664 4592 anima
2708 4551 3055 4608 cognoscere,
3097 4534 3363 4592 undeuam
3402 4538 3727 4594 consolatio—

2132 4643 2253 4684 nem
2275 4630 2539 4699 accipiet?

2204 4722 2257 4778 5.
2289 4721 2472 4793 Itaque
2508 4721 2733 4779 ridicula
2760 4732 2885 4779 sunt
2910 4723 3027 4780 haec
3055 4723 3233 4778 omnia
3263 4722 3422 4778 verba
3447 4765 3464 4792 ,
3501 4734 3554 4778 et
3581 4738 3711 4793 puc-

2131 4826 2314 4867 rorum
2343 4812 2706 4884 insipientium
2739 4812 2945 4869 fabulae.
2981 4814 3114 4869 Nam
3146 4814 3198 4869 id
3223 4857 3240 4884 ,
3276 4814 3416 4885 quod
3446 4813 3582 4869 dicis
3607 4857 3621 4879 ,
3669 4815 3719 4869 in

2133 4917 2368 4960 maerore
2394 4903 2648 4959 mediocri
2675 4905 2847 4959 locum
2880 4905 3080 4974 habet,
3123 4922 3244 4961 cum
3297 4906 3458 4961 alium
3488 4905 3719 4976 idipsum

2131 4997 2241 5068 pati
2269 4998 2542 5062 audimus;
2571 4998 2678 5052 imo
2705 5012 3103 5069 nonnumquam
3140 5014 3206 5054 ne
3242 4999 3294 5053 in
3337 5013 3570 5054 mmrore
3599 5000 3687 5068 qui
3706 5029 3721 5038 -

2131 5090 2276 5156 dem;
2308 5091 2579 5160 multoque
2597 5092 2773 5146 minus
2799 5092 2851 5144 in
2879 5092 3114 5147 cruciatu
3141 5093 3234 5146 illo
3264 5091 3540 5159 ineffabili,
3563 5107 3724 5163 quem

2132 5182 2330 5236 stridor
2354 5182 2593 5238 dentium
2638 5183 2909 5253 exprimit.
2937 5183 3068 5237 Novi
3095 5193 3245 5239 certe
3273 5184 3388 5239 base
3424 5184 3609 5239 dicens
3637 5199 3724 5237 me

2132 5276 2287 5331 vobis
2312 5275 2462 5329 oneri
2490 5290 2555 5330 ac
2583 5275 2756 5330 dolori
2782 5290 2905 5330 esse
2933 5293 2946 5329 :
2971 5274 3065 5331 sed
3105 5276 3233 5346 quid
3261 5275 3488 5330 faciam?
3519 5274 3723 5330 Vellem

2134 5383 2240 5423 non
2272 5368 2388 5422 haec
2410 5366 2611 5433 dicere,
2641 5367 2735 5424 sed
2762 5376 2818 5424 et
2841 5384 2926 5424 me
2946 5378 3001 5424 et
3025 5385 3123 5424 vos
3148 5358 3336 5423 omnes
3359 5368 3607 5422 virtutem
3633 5383 3728 5422 eo-

2133 5462 2305 5518 lentes
2357 5464 2712 5532 conspicere:
2744 5463 2869 5533 quia
2920 5477 3049 5518 vero
3089 5462 3330 5533 plerique
3377 5469 3621 5515 nostrum
3669 5460 3723 5514 in

2134 5555 2368 5627 peccatis
2391 5554 2669 5624 degimus,
2700 5555 2820 5624 quis
2852 5555 2980 5610 mihi
3011 5554 3254 5621 dederit,
3293 5562 3352 5608 ut
3379 5569 3475 5608 vos
3514 5569 3640 5608 vere
3670 5554 3725 5609 in

2132 5647 2371 5703 dolorem
2401 5647 2713 5715 conjiciam,
2760 5647 3169 5716 auditorumque
3208 5646 3441 5699 animum
3466 5644 3728 5714 tangam?

2135 5739 2283 5793 'l‘unc
2308 5738 2489 5805 utique
2518 5737 2678 5792 lluem
2718 5736 2930 5792 dicendi
2953 5736 3204 5791 facerem.
3245 5739 3313 5791 At
3349 5750 3487 5789 nunc
3516 5736 3678 5789 timeo
3704 5775 3721 5800 ,

2200 5847 2218 5911 ἕ
2241 5845 2606 5911 (ἴτᾳιρβῂοῃιΐ.
2633 5847 2709 5894 ἐπὶ
2730 5849 2826 5896 τῶν
2842 5848 2985 5911 ντριῷν
3008 5846 3209 5911 παίᾼξων,
3227 5860 3354 5910 qua),
3375 5845 3487 5908 quia
3513 5841 3560 5893 iu
3583 5846 3718 5911 cpti-

2138 5907 2233 5958 mis
2255 5906 2491 5958 subsidiis
2512 5908 2714 5975 desunt,
2738 5905 3070 5970 negleximus.
3091 5908 3221 5957 Eutr.
