4118 6436
402 476 509 531 4(ιό

402 604 471 643 ne
496 585 730 657 quipiam
756 582 896 638 dicta
919 585 1424 641 contemnant,neve
1450 575 1521 630 ob
1540 572 1868 629 audientium
1900 584 1995 624 ne-

402 678 709 748 gligentiam
738 673 908 742 majus
936 670 1254 741 supplicium
1280 668 1492 726 evadat.
1523 666 1707 738 Neque
1732 664 1876 719 enim
1906 662 1951 717 si
1977 702 1993 727 ,

406 770 537 823 hero
580 768 751 820 minas
797 766 1094 818 intcntante
1121 803 1137 829 ,
1169 775 1450 816 servorum
1486 760 1604 829 quis
1643 764 1993 822 Contemnat,

404 865 619 929 impune
648 857 845 920 fuerit,
876 857 982 910 imo
1013 856 1129 909 btec
1158 853 1377 923 majoris
1404 852 1645 920 supplicii
1685 864 1844 904 causa
1872 849 1995 903 erit.

402 952 758 1022 Quamobrem
788 963 921 1019 rogo
942 989 957 1011 ,
988 947 1057 1003 de
1083 945 1324 1016 gehenua
1367 943 1648 999 audientes
1668 954 1996 1010 compunga-

402 1060 538 1097 mur.
569 1041 715 1096 Nihil
740 1042 883 1095 enim
910 1039 1116 1095 dulcius
1140 1038 1241 1093 hoc
1268 1052 1537 1097 sermone.
1571 1034 1695 1105 quia
1728 1033 1892 1088 rebus
1913 1034 1994 1102 ip-

401 1140 475 1191 sis
506 1136 634 1191 nihil
661 1137 917 1190 amarius.
950 1133 1017 1188 Et
1047 1130 1316 1201 quomodo
1343 1130 1502 1186 dulce
1528 1129 1685 1185 fuerit
1705 1169 1722 1195 ,
1756 1126 1993 1198 inquies,

400 1229 467 1283 de
488 1230 731 1298 gehenna
753 1226 974 1281 audire?
1002 1226 1134 1294 Quia
1155 1224 1506 1295 injucundum
1524 1232 1608 1277 est
1624 1223 1675 1277 in
1696 1221 1997 1292 gehennam

401 1321 675 1383 incidere,
710 1319 850 1390 quod
881 1319 1076 1373 malum
1125 1325 1376 1375 ateovent
1404 1314 1565 1371 verba
1596 1315 1684 1369 illa
1709 1355 1725 1382 ,
1771 1330 1891 1384 qua:
1917 1314 1966 1366 vi
1986 1342 1999 1355 -

401 1413 595 1466 demur
618 1427 867 1475 onerosa;
887 1411 1046 1466 aliam
1067 1425 1196 1466 vero
1216 1415 1473 1480 prmstant
1490 1407 1837 1476 voluptatem,
1856 1405 1999 1475 quod

404 1505 653 1560 videlicet
692 1504 929 1559 animum
960 1511 1297 1569 convertant,
1327 1511 1384 1558 et
1412 1499 1482 1556 ad
1511 1500 1759 1570 pietatem
1811 1498 2000 1553 tradu-

403 1606 528 1652 cant
551 1639 565 1660 ,
605 1605 840 1652 mentem
873 1596 1238 1652 sublimiorem
1261 1636 1277 1660 ,
1324 1593 1667 1650 ratiocinium
1696 1591 2001 1661 expeditius

402 1691 637 1745 efﬁciant
661 1732 675 1755 ,
722 1705 752 1744 a
796 1687 1246 1758 concupiscentiis
1273 1685 1551 1742 obsessam
1577 1684 1812 1740 animam
1860 1683 1996 1739 libe-

404 1792 559 1837 reot:
591 1782 708 1837 haec
735 1797 863 1837 vere
891 1780 1157 1837 medicina
1193 1786 1296 1835 est.
1341 1778 1679 1848 Quapropter
1718 1774 2000 1831 concedite

404 1874 533 1929 mihi
562 1883 620 1929 ut
661 1883 941 1944 postquam
966 1871 1035 1928 de
1059 1871 1321 1941 supplicio
1347 1871 1477 1938 dixi,
1500 1870 1568 1925 de
1603 1869 1807 1940 pudore
1836 1870 1997 1924 etiam

405 1983 469 2022 ac
493 1967 762 2022 dedecore
787 1966 983 2021 dicam.
1022 1965 1155 2021 Nam
1185 1966 1324 2023 sicut
1347 1964 1593 2020 Ninivitte
1631 1972 1757 2018 tunc
1781 1962 2000 2018 Judteos

404 2058 842 2113 eoudcmnabunt
865 2101 880 2125 ,
910 2059 989 2113 sie
1018 2068 1071 2112 et
1099 2073 1198 2113 nos
1224 2057 1377 2112 multi
1406 2056 1845 2112 eondemnabunt
1865 2098 1878 2118 .
1906 2056 1998 2126 qui

406 2165 546 2204 nunc
575 2149 821 2205 videntur
859 2150 1016 2220 longe
1053 2149 1335 2204 inferiores
1368 2162 1511 2203 esse.
1541 2148 1846 2219 Cogitemus
1870 2162 2000 2217 ergo

405 2252 635 2311 quantus
656 2243 815 2308 risus,
837 2250 1052 2311 quanta:
1065 2240 1435 2297 damnationes
1456 2249 1618 2296 erunt
1644 2257 1659 2295 :
1681 2240 1997 2309 cogitemus,

410 2334 619 2388 initium
648 2333 926 2399 ducamus,
946 2333 1163 2403 ianuam
1193 2332 1496 2402 aperiamus
1517 2332 1585 2387 ad
1608 2333 1995 2401 ptenitentiam.

408 2428 493 2482 Me
539 2428 711 2497 ipsum
758 2427 1043 2495 alloquor,
1093 2442 1180 2481 me
1228 2426 1458 2496 primum
1500 2425 1916 2479 hortormemo
1943 2434 2001 2479 ut

407 2520 690 2575 damnatus
736 2520 1017 2574 irascatur.
1067 2520 1359 2589 Angustam
1401 2518 1540 2573 viam
1582 2517 1856 2573 adeamus.
1893 2517 2000 2573 Us-

407 2623 619 2678 quequo
644 2608 895 2679 deliciae?
934 2622 1212 2680 usquequo
1240 2607 1565 2663 oscitantia?
1612 2623 1718 2662 non
1744 2607 2003 2662 satiamur

408 2699 634 2761 desidia,
662 2699 919 2765 ridentes,
951 2699 1431 2769 procrastinantes?
1458 2700 1539 2754 An
1564 2698 1754 2755 eadem
1784 2714 2005 2769 semper

409 2799 586 2853 erunt,
610 2804 815 2857 mensa,
843 2789 1062 2845 satietas
1082 2831 1096 2855 .
1124 2789 1506 2859 sumptuositas
1523 2830 1539 2856 ,
1569 2791 1810 2861 pecunia:
1827 2833 1843 2857 ,
1872 2804 2001 2859 pos-

410 2881 680 2935 sessiones
702 2924 717 2946 ,
746 2880 1010 2937 aedilicia?
1040 2880 1236 2952 Ecquis
1263 2895 1452 2936 eorum
1484 2880 1653 2937 ﬁnis?
1681 2880 1843 2937 Mors.
1873 2882 2004 2950 Quis

413 2974 568 3029 ﬁnis?
590 2973 758 3040 Cinis,
789 2975 978 3043 pulvis,
1004 2975 1185 3040 loculi,
1208 2989 1438 3030 vermes.
1466 2974 1667 3029 Novam
1687 2990 1818 3047 ergo
1842 2977 2005 3031 vitam

412 3064 761 3120 cxhibeamus
793 3084 808 3120 :
838 3064 1093 3122 faciamus
1132 3074 1328 3121 terram
1375 3066 1607 3121 uelum:
1642 3064 1768 3121 hinc
1820 3076 2005 3121 osten-

414 3156 606 3211 damus
631 3157 919 3227 gentilibus
943 3167 1074 3227 quot
1098 3166 1317 3213 careant
1346 3156 1523 3212 bonis.
1568 3156 1700 3212 Nam
1744 3173 1867 3213 cum
1912 3173 2011 3213 nos

416 3245 671 3301 videbunt
697 3253 842 3302 recte
867 3248 1029 3303 vitam
1057 3256 1300 3318 agentes,
1332 3246 1522 3303 eodem
1546 3256 1766 3317 aspectu
1784 3264 2007 3319 regnum

415 3338 675 3394 mulorum
711 3339 1062 3409 conspicient.
1116 3339 1247 3395 Cum
1291 3354 1391 3396 nos
1429 3341 1660 3397 viderint
1690 3341 1968 3399 modestos
1994 3384 2009 3410 ,

417 3445 616 3485 vacuos
655 3431 752 3496 ira,
781 3432 1213 3503 cencupiscentia
1236 3432 1400 3500 mala,
1429 3433 1648 3497 invidia,
1669 3434 1919 3499 avaritia,
1958 3436 2011 3490 in

417 3520 767 3592 omnibusque
796 3522 1017 3592 probos,
1044 3523 1226 3580 dicent
1248 3540 1262 3575 :
1285 3523 1340 3580 Si
1376 3523 1463 3579 hic
1484 3524 1661 3595 angeli
1697 3524 1834 3582 ﬁunt
1860 3526 2015 3582 Chri-

423 3613 607 3679 stiani,
636 3614 822 3683 quales
850 3625 1010 3671 erunt
1028 3624 1151 3684 post
1172 3631 1449 3673 excessum
1476 3633 1543 3673 ex
1569 3617 1670 3674 hac
1693 3618 1835 3674 vita?
1861 3620 1906 3675 si
1924 3621 2013 3676 ubi

422 3704 690 3772 peregrini
717 3713 876 3771 sunt,
910 3706 979 3760 ita
1008 3706 1247 3777 litigent,
1290 3722 1415 3762 eum
1443 3708 1671 3779 patriam
1716 3711 2012 3781 recipient,

421 3797 606 3877 quales
627 3798 828 3852 erunt?
855 3796 945 3854 Sic
970 3806 1027 3854 ct
1056 3798 1132 3855 illi
1160 3799 1408 3856 meliores
1433 3801 1685 3869 evadent,
1712 3813 1768 3859 et
1805 3805 2018 3875 pietatis

423 3903 603 3943 sermo
621 3900 819 3955 curret,
839 3904 947 3946 non
966 3891 1141 3947 minus
1156 3907 1319 3962 quam
1340 3892 1708 3962 apostolorum
1722 3910 1858 3952 aevo.
1882 3894 2017 3951 Nam

424 3977 467 4031 si
502 3978 576 4032 illi
605 3992 727 4034 cum
754 3979 1035 4036 duodecim
1057 3981 1231 4037 solum
1254 3993 1455 4050 essent,
1489 3983 1732 4041 civitates
1760 3986 2018 4056 integras,

422 4068 777 4139 regionesque
799 4082 1204 4139 converterunt;
1236 4074 1281 4128 si
1309 4088 1502 4129 omnes
1525 4091 1596 4131 ex
1627 4086 1873 4132 accurata
1893 4078 2022 4133 vita:

428 4160 636 4216 ratione
658 4161 910 4219 doctores
936 4163 1256 4231 efﬁciamur,
1279 4167 1451 4235 cogita
1480 4177 1737 4237 quantam
1761 4169 1827 4222 ad
1857 4169 2020 4224 subli-

428 4251 669 4307 mitatem
697 4264 879 4309 nostra
906 4255 1015 4310 sint
1041 4271 1348 4317 ascensura.
1385 4257 1570 4328 Neque
1593 4260 1738 4315 enim
1762 4260 2018 4330 gentilem

1151 466 1209 521 S.
1248 462 1526 521 JOANNIS
1561 453 2039 521 CHRYSOSTOMI
2079 450 2397 510 ARCHIEP.
2437 449 2979 511 CONSTANTINOP.

3593 456 3699 511 Hii

2106 566 2186 623 sic
2217 566 2436 622 attrahit
2466 575 2710 622 mortuus
2734 566 3099 633 redivivus,ut
3120 566 3200 621 vir
3222 566 3590 638 philosophice
3619 571 3704 625 vi-

2103 675 2255 715 veos.
2307 660 2388 715 Ad
2436 660 2566 716 illud
2597 661 2738 714 enim
2788 661 3152 731 spectaculum
3192 662 3465 731 stupebit,
3493 664 3562 718 ab
3594 663 3703 719 hoc

2101 759 2279 806 autem
2306 750 2514 807 lucrum
2537 749 2714 804 faciet.
2743 749 2877 804 illud
2901 750 3096 805 factum
3124 762 3227 816 est,
3255 761 3310 806 et
3341 753 3573 818 transiit;
3594 752 3703 809 hoc

2104 853 2300 909 manet,
2333 853 2387 898 et
2410 858 2623 914 semper
2650 843 2791 897 illius
2821 844 3054 898 animam
3090 844 3305 899 excolit.
3339 843 3534 899 Curam
3565 861 3698 915 ergo

2106 936 2274 990 nostri
2310 952 2553 1007 agamus,
2579 945 2638 990 ut
2661 947 2718 990 et
2747 936 2870 991 illos
2893 936 3183 991 lucremur.

2186 1026 2356 1081 Virtus
2382 1028 2432 1080 in
2455 1028 2591 1080 aurai
2617 1028 2903 1080 conditione
2938 1027 3038 1080 coli
3070 1027 3469 1096 potest.—-Nihil
3499 1043 3701 1084 onero-

2103 1133 2220 1173 sum
2250 1120 2441 1189 loquor
2469 1136 2483 1173 :
2512 1135 2618 1174 non
2641 1118 2778 1182 dico,
2814 1117 2891 1174 Ne
2920 1134 3141 1173 uxorem
3171 1118 3337 1174 ducas
3360 1161 3374 1184 ,
3407 1120 3568 1175 urbes
3608 1136 3699 1176 re-

2105 1210 2304 1278 linque,
2333 1225 2363 1264 a
2389 1210 2552 1265 rebus
2594 1210 2812 1266 urbanis
2843 1219 2897 1265 te
2926 1224 3144 1266 remove
3179 1228 3191 1263 :
3226 1211 3341 1275 sed,
3376 1211 3433 1265 ln
3460 1211 3548 1266 his
3575 1226 3699 1266 rer-

2103 1318 2229 1358 sans
2254 1304 2500 1359 virtutem
2532 1303 2749 1360 exhibe.
2779 1305 2990 1360 Mallem
3015 1303 3217 1374 quippe
3255 1319 3350 1360 eos
3377 1306 3469 1374 qui
3505 1307 3557 1359 in
3585 1321 3703 1362 me-

2106 1394 2211 1449 diis
2240 1395 2458 1450 urbibus
2487 1406 2769 1451 versantur
2800 1397 2998 1453 virtute
3029 1395 3224 1453 ﬂorere
3243 1440 3258 1465 ,
3290 1413 3452 1469 quam
3483 1412 3582 1454 eos
3606 1399 3699 1469 qui

2105 1498 2317 1544 utentes
2341 1496 2623 1557 occupant.
2646 1487 2859 1556 Quare?
2881 1489 3018 1557 Quia
3048 1489 3172 1545 hinc
3198 1490 3422 1545 multum
3444 1491 3575 1545 lucri
3604 1505 3697 1545 ae-

2103 1582 2263 1638 cedit.
2297 1580 2463 1635 Nemo
2490 1582 2632 1636 enim
2660 1582 2920 1641 lucernam
2953 1583 3195 1649 accendit,
3223 1591 3269 1639 et
3295 1584 3438 1653 ponit
3465 1600 3578 1639 eam
3605 1585 3701 1639 sub

2103 1674 2274 1729 modio
2299 1673 2512 1745 (Matth.
2544 1674 2599 1728 5.
2633 1674 2744 1745 15).
2778 1674 2985 1729 Idcirco
3013 1674 3205 1730 vellem
3235 1689 3425 1731 omnes
3449 1676 3700 1730 lucernas

2102 1779 2261 1834 supra
2287 1764 2604 1820 candelabra
2627 1780 2767 1829 esse,
2797 1773 2853 1820 ut
2874 1766 3038 1820 multa
3062 1767 3149 1821 lux
3178 1765 3562 1822 eﬁ‘underetur.
3595 1769 3703 1823 Ac-

2102 1857 2393 1912 cendamns
2433 1857 2613 1927 itaque
2641 1857 2817 1928 ignem
2852 1858 3022 1923 illum,
3064 1858 3115 1913 id
3144 1858 3439 1929 efficiamus
3461 1870 3519 1913 ut
3547 1860 3581 1914 ii
3608 1862 3700 1929 qui

2105 1951 2157 2006 in
2185 1950 2421 2006 tenebris
2450 1950 2643 2005 sedent
2667 1992 2682 2015 ,
2709 1951 2779 2006 ab
2798 1965 2985 2006 errore
3007 1950 3317 2005 liberentur.
3352 1950 3430 2006 Ne
3461 1951 3588 2005 mihi
3613 1951 3702 2007 di-

2103 2058 2195 2098 cas
2223 2059 2237 2095 :
2266 2041 2498 2097 anrem
2523 2041 2716 2105 habeo,
2757 2042 2919 2106 ﬁlios,
2940 2041 3182 2104 dotnum,
3212 2056 3312 2096 nec
3337 2057 3554 2111 possum
3585 2043 3704 2099 ha-e

2103 2143 2377 2205 "testare.
2403 2133 2628 2189 Etiamsi
2649 2134 2794 2189 enim
2821 2134 3009 2188 horum
3038 2134 3168 2189 nihil
3186 2133 3431 2199 haberes,
3451 2135 3495 2189 si
3522 2135 3705 2205 segnis

2103 2227 2456 2293 esses,omnia
2474 2228 2672 2296 pariter
2691 2227 3061 2292 abscederent;
3081 2228 3125 2283 si
3148 2228 3267 2282 haec
3280 2228 3457 2282 omnia
3478 2228 3699 2294 habeas,

2103 2331 2459 2394 strepitusque
2487 2323 2563 2377 sis
2589 2333 2751 2392 atque
2777 2321 3006 2391 probus,
3039 2321 3289 2375 virtutem
3320 2322 3483 2376 coles.
3516 2318 3694 2377 Unum

2104 2414 2361 2486 quau-itur
2389 2454 2404 2480 ,
2445 2413 2638 2469 anima:
2667 2425 2943 2483 generosa:
2973 2410 3223 2466 alacritas
3252 2429 3267 2464 :
3296 2419 3351 2466 et
3394 2425 3493 2467 nec
3524 2420 3655 2467 tetas
3676 2454 3696 2480 ,

2105 2523 2206 2562 nec
2233 2515 2518 2577 paupertas
2541 2545 2556 2571 ,
2584 2520 2688 2560 nec
2714 2503 2911 2558 divitia:
2936 2544 2952 2569 ,
3001 2517 3100 2558 nec
3124 2503 3294 2559 moles
3326 2504 3657 2575 negotiorum
3685 2548 3703 2570 ,

2104 2599 2192 2655 vel
2220 2598 2507 2669 quidquam
2533 2596 2700 2663 aliud,
2727 2595 3111 2665 impedimento
3143 2605 3323 2651 erunt.
3351 2596 3482 2650 Nam
3510 2612 3696 2666 senes,

2101 2690 2348 2761 juvenes,
2375 2689 2664 2761 coniugati,
2700 2689 2899 2744 liberos
2923 2688 3236 2756 educantes,
3265 2688 3517 2755 artiﬁces,
3556 2689 3703 2744 mili-

2109 2793 2210 2853 tes,
2239 2792 2501 2855 prtecepta
2531 2784 2708 2838 omnia
2740 2782 3119 2853 impleverunt.
3153 2782 3364 2837 Etenim
3410 2782 3594 2838 Daniel
3614 2782 3705 2853 ju-

2108 2877 2260 2933 venis
2281 2884 2398 2933 erat
2416 2918 2431 2943 ,
2458 2875 2657 2946 Joseph
2683 2891 2872 2931 servus
2896 2918 2911 2943 ,
2958 2876 3146 2945 Aquila
3175 2885 3345 2931 artem
3369 2875 3657 2931 exercebat
3683 2915 3697 2934 .

2111 2971 2425 3041 purpuraria
2456 2969 2533 3041 (a)
2563 2968 2794 3023 ofﬁcinae
2819 2978 3069 3038 przeerat,
3100 2967 3238 3022 alius
3267 2976 3449 3022 custos
3468 2968 3708 3022 carceris

2112 3071 2247 3128 erat,
2286 3062 2424 3117 alius
2452 3060 2718 3126 centurio,
2753 3069 2810 3114 ut
2835 3057 3564 3120 Cornelius;aliusinﬁrmus
3588 3099 3602 3121 ,
3647 3065 3712 3111 ut

2113 3153 2464 3215 Timotheus;
2515 3152 2652 3207 alius
2681 3151 2931 3223 fugitivus
2956 3193 2970 3216 ,
3005 3161 3062 3205 ut
3089 3149 3412 3205 Onesimus:
3443 3147 3539 3204 sed
3571 3149 3711 3203 nihil

2118 3248 2310 3302 horqu
2337 3246 2568 3315 cuipiam
2595 3260 2784 3300 eorum
2810 3243 3002 3310 obfuit,
3034 3244 3165 3313 quin
3193 3252 3339 3299 recte
3365 3242 3526 3297 vitam
3555 3242 3716 3297 insti—

2118 3350 2345 3406 tuerent,
2376 3340 2675 3410 etjuvenes
2700 3347 2755 3394 et
2774 3354 2933 3394 senes
2954 3380 2969 3403 ,
3003 3346 3055 3393 et
3090 3339 3229 3393 servi
3274 3345 3329 3392 et
3356 3338 3529 3402 liberi,
3558 3338 3703 3392 mili-

2120 3443 2199 3488 tes
2244 3442 2299 3488 et
2324 3432 2523 3487 idiotas.
2556 3432 2634 3487 Ne
2660 3432 2838 3501 itaque
2880 3445 3050 3486 vanos
3076 3445 3380 3501 qua'ramus
3417 3430 3673 3485 obtentus
3694 3471 3713 3498 ,

2119 3525 2213 3581 sed
2245 3525 2574 3595 propositum
2619 3523 2908 3577 voluntatis
2936 3536 3185 3591 paremus
3213 3521 3494 3591 optimum.
3522 3520 3716 3591 Cujus-

2120 3621 2200 3674 vis
2227 3617 2549 3675 conditionis
2586 3617 2776 3685 simus,
2804 3616 3053 3671 virtutem
3088 3616 3308 3670 omnino
3333 3628 3678 3685 capessamus
3697 3656 3716 3680 ,

2123 3721 2177 3766 ct
2219 3712 2391 3765 futura
2435 3724 2831 3778 consequamur
2874 3709 3010 3763 bona
3038 3749 3053 3774 ,
3094 3707 3264 3777 gratia
3296 3717 3350 3761 et
3389 3706 3721 3776 benignitate

2125 3801 2335 3856 Domini
2385 3800 2552 3854 nostri
2582 3799 2708 3854 lesu
2734 3798 2959 3864 Christi,
2994 3799 3209 3869 quicum
3245 3798 3386 3853 Patri
3414 3808 3468 3854 et
3493 3792 3715 3869 Spiritui

2124 3903 2311 3949 sancto
2334 3891 2500 3963 gloria
2529 3901 2581 3946 et
2620 3890 2901 3961 imperium
2927 3931 2942 3955 ,
2994 3891 3165 3945 honor
3204 3905 3345 3946 nunc
3382 3898 3438 3945 et
3465 3904 3678 3961 semper
3699 3931 3718 3957 ,

2126 3996 2182 4043 et
2206 3986 2257 4041 in
2283 3986 2477 4041 saecula
2495 3985 2832 4040 seculorum.
2862 3985 3055 4039 Amen.

2129 4270 2145 4320 1
2194 4211 2286 4321 (ag‘
2301 4211 2586 4322 litarp‘tliaria
2611 4209 2691 4259 illa
2714 4209 3023 4273 'rbyatirena,
3043 4207 3107 4257 de
3131 4209 3291 4271 quain
3315 4209 3510 4259 Actibus
3530 4214 3723 4272 aposto-

2148 4286 2237 4322 oru
2376 4310 2389 4322 .
2483 4308 2495 4321 .

2148 4286 2286 4323 orum
2311 4286 2389 4335 10,
2417 4286 2495 4322 ts.

1546 4466 1927 4529 HOMIILIA
1973 4469 2196 4533 XLIV.
2246 4471 2331 4534 al.
2370 4471 2565 4533 XLV.

429 4607 560 4662 Car.
592 4604 677 4660 l2.
715 4621 765 4659 v.
799 4606 888 4660 46.
941 4605 1120 4659 Adhuc
1153 4616 1322 4660 autem
1352 4624 1409 4661 eo
1437 4609 1667 4679 loquente
1709 4610 1778 4664 ad
1817 4590 2031 4677 turbas,

503 4716 615 4753 ecce
638 4707 798 4753 mater
826 4710 873 4754 et
898 4702 1084 4771 fratres
1111 4703 1221 4772 ejus
1247 4701 1446 4756 stabant
1477 4703 1605 4775 {oris
1624 4745 1639 4771 ,
1671 4716 1952 4773 qutererues
1976 4705 2023 4760 ei

503 4794 660 4863 loqui.
692 4793 783 4848 47.
817 4793 965 4848 Dixit
1003 4804 1172 4849 autem
1201 4795 1408 4865 quidam
1438 4796 1482 4850 ei
1524 4812 1544 4851 :
1589 4796 1725 4851 Ecce
1753 4806 1913 4853 mater
1940 4809 2027 4853 tua

505 4897 551 4941 et
595 4888 779 4957 fratres
828 4886 901 4940 tui
929 4886 1058 4957 [oris
1102 4895 1268 4953 stant,
1298 4898 1579 4957 quaerentes
1623 4888 1715 4943 tibi
1745 4887 1901 4959 loqui.
1932 4889 2021 4946 48.

512 4979 633 5051 Ipse
685 4992 853 5036 autem
910 4982 1221 5053 respondens
1273 4983 1459 5039 dicenti
1482 4984 1578 5038 sibi
1630 4986 1743 5041 ait:
1777 4984 1904 5051 Quae
1955 4995 2028 5043 est

512 5083 674 5128 mater
694 5091 827 5140 mea,
849 5085 895 5130 et
919 5076 1005 5147 qui
1030 5086 1148 5131 sunt
1169 5081 1352 5148 fratres
1386 5078 1526 5133 mei?
1548 5077 1638 5133 49.
1663 5076 1731 5134 Et
1755 5077 2030 5134 extendens

510 5184 717 5222 manum
757 5166 810 5221 in
851 5169 1130 5239 discipulos
1157 5186 1298 5237 suos,
1325 5171 1455 5226 dixit
1486 5187 1507 5227 :
1546 5168 1683 5226 Ecce
1724 5181 1883 5226 mater
1919 5188 2034 5226 mea

513 5269 559 5312 et
589 5261 778 5329 fratres
806 5258 923 5312 mei.

514 5352 567 5406 1.
599 5351 751 5418 Quod
787 5367 957 5421 nuper
987 5351 1229 5408 dicebam
1258 5354 1377 5409 sine
1404 5355 1602 5410 virtute
1623 5354 1804 5410 omnia
1832 5369 2031 5423 supcr-

442 5440 543 5495 llua
570 5457 711 5506 esse,
746 5441 849 5497 hoc
877 5459 1019 5499 nunc
1043 5444 1384 5513 apertissime
1412 5445 1835 5502 demonstratur.
1871 5446 2035 5505 Dice-

442 5534 565 5589 bam
605 5550 704 5605 ego
724 5576 742 5601 ,
774 5546 989 5592 astatcm
1010 5577 1026 5603 ,
1061 5546 1303 5592 naturam
1329 5581 1343 5603 ,
1373 5539 1573 5594 deserti
1623 5538 2032 5603 habitationem,

440 5638 745 5698 rasteraque
774 5629 1078 5699 huiusmodi
1104 5632 1309 5686 inutilia
1337 5648 1480 5698 esse,
1502 5633 1547 5688 si
1576 5633 1872 5689 voluntatis
1902 5647 2031 5701 pm-

445 5722 675 5787 positum
712 5737 816 5776 non
846 5723 916 5778 sit
953 5723 1153 5780 bonum
1183 5743 1196 5780 :
1226 5724 1387 5783 hodie
1426 5740 1555 5781 vero
1578 5725 1779 5796 aliquid
1805 5724 2038 5795 amplius

443 5811 699 5866 discimus
721 5856 736 5879 ,
767 5829 837 5870 ne
861 5815 1075 5884 quidem
1104 5818 1371 5874 Christum
1402 5818 1682 5893 peperisse
1722 5827 1777 5871 et
1821 5816 2037 5875 mirabi-

447 5902 605 5957 bilem
631 5904 777 5960 illum
811 5915 1017 5975 partum
1053 5908 1308 5980 edidisse,
1334 5910 1535 5981 aliquid
1564 5909 1809 5967 utilitatis
1839 5908 2036 5965 habere

2131 4616 2248 4671 sine
2275 4616 2492 4671 virtute.
2529 4614 2583 4669 id
2617 4629 2744 4670 vero
2772 4614 2897 4670 hinc
2924 4614 3154 4669 maxime
3180 4614 3433 4685 liquidum
3451 4626 3534 4671 est
3561 4635 3573 4669 :
3601 4633 3724 4675 nam

2135 4708 2266 4763 dicit
2299 4708 2519 4762 :Adltuc
2545 4723 2603 4761 eo
2633 4709 2868 4777 loquente
2892 4707 2962 4760 ad
2985 4706 3196 4773 turbas,
3229 4707 3361 4761 dixit
3395 4709 3603 4778 quidam
3634 4710 3682 4762 ri
3705 4727 3723 4764 :

2136 4800 2305 4854 Mater
2355 4808 2445 4853 tua
2479 4808 2525 4853 et
2574 4799 2760 4869 fratres
2794 4799 2868 4852 tui
2908 4808 3141 4869 quarunt
3184 4809 3249 4852 te.
3302 4797 3400 4852 Ille
3423 4779 3537 4853 vero
3576 4800 3726 4864 dixit,

2140 4893 2268 4959 Qua:
2311 4903 2383 4947 est
2418 4902 2579 4948 mater
2607 4908 2739 4957 mea,
2771 4901 2818 4946 et
2852 4894 2937 4962 qui
2965 4908 3084 4947 sunt
3107 4897 3291 4965 fratres
3330 4893 3467 4947 mei?
3495 4893 3608 4947 Hoc
3631 4910 3728 4946 au-

2136 4994 2244 5042 tem
2272 4985 2504 5053 dicebat,
2537 4999 2644 5041 non
2671 4984 2813 5056 quod
2842 4984 2912 5039 de
2952 4996 3124 5040 matre
3154 4985 3383 5054 puderet
3406 5027 3421 5047 ,
3452 5002 3549 5041 nee
3584 4987 3729 5055 quod

2136 5076 2452 5148 genitricem
2514 5085 2779 5148 negaret:
2810 5077 2855 5135 si
2887 5077 3033 5132 enim
3074 5077 3125 5132 id
3177 5077 3253 5131 illi
3300 5077 3486 5146 pudori
3519 5079 3725 5143 luisset,

2140 5185 2245 5225 non
2275 5185 2369 5238 per
2392 5178 2605 5224 uterqu
2634 5168 2781 5223 illum
2812 5169 3126 5234 transisset;
3169 5169 3263 5223 sed
3296 5178 3354 5223 ut
3377 5169 3688 5225 ostenderet
3711 5211 3728 5233 ,

2138 5263 2268 5318 nihil
2311 5262 2436 5318 hinc
2479 5263 2635 5317 matri
2667 5261 2910 5317 utilitatis
2978 5270 3358 5331 proventuram
3403 5261 3583 5322 fuisse.
3626 5262 3728 5317 nisi

2139 5366 2406 5425 praecepta
2460 5354 2642 5410 omnia
2690 5364 2980 5409 servasset.
3028 5355 3160 5410 Nam
3204 5355 3349 5424 quod
3385 5356 3475 5417 illa
3512 5354 3638 5410 fecit
3663 5373 3730 5411 ex

2138 5447 2431 5501 ambitione
2452 5445 2899 5516 proﬁciscebatur
2927 5463 2941 5499 :
2972 5447 3187 5502 volebat
3213 5448 3355 5502 enim
3388 5448 3584 5516 popqu
3609 5462 3732 5502 sese

2139 5547 2414 5592 ostentare
2431 5552 2494 5592 ac
2514 5538 2558 5592 si
2583 5538 2874 5606 imperaret
2895 5538 3023 5603 ﬁlio,
3046 5538 3113 5594 de
3137 5554 3242 5609 quo
3264 5538 3397 5593 nihil
3424 5539 3598 5593 adhuc
3619 5555 3729 5592 ma-

2141 5645 2303 5700 gnum
2328 5628 2738 5697 imaginabatur,
2754 5629 2986 5699 ideoque
3011 5630 3317 5697 importune
3344 5629 3734 5686 accessit.\'ide

2143 5739 2272 5794 ergo
2297 5732 2353 5779 et
2381 5723 2498 5794 ejus
2525 5732 2580 5778 et
2621 5722 2843 5778 fratrum
2887 5725 3268 5794 arrogantiam.
3295 5721 3428 5779 Cum
3460 5733 3731 5793 oporteret

2142 5815 2284 5869 enim
2319 5816 2589 5885 ingressos
2631 5815 2818 5870 audire
2852 5830 2974 5870 cum
3017 5816 3189 5881 turba,
3218 5816 3300 5870 vel
3341 5817 3384 5869 si
3428 5815 3478 5870 id
3507 5815 3730 5881 nollent,

2142 5917 2453 5976 exspectare
2483 5907 2757 5963 concionis
2787 5907 2966 5978 linem,
2997 5918 3051 5964 ct
3073 5917 3198 5964 tunc
3227 5906 3508 5974 accedere,
3536 5922 3565 5960 a
3600 5905 3734 5962 foris
