4118 6436
394 386 498 448 ιεῦ

392 512 587 558 vocant
610 517 729 557 eum
760 503 810 556 in
831 511 1120 572 conspectu
1150 503 1408 566 omnium,
1428 499 1857 570 superﬂuamque
1878 515 1970 554 ex-

392 595 574 650 bibent
603 595 984 658 ambitionem,
1017 604 1071 648 ut
1095 593 1400 659 ostendant,
1437 607 1497 647 se
1527 593 1600 646 illi
1631 607 1819 662 magna
1847 607 1968 646 cum

391 696 659 757 potestate
703 687 989 748 imperare.
1037 687 1189 754 Quod
1239 687 1398 740 etiam
1445 686 1770 754 evangelista
1821 686 1970 739 iucu-

386 778 554 832 sando
580 777 854 843 declarat;
889 777 989 831 hoc
1026 777 1198 846 ipsum
1228 777 1372 832 enim
1421 775 1763 830 subindicans
1788 775 1920 830 dixit
1952 792 1966 827 :

387 869 565 922 Adhuc
607 885 663 922 eo
707 869 935 936 laqueata
981 869 1049 922 ad
1080 868 1291 933 turbas;
1333 881 1396 922 ac
1435 868 1479 921 si
1507 867 1747 922 diceret:
1775 869 1965 921 Annon

385 963 530 1018 aliud
565 972 773 1032 tempus
797 963 952 1017 erat?
979 977 1158 1016 annon
1184 971 1428 1030 poterant
1463 961 1692 1015 seorsim
1722 960 1967 1030 alloqui?

381 1055 517 1121 Quid
547 1071 707 1125 porro
751 1054 893 1125 loqui
935 1054 1229 1109 volebant?
1258 1053 1391 1107 Nam
1427 1053 1470 1106 si
1500 1052 1568 1107 de
1597 1053 1821 1106 veritate
1864 1051 1966 1105 do-

381 1149 569 1203 ctrina:
615 1148 806 1203 dicturi
855 1156 1044 1213 erant,
1072 1147 1188 1202 haec
1215 1148 1386 1217 palam
1417 1157 1469 1201 et
1511 1162 1690 1201 coram
1721 1147 1967 1201 omnibus

383 1241 627 1308 proferre
651 1241 922 1310 oportuit,
955 1239 1021 1294 ad
1062 1239 1288 1293 aliorum
1331 1255 1543 1309 quoque
1569 1239 1848 1293 utilitatem
1875 1255 1889 1302 ;
1917 1240 1962 1294 si

377 1333 445 1386 de
467 1333 584 1386 aliis
609 1333 672 1386 ad
706 1348 793 1388 res
821 1348 945 1387 suas
975 1333 1362 1400 spectantibus,
1393 1349 1499 1386 non
1531 1334 1608 1388 sic
1641 1335 1842 1388 instare
1870 1350 1964 1404 par

377 1431 512 1492 erat.
542 1422 671 1476 Nam
697 1424 741 1478 si
771 1424 843 1477 illi
872 1433 1078 1493 patrem
1109 1425 1341 1493 sepelire
1372 1441 1475 1478 non
1519 1427 1761 1494 permisit
1786 1443 1852 1482 ne
1877 1443 1964 1482 sc-

375 1511 467 1581 qui
495 1527 556 1566 sc
587 1513 961 1568 intermitteret
993 1533 1006 1568 :
1038 1515 1207 1569 multo
1237 1518 1410 1570 minus
1453 1518 1765 1572 concionem
1816 1535 1962 1574 rum-

378 1617 504 1671 pere
529 1603 715 1658 debuit
738 1619 832 1674 pro
858 1606 1019 1660 rebus
1058 1607 1254 1660 nullius
1282 1608 1557 1662 momenti.
1579 1609 1754 1674 Quare
1787 1610 1958 1678 palam

373 1713 476 1768 est,
508 1718 600 1757 eos
629 1703 802 1758 solum
828 1720 893 1758 ex
923 1719 1053 1758 vana
1095 1705 1260 1774 gloria
1292 1705 1418 1759 illud
1463 1706 1676 1774 egisse;
1709 1706 1848 1775 quod
1881 1707 1956 1760 si-

370 1797 628 1866 gnificans
671 1797 903 1853 Joannes
935 1797 1146 1852 dicebat
1180 1815 1196 1852 :
1245 1796 1421 1861 Neque
1446 1802 1627 1868 fratres
1652 1800 1760 1870 ejus
1788 1799 1959 1852 crede-

372 1889 488 1942 bant
509 1891 560 1943 in
590 1906 704 1943 eum
733 1891 751 1962 (
774 1889 931 1944 Joan.
962 1892 1013 1944 7.
1040 1889 1140 1960 5);
1173 1892 1489 1961 illorumque
1513 1891 1654 1946 dicta
1683 1891 1848 1946 refert
1863 1893 1957 1945 ad-

371 1981 585 2036 modum
635 1981 842 2048 insana,
873 1981 1062 2036 dicens
1093 1982 1238 2052 ipsos
1282 1982 1509 2036 traxisse
1554 1982 1699 2035 illum
1743 1982 1956 2036 Jeroso-

367 2071 588 2142 lymam,
619 2089 724 2125 non
757 2073 826 2126 ob
846 2073 1004 2126 aliam
1028 2087 1263 2138 causam,
1293 2088 1452 2141 quam
1480 2082 1535 2127 ut
1555 2088 1618 2127 ex
1649 2073 1764 2140 ejus
1791 2073 1954 2143 signis

363 2165 589 2232 gloriam
638 2173 920 2232 captarent
964 2181 976 2216 :
1020 2177 1142 2217 nam
1201 2163 1487 2233 inquiunt,
1550 2163 1610 2218 Si
1658 2164 1766 2217 [nec
1803 2165 1950 2235 facis,

363 2255 571 2308 ostende
609 2256 826 2325 teipsum
866 2256 1056 2308 mundo
1084 2271 1102 2309 :
1135 2272 1278 2310 nemo
1319 2257 1506 2325 quippe
1529 2255 1583 2308 in
1609 2255 1803 2310 occulto
1831 2257 1955 2326 quid

363 2347 512 2417 facit,
545 2357 590 2400 et
611 2349 790 2417 quaerit
812 2349 921 2417 ipse
948 2348 1119 2418 palam
1145 2348 1257 2416 ﬁeri
1279 2348 1298 2420 (
1329 2346 1467 2401 Ibid.
1495 2364 1544 2401 υ.
1576 2347 1657 2417 4);
1689 2349 1802 2416 ipse
1824 2365 1952 2404 vero

362 2437 484 2490 illos
525 2439 852 2508 increpavit,
899 2439 1168 2494 carnalem
1201 2439 1410 2493 illorum
1441 2439 1662 2508 culpans
1691 2440 1947 2494 animmn.

361 2528 496 2595 Quia
521 2530 662 2583 enim
693 2529 859 2583 ,11111ιεί
891 2530 1286 2598 exprobrantes
1316 2531 1416 2600 ipsi
1441 2530 1728 2585 dicebant:
1764 2529 1951 2586 Nonne

360 2621 444 2672 Itic
463 2629 533 2672 est
558 2620 689 2690 fabri
715 2621 871 2688 filius,
893 2621 1038 2691 cujus
1070 2636 1162 2674 nos
1188 2622 1374 2674 scimus
1401 2631 1598 2690 patrem
1624 2631 1672 2674 et
1699 2625 1950 2677 matrem?

358 2725 407 2767 et
436 2715 618 2784 fratres
646 2715 755 2785 ejus
801 2731 970 2769 nonne
1008 2715 1147 2783 apud
1179 2731 1272 2768 nos
1298 2723 1414 2768 sunt
1444 2716 1462 2783 (
1505 2713 1694 2770 Matth.
1743 2715 1829 2770 15.
1855 2717 1943 2770 55.

359 2807 466 2866 56;
507 2805 670 2861 Marc.
701 2807 753 2861 6.
784 2807 839 2877 5)
859 2808 882 2860 ?
906 2807 1296 2876 ignobilitatem
1323 2807 1537 2877 generis
1563 2808 1945 2876 vituperantes,

358 2908 641 2970 prepterea
687 2900 856 2968 ipsum
901 2899 966 2952 ad
1010 2900 1285 2969 signorum
1332 2898 1748 2952 ostentationem
1779 2913 1942 2952 voca-

357 2994 487 3047 bant
515 3009 529 3044 :
564 2992 684 3045 ideo
714 2992 858 3061 ipsos
897 2991 1134 3062 depellit,
1157 2992 1341 3045 volens
1364 2991 1432 3044 ab
1461 2990 1561 3044 hac
1595 2990 1757 3043 animi
1785 2991 1948 3060 πει-1ο

358 3085 539 3140 tudiue
564 3085 790 3139 liberare
821 3103 832 3137 :
858 3085 947 3154 qui
979 3085 1022 3137 si
1041 3091 1264 3138 matrem
1293 3097 1489 3151 negare
1515 3081 1790 3141 voluisset.
1817 3090 1946 3137 tunc

357 3187 622 3247 negasset,
646 3191 767 3230 cum
794 3175 845 3230 id
866 3176 962 3244 ipsi
977 3175 1146 3230 Judaei
1175 3175 1460 3244 opprobrio
1482 3183 1767 3230 verterent.
1795 3175 1948 3232 Nunc

354 3281 537 3324 autem
568 3279 767 3324 tantam
801 3269 918 3338 ejus
957 3284 1138 3322 curam
1186 3268 1422 3334 exhibet,
1456 3277 1515 3324 ut
1547 3284 1665 3324 eam
1698 3271 1749 3324 in
1781 3285 1942 3326 cruce

356 3362 643 3432 discipulo,
677 3376 833 3430 quem
859 3361 1088 3414 maxime
1115 3360 1354 3413 omnium
1384 3359 1652 3430 diligebat,
1672 3375 1944 3416 commen-

352 3453 528 3513 daret.
558 3467 911 3522 magnamque
934 3451 1048 3520 ejus
1087 3450 1502 3505 sollicitudinem
1542 3451 1840 3506 exhiberet.
1873 3453 1944 3505 At

354 3558 500 3596 nunc
527 3557 631 3596 non
665 3542 911 3596 similiter
942 3541 1085 3605 facit,
1113 3550 1167 3595 ut
1199 3541 1275 3594 illi
1296 3550 1350 3595 et
1377 3541 1630 3596 fratribus
1659 3542 1769 3596 suis
1793 3551 1942 3597 recte

352 3635 684 3690 consuleret.
709 3634 841 3702 Quia
865 3634 1010 3688 enim
1043 3633 1186 3687 illum
1217 3633 1418 3688 nudum
1450 3633 1721 3689 hominem
1751 3649 1944 3690 cense-

353 3727 505 3791 bant,
547 3736 707 3795 atque
745 3726 888 3779 inani
929 3725 1098 3795 gloria
1147 3725 1461 3796 agebantur,
1494 3726 1743 3780 morbum
1792 3727 1941 3782 illum

351 3822 594 3892 depellit,
625 3836 731 3874 non
759 3821 824 3874 ad
844 3821 1245 3887 contumeliam,
1275 3820 1368 3874 sed
1387 3820 1452 3874 ad
1483 3820 1938 3876 emendationem.

352 3913 433 3966 'I‘u
462 3926 589 3967 vero
621 3925 685 3964 ne
711 3911 870 3966 verba
906 3911 992 3964 illa
1026 3920 1226 3966 tantum
1257 3911 1577 3980 perpendas,
1605 3927 1725 3981 qua:
1759 3912 1945 3966 mode-

356 4012 528 4057 ratam
549 4003 826 4056 contiuent
853 4002 1269 4070 increpationcm
1291 4043 1306 4066 ,
1341 4001 1434 4056 sed
1461 4003 1623 4055 etiam
1675 4003 1940 4071 importu-

352 4095 576 4147 nitatem
607 4092 990 4162 audaciamque
1021 4091 1265 4157 fratrum,
1290 4107 1352 4146 ac
1383 4092 1502 4158 quis
1528 4093 1598 4146 sit
1633 4093 1722 4147 ille
1744 4095 1832 4163 qui
1861 4094 1942 4147 in-

352 4194 538 4253 crepat
567 4203 580 4238 :
607 4201 710 4238 non
738 4185 878 4239 enim
925 4183 1100 4238 nudus
1141 4184 1321 4248 homo,
1359 4184 1453 4238 sed
1491 4185 1795 4256 unigenitus
1845 4187 1938 4242 Dei

354 4275 550 4341 Filius;
581 4286 634 4330 et
675 4275 802 4345 quid
825 4275 1014 4330 volens
1053 4276 1409 4344 increpaverit
1441 4295 1454 4330 :
1488 4292 1594 4332 non
1623 4278 1764 4332 enim
1797 4287 1848 4331 ut
1881 4279 1942 4332 il-

353 4371 461 4423 lam
493 4369 544 4423 in
581 4369 800 4423 dubium
826 4369 1116 4438 conjiceret
1143 4409 1158 4432 ,
1186 4367 1280 4422 sed
1308 4377 1365 4422 ut
1392 4385 1418 4422 a
1449 4370 1724 4440 tyrannica
1752 4371 1941 4426 morbo

355 4459 634 4524 liberaret,
682 4475 746 4515 ac
773 4460 1028 4531 paulatim
1064 4460 1335 4514 induceret
1368 4460 1433 4514 ad
1461 4471 1845 4530 congruentem
1873 4461 1941 4517 de

353 4566 415 4606 se
444 4552 774 4622 opinionem,
805 4552 1163 4621 suadet-etque
1195 4552 1316 4621 ipsi,
1347 4567 1406 4606 se
1434 4568 1538 4606 non
1578 4553 1739 4607 modo
1773 4555 1938 4608 filium

352 4644 520 4712 ipsius
547 4658 666 4699 esse
685 4684 700 4710 ,
748 4643 843 4698 sed
889 4643 1048 4698 etiam
1081 4643 1394 4708 Dominum;
1424 4645 1734 4715 videbisque
1764 4645 1940 4700 inere-

352 4735 620 4805 pationem
654 4735 940 4788 admodum
983 4745 1037 4789 et
1076 4735 1174 4789 sibi
1206 4745 1618 4804 congruentem,
1687 4746 1742 4791 et
1787 4739 1938 4791 matri

353 4829 582 4890 utilem,
638 4828 902 4898 simulque
947 4827 1101 4881 valde
1157 4839 1516 4885 mansuetam.
1565 4829 1749 4899 Neque
1797 4831 1940 4884 enim

351 4920 504 4984 dixit,
534 4919 654 4982 Abi,
673 4919 760 4974 dic
787 4919 966 4985 matri,
1001 4919 1144 4972 illam
1175 4935 1346 4973 meam
1381 4935 1484 4973 non
1511 4935 1630 4975 esse
1666 4929 1891 4975 matrem
1921 4935 1936 4985 ;

352 5011 448 5066 sed
476 5011 716 5081 loquenti
761 5011 1051 5080 respondet
1092 5011 1175 5066 his
1222 5011 1403 5066 verbis
1443 5029 1456 5065 :
1502 5012 1631 5076 Quae
1675 5025 1746 5066 est
1784 5024 1944 5067 mater

354 5103 512 5156 inea?
560 5117 680 5155 cum
711 5117 870 5170 supra
901 5103 1056 5157 dictis
1095 5103 1237 5157 aliud
1289 5104 1446 5157 etiam
1494 5103 1752 5159 efficiens.
1785 5105 1941 5172 Quid-

356 5209 476 5247 nam
527 5193 702 5247 illud?
743 5193 813 5248 Ut
841 5209 1014 5263 neque
1060 5195 1157 5256 illi,
1189 5211 1362 5261 neque
1390 5195 1478 5249 alii
1507 5237 1520 5259 ,
1549 5197 1849 5264 cognationi
1879 5197 1940 5248 li-

351 5285 560 5350 dentes,
589 5286 842 5340 virtutem
894 5285 1240 5355 negligcrent.
1277 5285 1408 5339 Nam
1439 5287 1483 5339 si
1515 5286 1654 5338 illam
1691 5287 1816 5338 nihil
1843 5287 1932 5353 ju-

355 5377 510 5432 vabat
534 5377 676 5447 quod
703 5387 875 5432 mater
899 5386 1062 5443 esset,
1093 5379 1194 5432 nisi
1226 5388 1368 5432 esset
1396 5378 1573 5431 virtuti
1605 5377 1836 5444 addicta,
1855 5379 1939 5432 vix

353 5482 419 5522 ac
457 5483 525 5523 ne
553 5467 638 5522 vix
667 5467 883 5538 quidem
913 5469 1047 5523 alius
1079 5471 1287 5524 ratione
1331 5470 1666 5538 cognationis
1712 5471 1939 5524 salutem

356 5571 729 5631 consequetur.
777 5563 899 5616 Sola
949 5563 1147 5632 quippe
1192 5562 1442 5616 nobilitas
1490 5574 1570 5617 est
1616 5564 1940 5616 voluntatem

363 5654 452 5709 Dei
481 5655 678 5710 facere.
707 5655 802 5710 llic
845 5655 1138 5710 IllibIIitztlt’a
1178 5655 1365 5710 modus
1390 5658 1576 5710 melior
1601 5667 1653 5710 et
1685 5666 1942 5726 praemu-

358 5746 460 5800 tior
488 5756 573 5802 est
607 5747 719 5800 illo.

423 5837 460 5892 2
535 5838 780 5910 Cogitatio
832 5840 1074 5910 spiritalis
1114 5857 1212 5912 qua
1265 5841 1446 5896 virtute
1498 5841 1719 5914 pra’dilis
1769 5841 1940 5912 afﬁnes

1389 388 1452 444 IN
1493 385 1898 442 ΜΑΤΤΗΔΕΙΪΜ
1940 385 2166 442 11031111.
2211 387 2392 443 XLIV.
2435 390 2504 443 al.
2550 390 2706 446 XLV.

3560 398 3585 449 Δ
3597 395 3665 452 L36

2082 517 2274 566 sumus,
2305 503 2414 556 sola
2444 503 2585 558 nobis
2625 506 2846 566 prodest.
2897 505 3060 560 Maria
3078 510 3200 577 jure
3243 511 3384 563 beata
3413 511 3662 580 pranliea-

2080 602 2184 646 tur.
2228 624 2297 634 —
2346 595 2470 648 llaec
2497 610 2629 666 ergo
2651 613 2774 651 cum
2803 599 3038 653 sciamus
3060 641 3074 662 ,
3101 615 3199 655 nec
3224 601 3291 656 de
3317 601 3438 656 filiis
3465 604 3661 656 virtute

2077 686 2235 739 claris
2277 686 2447 741 altum
2499 688 2769 757 sapiamus
2795 729 2810 753 ,
2846 690 2943 743 nisi
2984 691 3172 746 eadem
3221 707 3321 761 qua
3360 693 3432 746 illi
3469 694 3663 748 virtute

2079 780 2284 848 praediti
2323 782 2525 847 simus;
2561 797 2735 852 neque
2763 783 2832 838 de
2855 785 3134 853 generosis
3176 786 3462 854 probisquc
3493 787 3659 855 patri-

2075 872 2195 936 bus,
2229 874 2329 928 nisi
2374 875 2580 930 similes
2621 876 2726 930 illis
2754 877 3032 931 fuerimus.
3066 877 3248 932 Potest
3283 878 3424 932 enim
3470 879 3581 932 fieri
3607 888 3660 932 ut

2073 965 2163 1034 qui
2208 965 2426 1034 genuit,
2463 979 2612 1036 pater
2651 984 2756 1022 non
2806 969 2896 1035 sit,
2925 977 2980 1023 et
3007 969 3095 1039 qui
3138 984 3244 1024 non
3275 971 3478 1039 genuit,
3509 979 3659 1039 pater

2073 1056 2162 1110 sit.
2205 1057 2543 1128 Quapropter
2583 1059 2708 1114 alibi
2756 1075 2876 1113 cum
2923 1060 3119 1114 mulier
3138 1061 3382 1129 quaedam
3415 1060 3656 1115 diceret:

2071 1145 2257 1201 Beatus
2278 1158 2444 1202 venter
2467 1151 2555 1218 qui
2581 1159 2628 1204 te
2653 1153 2889 1219 portarit,
2918 1159 2966 1204 et
2991 1151 3144 1204 ubera
3165 1167 3278 1222 quia
3304 1152 3486 1206 suxisti
3504 1149 3654 1223 (Luc.

2073 1242 2160 1296 Η.
2187 1242 2254 1296 27
2273 1243 2329 1312 );
2361 1259 2465 1296 non
2498 1243 2775 1312 respondit
2805 1244 2914 1309 ille,
2937 1243 3126 1298 Nullus
3155 1260 3239 1298 me
3264 1252 3450 1298 venter
3473 1251 3656 1313 porta-

2073 1333 2189 1400 vit,
2222 1333 2365 1388 nulla
2395 1335 2511 1388 suxi
2555 1336 2714 1390 ubera
2741 1352 2756 1401 ;
2787 1335 2902 1402 sed,
2931 1335 3222 1400 Quinimmo
3243 1377 3258 1398 ,
3289 1336 3418 1387 beati
3446 1334 3532 1404 qui
3571 1337 3655 1404 fa-

2069 1425 2206 1478 ciunt
2247 1425 2553 1480 uoluntatem
2581 1425 2749 1480 Patris
2770 1428 2865 1481 mei
2887 1425 2937 1495 (Ι
2945 1426 3048 1479 bid.
3083 1441 3130 1478 v.
3159 1424 3286 1496 28).
3317 1423 3503 1478 Viden’
3521 1440 3656 1492 quo-

2067 1517 2228 1571 modo
2244 1532 2351 1572 non
2377 1519 2578 1587 uspiam
2604 1527 2758 1588 neget
2779 1519 3074 1574 naturalem
3099 1519 3234 1574 hanc
3256 1519 3651 1589 cognationem;

2065 1608 2159 1664 sed
2192 1609 2352 1662 addat
2382 1611 2524 1664 illam
2566 1611 2880 1664 affinitatem
2901 1652 2916 1676 ,
2941 1626 3060 1680 qua:
3090 1610 3379 1666 secundum
3399 1611 3650 1663 virtutem

2064 1700 2180 1754 est?
2223 1701 2530 1754 Praecursor
2555 1717 2764 1769 quoque
2792 1717 2912 1755 cum
2959 1701 3119 1766 dicit,
3154 1701 3418 1756 Cenimiua
3448 1701 3650 1769 vipera-

2062 1808 2174 1844 rum
2201 1833 2214 1856 ,
2265 1809 2327 1845 ne
2357 1793 2625 1845 videamini
2651 1793 2845 1856 dicere,
2879 1791 3085 1846 Patrem
3125 1793 3364 1846 habemus
3395 1791 3650 1846 Abraham

2067 1883 2278 1952 (Matth.
2307 1887 2358 1941 5.
2381 1887 2530 1954 7.9),
2562 1902 2667 1940 non
2690 1887 2924 1941 declarat
2953 1903 3046 1941 cos
3076 1903 3182 1942 non
3209 1903 3329 1942 esse
3357 1885 3652 1940 secundum

2062 1987 2306 2031 naturam
2339 1994 2402 2033 ex
2435 1979 2740 2033 Abrahamo
2770 1989 2940 2044 ortos,
2966 1979 3059 2033 sed
3093 1981 3225 2034 nihil
3255 1979 3360 2033 illis
3392 1976 3650 2048 prodesse

2061 2069 2200 2136 quod
2233 2085 2296 2124 ex
2330 2070 2637 2124 Abrahamo
2674 2073 2782 2125 sint
2808 2071 2946 2135 orti,
2981 2071 3083 2125 nisi
3115 2071 3274 2126 etiam
3321 2086 3529 2124 morum
3558 2085 3651 2124 co-

2059 2163 2366 2228 gnationem
2410 2162 2667 2215 haberent
2711 2178 2724 2215 :
2771 2162 2911 2232 quod
2953 2163 3114 2216 etiam
3145 2161 3389 2216 Christus
3416 2160 3650 2214 declarat

2061 2253 2144 2306 his
2176 2254 2349 2307 verbis
2375 2271 2389 2306 :
2437 2252 2499 2307 Si
2525 2253 2620 2320 ﬁlii
2648 2253 2866 2310 Abrahae
2894 2254 3084 2318 essetis,
3115 2270 3268 2324 Opera
3298 2254 3466 2321 utique
3487 2251 3650 2304 Abru-

2059 2345 2139 2398 Itaz
2178 2346 2410 2415 faceretis
2461 2345 2479 2416 (
2522 2343 2681 2399 Joan.
2730 2345 2780 2398 8.
2840 2344 2909 2400 59
2969 2347 2986 2412 )
3025 2361 3038 2397 :
3078 2359 3182 2398 non
3228 2360 3321 2398 eos
3361 2359 3391 2396 a
3446 2341 3647 2397 carnali

2057 2439 2372 2505 cognatione
2402 2451 2703 2500 removens,
2735 2437 2829 2491 sed
2851 2436 3049 2492 docens
3078 2437 3235 2490 aliam
3263 2436 3360 2490 hac
3390 2437 3646 2505 majorem

2055 2543 2119 2582 ac
2161 2529 2424 2583 veriorem
2457 2544 2577 2584 esse
2619 2529 2986 2595 quaerendam.
3033 2530 3142 2584 Iloc
3185 2531 3343 2585 etiam
3387 2529 3471 2583 hic
3499 2527 3645 2590 facit,

2055 2619 2150 2673 sed
2179 2619 2510 2675 moderatius
2540 2631 2593 2674 et
2632 2620 2805 2676 lenius
2831 2634 2846 2674 :
2878 2637 2998 2675 nam
3034 2621 3100 2675 de
3131 2626 3307 2675 matre
3333 2636 3427 2675 sua
3466 2635 3646 2674 sermo

2056 2710 2366 2764 habebatur.
2392 2710 2573 2780 Neque
2601 2713 2745 2766 enim
2775 2711 2926 2775 dixit,
2947 2712 3062 2765 Non
3085 2722 3168 2766 est
3194 2721 3363 2765 mater
3390 2726 3526 2774 mea,
3552 2726 3646 2764 ne-

2053 2817 2157 2871 que
2209 2803 2281 2856 illi
2334 2802 2525 2856 fratres
2570 2812 2733 2867 sunt,
2767 2804 3027 2872 quianon
3072 2802 3274 2856 faciunt
3316 2803 3642 2856 voluntatem

2052 2907 2263 2956 meam;
2291 2907 2463 2963 neque
2483 2894 2803 2948 sententiam
2833 2893 2950 2946 tulit
2977 2893 3061 2946 vel
3085 2893 3465 2948 condemnavit
3496 2908 3509 2943 :
3547 2892 3642 2946 sed

2051 2983 2104 3038 in
2127 2983 2347 3038 arbitrio
2376 2985 2611 3053 ipsorum
2637 2984 2855 3053 reliquit
2874 2993 2932 3037 ut
2961 2985 3010 3037 id
3043 2983 3259 3048 vellent,
3279 2983 3502 3052 loquens
3520 2999 3642 3036 cum

2051 3075 2460 3130 mansuetudine
2503 3075 2602 3129 sibi
2649 3075 2960 3143 c0tigruenti
3009 3075 3141 3130 :50.
3181 3074 3278 3140 Qui
3316 3075 3448 3128 enim
3476 3074 3641 3146 facit,

2051 3167 2552 3239 inquit,voluntatem
2579 3167 2748 3222 Patris
2775 3169 2991 3235 mei,ille
3020 3185 3156 3222 meus
3183 3171 3341 3240 frater
3367 3178 3412 3222 et
3433 3186 3576 3223 soror
3595 3178 3642 3222 et

2051 3269 2208 3313 mater
2237 3269 2327 3314 est.
2359 3260 2533 3327 Quare
2559 3261 2601 3314 si
2634 3260 2712 3314 sic
2760 3260 2918 3316 etiam
2942 3275 3061 3316 esse
3079 3260 3283 3325 volunt,
3309 3260 3444 3315 hanc
3464 3264 3643 3316 ineant

2049 3355 2207 3408 viam.
2255 3354 2322 3408 Et
2348 3369 2468 3408 cum
2511 3354 2760 3408 clamavit
2797 3353 2990 3407 mulier
3018 3353 3222 3420 dicens,
3263 3352 3450 3406 Beatus
3476 3365 3642 3407 venter

2049 3446 2136 3512 qui
2180 3455 2226 3498 te
2266 3446 2503 3514 portavit,
2547 3461 2652 3498 non
2684 3445 2838 3506 dixit,
2870 3444 2984 3498 Non
3017 3454 3098 3498 est
3131 3456 3304 3499 mater
3333 3460 3484 3510 mea;
3515 3445 3636 3510 sed,

2048 3536 2101 3591 Si
2132 3536 2245 3590 vult
2274 3551 2393 3591 esse
2416 3536 2594 3602 beata,
2625 3538 2952 3592 voluntatem
2977 3537 3150 3592 Patris
3173 3539 3274 3591 mei
3299 3537 3472 3592 faciat.
3506 3539 3636 3592 Nam

2048 3628 2140 3698 qui
2171 3627 2292 3682 talis
2323 3640 2422 3691 cst,
2455 3637 2509 3681 et
2549 3629 2710 3682 frater
2732 3669 2744 3692 ,
2769 3639 2823 3683 et
2849 3643 3024 3697 soror,
3055 3637 3110 3682 et
3135 3639 3306 3683 mater
3330 3638 3430 3684 est.
3457 3629 3638 3699 Papa;

2049 3729 2303 3790 quantum
2328 3719 2546 3774 honoris
2577 3720 2590 3773 !
2626 3736 2800 3790 papm,
2829 3730 3025 3791 quanta
3051 3730 3133 3776 est
3159 3723 3350 3777 virtus!
3381 3722 3446 3776 ad
3467 3737 3638 3791 quau-

2049 3821 2160 3866 tuin
2188 3811 2399 3866 culmen
2437 3827 2498 3867 se
2527 3812 2810 3867 adeuntem
2842 3814 3032 3883 erigit!
3071 3826 3201 3884 quot
3233 3815 3486 3868 mulieres
3513 3817 3639 3869 bea-

2051 3913 2157 3958 tam
2185 3904 2440 3959 dixcrunt
2465 3915 2706 3960 sanctam
2746 3905 2890 3959 illam
2925 3905 3194 3975 Virginem
3217 3948 3231 3970 ,
3262 3907 3484 3975 ejusque
3525 3918 3638 3962 ute-

2049 4013 2187 4064 rum,
2216 4006 2270 4051 et
2297 4005 2548 4066 optarunt
2575 3999 2705 4051 tales
2741 4011 2861 4051 esse
2891 4006 3088 4051 matres
3116 4039 3131 4064 ,
3163 4006 3462 4068 carteraque
3499 3999 3636 4067 abji-

2047 4106 2171 4146 cere
2200 4094 2213 4144 l
2247 4089 2382 4157 Quid
2418 4105 2546 4160 ergo
2583 4089 2880 4159 prohibet?
2938 4089 3076 4144 Ecce
3123 4090 3283 4144 latam
3317 4090 3454 4144 viam
3484 4091 3639 4144 nobis

2047 4185 2316 4255 aperit,et
2343 4185 2468 4238 licet
2503 4199 2608 4238 non
2641 4184 2954 4239 mulieribus
2978 4184 3161 4250 modo,
3194 4185 3288 4238 sed
3318 4183 3478 4238 etiam
3511 4186 3640 4239 viris

2049 4278 2101 4330 in
2133 4277 2222 4330 tali
2246 4276 2406 4330 locari
2431 4275 2656 4340 ordine;
2685 4276 2792 4329 imo
2822 4283 2877 4330 et
2907 4275 2960 4330 iu
2989 4275 3144 4346 longe
3171 4277 3381 4344 majori.
3415 4275 3468 4328 Id
3491 4276 3635 4330 enim

2052 4369 2211 4438 longe
2245 4369 2414 4436 magis
2454 4377 2680 4421 matrem
2729 4366 2888 4430 facit,
2935 4382 3094 4436 quam
3142 4378 3340 4437 partus.
3383 4367 3563 4437 Itaque
3592 4369 3638 4424 si

2051 4460 2263 4513 beatum
2291 4467 2375 4513 est
2403 4458 2550 4522 illud,
2580 4459 2750 4513 multo
2779 4458 2952 4528 majus
2997 4467 3051 4513 et
3080 4461 3259 4514 verius
3305 4459 3426 4525 hoc,
3455 4469 3638 4529 utpote

2049 4553 2358 4621 Optabilius.
2400 4552 2477 4607 Ne
2522 4553 2688 4622 igitur
2731 4553 2904 4608 solum
2933 4552 3232 4617 desideres,
3260 4552 3352 4606 sed
3385 4562 3438 4606 et
3467 4555 3633 4614 viam,

2050 4661 2166 4714 qua:
2190 4654 2240 4698 te
2270 4645 2335 4698 ad
2361 4660 2472 4699 rem
2492 4644 2850 4701 desideratam
2870 4645 3270 4713 (Iucit,capcssc
3297 4660 3415 4697 cum
3445 4660 3638 4712 magno

2057 4735 2253 4790 studio.
2281 4735 2408 4792 llaze
2432 4751 2560 4805 ergo
2585 4752 2705 4790 eum
2740 4735 2963 4790 dixisset
2984 4735 3144 4790 exitii
3178 4734 3244 4788 de
3271 4734 3450 4788 domo.
3483 4735 3634 4788 Vidi-

2048 4812 2171 4884 stiu’
2193 4830 2461 4901 quomodo
2489 4841 2541 4883 et
2573 4830 2883 4899 increpavit,
2919 4838 2971 4881 et
3004 4827 3129 4881 fecit
3155 4827 3206 4881 id
3245 4829 3384 4897 quod
3425 4827 3634 4883 ιιι-εἰᾶθ-

2051 4923 2280 4976 rabant?
2313 4921 2466 4988 Quod
2497 4921 2656 4975 etiam
2691 4920 2741 4974 in
2772 4921 2967 4989 nuptiis
2994 4919 3117 4973 fecit
3141 4919 3330 4988 (Jmm.
3359 4919 3394 4972 9.
3449 4921 3501 4973 3.
3530 4920 3564 4972 4
3597 4921 3634 4981 ).

2049 5015 2179 5068 Nam
2204 5025 2257 5068 et
2279 5014 2388 5068 illic
2419 5013 2711 5081 increpavit
2743 5012 3118 5080 intempestive
3150 5021 3444 5080 petentem,
3466 5027 3637 5076 neque

2053 5116 2227 5160 tamen
2261 5106 2584 5176 postulatum
2611 5105 2859 5174 negavit;
2894 5115 3001 5156 tum
3046 5114 3100 5158 ut
3132 5105 3488 5158 imbecillitati
3521 5121 3634 5158 me-

2049 5200 2299 5259 deretur,
2329 5208 2436 5253 tum
2469 5208 2521 5251 ut
2563 5213 2712 5252 suam
2757 5214 2884 5268 erga
2937 5208 3159 5251 matrem
3209 5198 3633 5253 benevolentiam

2050 5294 2348 5347 exhiberet.
2391 5291 2479 5346 Sic
2510 5301 2564 5345 et
2593 5293 2691 5346 hoc
2717 5291 2834 5345 loco
2857 5291 3028 5346 inanis
3053 5291 3238 5358 gloriie
3269 5291 3510 5343 morbum
3545 5305 3631 5343 sa-

2056 5388 2240 5451 navit,
2270 5397 2320 5439 et
2353 5385 2590 5438 debitum
2621 5385 2777 5438 matri
2808 5383 3067 5437 honorem
3100 5383 3363 5452 praestitit.
3393 5382 3517 5436 licet
3547 5382 3634 5437 illa

2051 5479 2403 5545 innpportuna
2427 5483 2647 5544 peteret.
2683 5475 2701 5545 (
2730 5473 2859 5545 Cap.
2891 5475 3004 5530 XIII
3035 5472 3054 5546 )
3087 5477 3135 5529 I.
3165 5473 3232 5526 In
3261 5475 3349 5528 illo
3373 5475 3453 5527 die
3476 5515 3490 5538 ,
3524 5475 3634 5539 ait,

2050 5569 2216 5623 exiens
2240 5566 2276 5620 ,Ι
2281 5585 2392 5622 esus
2417 5583 2444 5621 e
2467 5568 2636 5633 domo,
2661 5566 2863 5620 sedebat
2887 5583 3028 5620 secus
3052 5582 3209 5619 mare.
3234 5564 3365 5618 Nam
3395 5565 3437 5618 si
3458 5565 3634 5629 vultis,

2053 5659 2243 5728 inquit,
2280 5657 2462 5711 videre
2481 5668 2533 5711 et
2560 5657 2768 5719 audire,
2801 5657 2909 5728 jam
2934 5670 3070 5710 exeo
3095 5664 3152 5709 ut
3185 5655 3468 5709 disseram.
3503 5654 3634 5718 Quia

2049 5751 2190 5805 enim
2228 5750 2376 5818 signa
2425 5750 2587 5802 multa
2619 5748 2879 5814 faciebat,
2908 5760 3094 5800 rursus
3120 5762 3183 5800 ex
3235 5745 3470 5800 doctrina
3516 5759 3633 5813 pro-

2053 5841 2194 5897 dest.
2228 5841 2290 5896 lﬁt
2327 5841 2521 5896 sedens
2544 5855 2702 5897 secus
2725 5854 2892 5907 mare,
2927 5845 3172 5893 terrenos
3198 5838 3437 5893 homines
3466 5836 3636 5904 pisca-
