4118 6430
505 381 608 436 467

507 500 681 553 batur.
705 495 859 553 Sedit
890 509 1020 549 vero
1046 504 1205 547 secus
1231 502 1399 551 mare,
1431 502 1538 541 non
1564 487 1681 540 sine
1708 497 1887 538 causa.
1913 483 2089 551 Atque

505 590 607 643 hoc
645 589 816 657 ipsum
850 584 1194 640 subindicans
1238 578 1416 650 posuit
1448 577 1794 647 evangelista.
1841 574 1910 630 Ct
1948 573 2090 627 cnim

503 678 905 741 ostenderet,se
923 683 1174 730 accurate
1202 671 1337 727 velle
1370 671 1638 724 theatrum
1661 681 2011 737 congregare,
2030 678 2091 719 se

504 771 604 825 hoc
647 771 748 823 situ
800 769 1018 837 posuit,
1051 777 1108 821 ut
1146 766 1416 820 neminem
1463 779 1493 816 a
1523 762 1687 817 dorso
1727 760 1970 823 haberet,
1994 756 2090 815 sed

498 878 689 917 omnes
712 862 774 915 ad
794 877 851 916 se
881 874 1199 915 conversos.
1228 859 1282 912 2.
1309 856 1370 910 Et
1394 863 1711 925 congregatis
1735 862 1871 915 sunt,
1899 849 2086 919 inquit,

497 954 564 1005 ml
610 971 722 1007 eam
771 953 932 1006 turbas
974 951 1151 1005 multa:
1171 967 1191 1016 ;
1236 950 1308 1003 ita
1337 958 1393 1002 ut
1420 947 1472 1001 in
1502 946 1788 999 naviculam
1816 942 2090 997 ascendens

497 1046 721 1110 sederet;
746 1053 792 1098 et
821 1043 984 1099 omnis
1007 1044 1152 1096 turba
1174 1043 1226 1094 in
1250 1040 1395 1093 litore
1422 1038 1604 1092 stabat.
1635 1036 1707 1091 Ihi
1723 1052 1848 1090 vero
1873 1035 2088 1098 sedens,

499 1152 596 1204 per
619 1138 906 1204 parabolas
931 1135 1184 1205 loquitur.
1217 1133 1269 1186 ὅ.
1297 1128 1368 1184 Et
1390 1131 1628 1190 tenuatus
1649 1138 1718 1181 est
1752 1127 1824 1181 eis
1849 1167 1863 1190 ,
1898 1126 2088 1195 inquit,

497 1229 659 1283 multa
678 1230 732 1281 in
751 1228 1027 1297 parabolis.
1048 1225 1205 1296 Atqui
1235 1225 1288 1280 in
1317 1233 1502 1278 monte
1531 1238 1634 1276 non
1655 1221 1725 1275 ila
1745 1219 1888 1284 fecit,
1919 1233 2091 1288 neque

498 1333 595 1386 per
626 1328 702 1373 tot
732 1319 1012 1389 parabolas
1057 1331 1365 1372 sermonem
1415 1313 1687 1369 contexuit
1715 1328 1729 1365 :
1761 1322 1884 1365 tunc
1921 1309 2091 1367 turba:

497 1412 671 1465 solum
718 1420 890 1474 erant,
918 1422 971 1465 et
1005 1410 1155 1480 plebs
1188 1407 1370 1471 rudis;
1421 1407 1506 1460 hic
1551 1421 1680 1458 vero
1710 1412 1768 1457 et
1806 1401 1997 1455 scriba:
2035 1408 2091 1454 et

498 1502 779 1559 Pharisaei.
807 1502 886 1557 'l'u
916 1517 1042 1556 vero
1084 1500 1213 1554 mihi
1244 1496 1614 1553 animadverte
1661 1509 1821 1565 quam
1864 1493 2088 1562 primam

500 1604 665 1664 ponat
692 1594 1026 1660 parabolam,
1058 1601 1113 1647 et
1138 1592 1410 1662 quomodo
1437 1590 1558 1644 illas
1581 1589 1864 1643 Mattbaaus
1885 1602 1980 1656 per
2000 1601 2089 1639 or-

494 1687 673 1741 dinem
718 1696 900 1758 ponat.
951 1686 1121 1753 Quam
1152 1700 1282 1755 ergo
1305 1684 1530 1752 primum
1561 1681 1733 1735 dicit?
1759 1679 1929 1743 Quam
1972 1693 2089 1732 nta-

494 1782 637 1837 xime
669 1783 895 1851 primam
923 1779 1103 1834 dicere
1125 1777 1434 1847 Oportebat,
1481 1791 1599 1845 qtne
1628 1774 1926 1827 auditorem
1973 1770 2089 1825 red-

493 1872 587 1927 dat
606 1872 978 1926 attentiorcm.
1023 1870 1153 1924 Nam
1176 1870 1299 1940 quia
1327 1866 1669 1937 aanigntaticc
1701 1864 2087 1935 prscdicaturus

503 1974 640 2027 erat,
668 1966 971 2021 auditorum
996 1965 1232 2019 animum
1266 1962 1439 2031 primo
1468 1976 1564 2031 per
1604 1946 1911 2028 parabolani
1939 1956 2088 2009 ('Xcl-

495 2067 591 2114 tat.
621 2058 748 2115 Ideo
785 2058 922 2112 alter
956 2056 1284 2126 evangelista
1331 2053 1444 2119 ait,
1477 2053 1559 2107 sic
1593 2052 1901 2121 increpasse
1931 2048 2085 2113 illos,

499 2150 645 2221 quod
677 2164 784 2206 non
828 2147 1193 2218 intelligerent
1221 2161 1235 2197 :
1269 2144 1537 2212 Quomodo
1564 2159 1666 2196 non
1694 2142 1851 2195 nostis
1881 2139 2091 2210 parabo-

496 2242 600 2295 lam
634 2240 653 2313 (
682 2241 847 2296 Marc.
874 2240 927 2296 4.
956 2240 1022 2295 13
1053 2239 1115 2309 )‘i
1142 2237 1250 2292 Nec
1279 2237 1398 2291 ideo
1423 2236 1597 2290 solum
1626 2235 1678 2289 itt
1711 2233 1978 2302 parabolis
2004 2232 2087 2286 lu-

496 2334 700 2403 quitur,
735 2332 827 2388 sed
858 2340 913 2386 ut
940 2331 1144 2401 majore
1173 2344 1293 2384 eum
1326 2327 1568 2397 emphasi
1598 2327 1759 2381 verba
1789 2327 2006 2391 laceret,
2033 2333 2088 2380 et

496 2424 667 2494 magis
696 2424 970 2479 memoria:
989 2422 1343 2492 imprimeret,
1364 2434 1559 2490 resque
1582 2418 1683 2475 sub
1702 2427 1974 2489 aspectum
1993 2433 2087 2489 po-

492 2527 665 2573 neret.
697 2517 787 2572 Sic
812 2527 865 2571 et
893 2516 1165 2587 propheta:
1194 2512 1418 2568 faciunt.
1492 2558 1498 2564 .

561 2609 615 2664 ὅ.
644 2607 872 2662 Christus
896 2607 1146 2675 quomodo
1162 2605 1379 2659 exiit.—
1399 2602 1528 2671 Qua:
1548 2610 1631 2657 est
1650 2617 1777 2673 ergo
1794 2600 2085 2672 parabola?

492 2698 624 2753 Ecce
647 2700 768 2753 exiit
809 2699 895 2769 qui
917 2698 1129 2753 seminat
1155 2697 1423 2751 seminare.
1450 2693 1601 2749 Unde
1623 2695 1753 2749 exuit
1776 2693 1867 2762 qui
1890 2694 2086 2763 ubique

493 2803 733 2859 praesens
762 2801 861 2853 est,
886 2789 977 2860 qui
1007 2789 1186 2842 omnia
1216 2787 1439 2859 implet?
1466 2785 1735 2856 quomodo
1768 2787 1938 2839 exiit?
1966 2786 2082 2840 Non

491 2883 632 2950 loco,
660 2883 753 2937 sed
783 2883 965 2937 habitu
996 2891 1044 2937 et
1078 2880 1479 2951 dispensatione
1513 2894 1616 2948 qua
1648 2890 1827 2935 nostra
1856 2881 2080 2945 curavit,

493 2978 711 3049 propior
750 2978 903 3033 nobis
944 2975 1113 3032 factus
1139 2978 1210 3031 ob
1262 2976 1515 3029 amictum
1544 2975 1743 3028 carnis.
1771 2975 1900 3040 Quia
1938 2973 2087 3027 enim

490 3087 588 3125 nos
618 3071 820 3141 ingredi
854 3085 959 3123 non
984 3079 1290 3139 poteramus
1312 3108 1326 3130 ,
1354 3067 1494 3137 quod
1526 3075 1740 3135 peccata
1772 3076 1950 3119 nostra
1981 3082 2083 3119 no-

490 3163 571 3217 bis
596 3161 798 3216 aditum
837 3160 1273 3223 intercluderent,
1301 3159 1415 3228 ipse
1441 3158 1505 3212 ad
1551 3171 1649 3212 nos
1688 3157 1976 3226 egreditur.
2016 3157 2084 3211 Et

488 3272 583 3309 cur
609 3270 857 3325 egressus
885 3254 1009 3308 est?
1040 3262 1098 3307 ut
1122 3252 1374 3323 perderet
1398 3262 1592 3307 terram
1629 3253 1798 3321 spinis
1831 3252 2084 3320 plenam?

489 3349 554 3401 ad
582 3348 877 3418 puniendos
917 3347 1223 3417 agricolas?
1263 3346 1641 3416 Nequaquam;
1686 3347 1779 3401 sed
1821 3346 1887 3401 ad
1915 3363 2081 3403 exco-

486 3439 696 3494 lendam
725 3439 1122 3508 curandumque
1151 3446 1371 3503 terram,
1400 3448 1454 3493 et
1471 3438 1535 3492 ad
1568 3438 1935 3492 seminandum
1971 3441 2083 3507 pic-

485 3530 607 3584 tatis
634 3544 959 3584 sermonem.
1009 3528 1206 3584 Semen
1245 3528 1441 3598 quippe
1472 3527 1557 3581 hic
1587 3527 1882 3582 doctrinam
1913 3528 2075 3593 dicit;

485 3634 670 3673 arvum
687 3635 833 3683 vero,
858 3619 1132 3673 hominum
1150 3619 1378 3679 animas;
1399 3619 1797 3685 seminatmem,
1819 3618 2074 3689 scipsum.

486 3709 621 3777 Quid
664 3710 822 3779 igitur
847 3709 908 3763 lit
945 3710 1014 3764 de
1039 3709 1142 3764 hoc
1179 3709 1422 3765 semine?
1444 3710 1579 3764 Tres
1609 3710 1833 3779 pereunt
1875 3721 2074 3781 partes,

485 3813 589 3856 una
616 3809 880 3855 servatur.
904 3800 957 3854 4.
990 3799 1056 3853 Et
1085 3799 1207 3853 dum
1236 3801 1522 3866 seminaret,
1546 3801 1673 3867 alia,
1714 3802 1902 3870 inquit,
1943 3804 2078 3856 ceci-

484 3893 604 3947 dere
629 3908 771 3946 secus
800 3893 947 3954 viam,
979 3900 1026 3945 et
1050 3900 1288 3945 venerunt
1308 3892 1534 3945 volucres
1562 3893 1696 3958 caeli,
1745 3902 1792 3945 et
1841 3893 2079 3948 comede-

485 3995 601 4039 runt
621 4002 698 4038 ea.
722 3984 903 4055 Neque
924 3985 1083 4051 dixit,
1116 3998 1174 4039 se
1195 3984 1411 4054 jeeisse,
1436 3984 1530 4039 sed
1576 3985 1837 4041 cecidisse
1864 4001 2072 4041 semen.

485 4076 540 4130 5.
569 4076 813 4143 Qatedam
834 4092 949 4130 vero
973 4092 1126 4146 super
1150 4086 1369 4147 petrosa,
1393 4078 1476 4130 ubi
1504 4094 1602 4130 non
1626 4077 1872 4132 habebant
1891 4088 2078 4133 terram

486 4169 697 4221 multum
721 4184 741 4232 ,°
770 4177 817 4222 et
837 4169 1075 4222 continuo
1095 4181 1270 4222 exorta
1299 4179 1436 4235 sunt,
1463 4169 1581 4238 quia
1601 4186 1700 4222 non
1730 4169 1976 4223 habebant
1997 4172 2075 4226 αι.

486 4259 747 4312 titudinem
769 4268 932 4313 terrte.
959 4259 1010 4313 6.
1037 4258 1162 4313 Sole
1180 4270 1347 4312 autem
1367 4271 1478 4313 orto
1503 4271 1863 4325 trstuarerunt,
1890 4271 1936 4315 et
1956 4263 2078 4333 quia

486 4365 587 4402 non
617 4348 861 4403 habebant
885 4350 1124 4413 radicem,
1156 4360 1414 4404 aruerunt.
1440 4352 1489 4405 7.
1520 4352 1766 4417 Qua’dam
1795 4362 1961 4406 autem
1991 4370 2076 4407 ce-

486 4441 715 4494 ciderunt
740 4441 872 4493 inter
891 4442 1097 4505 spinas;
1128 4452 1174 4494 et
1208 4452 1464 4495 aruerunt
1492 4444 1679 4512 spinas,
1720 4454 1767 4496 et
1798 4443 2079 4511 sit/focane-

486 4542 604 4586 runt
634 4549 713 4588 ea.
742 4532 794 4587 8.
826 4532 1075 4599 Qutedam
1123 4549 1236 4586 vero
1266 4534 1317 4587 in
1348 4544 1533 4587 terram
1558 4536 1778 4599 bonam;
1808 4547 1854 4590 et
1887 4538 2079 4592 dabant

487 4626 744 4696 fructum,
777 4626 921 4679 aliud
946 4627 1270 4679 centesimum
1291 4669 1305 4689 ,
1335 4627 1477 4680 aliud
1505 4630 1869 4699 sexagesimum
1889 4671 1906 4697 ,
1937 4631 2080 4686 aliud

486 4718 818 4789 trigesimum.
838 4717 890 4773 9.
920 4717 1022 4785 Qui
1042 4718 1188 4772 habet
1209 4735 1358 4772 aures
1374 4720 1636 4785 audiendi,
1662 4723 1857 4777 audiat.
1881 4723 2077 4789 Quarta

487 4826 611 4881 pars
643 4821 851 4865 servata
878 4818 993 4875 est;
1028 4827 1202 4880 neque
1234 4811 1318 4864 illa
1348 4812 1645 4882 arqualiter,
1684 4814 1776 4869 sed
1806 4815 1965 4868 etiam
1993 4815 2081 4871 hic

488 4915 737 4969 magnum
772 4900 1057 4955 discrimen
1087 4911 1186 4955 est.
1213 4901 1305 4955 llis
1331 4902 1614 4972 significat,
1638 4920 1695 4957 se
1727 4904 1927 4959 aﬂ‘atim
1962 4922 2078 4961 omo

490 4990 646 5044 nibus
673 4992 831 5060 loqui.
862 4990 1007 5045 Sicut
1038 4991 1179 5044 enim
1209 4992 1253 5045 is
1276 4993 1364 5061 qui
1408 4995 1637 5048 seminat
1667 5010 1770 5049 non
1804 4995 2081 5066 distinguit

486 5097 714 5149 arvum,
760 5082 854 5136 sed
902 5084 1214 5152 simpliciter
1264 5094 1318 5139 et
1365 5084 1824 5141 indiscrintinatim
1874 5089 2079 5143 semina

489 5174 651 5227 tnittit
680 5192 692 5225 :
719 5172 799 5226 sic
822 5183 876 5227 et
903 5174 989 5227 ille
1015 5190 1118 5227 non
1150 5173 1399 5239 divitem,
1438 5191 1543 5229 non
1576 5191 1862 5245 pauperem
1894 5178 2081 5233 distin~

487 5268 618 5332 guit,
662 5280 767 5316 non
795 5264 1111 5332 sapientem,
1152 5266 1652 5335 noninsipientem.
1705 5284 1810 5325 non
1839 5283 2077 5338 segnem,

489 5372 593 5410 non
625 5356 947 5419 studiosum,
968 5372 1074 5409 non
1105 5366 1402 5420 strenuum,
1425 5373 1527 5411 non
1561 5357 1936 5425 titnidum,sed
1967 5375 2079 5413 om-

488 5448 648 5502 nibus
700 5448 1053 5517 loquebatur,
1093 5464 1211 5516 qua:
1243 5463 1334 5502 sua
1362 5459 1515 5503 erant
1557 5450 1820 5517 impleas,
1870 5451 2079 5507 etiamsi

488 5540 665 5595 latura
705 5543 1015 5611 pra‘sciret:
1052 5550 1108 5593 ιιι
1145 5540 1325 5595 dicere
1354 5551 1534 5610 posset
1563 5561 1574 5595 :
1609 5542 1743 5607 Quid
1769 5560 1847 5597 nte
1861 5545 2081 5613 oportuit

490 5637 657 5701 facere
682 5674 697 5697 ,
729 5642 776 5685 et
811 5650 912 5685 non
952 5633 1048 5704 feci
1073 5630 1225 5702 (Isai.
1254 5632 1307 5686 5.
1343 5632 1434 5702 4)?
1461 5632 1528 5687 Et
1555 5634 1827 5703 propheta:
1867 5635 2079 5705 quidem

495 5723 564 5778 de
587 5723 783 5791 populo
806 5724 955 5793 quasi
987 5723 1054 5777 de
1099 5725 1250 5779 vinea
1284 5724 1569 5794 loquuntur
1597 5744 1609 5779 :
1652 5725 1809 5781 Vinea
1837 5730 1979 5782 enim
2002 5732 2081 5797 fa-

495 5823 577 5869 cta
604 5822 676 5868 est
718 5813 904 5870 dilecto
932 5812 1118 5886 (Ibid.)
1143 5858 1156 5881 ,
1187 5816 1385 5886 inquit;
1421 5827 1493 5880 et,
1530 5816 1734 5873 Vincam
1758 5819 1819 5875 tle
1849 5817 2081 5891 ngyrto

1253 370 1309 425 S.
1340 368 1621 426 JOANNIS
1659 362 2137 424 CllllYSOSTOMl
2175 362 2492 419 ARClllEP.
2534 363 3067 422 CONSTANTINOP.

3691 369 3800 427 468

2202 482 2458 537 transtulit
2488 479 2671 554 (Psal.
2699 482 2788 538 79.
2819 482 2911 555 9);
2942 483 3034 539 ille
3071 497 3200 538 vero
3246 485 3398 554 quasi
3442 484 3510 541 de
3559 487 3799 546 semine.

2199 573 2335 641 Quid
2367 583 2544 629 autem
2569 575 2870 645 signiticet?
2896 576 3201 645 Promptatn
3229 593 3373 633 nunc
3399 578 3512 634 fore
3534 580 3795 637 obedien-

2201 668 2347 733 tiam,
2377 677 2431 723 et
2457 666 2770 735 faciliorem,
2794 678 2849 723 et
2866 668 2974 723 cito
3000 668 3226 725 fructum
3254 669 3519 727 daturam.
3541 672 3677 727 Cum
3699 687 3799 727 au—

2201 768 2308 815 tem
2335 759 2491 815 audis
2521 777 2535 814 :
2567 760 2706 814 Exiit
2734 761 2819 831 qui
2840 761 3052 815 seminat
3076 762 3346 826 seminare,
3390 778 3496 816 non
3524 763 3662 817 idem
3686 765 3795 820 ile-

2200 853 2304 907 rari
2330 862 2503 922 putes.
2534 852 2690 923 Saepe
2711 853 2854 908 enim
2882 853 2971 922 qui
2992 853 3218 908 seminat
3239 848 3512 925 egreditur
3539 855 3603 909 ad
3633 856 3794 910 aliam

2199 960 2336 1009 rem,
2369 945 2452 999 vel
2493 954 2550 1001 ut
2578 945 2797 1001 novales
2818 946 3008 1007 sulcet,
3050 946 3132 1002 vel
3170 956 3227 1001 ut
3255 949 3422 1002 malas
3454 947 3659 1017 plantas
3704 964 3793 1001 re-

2198 1047 2365 1101 secet,
2395 1037 2476 1091 vcl
2526 1046 2584 1092 ut
2626 1038 2808 1106 spinas
2854 1038 3069 1103 evellet,
3124 1040 3206 1093 vel
3260 1038 3402 1092 aliud
3441 1039 3566 1108 quid
3617 1039 3797 1094 simile

2198 1128 2399 1183 efficiat
2428 1146 2441 1181 :
2474 1128 2587 1199 ipse
2624 1145 2754 1184 vero
2779 1128 2845 1183 ad
2872 1128 3242 1185 seminandus:
3274 1142 3522 1200 egressus
3546 1140 3650 1183 est.

2269 1221 2452 1276 Semen
2469 1222 2598 1290 perit
2616 1230 2808 1285 nostra,
2829 1237 2930 1274 non
2949 1222 3243 1275 seminantis
3265 1222 3619 1291 culpa.Quare
3645 1222 3795 1276 Chri-

2196 1324 2302 1368 stus
2344 1315 2613 1384 allegorice
2652 1314 2786 1368 ntale
2811 1314 3084 1380 dispositas
3112 1316 3310 1369 anilitas
3348 1316 3699 1384 designaverit.
3719 1345 3795 1356 —

2198 1403 2497 1471 Undenatn,
2529 1420 2711 1473 qumso
2732 1446 2748 1472 ,
2790 1406 2983 1459 factum
3005 1414 3108 1470 est,
3140 1417 3194 1459 ut
3225 1406 3455 1461 maxima
3484 1421 3604 1475 pars
3626 1408 3789 1459 semi—

2199 1497 2280 1550 nis
2324 1497 2563 1566 periret?
2591 1497 2705 1552 Non
2734 1512 2797 1552 ex
2826 1497 3125 1553 scminantc
3159 1497 3210 1552 id
3232 1509 3408 1553 ortum
3438 1507 3518 1552 est
3537 1541 3552 1561 ,
3582 1500 3672 1553 sed
3721 1516 3788 1554 ex

2197 1597 2335 1643 terra
2360 1604 2545 1644 semen
2572 1588 2901 1657 excipiente;
2936 1589 2986 1643 id
3015 1599 3115 1656 est,
3138 1607 3200 1644 ex
3229 1590 3404 1645 anima
3433 1607 3536 1646 non
3564 1593 3789 1647 audien-

2197 1688 2268 1734 te.
2298 1680 2363 1734 Et
2388 1695 2489 1751 qua
2510 1680 2577 1736 de
2605 1695 2765 1736 causa
2795 1695 2899 1737 non
2923 1682 3071 1746 dicit,
3092 1683 3292 1743 inertes
3321 1684 3420 1741 alia
3450 1687 3650 1741 semina
3668 1702 3791 1740 sus-

2194 1772 2403 1840 cepisse
2424 1813 2439 1837 ,
2473 1787 2644 1841 eaque
2683 1773 3016 1843 perdidisse;
3045 1774 3148 1831 alia
3192 1775 3404 1838 divites,
3437 1786 3490 1831 et
3516 1792 3578 1832 ea
3621 1777 3788 1833 suﬂ'o-

2194 1879 2379 1929 casse;
2407 1866 2512 1920 alia
2555 1866 2768 1933 molles,
2815 1883 2985 1938 eaque
3014 1868 3347 1936 prodidisse?
3374 1868 3487 1924 Non
3536 1871 3649 1926 vult
3690 1888 3789 1928 eos

2195 1956 2565 2013 vehementius
2588 1958 2857 2023 insectari,
2892 1975 2959 2014 ne
2988 1959 3042 2015 in
3069 1960 3783 2034 desperationemconjiciat,

2194 2048 2286 2103 sed
2314 2049 2442 2105 illud
2460 2051 2792 2121 arguentium
2815 2049 3117 2109 auditorum
3145 2053 3488 2111 conscientia:
3512 2055 3784 2125 relinquit.

2194 2140 2307 2195 Non
2338 2152 2516 2198 autem
2542 2157 2726 2199 semen
2754 2152 2959 2198 tantum
2991 2142 3094 2199 hoc
3125 2159 3336 2213 passum
3363 2155 3466 2210 est,
3487 2145 3581 2200 sed
3621 2148 3784 2201 etiam

2192 2249 2413 2305 sageaa.
2436 2234 2565 2289 Nam
2590 2244 2643 2290 et
2687 2236 2776 2291 illa
2806 2236 3009 2292 inutilia
3056 2237 3221 2296 multa
3258 2237 3395 2293 tulit.
3429 2237 3575 2295 lianc
3620 2254 3787 2309 porro

2192 2325 2505 2397 parabolam
2525 2325 2687 2392 dixit,
2720 2336 2777 2382 ut
2802 2326 3094 2397 discipulos
3117 2337 3398 2385 exerceret
3424 2329 3746 2400 doeeretque
3766 2372 3781 2395 ,

2192 2427 2252 2473 ut
2277 2419 2320 2472 si
2351 2419 2489 2475 inter
2518 2433 2615 2474 eos
2657 2419 2749 2489 qui
2777 2435 2959 2476 semen
3005 2421 3324 2490 reciperent,
3355 2421 3536 2491 plures
3560 2431 3742 2477 essent
3763 2462 3783 2485 ,

2188 2511 2277 2581 qui
2302 2510 2433 2568 illud
2483 2511 2786 2581 perderent,
2817 2527 2886 2567 ne
2931 2513 3113 2568 animo
3148 2512 3511 2569 conciderent.
3564 2512 3695 2568 Nam
3725 2526 3786 2569 et

2191 2603 2418 2658 Domino
2443 2603 2494 2659 id
2524 2604 2752 2673 accidit;
2798 2614 2855 2661 et
2880 2605 2969 2673 qui
3023 2606 3180 2675 plane
3207 2616 3448 2678 noverat,
3496 2608 3607 2662 inec
3656 2623 3783 2664 esse

2189 2694 2384 2761 futura,
2407 2696 2673 2752 seminare
2703 2712 2808 2753 non
2859 2696 3084 2754 destitit.
3116 2698 3183 2754 Et
3215 2715 3317 2770 qua
3359 2700 3427 2755 de
3463 2716 3643 2765 causa,
3691 2702 3780 2756 in—

2188 2787 2362 2856 quies,
2404 2788 2456 2841 in
2485 2788 2655 2858 spinis
2682 2788 2952 2845 seminare
2972 2831 2989 2856 ,
3022 2805 3181 2859 supra
3214 2801 3440 2861 petram,
3484 2795 3535 2847 in
3566 2793 3689 2847 via?
3718 2795 3779 2848 In

2188 2878 2505 2946 seminibus,
2538 2889 2595 2935 et
2622 2879 2676 2935 in
2724 2890 2890 2948 terra,
2929 2882 3071 2936 nulla
3100 2891 3245 2939 esset
3274 2884 3409 2938 ratio
3442 2903 3455 2937 :
3489 2885 3541 2939 in
3569 2886 3781 2941 anima-

2187 2970 2288 3027 bus
2314 2980 2494 3025 autem
2521 2981 2577 3026 et
2600 2973 2652 3027 in
2681 2971 2952 3039 doctrina,
2981 2974 3032 3033 id
3060 2990 3401 3045 summopere
3430 2976 3776 3035 laudandum.

2186 3060 2432 3132 Agricola
2461 3063 2604 3118 enim
2629 3063 2753 3133 jure
2776 3066 3080 3134 culparetur
3107 3067 3152 3120 si
3201 3066 3252 3123 id
3284 3065 3517 3123 faceret:
3544 3086 3650 3124 non
3681 3086 3778 3139 po—

2188 3160 2293 3209 test
2314 3153 2457 3211 enim
2487 3163 2635 3224 petra
2669 3153 2783 3213 fieri
2824 3165 2985 3222 terra,
3018 3172 3191 3226 neque
3229 3159 3311 3212 via
3366 3174 3469 3217 neu
3500 3175 3618 3215 esse
3646 3162 3728 3215 via
3755 3205 3774 3230 ,

2185 3258 2361 3314 neque
2389 3254 2611 3314 possunt
2640 3245 2939 3315 spinarmon
2960 3262 3079 3302 esse
3099 3248 3266 3317 snina:
3295 3265 3308 3301 :
3339 3250 3390 3302 in
3425 3251 3775 3309 rationalibus

2185 3346 2364 3395 autem
2411 3353 2521 3394 non
2553 3339 2632 3395 sic
2663 3356 2677 3392 :
2711 3349 2889 3409 potest
2911 3342 3053 3397 enim
3088 3354 3234 3410 petra
3257 3344 3449 3397 mutari
3473 3345 3526 3398 in
3542 3344 3772 3402 fertilem

2186 3438 2404 3496 terram,
2435 3432 2625 3502 viaque
2655 3447 2759 3489 non
2784 3432 2917 3488 ultra
2942 3434 3245 3491 conculcari
3270 3435 3335 3490 ab
3362 3437 3609 3491 omnibus
3632 3455 3773 3508 prae-

2186 3521 2539 3587 tereuntibus,
2570 3538 2795 3594 esseque
2822 3525 3031 3595 pinguis
3061 3540 3223 3597 ager;
3247 3528 3522 3598 spinzeque
3552 3541 3778 3598 possunt.

2183 3614 2338 3670 evelli
2362 3656 2379 3680 ,
2408 3616 2478 3671 ita
2507 3617 2781 3673 utsemina
2810 3619 2875 3673 iis
2897 3619 3114 3675 liberata
3137 3619 3477 3676 fructiﬁeent.
3495 3623 3604 3677 Nisi
3626 3625 3772 3680 cuius

2183 3706 2234 3763 id
2263 3715 2443 3777 posset
2468 3707 2607 3775 fieri,
2639 3723 2743 3764 non
2769 3709 3090 3767 seminasset
3117 3712 3225 3767 ille.
3259 3712 3409 3781 Quod
3444 3718 3487 3767 si
3518 3716 3631 3770 ha-c
3657 3733 3776 3772 mu-

2184 3800 2313 3857 tatio
2357 3799 2409 3853 in
2453 3800 2704 3857 onmihus
2730 3800 2864 3859 facta
2905 3817 3009 3857 non
3036 3803 3126 3869 sit,
3157 3802 3207 3858 id
3240 3821 3342 3861 non
3368 3820 3434 3860 ex
3464 3806 3773 3865 seminante

2185 3890 2466 3959 provenit,
2495 3889 2590 3949 sed
2610 3906 2675 3946 ex
2704 3891 2770 3947 iis
2795 3892 2883 3962 qui
2917 3895 3109 3949 mutari
3158 3896 3463 3951 noluerunt.
3516 3897 3649 3952 Nam
3681 3900 3774 3954 ille

2182 3978 2398 4047 quidem
2423 3995 2543 4050 qua:
2590 3981 2757 4051 ipsius
2783 3991 2937 4039 erant
2962 3983 3140 4039 effecit
3164 4003 3179 4038 :
3208 3986 3251 4041 si
3276 4002 3406 4041 vero
3436 3988 3511 4043 illi
3538 4006 3655 4058 qth
3678 4006 3772 4045 ac-

2183 4079 2439 4140 ceperant
2485 4071 2554 4125 ab
2593 4087 2658 4127 eo
2704 4073 3046 4142 prodiderunt
3069 4117 3084 4138 ,
3113 4077 3229 4135 sine
3255 4079 3408 4147 culpa
3449 4081 3540 4137 ille
3563 4092 3645 4138 est
3679 4084 3772 4153 qui

2185 4169 2386 4215 tantam
2434 4160 2809 4232 benignitatem
2859 4166 3121 4235 exhibuit.
3176 4167 3254 4229 Tu
3289 4185 3419 4225 vero
3459 4173 3586 4233 illud
3634 4175 3770 4231 mihi

2183 4252 2473 4323 perpende,
2502 4271 2606 4308 non
2629 4270 2789 4309 unum
2805 4272 2926 4311 esse
2950 4260 3206 4328 perniciei
3232 4263 3391 4325 viam,
3411 4264 3506 4318 sed
3532 4265 3774 4324 diversas

2184 4358 2304 4398 esse
2334 4344 2570 4415 aliasque
2600 4347 2668 4400 ab
2694 4347 2814 4402 aliis
2837 4346 3069 4407 dissitas.
3099 4351 3201 4407 Alii
3232 4369 3460 4424 namque
3496 4358 3593 4411 vite
3625 4359 3775 4414 simi-

2184 4440 2263 4492 lcs
2283 4445 2426 4502 sunt,
2461 4449 2515 4491 ut
2542 4439 2804 4504 forenses,
2845 4455 3040 4510 segnes
3068 4456 3119 4497 et
3150 4445 3512 4516 negligentes;
3551 4448 3639 4505 alii
3684 4467 3775 4519 pe-

2184 4534 2320 4585 Iram
2350 4527 2665 4593 referentes,
2710 4530 3033 4587 infirmiores
3057 4546 3202 4588 sunt.
3241 4534 3330 4590 2L
3366 4536 3515 4600 Quod
3551 4539 3604 4592 in
3633 4552 3777 4610 petra

2183 4618 2458 4673 seminatur
2485 4636 2673 4685 semen,
2701 4621 2889 4690 inquit,
2922 4624 3072 4691 refert
3093 4624 3240 4679 illum
3261 4626 3347 4695 qui
3374 4629 3574 4682 verbum
3607 4632 3774 4695 audit,

2184 4721 2229 4766 et
2253 4713 2423 4765 statim
2444 4726 2556 4764 cum
2583 4713 2769 4781 gaudio
2793 4716 3004 4785 accipit;
3034 4716 3095 4771 2|
3111 4759 3123 4771 .
3146 4719 3237 4772 sed
3255 4736 3356 4774 non
3384 4722 3526 4776 habet
3551 4725 3775 4779 radicem

2183 4802 2237 4861 in
2262 4802 2445 4871 seipse,
2472 4811 2517 4856 et
2548 4802 2617 4869 ad
2636 4813 2833 4874 tempus
2860 4815 3053 4860 tantum
3072 4810 3298 4864 consistit
3323 4828 3342 4865 :
3370 4812 3461 4865 sed
3483 4814 3778 4869 adveniente

2185 4902 2392 4963 propter
2415 4892 2617 4949 verbum
2637 4895 2944 4964 calamitate,
2972 4899 3050 4953 uel
3076 4904 3476 4972 persequutiune,
3499 4908 3669 4960 statim
3694 4913 3778 4979 of-

2195 4981 2477 5051 fendit.l9.
2498 4985 2631 5042 Cum
2648 5005 2765 5042 vero
2776 4991 2893 5059 quis
2913 4992 3065 5047 audit
3079 4995 3287 5049 verbum
3305 4999 3540 5049 veritatis
3564 4999 3653 5057 ',et
3671 5016 3778 5050 non

2185 5074 2456 5146 intelligit,
2500 5078 2632 5130 venit
2663 5078 2937 5148 malignas,
2980 5090 3027 5133 et
3052 5082 3183 5149 rapit
3218 5082 3272 5134 id
3313 5086 3448 5151 quod
3475 5087 3778 5142 seminatum

2186 5177 2293 5220 erat
2328 5168 2381 5220 in
2409 5169 2560 5222 corde
2586 5170 2762 5239 ipsius.
2803 5168 2911 5222 Hoc
2932 5180 3005 5224 est
3026 5189 3191 5235 semen
3216 5176 3371 5245 juxta
3392 5179 3521 5230 vium
3552 5180 3778 5248 factum.

2187 5259 2300 5314 Non
2345 5271 2427 5315 est
2455 5273 2630 5315 autem
2663 5263 2885 5331 mquale,
2929 5265 3140 5318 nemine
3194 5280 3437 5336 vexante,
3476 5270 3563 5324 vel
3612 5276 3781 5327 moli--

2187 5352 2342 5405 stiam
2371 5351 2651 5413 intercute.
2681 5352 2977 5409 doctrinam
3000 5357 3281 5419 exsicCari,
3311 5371 3365 5412 et
3396 5361 3630 5417 instante
3662 5375 3782 5418 ten—

2188 5443 2390 5496 tationc
2423 5442 2649 5512 idipsmn
2699 5442 2812 5498 fieri
2845 5460 2858 5497 :
2893 5446 2980 5514 qui
3010 5462 3138 5500 vero
3167 5449 3336 5519 spinis
3365 5449 3568 5507 similes
3613 5465 3742 5509 sunt
3766 5497 3784 5523 ,

2192 5536 2372 5589 minus
2401 5533 2484 5588 his
2504 5543 2629 5588 sunt
2658 5536 2810 5591 venia
2835 5537 3001 5608 digni.

2252 5629 2305 5683 Δ.
2347 5627 2426 5683 Ne
2445 5628 2601 5698 igitur
2621 5643 2806 5684 eorum
2828 5631 3095 5702 quidpiam
3120 5633 3406 5705 patiamur,
3438 5636 3551 5692 haec
3573 5639 3751 5695 sentin
3768 5654 3789 5690 ι

2260 5832 2273 5861 ι
2311 5828 2418 5889 Alli,
2443 5829 2638 5884 verbum
2666 5834 2832 5906 regni.
