4118 6462
322 494 425 555 4419

325 606 688 680 magnitudine
713 605 875 661 animi
903 613 955 660 et
984 604 1231 660 diuturna
1272 601 1530 657 memoria
1569 600 1901 670 obtegamus.

326 700 551 756 Etiamsi
577 698 722 755 enim
742 698 913 768 rapiat
937 690 1202 761 diabolus,
1230 695 1283 750 in
1311 694 1464 749 nobis
1490 705 1574 748 est
1602 707 1671 747 ne
1699 691 1910 762 rapian-

327 800 415 847 tur
442 809 456 845 2
488 791 631 863 quod
673 792 717 846 si
746 791 949 847 semina
977 791 1262 854 siccentur,
1317 800 1428 843 non
1457 786 1509 840 id
1534 787 1602 842 ab
1628 794 1759 840 aestu
1794 782 1910 838 effi-

325 883 485 940 citur.
533 882 649 938 Non
694 882 837 938 0111111
882 881 1048 947 dixit,
1097 880 1223 935 Haec
1252 886 1469 950 propter
1504 885 1690 933 aestum
1732 876 1910 932 exsic-

326 982 446 1033 cata
483 985 629 1043 sunt,
647 974 763 1041 sed,
810 974 960 1042 Quod
990 974 1211 1027 radicem
1234 989 1335 1026 non
1361 970 1629 1026 habebant.
1659 970 1727 1024 Et
1749 969 1793 1022 si
1820 968 1910 1023 illa

326 1069 714 1138 praefocantur,
746 1081 857 1122 non
897 1076 927 1121 a
953 1067 1154 1137 spinis,
1204 1065 1299 1121 sed
1347 1064 1415 1118 ab
1447 1065 1510 1118 iis
1540 1062 1631 1132 qui
1678 1062 1774 1117 has
1795 1077 1914 1118 cre-

327 1176 480 1222 scere
517 1164 775 1220 siverunt.
804 1162 954 1218 Licet
1000 1162 1179 1228 enim,
1223 1160 1267 1216 si
1306 1159 1556 1225 volueris,
1587 1159 1687 1213 hoc
1713 1158 1912 1213 malum

326 1266 549 1326 germen
574 1253 852 1326 impedire,
878 1260 941 1308 ac
966 1252 1185 1316 divitiis,
1227 1261 1286 1307 ut
1325 1251 1499 1317 decet,
1527 1252 1624 1305 uti.
1657 1250 1785 1306 ideo
1806 1264 1915 1303 non

328 1348 481 1415 dixit,
512 1347 801 1412 Saeculum,
832 1346 949 1413 sed,
976 1343 1279 1400 Sollicitudo
1305 1344 1516 1410 swcafi;
1545 1354 1738 1414 neque,
1770 1340 1915 1398 Divi-

329 1439 439 1502 tim,
467 1437 585 1504 sed,
608 1435 844 1492 Fallacia
868 1437 1157 1491 divitiarum
1183 1432 1634 1505 (Matt/1.13.22).
1656 1430 1734 1489 Ne
1758 1434 1915 1503 igitur

331 1542 420 1586 res
441 1532 587 1600 ipsas
603 1528 901 1601 culpamus,
934 1528 1029 1584 sed
1049 1538 1355 1599 corruptam
1383 1529 1734 1583 voluntatem.
1769 1526 1917 1582 Licet

329 1623 475 1679 enim
506 1621 725 1677 divitem
757 1632 897 1684 esse,
922 1629 977 1677 et:
1001 1635 1109 1677 non
1138 1619 1311 1691 decipi
1343 1637 1357 1674 :
1391 1622 1442 1675 in
1471 1619 1573 1675 hoc
1599 1634 1717 1675 esse
1741 1633 1914 1675 sarcu-

330 1714 403 1778 lo,
436 1721 492 1770 et
518 1712 970 1769 sollicitudinibus
992 1724 1098 1768 non
1142 1710 1439 1782 praefocari.
1471 1712 1581 1767 Duo
1612 1712 1807 1782 quippe
1833 1710 1914 1765 vi;

334 1807 401 1860 tia
430 1805 570 1860 inter
592 1821 652 1861 se
681 1807 925 1875 opposita
955 1804 1008 1859 in
1027 1800 1229 1860 divitiis
1248 1812 1405 1871 sunt;
1429 1804 1592 1870 aliud,
1623 1804 1762 1874 quod
1790 1817 1914 1859 cru.

332 1897 439 1952 ciat
468 1905 522 1953 et
546 1892 791 1964 offuscat,
819 1906 904 1953 est
930 1897 1260 1964 sollicitudo;
1290 1898 1452 1964 aliud,
1481 1897 1624 1968 quod
1648 1898 1917 1952 molliores

333 1986 528 2049 reddit.
557 1996 683 2044 sunt
706 1986 932 2043 deliciae.
960 1987 1127 2042 Recte
1155 1996 1331 2043 autem
1353 1988 1507 2057 dixit,
1532 1987 1767 2042 Fallacia
1791 1987 1919 2043 divi:-

333 2072 537 2133 liai'um.
563 2072 753 2133 Omnia
775 2078 970 2149 quippe
987 2078 1037 2132 in
1061 2074 1257 2134 divitiis
1283 2078 1484 2135 fallacia
1515 2087 1672 2135 sunt:
1704 2079 1919 2134 nomina

333 2172 530 2242 quippe
582 2179 741 2236 sunt,
792 2184 899 2226 non
947 2171 1000 2226 in
1030 2172 1188 2228 rebus
1234 2174 1357 2229 sita.
1400 2174 1612 2229 Etenim
1655 2175 1916 2245 voluptas,

332 2262 522 2332 gloria,
546 2260 955 2332 pulchritudinis
971 2261 1226 2326 studium,
1250 2263 1550 2334 similiaque
1569 2265 1768 2331 omnia,
1799 2281 1922 2335 spe-

335 2354 445 2407 cies
471 2353 712 2423 qutedam
740 2362 797 2409 et
826 2353 1103 2423 phantasia
1149 2363 1295 2421 sunt,
1344 2372 1450 2411 non
1489 2372 1666 2412 rerum
1698 2359 1916 2413 veritas.

334 2445 470 2500 Cum
515 2460 643 2515 ergo
690 2445 946 2513 perniciei
990 2446 1179 2502 modos
1207 2447 1463 2515 dixisset,
1510 2448 1727 2503 demum
1772 2449 1921 2520 ponit

338 2545 535 2592 terram
565 2536 778 2602 bonam,
806 2553 913 2591 non
943 2537 1230 2606 desperare
1256 2539 1456 2604 sinens,
1487 2539 1579 2594 sed
1608 2554 1756 2608 Spem
1787 2541 1923 2594 dans

338 2627 688 2697 poenitentiae,
709 2627 1105 2697 ostendensque
1123 2643 1280 2697 posse
1297 2644 1326 2681 a
1348 2629 1667 2698 supradictis
1690 2629 1756 2684 ad
1779 2629 1920 2683 illam

335 2719 618 2775 transitum
652 2718 785 2775 fieri.
838 2720 997 2789 Atqui
1041 2718 1088 2774 si
1119 2731 1257 2774 terra
1314 2718 1449 2774 bona
1488 2729 1649 2776 estet
1690 2722 1922 2788 agricola

335 2826 499 2876 unus,
528 2810 839 2880 seminaque
872 2809 1080 2875 eadem,
1104 2825 1200 2865 cur
1219 2811 1362 2866 aliud
1384 2820 1620 2875 centum,
1648 2812 1790 2866 aliud
1832 2826 1920 2867 sc-

338 2905 556 2974 xaginta
578 2947 594 2971 ,
622 2902 766 2959 aliud
799 2904 1009 2974 triginta
1042 2904 1198 2959 tulit?
1226 2905 1319 2960 llic
1345 2919 1529 2960 rursus
1550 2921 1615 2961 ex
1645 2913 1801 2961 terrm
1829 2921 1922 2960 na-

338 3008 458 3051 tura
488 2994 775 3050 discrimen
804 3011 816 3047 :
847 3009 968 3048 nam
1013 2994 1099 3048 ubi
1132 2995 1269 3049 bona
1314 3004 1452 3049 terra
1481 3004 1596 3059 est,
1644 2996 1809 3050 multa
1853 2996 1922 3050 ibi

335 3086 660 3142 differentia.
689 3085 850 3140 Vides
881 3102 985 3140 non
1016 3086 1302 3156 agricolam
1330 3101 1450 3141 esse
1479 3101 1724 3153 causam,
1755 3102 1926 3155 neque

335 3178 547 3233 semina
569 3219 584 3244 ,
611 3177 707 3255 sed
742 3183 937 3231 terram
967 3176 1319 3246 excipientem
1342 3218 1356 3240 ,
1403 3192 1574 3245 neque
1604 3193 1668 3231 ex
1712 3186 1922 3240 natura,

337 3269 436 3324 sed
475 3284 539 3324 ex
570 3269 842 3323 voluntate
862 3267 1149 3322 discrimen
1180 3270 1408 3322 censeri.
1439 3269 1534 3323 llic
1560 3279 1739 3323 autem
1766 3270 1926 3322 multa

342 3361 440 3416 1)οἰ
465 3360 765 3431 benignitas
808 3359 1256 3429 deprehenditur,
1295 3360 1384 3429 qui
1427 3376 1528 3414 non
1557 3377 1715 3415 uuam
1767 3362 1930 3432 exigit

338 3455 553 3510 virtutis
575 3468 916 3516 mensuram;
950 3452 1045 3507 sed
1093 3453 1292 3522 primos
1321 3453 1549 3508 libenter
1586 3454 1810 3523 recipit,
1840 3471 1950 3509 se--

337 3548 546 3604 cuudos
572 3562 676 3601 non
702 3546 864 3614 cjicit,
902 3545 1071 3600 tertiis
1097 3545 1188 3599 dat
1213 3546 1409 3599 locum.
1435 3545 1559 3600 111100
1589 3562 1749 3616 porro
1780 3540 1927 3613 dicit,

339 3654 413 3694 110
451 3646 638 3708 putent
678 3637 711 3690 ii
756 3637 845 3706 qui
879 3636 1050 3705 ipsum
1079 3646 1394 3706 sequuntur,
1425 3638 1605 3692 auditu
1656 3648 1929 3708 exceptam

339 3729 643 3785 doctrinam
666 3727 733 3782 ad
754 3727 977 3782 salutem
1005 3743 1126 3783 esse
1149 3729 1297 3782 satis.
1327 3728 1433 3784 Sed
1460 3745 1575 3795 cur,
1607 3731 1796 3800 inquit,
1827 3747 1932 3785 non

339 3831 538 3877 01010111
569 3819 718 3890 ponit
742 3820 887 3886 vitia,
914 3829 969 3873 ut
990 3835 1272 3890 corporum
1301 3823 1809 3891 concupiscentiam,
1842 3839 1935 3877 va-

342 3929 469 3969 nam
515 3911 780 3983 gloriam?
806 3910 935 3968 Cum
964 3911 1159 3967 dixerit
1201 3913 1613 3970 sollicitudinem
1646 3915 1805 3986 hujus
1829 3933 1930 3971 sae-

340 4005 489 4071 culi,
521 4013 577 4060 et
603 4002 862 4059 fallaciam
888 4003 1212 4071 divitiarum,
1257 4006 1435 4060 omnia
1477 4007 1669 4075 posuit.
1718 4007 1850 4061 Nam
1882 4016 1937 4064 01

343 4112 482 4153 vana
505 4097 671 4168 gloria
699 4106 754 4151 et
797 4106 988 4151 caetera
1018 4096 1198 4150 omnia
1224 4105 1278 4151 et
1298 4096 1460 4164 hujus
1485 4098 1667 4152 saeculi
1696 4106 1855 4169 sunt,
1882 4109 1938 4155 et.

342 4191 413 4246 ad
439 4189 742 4245 divitiarum
761 4187 1021 4243 fallaciam
1046 4187 1222 4243 reduci
1251 4198 1489 4256 possunt;
1508 4189 1733 4260 exempli
1751 4206 1933 4260 causa,

342 4281 615 4350 voluptas,
634 4279 779 4350 gula,
806 4279 1025 4346 invidia,
1058 4294 1191 4333 vana
1215 4280 1403 4349 gloria,
1427 4291 1482 4335 et
1510 4281 1703 4336 similia
1733 4285 1934 4339 omnia.

343 4372 567 4430 Addidit
615 4379 794 4426 autem
823 4381 879 4427 01
904 4373 1047 4426 viam
1085 4380 1142 4426 et
1171 4382 1407 4441 petram,
1442 4381 1500 4426 ut
1544 4375 1791 4429 ostendat
1828 4392 1933 4430 non

342 4465 481 4521 satis
515 4478 638 4519 0550
664 4464 763 4518 sia
791 4463 1136 4533 pecuniarum
1171 4480 1353 4518 amore
1398 4473 1595 4519 tantum
1642 4482 1739 4521 nos
1777 4484 1937 4537 expe—

341 4557 557 4612 diamus
576 4571 592 4619 ;
620 4555 713 4610 sed
740 4566 964 4611 caeteras
983 4571 1195 4626 quoque
1212 4557 1433 4611 virtutes
1449 4559 1776 4614 exercendas
1792 4575 1934 4615 esse.

348 4646 491 4716 Quid
522 4646 663 4701 enim
693 4646 944 4716 prodest,
990 4648 1033 4702 si
1064 4647 1262 4702 divitiis
1293 4663 1397 4703 non
1423 4651 1626 4716 servis,
1657 4666 1823 4720 esque
1855 4661 1934 4706 ta-

342 4754 475 4795 men
501 4740 721 4810 ignavus
748 4748 803 4794 et
841 4739 1055 4794 mollis?
1078 4741 1223 4810 quid,
1256 4742 1302 4796 si
1341 4743 1561 4813 ignavus
1590 4759 1694 4799 non
1719 4747 1790 4798 sis
1819 4745 1937 4815 qui-

340 4832 509 4898 dem,
554 4831 651 4887 sed
689 4831 870 4903 segnis
899 4833 966 4887 ad
1002 4832 1300 4888 doctrinam
1349 4835 1707 4891 audiendam?
1754 4837 1937 4906 Neque

341 4924 494 4979 enim
517 4922 730 4978 illorum
761 4940 927 4978 unum
954 4925 1082 4978 satis
1102 4935 1184 4979 est
1204 4926 1268 4980 ad
1294 4927 1554 4992 salutem;
1582 4928 1674 4983 sed
1705 4944 1837 4997 Opus
1858 4937 1940 4984 est

345 5014 527 5086 primo
555 5014 807 5070 audiendi
834 5013 1141 5083 sedulitate,
1163 5015 1356 5072 deinde
1377 5016 1487 5088 jugi
1507 5019 1786 5086 memoria,
1817 5019 1939 5075 hinc

342 5107 472 5163 forti
500 5107 702 5173 animo,
732 5106 1036 5163 divitiarum
1079 5124 1288 5163 necnon
1320 5110 1657 5166 Stecularium
1699 5114 1936 5166 omnium

347 5209 686 5270 contemptu.
712 5199 836 5256 Ideo
865 5201 1006 5256 enim
1033 5201 1278 5256 audiendi
1309 5202 1540 5257 studium
1572 5204 1742 5271 primo
1771 5206 1935 5273 ponit,

341 5290 648 5362 deindeque
677 5300 891 5358 01010111,
912 5293 1032 5362 quia
1055 5292 1156 5346 hoc
1187 5293 1356 5361 primo
1382 5304 1463 5348 est
1483 5309 1615 5363 opus
1648 5296 1936 5367 (Quomodo

342 5385 482 5439 enim
502 5384 724 5450 credent,
754 5385 854 5439 nisi
878 5386 1091 5438 audiant
1126 5383 1301 5458 [Rom.
1333 5386 1418 5441 10.
1451 5385 1576 5458 illi]?
1604 5398 1661 5440 ttt
1689 5403 1787 5441 nos
1808 5403 1939 5456 quo-

343 5492 456 5546 que
503 5477 605 5532 nisi
635 5476 792 5532 dictis
821 5476 1159 5533 attendamus
1185 5517 1200 5541 ,
1250 5493 1354 5532 non
1387 5481 1679 5547 poterimus
1718 5495 1779 5534 ea
1820 5495 1938 5549 quae

344 5569 558 5638 agenda
609 5578 735 5624 sunt
785 5569 1065 5641 ediscere)
1100 5568 1339 5625 :deinde
1383 5571 1541 5624 animi
1575 5570 1937 5626 fortitudinem

344 5660 500 5731 ponit
523 5670 579 5716 et
605 5676 782 5715 rerum
810 5661 1155 5731 prmsentium
1181 5672 1567 5730 contemptum.
1591 5662 1717 5717 11ωο
1760 5662 1939 5733 itaque

344 5751 651 5820 audientes,
671 5768 768 5807 1105
783 5754 1016 5824 undique
1036 5755 1337 5808 muniamus
1360 5770 1373 5806 :
1404 5754 1558 5809 dictis
1578 5755 1935 5823 attendentes,

344 5848 536 5900 tirmas
564 5845 835 5901 mittentes
853 5847 1079 5913 radices,
1106 5846 1553 5916 smcttlaribnsqne
1571 5848 1819 5902 omnibus
1842 5865 1938 5902 nos

338 5938 719 6006 expedientes.
743 5936 799 5993 Si
831 5947 1005 5994 autem
1029 5938 1126 5993 alia
1155 5937 1366 6007 quidem
1400 5937 1673 6004 faciamus,
1702 5940 1802 5993 alia
1836 5955 1931 5995 ne-

1274 490 1337 546 IN
1368 487 1778 546 MATTH/EUM
1818 484 2044 540 llOMiL.
2090 486 2269 541 XLIV.
2314 488 2383 543 al.
2425 487 2585 543 XLV.

3500 498 3603 551 47ft

2016 597 2295 667 gligamus,
2348 600 2477 654 nihil
2531 600 2685 657 nobis
2711 602 2970 670 conferet,
2999 617 3061 659 ac
3089 604 3131 657 si
3160 616 3266 659 non
3294 605 3423 674 hoc,
3456 621 3604 665 certe

2014 689 2182 745 altero
2208 692 2366 747 modo
2391 692 2698 762 peribimus.
2719 694 2859 762 Quid
2889 696 3031 752 enim
3080 692 3275 763 refert,
3319 704 3497 754 utrum
3536 701 3607 757 ob

2015 784 2263 851 divitias,
2318 794 2496 842 utrum
2542 787 2611 842 ob
2637 788 2916 858 segnitiem
2939 831 2952 852 ,
2982 798 3161 844 utrum
3213 790 3283 845 ob
3326 793 3605 848 mollitiem

2018 894 2230 949 pessum
2282 881 2501 937 camus?
2554 880 2685 937 Nam
2741 885 2972 953 agricola
3013 900 3164 955 at'qne
3195 886 3339 956 luget
3389 888 3431 942 si
3471 887 3603 950 hcc.

2017 986 2170 1042 atque
2199 972 2243 1026 si
2268 973 2361 1029 illo
2389 973 2555 1028 modo
2572 988 2753 1030 semen
2786 976 2990 1045 perdat.
3015 975 3092 1032 Ne
3121 977 3298 1047 itaque
3327 978 3468 1048 quod
3494 992 3601 1034 non

2019 1074 2115 1131 per
2138 1074 2327 1118 omnes
2351 1064 2540 1119 modos
2569 1076 2778 1135 pereas,
2812 1065 2935 1120 hinc
2963 1068 3381 1123 cenSoiationcm
3406 1069 3604 1124 admit-

2021 1163 2121 1221 tas,
2153 1156 2248 1211 sed
2274 1168 2609 1227 quocumque
2644 1159 2856 1213 tandem
2900 1159 3060 1214 unedo
3090 1174 3298 1229 pereas,
3328 1161 3467 1231 lnge.
3490 1160 3609 1230 Spi-

2019 1262 2115 1303 nas
2144 1249 2520 1305 comburamus
2546 1291 2560 1314 ,
2591 1262 2710 1320 qua:
2743 1250 2967 1305 verbum
2994 1250 3274 1307 sufferant.
3312 1252 3367 1307 Id
3412 1260 3609 1307 norunt

2020 1340 2229 1405 divites,
2258 1338 2349 1409 qui
2378 1354 2547 1411 neque
2577 1342 2643 1394 ad
2668 1342 2798 1402 11100,
2828 1354 2999 1412 neque
3028 1342 3095 1397 ad
3122 1343 3225 1397 alia
3264 1352 3389 1398 sunt
3430 1345 3606 1399 utiles.

2020 1428 2171 1487 Servi
2213 1447 2443 1502 namque
2491 1440 2546 1487 01
2573 1434 2769 1502 captivi
2801 1435 3161 1503 voluptatum,
3218 1448 3285 1490 ne
3330 1435 3396 1490 ad
3433 1436 3611 1490 civilia

2020 1524 2233 1594 quidem
2280 1524 2487 1594 negotia
2517 1534 2638 1579 sunt
2671 1527 2860 1590 utiles;
2906 1526 2951 1581 si
2996 1541 3105 1581 non
3146 1527 3213 1582 ad
3264 1528 3389 1592 illa,
3440 1527 3611 1582 multo

2021 1617 2197 1670 minus
2237 1614 2305 1670 ad
2344 1616 2595 1670 0111105110.
2630 1617 2837 1686 Duplex
2867 1618 3008 1672 enim
3054 1618 3218 1688 pestis
3257 1618 3608 1689 cogitationes

2021 1723 2208 1763 eorum
2241 1709 2481 1774 invadit,
2511 1709 2821 1765 deliciarum
2867 1711 3071 1767 scilicet
3109 1721 3161 1766 et
3191 1712 3562 1766 sollicitudinis
3595 1730 3606 1766 :

2021 1812 2249 1870 quorum
2287 1801 2493 1871 singula
2539 1811 2760 1871 possunt
2805 1802 3056 1872 scapham
3106 1802 3439 1873 demergere.
3479 1801 3609 1857 Cum

2022 1903 2199 1949 autem
2224 1895 2383 1949 ambo
2407 1902 2755 1961 concurrunt,
2778 1896 2951 1967 cogita
2981 1906 3177 1966 quanta
3204 1898 3274 1951 sit
3302 1906 3608 1965 tempestas.

2094 1986 2146 2041 5.
2182 1986 2631 2042 Ciborumdeficia:
2659 1988 3069 2059 τιμάων-9110111111,
3097 1994 3272 2059 utpote
3314 1986 3613 2058 corporibus

2023 2086 2069 2132 et
2115 2078 2297 2133 animis
2325 2079 2782 2134 exitiosae—Nee
2826 2079 3037 2134 mireris
3078 2079 3123 2134 si
3161 2078 3383 2135 delicias
3430 2079 3612 2148 spinas

2026 2182 2197 2228 vocet.
2231 2173 2310 2228 Tu
2362 2173 2526 2239 enim,
2557 2172 2675 2243 quia
2709 2171 2810 2227 hoc
2830 2171 2961 2229 vitio
2982 2171 3162 2227 0111105
3191 2186 3269 2237 05,
3294 2171 3344 2226 id
3378 2172 3608 2241 ignoras:

2024 2267 2112 2337 qui
2157 2282 2286 2322 vero
2337 2266 2453 2321 sani
2504 2274 2648 2331 sunt,
2682 2272 2881 2321 norunt
2921 2278 3013 2321 eas
3054 2265 3419 2320 vehementius
3456 2280 3613 2333 quant

2025 2358 2205 2427 spinas
2230 2372 2496 2427 pungere:
2529 2357 2734 2411 deliciae
2758 2356 2873 2426 plus
2898 2370 3057 2426 quam
3078 2355 3467 2410 Sollicitudines
3487 2356 3604 2406 ani-

2024 2463 2165 2503 mam
2191 2446 2532 2510 labefaciunt,
2561 2447 2938 2516 gravioresque
2969 2456 3023 2500 et
3066 2445 3277 2509 corpori
3325 2453 3379 2498 et
3422 2444 3613 2496 aninne

2028 2541 2243 2611 pariunt
2269 2540 2503 2594 dolores.
2532 2539 2716 2609 Neque
2740 2538 2882 2593 enim
2916 2537 3035 2607 quis
3061 2537 3132 2591 ita
3156 2537 3423 2591 sauciatur
3448 2551 3611 2599 enrts,

2028 2643 2087 2688 01
2116 2636 2378 2688 satietate.
2433 2632 2657 2699 Quando
2686 2632 2827 2686 enim
2858 2632 2978 2701 quis
3007 2640 3061 2685 et
3099 2645 3290 2685 somno
3338 2629 3572 2699 privatus
3597 2671 3611 2693 ,

2028 2743 2092 2782 ac
2121 2725 2313 2795 capitis
2346 2734 2753 2795 temporumque
2782 2724 3117 2794 (egritudine,
3151 2734 3206 2778 et
3226 2722 3492 2777 viscerum
3517 2721 3615 2775 do-

2031 2821 2228 2875 loribus
2249 2819 2510 2873 distentus
2541 2817 2719 2881 fuerit,
2743 2817 2915 2887 cogita
2937 2824 3064 2886 quot
3084 2815 3250 2885 spinis
3279 2815 3390 2868 hinc
3412 2815 3617 2884 gravio-

2030 2926 2087 2965 ra
2114 2910 2238 2963 sint.
2274 2909 2350 2963 Ac
2377 2905 2824 2976 quemadmodum
2854 2906 3023 2974 spinae
3044 2920 3377 2975 quacumque
3406 2919 3473 2958 ex
3504 2919 3617 2972 par-

2038 3009 2089 3054 10
2117 3001 2418 3069 capiantur,
2449 3013 2637 3053 manus
2667 3006 2943 3052 (ruentam
2971 3014 2985 3050 :
3015 2998 3093 3051 sic
3118 3006 3171 3051 et
3196 2995 3403 3050 delicia:
3434 2995 3618 3064 pedes,

2032 3108 2243 3158 manus,
2266 3098 2446 3159 caput,
2477 3090 2682 3157 oculos,
2707 3098 2762 3144 et
2787 3090 2964 3143 omnia
2998 3089 3210 3142 demum
3235 3087 3473 3142 membra
3502 3105 3621 3155 pes-

2033 3184 2302 3250 sumdant,
2344 3184 2557 3253 illmque
2616 3182 2779 3238 arid:e
2831 3182 3285 3250 infructuOsmque
3314 3189 3437 3235 sunt
3481 3180 3619 3235 sicut

2034 3276 2224 3344 spina},
2255 3284 2309 3329 et
2339 3275 2509 3344 magis
2536 3290 2692 3344 quam
2725 3273 2829 3327 illa:
2860 3282 3052 3327 nocent
3079 3273 3129 3327 in
3156 3273 3460 3342 prmcipuis.
3486 3272 3617 3326 Nant

2034 3376 2087 3420 01
2107 3374 2433 3420 501100101οη1
2461 3374 2585 3419 ante
2617 3374 2826 3434 tempus
2858 3364 3129 3427 inducunt,
3166 3378 3359 3418 sensus
3383 3364 3621 3432 sopiunt,

2034 3458 2413 3525 cogitationem
2442 3456 2677 3511 tenebris
2703 3454 2984 3509 offundunt
3010 3496 3023 3517 ,
3065 3464 3299 3509 mentem
3346 3462 3502 3508 acute
3547 3457 3624 3507 vi-

2037 3536 2249 3596 dentem
2280 3549 2573 3608 exemerint,
2601 3541 2876 3595 flaccidtttu
2909 3555 3104 3609 corpus
3127 3539 3369 3594 efficiunt
3390 3581 3404 3606 ,
3458 3542 3625 3608 majo-

2038 3650 2149 3690 rem
2173 3643 2466 3688 stercorunt
2495 3634 2701 3702 copiam
2732 3636 3067 3697 recondunt,
3127 3632 3263 3686 maia
3293 3640 3585 3702 congerunt
3610 3673 3624 3696 ,

2040 3731 2210 3801 majus
2236 3744 2371 3783 onus
2393 3737 2446 3782 et
2471 3728 2680 3799 pondus
2711 3727 2942 3782 faciunt:
2994 3727 3118 3782 hinc
3140 3726 3440 3795 frequentes
3471 3742 3627 3781 Casus

2038 3832 2091 3878 01
2116 3821 2304 3885 ruinae,
2337 3819 2499 3874 multa
2524 3818 2958 3886 nattfragia.Cttr,
2988 3834 3190 3887 qna-su,
3221 3832 3414 3885 corpus
3437 3817 3627 3885 impin-

2039 3900 2169 3985 guas
2189 3914 2213 3966 ?
2242 3915 2327 3967 Att
2350 3921 2399 3968 te
2427 3911 2752 3966 immolaturi
2777 3912 3001 3966 sumus?
3028 3925 3094 3964 an
3125 3911 3175 3964 in
3206 3926 3383 3965 mensa
3417 3912 3627 3978 apposi-

2041 4003 2865 4072 1011⁸1Ανο51-0010101ρί080115;
2916 4002 3024 4056 imo
3088 4018 3156 4056 ne
3194 4017 3324 4056 aves
3375 4002 3628 4071 quidem:

2040 4115 2162 4155 cum
2200 4099 2342 4154 enim
2400 4098 2623 4167 pingues
2675 4104 2835 4160 sunt,
2888 4094 2955 4150 ad
3002 4110 3189 4150 sanum
3232 4094 3423 4150 edendi
3476 4110 3628 4149 usum

2040 4202 2165 4246 50111
2185 4189 2417 4245 inutiles.
2451 4187 2679 4243 Tantum
2713 4187 2912 4242 malum
2963 4194 3046 4241 est
3098 4187 3338 4242 ciborum
3387 4187 3632 4256 voluptas

2042 4284 2227 4349 nimia,
2257 4291 2315 4336 ut
2336 4281 2494 4335 etiam
2524 4281 2575 4334 in
2605 4280 2774 4335 brutis
2799 4280 3100 4350 perniciosa
3134 4279 3222 4334 sit.
3252 4278 3381 4332 Nam
3428 4279 3516 4332 illa
3543 4294 3632 4330 sa-

2043 4377 2257 4431 turitate
2286 4374 2447 4428 nimia
2487 4381 2541 4426 et
2561 4371 2661 4426 sibi
2691 4380 2745 4426 et
2767 4371 2921 4426 nobis
2968 4371 3170 4425 inutilia
3202 4370 3482 4425 efficimus.
3534 4370 3633 4426 Su-

2045 4466 2370 4536 perfluitatcs
2418 4466 2613 4535 quippe
2654 4462 2952 4534 indigestae,
2982 4473 3035 4518 et
3057 4463 3272 4518 humida
3297 4465 3521 4533 putredo
3566 4463 3635 4517 ah

2044 4557 2129 4611 illa
2157 4556 2327 4610 oritur
2366 4554 2703 4626 pinguedine.
2744 4536 2874 4622 Qua:
2926 4569 3052 4609 vero
3095 4554 3343 4609 animalia
3400 4571 3505 4609 non
3562 4555 3633 4607 ita

2043 4648 2280 4715 aluntur,
2313 4647 2407 4702 sed
2437 4648 2588 4717 quasi
2629 4647 2875 4718 jejunant
2901 4656 2956 4703 et
2987 4648 3247 4710 laborant.
3290 4648 3374 4701 illa
3419 4658 3563 4702 certe
3582 4658 3636 4702 et

2042 4740 2141 4794 sibi
2171 4748 2228 4794 et
2253 4739 2371 4793 aliis
2394 4738 2671 4793 utilissima
2700 4747 2842 4803 sunt,
2877 4747 2985 4792 tum
3032 4738 3097 4791 ad
3144 4738 3345 4805 cibum,
3374 4770 3387 4775 —
3407 4749 3514 4793 tum
3567 4738 3634 4793 ad

2041 4831 2143 4884 alia
2170 4830 2347 4884 omnia
2385 4847 2398 4883 :
2437 4831 2632 4899 quique
2675 4829 2739 4883 iis
2784 4839 3068 4884 vescuntur
3092 4870 3111 4897 ,ι
3149 4830 3381 4884 firmiore
3408 4831 3637 4898 gaudent

2043 4921 2367 4982 valetudine;
2406 4922 2494 4990 qui
2521 4930 2698 4974 autem
2744 4920 3130 4989 pinguioribus,
3154 4920 3283 4990 ipsis
3317 4922 3521 4976 similes
3552 4922 3629 4976 fa-

2043 5015 2136 5079 cti,
2171 4995 2433 5068 tardiores
2467 5025 2607 5077 sunt,
2644 5015 2858 5079 infirmi,
2909 5015 3149 5085 duroque
3195 5017 3408 5071 vinculo
3465 5018 3630 5087 ligati.

2044 5107 2180 5161 Nihil
2207 5109 2348 5162 enim
2392 5108 2464 5161 ita
2508 5107 2718 5176 corpori
2758 5109 2975 5162 noxium
3009 5117 3067 5163 ut
3095 5109 3333 5163 ciborum
3384 5111 3625 5165 delicio:

2044 5201 2174 5255 nihil
2206 5201 2276 5254 ita
2328 5200 2527 5269 rumpit
2561 5209 2616 5253 et
2640 5200 2816 5253 obruit
2845 5201 3050 5268 ipsum,
3104 5208 3162 5255 ut
3191 5202 3469 5271 inglttvies.
3513 5201 3636 5255 Ideo

2046 5292 2168 5347 hinc
2193 5293 2422 5346 maxime
2463 5291 2676 5345 illorum
2722 5292 2998 5346 stultitiam
3044 5294 3163 5362 quis
3211 5297 3452 5357 tniretur,
3495 5297 3635 5362 quod

2045 5402 2149 5439 non
2172 5385 2275 5439 sibi
2308 5392 2527 5453 parcant
2555 5395 2609 5437 ut
2633 5385 2810 5438 0101011
2842 5385 3067 5439 utribus.
3095 5386 3225 5439 Nam
3251 5387 3337 5455 qui
3366 5388 3483 5439 vina
3511 5403 3639 5440 vcn-

2048 5477 2199 5540 dunt,
2232 5475 2419 5529 nolunt
2443 5476 2566 5545 plus
2586 5490 2741 5544 atque
2763 5476 3151 5545 utresimpiere
3175 5519 3191 5543 ,
3237 5493 3303 5532 ne
3339 5489 3587 5546 rtnnpant
3621 5495 3633 5532 :

2046 5571 2098 5624 hi
2118 5585 2243 5623 vero
2258 5567 2513 5623 miserum
2536 5578 2798 5635 ventrem,
2830 5585 2896 5623 ne
2922 5568 3019 5622 11110
3045 5569 3255 5638 quidem
3273 5585 3399 5625 cura
3419 5570 3635 5640 dignum

2044 5670 2292 5727 censent;
2321 5661 2413 5715 sed
2442 5672 2720 5731 postquam
2753 5663 2901 5718 illum
2929 5664 3437 5736 impleveriutatquc
3463 5681 3638 5735 rupe—

2044 5759 2173 5821 rint,
2195 5770 2359 5824 usque
2381 5754 2446 5807 ad
2474 5769 2652 5819 aures,
2675 5770 2851 5821 nares,
2878 5758 3053 5811 fauces
3075 5758 3198 5811 vino
3220 5758 3449 5827 replent,
3466 5758 3639 5828 dupli-

2045 5863 2160 5901 cem
2192 5846 2311 5899 hinc
2336 5846 2601 5913 parientes
2621 5849 2937 5914 angustiam.
2959 5856 3013 5902 et
3033 5849 3263 5917 Spiritui,
3283 5860 3335 5903 et
3354 5851 3402 5904 vi
3427 5850 3499 5903 ilii
3519 5866 3637 5919 qua:

2055 5937 2251 5993 animal
2284 5947 2448 5994 totum
2478 5938 2813 5993 moderatur.
2836 5941 2911 5994 An
2948 5939 3064 5994 ideo
3105 5942 3194 5996 tibi
3236 5952 3414 6011 guttur
3456 5943 3635 5998 datum
