  <div class='ocr_page' id='page_1' title='image "/cluster/home/n/w/nwhite01/storage/ocr_20150623/57:no.7:pt.1/coo.31924054869577/399.png"; bbox 0 0 4118 6338; ppageno 0'>
   <div class='ocr_carea' id='block_1_1' title="bbox 524 374 3076 445">
    <p class='ocr_par' dir='ltr' id='par_1_1' title="bbox 524 374 3076 445">
     <span class='ocr_line' id='line_1_1' title="bbox 524 374 3076 445; baseline 0.006 -17"><span class='ocrx_word' id='word_1_1' title='bbox 524 374 617 428; x_wconf 71' lang='grc' dir='ltr'><strong>Ιιτι</strong></span> <span class='ocrx_word' id='word_1_2' title='bbox 1268 385 1323 441; x_wconf 90' lang='lat' dir='ltr'><strong>S.</strong></span> <span class='ocrx_word' id='word_1_3' title='bbox 1364 381 1640 439; x_wconf 69' lang='lat' dir='ltr'><strong>JOANNIS</strong></span> <span class='ocrx_word' id='word_1_4' title='bbox 1679 378 2149 438; x_wconf 60' lang='lat' dir='ltr'><strong>Clll‘tYSOS’l‘OMI</strong></span> <span class='ocrx_word' id='word_1_5' title='bbox 2190 381 2500 440; x_wconf 79' lang='lat' dir='ltr'><strong>ARCHIEP.</strong></span> <span class='ocrx_word' id='word_1_6' title='bbox 2543 384 3076 445; x_wconf 80' lang='lat' dir='ltr'><strong>CONSTANTINOP.</strong></span> 
     </span>
    </p>
   </div>
   <div class='ocr_carea' id='block_1_2' title="bbox 516 495 2106 574">
    <p class='ocr_par' dir='ltr' id='par_1_2' title="bbox 516 495 2106 574">
     <span class='ocr_line' id='line_1_2' title="bbox 516 495 2106 574; baseline -0.01 -13"><span class='ocrx_word' id='word_1_7' title='bbox 516 516 619 572; x_wconf 78' lang='lat' dir='ltr'><strong>est,</strong></span> <span class='ocrx_word' id='word_1_8' title='bbox 661 521 718 558; x_wconf 82' lang='lat' dir='ltr'><strong>Ut</strong></span> <span class='ocrx_word' id='word_1_9' title='bbox 747 518 913 574; x_wconf 83' lang='lat' dir='ltr'><strong>usque</strong></span> <span class='ocrx_word' id='word_1_10' title='bbox 942 499 1005 553; x_wconf 82' lang='lat' dir='ltr'><strong>ad</strong></span> <span class='ocrx_word' id='word_1_11' title='bbox 1034 514 1094 554; x_wconf 89' lang='lat' dir='ltr'><strong>os</strong></span> <span class='ocrx_word' id='word_1_12' title='bbox 1143 496 1275 552; x_wconf 86' lang='lat' dir='ltr'><strong>illud</strong></span> <span class='ocrx_word' id='word_1_13' title='bbox 1299 498 1422 551; x_wconf 90' lang='lat' dir='ltr'><strong>vino</strong></span> <span class='ocrx_word' id='word_1_14' title='bbox 1449 497 1675 567; x_wconf 80' lang='lat' dir='ltr'><strong>aliisque</strong></span> <span class='ocrx_word' id='word_1_15' title='bbox 1699 495 1966 565; x_wconf 77' lang='lat' dir='ltr'><strong>corruptis</strong></span> <span class='ocrx_word' id='word_1_16' title='bbox 1994 508 2106 547; x_wconf 83' lang='lat' dir='ltr'><strong>ma-</strong></span> 
     </span>
    </p>
   </div>
   <div class='ocr_carea' id='block_1_3' title="bbox 522 584 2111 666">
    <p class='ocr_par' dir='ltr' id='par_1_3' title="bbox 522 584 2111 666">
     <span class='ocr_line' id='line_1_3' title="bbox 522 584 2111 666; baseline -0.01 -11"><span class='ocrx_word' id='word_1_17' title='bbox 522 600 676 655; x_wconf 88' lang='lat' dir='ltr'><strong>teriis</strong></span> <span class='ocrx_word' id='word_1_18' title='bbox 724 594 978 666; x_wconf 85' lang='lat' dir='ltr'><strong>replcas?</strong></span> <span class='ocrx_word' id='word_1_19' title='bbox 1027 591 1145 647; x_wconf 78' lang='lat' dir='ltr'><strong>Non</strong></span> <span class='ocrx_word' id='word_1_20' title='bbox 1196 589 1319 646; x_wconf 90' lang='lat' dir='ltr'><strong>ideo</strong></span> <span class='ocrx_word' id='word_1_21' title='bbox 1348 587 1528 646; x_wconf 87' lang='lat' dir='ltr'><strong>datum</strong></span> <span class='ocrx_word' id='word_1_22' title='bbox 1574 598 1696 653; x_wconf 86' lang='lat' dir='ltr'><strong>est,</strong></span> <span class='ocrx_word' id='word_1_23' title='bbox 1727 602 1759 641; x_wconf 96' lang='lat' dir='ltr'><strong>o</strong></span> <span class='ocrx_word' id='word_1_24' title='bbox 1788 587 1949 641; x_wconf 87' lang='lat' dir='ltr'><strong>homo</strong></span> <span class='ocrx_word' id='word_1_25' title='bbox 1973 628 1985 650; x_wconf 94' lang='lat'><strong>,</strong></span> <span class='ocrx_word' id='word_1_26' title='bbox 2017 584 2111 641; x_wconf 91' lang='lat' dir='ltr'><strong>sed</strong></span> 
     </span>
    </p>
   </div>
   <div class='ocr_carea' id='block_1_4' title="bbox 524 679 2113 764">
    <p class='ocr_par' dir='ltr' id='par_1_4' title="bbox 524 679 2113 764">
     <span class='ocr_line' id='line_1_4' title="bbox 524 679 2113 764; baseline -0.007 -21"><span class='ocrx_word' id='word_1_27' title='bbox 524 692 789 764; x_wconf 55' lang='lat' dir='ltr'><strong>pra‘eipue</strong></span> <span class='ocrx_word' id='word_1_28' title='bbox 815 699 870 743; x_wconf 91' lang='lat' dir='ltr'><strong>ut</strong></span> <span class='ocrx_word' id='word_1_29' title='bbox 896 688 1004 742; x_wconf 86' lang='lat' dir='ltr'><strong>Deo</strong></span> <span class='ocrx_word' id='word_1_30' title='bbox 1024 700 1204 750; x_wconf 87' lang='lat' dir='ltr'><strong>canas,</strong></span> <span class='ocrx_word' id='word_1_31' title='bbox 1253 692 1307 740; x_wconf 90' lang='lat' dir='ltr'><strong>et</strong></span> <span class='ocrx_word' id='word_1_32' title='bbox 1332 697 1513 739; x_wconf 86' lang='lat' dir='ltr'><strong>sacras</strong></span> <span class='ocrx_word' id='word_1_33' title='bbox 1545 696 1733 752; x_wconf 85' lang='lat' dir='ltr'><strong>preces</strong></span> <span class='ocrx_word' id='word_1_34' title='bbox 1759 681 1969 735; x_wconf 86' lang='lat' dir='ltr'><strong>emittas</strong></span> <span class='ocrx_word' id='word_1_35' title='bbox 1994 721 2007 742; x_wconf 91' lang='lat'><strong>,</strong></span> <span class='ocrx_word' id='word_1_36' title='bbox 2038 679 2113 732; x_wconf 84' lang='lat' dir='ltr'><strong>le-</strong></span> 
     </span>
    </p>
   </div>
   <div class='ocr_carea' id='block_1_5' title="bbox 526 774 2107 855">
    <p class='ocr_par' dir='ltr' id='par_1_5' title="bbox 526 774 2107 855">
     <span class='ocr_line' id='line_1_5' title="bbox 526 774 2107 855; baseline -0.007 -16"><span class='ocrx_word' id='word_1_37' title='bbox 526 801 619 855; x_wconf 82' lang='lat' dir='ltr'><strong>ges</strong></span> <span class='ocrx_word' id='word_1_38' title='bbox 647 784 854 838; x_wconf 86' lang='lat' dir='ltr'><strong>divinas</strong></span> <span class='ocrx_word' id='word_1_39' title='bbox 874 781 1039 850; x_wconf 80' lang='lat' dir='ltr'><strong>legas,</strong></span> <span class='ocrx_word' id='word_1_40' title='bbox 1073 777 1401 848; x_wconf 89' lang='lat' dir='ltr'><strong>consiliaque</strong></span> <span class='ocrx_word' id='word_1_41' title='bbox 1422 775 1516 830; x_wconf 90' lang='lat' dir='ltr'><strong>des</strong></span> <span class='ocrx_word' id='word_1_42' title='bbox 1541 774 1784 843; x_wconf 81' lang='lat' dir='ltr'><strong>proximo</strong></span> <span class='ocrx_word' id='word_1_43' title='bbox 1811 774 2107 843; x_wconf 78' lang='lat' dir='ltr'><strong>profutura.</strong></span> 
     </span>
    </p>
   </div>
   <div class='ocr_carea' id='block_1_6' title="bbox 524 866 2111 943">
    <p class='ocr_par' dir='ltr' id='par_1_6' title="bbox 524 866 2111 943">
     <span class='ocr_line' id='line_1_6' title="bbox 524 866 2111 943; baseline -0.009 -10"><span class='ocrx_word' id='word_1_44' title='bbox 524 878 603 934; x_wconf 88' lang='lat' dir='ltr'><strong>Tu</strong></span> <span class='ocrx_word' id='word_1_45' title='bbox 636 891 761 931; x_wconf 83' lang='lat' dir='ltr'><strong>vero</strong></span> <span class='ocrx_word' id='word_1_46' title='bbox 797 874 944 943; x_wconf 80' lang='lat' dir='ltr'><strong>quasi</strong></span> <span class='ocrx_word' id='word_1_47' title='bbox 992 873 1080 927; x_wconf 92' lang='lat' dir='ltr'><strong>illa</strong></span> <span class='ocrx_word' id='word_1_48' title='bbox 1110 879 1314 925; x_wconf 87' lang='lat' dir='ltr'><strong>tantum</strong></span> <span class='ocrx_word' id='word_1_49' title='bbox 1341 868 1407 923; x_wconf 93' lang='lat' dir='ltr'><strong>de</strong></span> <span class='ocrx_word' id='word_1_50' title='bbox 1434 883 1593 921; x_wconf 90' lang='lat' dir='ltr'><strong>causa</strong></span> <span class='ocrx_word' id='word_1_51' title='bbox 1621 866 1799 921; x_wconf 89' lang='lat' dir='ltr'><strong>datum</strong></span> <span class='ocrx_word' id='word_1_52' title='bbox 1830 874 2008 930; x_wconf 91' lang='lat' dir='ltr'><strong>esset,</strong></span> <span class='ocrx_word' id='word_1_53' title='bbox 2044 881 2111 918; x_wconf 91' lang='lat' dir='ltr'><strong>ne</strong></span> 
     </span>
    </p>
   </div>
   <div class='ocr_carea' id='block_1_7' title="bbox 522 957 2108 1036">
    <p class='ocr_par' dir='ltr' id='par_1_7' title="bbox 522 957 2108 1036">
     <span class='ocr_line' id='line_1_7' title="bbox 522 957 2108 1036; baseline -0.009 -14"><span class='ocrx_word' id='word_1_54' title='bbox 522 968 803 1023; x_wconf 87' lang='lat' dir='ltr'><strong>minimum</strong></span> <span class='ocrx_word' id='word_1_55' title='bbox 852 962 1069 1036; x_wconf 84' lang='lat' dir='ltr'><strong>quidem</strong></span> <span class='ocrx_word' id='word_1_56' title='bbox 1123 961 1257 1016; x_wconf 83' lang='lat' dir='ltr'><strong>sinis</strong></span> <span class='ocrx_word' id='word_1_57' title='bbox 1312 961 1482 1029; x_wconf 86' lang='lat' dir='ltr'><strong>ipsum</strong></span> <span class='ocrx_word' id='word_1_58' title='bbox 1508 957 2108 1012; x_wconf 88' lang='lat' dir='ltr'><strong>ministeriosacroser-</strong></span> 
     </span>
    </p>
   </div>
   <div class='ocr_carea' id='block_1_8' title="bbox 522 1047 2108 1127">
    <p class='ocr_par' dir='ltr' id='par_1_8' title="bbox 522 1047 2108 1127">
     <span class='ocr_line' id='line_1_8' title="bbox 522 1047 2108 1127; baseline -0.008 -12"><span class='ocrx_word' id='word_1_59' title='bbox 522 1061 659 1127; x_wconf 85' lang='lat' dir='ltr'><strong>virc,</strong></span> <span class='ocrx_word' id='word_1_60' title='bbox 693 1059 787 1114; x_wconf 72' lang='lat' dir='ltr'><strong>Sed</strong></span> <span class='ocrx_word' id='word_1_61' title='bbox 815 1065 979 1111; x_wconf 89' lang='lat' dir='ltr'><strong>totam</strong></span> <span class='ocrx_word' id='word_1_62' title='bbox 1008 1054 1169 1109; x_wconf 86' lang='lat' dir='ltr'><strong>vitam</strong></span> <span class='ocrx_word' id='word_1_63' title='bbox 1202 1054 1326 1107; x_wconf 88' lang='lat' dir='ltr'><strong>huic</strong></span> <span class='ocrx_word' id='word_1_64' title='bbox 1359 1051 1605 1121; x_wconf 67' lang='lat' dir='ltr'><strong>pessima:</strong></span> <span class='ocrx_word' id='word_1_65' title='bbox 1632 1049 1877 1106; x_wconf 88' lang='lat' dir='ltr'><strong>servituti</strong></span> <span class='ocrx_word' id='word_1_66' title='bbox 1924 1047 2108 1102; x_wconf 89' lang='lat' dir='ltr'><strong>tradis.</strong></span> 
     </span>
    </p>
   </div>
   <div class='ocr_carea' id='block_1_9' title="bbox 522 1138 2110 1220">
    <p class='ocr_par' dir='ltr' id='par_1_9' title="bbox 522 1138 2110 1220">
     <span class='ocr_line' id='line_1_9' title="bbox 522 1138 2110 1220; baseline -0.008 -15"><span class='ocrx_word' id='word_1_67' title='bbox 522 1153 598 1206; x_wconf 84' lang='lat' dir='ltr'><strong>Ac</strong></span> <span class='ocrx_word' id='word_1_68' title='bbox 651 1145 1101 1220; x_wconf 81' lang='lat' dir='ltr'><strong>quemadmodum</strong></span> <span class='ocrx_word' id='word_1_69' title='bbox 1132 1145 1177 1199; x_wconf 89' lang='lat' dir='ltr'><strong>si</strong></span> <span class='ocrx_word' id='word_1_70' title='bbox 1224 1144 1343 1213; x_wconf 88' lang='lat' dir='ltr'><strong>quis</strong></span> <span class='ocrx_word' id='word_1_71' title='bbox 1373 1141 1630 1197; x_wconf 84' lang='lat' dir='ltr'><strong>citharam</strong></span> <span class='ocrx_word' id='word_1_72' title='bbox 1676 1154 1896 1195; x_wconf 89' lang='lat' dir='ltr'><strong>sumens</strong></span> <span class='ocrx_word' id='word_1_73' title='bbox 1930 1138 2110 1194; x_wconf 82' lang='lat' dir='ltr'><strong>aureis</strong></span> 
     </span>
    </p>
   </div>
   <div class='ocr_carea' id='block_1_10' title="bbox 521 1232 2110 1309">
    <p class='ocr_par' dir='ltr' id='par_1_10' title="bbox 521 1232 2110 1309">
     <span class='ocr_line' id='line_1_10' title="bbox 521 1232 2110 1309; baseline -0.008 -12"><span class='ocrx_word' id='word_1_74' title='bbox 521 1242 716 1297; x_wconf 83' lang='lat' dir='ltr'><strong>fidibus</strong></span> <span class='ocrx_word' id='word_1_75' title='bbox 763 1246 1090 1309; x_wconf 81' lang='lat' dir='ltr'><strong>compactam</strong></span> <span class='ocrx_word' id='word_1_76' title='bbox 1118 1280 1133 1305; x_wconf 93' lang='lat'><strong>,</strong></span> <span class='ocrx_word' id='word_1_77' title='bbox 1175 1251 1237 1291; x_wconf 87' lang='lat' dir='ltr'><strong>ac</strong></span> <span class='ocrx_word' id='word_1_78' title='bbox 1281 1234 1500 1305; x_wconf 86' lang='lat' dir='ltr'><strong>pulchre</strong></span> <span class='ocrx_word' id='word_1_79' title='bbox 1556 1232 1961 1298; x_wconf 90' lang='lat' dir='ltr'><strong>concinnatam,</strong></span> <span class='ocrx_word' id='word_1_80' title='bbox 2002 1246 2110 1285; x_wconf 90' lang='lat' dir='ltr'><strong>non</strong></span> 
     </span>
    </p>
   </div>
   <div class='ocr_carea' id='block_1_11' title="bbox 521 1322 2110 1397">
    <p class='ocr_par' dir='ltr' id='par_1_11' title="bbox 521 1322 2110 1397">
     <span class='ocr_line' id='line_1_11' title="bbox 521 1322 2110 1397; baseline -0.006 -11"><span class='ocrx_word' id='word_1_81' title='bbox 521 1336 584 1386; x_wconf 81' lang='lat' dir='ltr'><strong>ad</strong></span> <span class='ocrx_word' id='word_1_82' title='bbox 616 1334 827 1387; x_wconf 82' lang='lat' dir='ltr'><strong>dulcem</strong></span> <span class='ocrx_word' id='word_1_83' title='bbox 856 1330 1275 1386; x_wconf 78' lang='lat' dir='ltr'><strong>modulationem</strong></span> <span class='ocrx_word' id='word_1_84' title='bbox 1307 1327 1561 1397; x_wconf 83' lang='lat' dir='ltr'><strong>pulsaret,</strong></span> <span class='ocrx_word' id='word_1_85' title='bbox 1604 1324 1697 1379; x_wconf 88' lang='lat' dir='ltr'><strong>sed</strong></span> <span class='ocrx_word' id='word_1_86' title='bbox 1727 1323 1851 1377; x_wconf 85' lang='lat' dir='ltr'><strong>limo</strong></span> <span class='ocrx_word' id='word_1_87' title='bbox 1879 1322 2110 1392; x_wconf 88' lang='lat' dir='ltr'><strong>repleret</strong></span> 
     </span>
    </p>
   </div>
   <div class='ocr_carea' id='block_1_12' title="bbox 519 1415 2106 1479">
    <p class='ocr_par' dir='ltr' id='par_1_12' title="bbox 519 1415 2106 1479">
     <span class='ocr_line' id='line_1_12' title="bbox 519 1415 2106 1479; baseline -0.008 0"><span class='ocrx_word' id='word_1_88' title='bbox 519 1440 582 1479; x_wconf 92' lang='lat' dir='ltr'><strong>ac</strong></span> <span class='ocrx_word' id='word_1_89' title='bbox 605 1427 717 1479; x_wconf 91' lang='lat' dir='ltr'><strong>luto</strong></span> <span class='ocrx_word' id='word_1_90' title='bbox 757 1441 770 1477; x_wconf 92' lang='lat'>:</span> <span class='ocrx_word' id='word_1_91' title='bbox 824 1424 901 1478; x_wconf 90' lang='lat' dir='ltr'><strong>sic</strong></span> <span class='ocrx_word' id='word_1_92' title='bbox 931 1431 985 1477; x_wconf 92' lang='lat' dir='ltr'><strong>et</strong></span> <span class='ocrx_word' id='word_1_93' title='bbox 1026 1421 1076 1474; x_wconf 93' lang='lat' dir='ltr'><strong>hi</strong></span> <span class='ocrx_word' id='word_1_94' title='bbox 1109 1420 1330 1475; x_wconf 87' lang='lat' dir='ltr'><strong>faciunt.</strong></span> <span class='ocrx_word' id='word_1_95' title='bbox 1368 1417 1574 1477; x_wconf 86' lang='lat' dir='ltr'><strong>Fimum</strong></span> <span class='ocrx_word' id='word_1_96' title='bbox 1604 1430 1739 1469; x_wconf 90' lang='lat' dir='ltr'><strong>voco</strong></span> <span class='ocrx_word' id='word_1_97' title='bbox 1766 1431 1873 1469; x_wconf 90' lang='lat' dir='ltr'><strong>non</strong></span> <span class='ocrx_word' id='word_1_98' title='bbox 1896 1415 2071 1469; x_wconf 86' lang='lat' dir='ltr'><strong>cibum</strong></span> <span class='ocrx_word' id='word_1_99' title='bbox 2092 1455 2106 1479; x_wconf 94' lang='lat'><strong>,</strong></span> 
     </span>
    </p>
   </div>
   <div class='ocr_carea' id='block_1_13' title="bbox 521 1506 2109 1582">
    <p class='ocr_par' dir='ltr' id='par_1_13' title="bbox 521 1506 2109 1582">
     <span class='ocr_line' id='line_1_13' title="bbox 521 1506 2109 1582; baseline -0.009 -9"><span class='ocrx_word' id='word_1_100' title='bbox 521 1518 615 1573; x_wconf 88' lang='lat' dir='ltr'><strong>scd</strong></span> <span class='ocrx_word' id='word_1_101' title='bbox 647 1517 868 1572; x_wconf 84' lang='lat' dir='ltr'><strong>delicias</strong></span> <span class='ocrx_word' id='word_1_102' title='bbox 889 1558 903 1582; x_wconf 93' lang='lat'><strong>,</strong></span> <span class='ocrx_word' id='word_1_103' title='bbox 952 1522 1007 1570; x_wconf 90' lang='lat' dir='ltr'><strong>et</strong></span> <span class='ocrx_word' id='word_1_104' title='bbox 1036 1514 1183 1569; x_wconf 83' lang='lat' dir='ltr'><strong>illam</strong></span> <span class='ocrx_word' id='word_1_105' title='bbox 1215 1520 1415 1566; x_wconf 87' lang='lat' dir='ltr'><strong>tantam</strong></span> <span class='ocrx_word' id='word_1_106' title='bbox 1448 1508 1935 1578; x_wconf 86' lang='lat' dir='ltr'><strong>intemperantiam.</strong></span> <span class='ocrx_word' id='word_1_107' title='bbox 1978 1506 2109 1560; x_wconf 84' lang='lat' dir='ltr'><strong>Nam</strong></span> 
     </span>
    </p>
   </div>
   <div class='ocr_carea' id='block_1_14' title="bbox 520 1598 2106 1681">
    <p class='ocr_par' dir='ltr' id='par_1_14' title="bbox 520 1598 2106 1681">
     <span class='ocr_line' id='line_1_14' title="bbox 520 1598 2106 1681; baseline -0.008 -17"><span class='ocrx_word' id='word_1_108' title='bbox 520 1611 659 1681; x_wconf 84' lang='lat' dir='ltr'><strong>quod</strong></span> <span class='ocrx_word' id='word_1_109' title='bbox 691 1618 839 1665; x_wconf 81' lang='lat' dir='ltr'><strong>extra</strong></span> <span class='ocrx_word' id='word_1_110' title='bbox 869 1608 1242 1662; x_wconf 86' lang='lat' dir='ltr'><strong>necessitatem</strong></span> <span class='ocrx_word' id='word_1_111' title='bbox 1267 1613 1370 1669; x_wconf 87' lang='lat' dir='ltr'><strong>est,</strong></span> <span class='ocrx_word' id='word_1_112' title='bbox 1399 1617 1503 1656; x_wconf 92' lang='lat' dir='ltr'><strong>non</strong></span> <span class='ocrx_word' id='word_1_113' title='bbox 1534 1601 1705 1666; x_wconf 85' lang='lat' dir='ltr'><strong>cibus,</strong></span> <span class='ocrx_word' id='word_1_114' title='bbox 1739 1598 1830 1653; x_wconf 91' lang='lat' dir='ltr'><strong>sed</strong></span> <span class='ocrx_word' id='word_1_115' title='bbox 1861 1600 1975 1654; x_wconf 89' lang='lat' dir='ltr'><strong>lues</strong></span> <span class='ocrx_word' id='word_1_116' title='bbox 2005 1607 2106 1652; x_wconf 78' lang='lat' dir='ltr'><strong>est.</strong></span> 
     </span>
    </p>
   </div>
   <div class='ocr_carea' id='block_1_15' title="bbox 521 1693 2107 1766">
    <p class='ocr_par' dir='ltr' id='par_1_15' title="bbox 521 1693 2107 1766">
     <span class='ocr_line' id='line_1_15' title="bbox 521 1693 2107 1766; baseline -0.005 -11"><span class='ocrx_word' id='word_1_117' title='bbox 521 1707 719 1760; x_wconf 65' lang='lat' dir='ltr'><strong>Venter</strong></span> <span class='ocrx_word' id='word_1_118' title='bbox 745 1703 888 1759; x_wconf 91' lang='lat' dir='ltr'><strong>enim</strong></span> <span class='ocrx_word' id='word_1_119' title='bbox 915 1702 982 1757; x_wconf 88' lang='lat' dir='ltr'><strong>ad</strong></span> <span class='ocrx_word' id='word_1_120' title='bbox 1007 1702 1260 1757; x_wconf 88' lang='lat' dir='ltr'><strong>alimenta</strong></span> <span class='ocrx_word' id='word_1_121' title='bbox 1288 1699 1459 1752; x_wconf 87' lang='lat' dir='ltr'><strong>solum</strong></span> <span class='ocrx_word' id='word_1_122' title='bbox 1486 1693 1794 1766; x_wconf 84' lang='lat' dir='ltr'><strong>accipienda</strong></span> <span class='ocrx_word' id='word_1_123' title='bbox 1818 1693 1973 1748; x_wconf 86' lang='lat' dir='ltr'><strong>datus</strong></span> <span class='ocrx_word' id='word_1_124' title='bbox 1995 1703 2107 1758; x_wconf 87' lang='lat' dir='ltr'><strong>est;</strong></span> 
     </span>
    </p>
   </div>
   <div class='ocr_carea' id='block_1_16' title="bbox 528 1787 2112 1864">
    <p class='ocr_par' dir='ltr' id='par_1_16' title="bbox 528 1787 2112 1864">
     <span class='ocr_line' id='line_1_16' title="bbox 528 1787 2112 1864; baseline -0.008 -10"><span class='ocrx_word' id='word_1_125' title='bbox 528 1816 589 1854; x_wconf 86' lang='lat' dir='ltr'><strong>os</strong></span> <span class='ocrx_word' id='word_1_126' title='bbox 625 1808 680 1853; x_wconf 92' lang='lat' dir='ltr'><strong>ct</strong></span> <span class='ocrx_word' id='word_1_127' title='bbox 721 1799 902 1853; x_wconf 78' lang='lat' dir='ltr'><strong>fauces</strong></span> <span class='ocrx_word' id='word_1_128' title='bbox 929 1807 983 1851; x_wconf 90' lang='lat' dir='ltr'><strong>et</strong></span> <span class='ocrx_word' id='word_1_129' title='bbox 1028 1795 1203 1864; x_wconf 86' lang='lat' dir='ltr'><strong>lingua</strong></span> <span class='ocrx_word' id='word_1_130' title='bbox 1228 1805 1276 1848; x_wconf 87' lang='lat' dir='ltr'><strong>et</strong></span> <span class='ocrx_word' id='word_1_131' title='bbox 1298 1792 1361 1846; x_wconf 89' lang='lat' dir='ltr'><strong>ad</strong></span> <span class='ocrx_word' id='word_1_132' title='bbox 1387 1791 1487 1845; x_wconf 88' lang='lat' dir='ltr'><strong>hoc</strong></span> <span class='ocrx_word' id='word_1_133' title='bbox 1516 1800 1568 1845; x_wconf 93' lang='lat' dir='ltr'><strong>et</strong></span> <span class='ocrx_word' id='word_1_134' title='bbox 1596 1789 1660 1843; x_wconf 87' lang='lat' dir='ltr'><strong>ad</strong></span> <span class='ocrx_word' id='word_1_135' title='bbox 1695 1788 1797 1842; x_wconf 89' lang='lat' dir='ltr'><strong>alia</strong></span> <span class='ocrx_word' id='word_1_136' title='bbox 1827 1787 1911 1842; x_wconf 88' lang='lat' dir='ltr'><strong>his</strong></span> <span class='ocrx_word' id='word_1_137' title='bbox 1942 1788 2112 1858; x_wconf 80' lang='lat' dir='ltr'><strong>magis</strong></span> 
     </span>
    </p>
   </div>
   <div class='ocr_carea' id='block_1_17' title="bbox 520 1873 2109 1957">
    <p class='ocr_par' dir='ltr' id='par_1_17' title="bbox 520 1873 2109 1957">
     <span class='ocr_line' id='line_1_17' title="bbox 520 1873 2109 1957; baseline -0.009 -10"><span class='ocrx_word' id='word_1_138' title='bbox 520 1891 855 1948; x_wconf 86' lang='lat' dir='ltr'><strong>necessaria:</strong></span> <span class='ocrx_word' id='word_1_139' title='bbox 889 1888 1162 1957; x_wconf 89' lang='lat' dir='ltr'><strong>multoque</strong></span> <span class='ocrx_word' id='word_1_140' title='bbox 1194 1873 1373 1955; x_wconf 73' lang='lat' dir='ltr'><strong>&#39;magis</strong></span> <span class='ocrx_word' id='word_1_141' title='bbox 1396 1898 1567 1953; x_wconf 90' lang='lat' dir='ltr'><strong>neque</strong></span> <span class='ocrx_word' id='word_1_142' title='bbox 1612 1889 1797 1936; x_wconf 79' lang='lat' dir='ltr'><strong>venter</strong></span> <span class='ocrx_word' id='word_1_143' title='bbox 1840 1879 1908 1934; x_wconf 90' lang='lat' dir='ltr'><strong>ad</strong></span> <span class='ocrx_word' id='word_1_144' title='bbox 1956 1879 2109 1934; x_wconf 91' lang='lat' dir='ltr'><strong>cibos</strong></span> 
     </span>
    </p>
   </div>
   <div class='ocr_carea' id='block_1_18' title="bbox 519 1975 2105 2054">
    <p class='ocr_par' dir='ltr' id='par_1_18' title="bbox 519 1975 2105 2054">
     <span class='ocr_line' id='line_1_18' title="bbox 519 1975 2105 2054; baseline -0.007 -15"><span class='ocrx_word' id='word_1_145' title='bbox 519 1985 756 2054; x_wconf 83' lang='lat' dir='ltr'><strong>quolibet</strong></span> <span class='ocrx_word' id='word_1_146' title='bbox 797 1981 957 2037; x_wconf 89' lang='lat' dir='ltr'><strong>modo</strong></span> <span class='ocrx_word' id='word_1_147' title='bbox 977 1979 1354 2049; x_wconf 85' lang='lat' dir='ltr'><strong>excipiendos,</strong></span> <span class='ocrx_word' id='word_1_148' title='bbox 1400 1976 1494 2031; x_wconf 90' lang='lat' dir='ltr'><strong>sed</strong></span> <span class='ocrx_word' id='word_1_149' title='bbox 1543 1975 1847 2030; x_wconf 89' lang='lat' dir='ltr'><strong>moderatos</strong></span> <span class='ocrx_word' id='word_1_150' title='bbox 1878 1982 2105 2029; x_wconf 88' lang='lat' dir='ltr'><strong>tantum.</strong></span> 
     </span>
    </p>
   </div>
   <div class='ocr_carea' id='block_1_19' title="bbox 521 2068 2106 2147">
    <p class='ocr_par' dir='ltr' id='par_1_19' title="bbox 521 2068 2106 2147">
     <span class='ocr_line' id='line_1_19' title="bbox 521 2068 2106 2147; baseline -0.007 -15"><span class='ocrx_word' id='word_1_151' title='bbox 521 2079 683 2147; x_wconf 78' lang='lat' dir='ltr'><strong>quue</strong></span> <span class='ocrx_word' id='word_1_152' title='bbox 709 2077 945 2133; x_wconf 78' lang='lat' dir='ltr'><strong>ostendit</strong></span> <span class='ocrx_word' id='word_1_153' title='bbox 973 2077 1111 2145; x_wconf 88' lang='lat' dir='ltr'><strong>ipse,</strong></span> <span class='ocrx_word' id='word_1_154' title='bbox 1144 2072 1269 2127; x_wconf 92' lang='lat' dir='ltr'><strong>dum</strong></span> <span class='ocrx_word' id='word_1_155' title='bbox 1302 2071 1447 2125; x_wconf 91' lang='lat' dir='ltr'><strong>mille</strong></span> <span class='ocrx_word' id='word_1_156' title='bbox 1476 2068 1649 2125; x_wconf 82' lang='lat' dir='ltr'><strong>modis</strong></span> <span class='ocrx_word' id='word_1_157' title='bbox 1677 2069 1873 2124; x_wconf 89' lang='lat' dir='ltr'><strong>clamat</strong></span> <span class='ocrx_word' id='word_1_158' title='bbox 1895 2110 1910 2133; x_wconf 88' lang='lat'><strong>,</strong></span> <span class='ocrx_word' id='word_1_159' title='bbox 1935 2083 2106 2138; x_wconf 87' lang='lat' dir='ltr'><strong>quan-</strong></span> 
     </span>
    </p>
   </div>
   <div class='ocr_carea' id='block_1_20' title="bbox 520 2162 2111 2239">
    <p class='ocr_par' dir='ltr' id='par_1_20' title="bbox 520 2162 2111 2239">
     <span class='ocr_line' id='line_1_20' title="bbox 520 2162 2111 2239; baseline -0.008 -14"><span class='ocrx_word' id='word_1_160' title='bbox 520 2172 587 2226; x_wconf 83' lang='lat' dir='ltr'><strong>do</strong></span> <span class='ocrx_word' id='word_1_161' title='bbox 625 2170 725 2239; x_wconf 76' lang='lat' dir='ltr'><strong>ipsi</strong></span> <span class='ocrx_word' id='word_1_162' title='bbox 782 2184 875 2239; x_wconf 88' lang='lat' dir='ltr'><strong>per</strong></span> <span class='ocrx_word' id='word_1_163' title='bbox 923 2168 1059 2222; x_wconf 88' lang='lat' dir='ltr'><strong>hanc</strong></span> <span class='ocrx_word' id='word_1_164' title='bbox 1111 2163 1326 2219; x_wconf 87' lang='lat' dir='ltr'><strong>nimiam</strong></span> <span class='ocrx_word' id='word_1_165' title='bbox 1374 2162 1581 2231; x_wconf 85' lang='lat' dir='ltr'><strong>c0piam</strong></span> <span class='ocrx_word' id='word_1_166' title='bbox 1609 2174 1896 2225; x_wconf 87' lang='lat' dir='ltr'><strong>uocemus;</strong></span> <span class='ocrx_word' id='word_1_167' title='bbox 1939 2174 2111 2229; x_wconf 86' lang='lat' dir='ltr'><strong>neque</strong></span> 
     </span>
    </p>
   </div>
   <div class='ocr_carea' id='block_1_21' title="bbox 3706 400 3811 454">
    <p class='ocr_par' dir='ltr' id='par_1_21' title="bbox 3706 400 3811 454">
     <span class='ocr_line' id='line_1_21' title="bbox 3706 400 3811 454; baseline 0.01 -1"><span class='ocrx_word' id='word_1_168' title='bbox 3706 400 3811 454; x_wconf 65' lang='grc' dir='ltr'><strong>4η</strong></span> 
     </span>
    </p>
   </div>
   <div class='ocr_carea' id='block_1_22' title="bbox 2223 499 3807 580">
    <p class='ocr_par' dir='ltr' id='par_1_22' title="bbox 2223 499 3807 580">
     <span class='ocr_line' id='line_1_22' title="bbox 2223 499 3807 580; baseline 0.01 -28"><span class='ocrx_word' id='word_1_169' title='bbox 2223 499 2416 552; x_wconf 64' lang='lat' dir='ltr'><strong>clamat</strong></span> <span class='ocrx_word' id='word_1_170' title='bbox 2438 499 2637 568; x_wconf 89' lang='lat' dir='ltr'><strong>solum,</strong></span> <span class='ocrx_word' id='word_1_171' title='bbox 2671 501 2765 557; x_wconf 90' lang='lat' dir='ltr'><strong>sed</strong></span> <span class='ocrx_word' id='word_1_172' title='bbox 2792 503 2952 559; x_wconf 87' lang='lat' dir='ltr'><strong>etiam</strong></span> <span class='ocrx_word' id='word_1_173' title='bbox 2981 504 3032 558; x_wconf 91' lang='lat' dir='ltr'><strong>id</strong></span> <span class='ocrx_word' id='word_1_174' title='bbox 3057 504 3205 574; x_wconf 90' lang='lat' dir='ltr'><strong>quasi</strong></span> <span class='ocrx_word' id='word_1_175' title='bbox 3225 505 3477 577; x_wconf 89' lang='lat' dir='ltr'><strong>injuriam</strong></span> <span class='ocrx_word' id='word_1_176' title='bbox 3512 510 3807 580; x_wconf 73' lang='lat' dir='ltr'><strong>ulciscitur,</strong></span> 
     </span>
    </p>
   </div>
   <div class='ocr_carea' id='block_1_23' title="bbox 2215 596 3805 674">
    <p class='ocr_par' dir='ltr' id='par_1_23' title="bbox 2215 596 3805 674">
     <span class='ocr_line' id='line_1_23' title="bbox 2215 596 3805 674; baseline 0.01 -30"><span class='ocrx_word' id='word_1_177' title='bbox 2215 599 2590 663; x_wconf 77' lang='lat' dir='ltr'><strong>extremasque</strong></span> <span class='ocrx_word' id='word_1_178' title='bbox 2637 596 2869 665; x_wconf 86' lang='lat' dir='ltr'><strong>reposcit</strong></span> <span class='ocrx_word' id='word_1_179' title='bbox 2921 611 3125 666; x_wconf 87' lang='lat' dir='ltr'><strong>poenas.</strong></span> <span class='ocrx_word' id='word_1_180' title='bbox 3161 598 3340 653; x_wconf 87' lang='lat' dir='ltr'><strong>Primo</strong></span> <span class='ocrx_word' id='word_1_181' title='bbox 3389 601 3555 670; x_wconf 85' lang='lat' dir='ltr'><strong>pedes</strong></span> <span class='ocrx_word' id='word_1_182' title='bbox 3607 607 3805 674; x_wconf 87' lang='lat' dir='ltr'><strong>punit,</strong></span> 
     </span>
    </p>
   </div>
   <div class='ocr_carea' id='block_1_24' title="bbox 2216 682 3809 760">
    <p class='ocr_par' dir='ltr' id='par_1_24' title="bbox 2216 682 3809 760">
     <span class='ocr_line' id='line_1_24' title="bbox 2216 682 3809 760; baseline 0.011 -27"><span class='ocrx_word' id='word_1_183' title='bbox 2216 682 2305 752; x_wconf 88' lang='lat' dir='ltr'><strong>qui</strong></span> <span class='ocrx_word' id='word_1_184' title='bbox 2336 698 2433 737; x_wconf 89' lang='lat' dir='ltr'><strong>nos</strong></span> <span class='ocrx_word' id='word_1_185' title='bbox 2457 683 2525 737; x_wconf 89' lang='lat' dir='ltr'><strong>ad</strong></span> <span class='ocrx_word' id='word_1_186' title='bbox 2573 685 2689 739; x_wconf 90' lang='lat' dir='ltr'><strong>illas</strong></span> <span class='ocrx_word' id='word_1_187' title='bbox 2730 687 2991 759; x_wconf 86' lang='lat' dir='ltr'><strong>pessimas</strong></span> <span class='ocrx_word' id='word_1_188' title='bbox 3042 688 3329 759; x_wconf 86' lang='lat' dir='ltr'><strong>deportant</strong></span> <span class='ocrx_word' id='word_1_189' title='bbox 3365 693 3584 760; x_wconf 87' lang='lat' dir='ltr'><strong>epulas:</strong></span> <span class='ocrx_word' id='word_1_190' title='bbox 3612 694 3809 751; x_wconf 85' lang='lat' dir='ltr'><strong>deinde</strong></span> 
     </span>
    </p>
   </div>
   <div class='ocr_carea' id='block_1_25' title="bbox 2218 778 3806 849">
    <p class='ocr_par' dir='ltr' id='par_1_25' title="bbox 2218 778 3806 849">
     <span class='ocr_line' id='line_1_25' title="bbox 2218 778 3806 849; baseline 0.008 -20"><span class='ocrx_word' id='word_1_191' title='bbox 2218 791 2409 831; x_wconf 88' lang='lat' dir='ltr'><strong>manus</strong></span> <span class='ocrx_word' id='word_1_192' title='bbox 2434 778 2582 849; x_wconf 81' lang='lat' dir='ltr'><strong>ligat,</strong></span> <span class='ocrx_word' id='word_1_193' title='bbox 2609 779 2751 849; x_wconf 88' lang='lat' dir='ltr'><strong>quod</strong></span> <span class='ocrx_word' id='word_1_194' title='bbox 2775 788 2849 835; x_wconf 91' lang='lat' dir='ltr'><strong>tot</strong></span> <span class='ocrx_word' id='word_1_195' title='bbox 2879 788 3104 837; x_wconf 80' lang='lat' dir='ltr'><strong>ettanta</strong></span> <span class='ocrx_word' id='word_1_196' title='bbox 3124 783 3430 840; x_wconf 85' lang='lat' dir='ltr'><strong>ministrent</strong></span> <span class='ocrx_word' id='word_1_197' title='bbox 3454 802 3466 838; x_wconf 92' lang='lat'>:</span> <span class='ocrx_word' id='word_1_198' title='bbox 3518 786 3806 842; x_wconf 86' lang='lat' dir='ltr'><strong>multorum</strong></span> 
     </span>
    </p>
   </div>
   <div class='ocr_carea' id='block_1_26' title="bbox 2216 869 3805 945">
    <p class='ocr_par' dir='ltr' id='par_1_26' title="bbox 2216 869 3805 945">
     <span class='ocr_line' id='line_1_26' title="bbox 2216 869 3805 945; baseline 0.009 -24"><span class='ocrx_word' id='word_1_199' title='bbox 2216 870 2376 922; x_wconf 86' lang='lat' dir='ltr'><strong>etiam</strong></span> <span class='ocrx_word' id='word_1_200' title='bbox 2405 883 2466 923; x_wconf 88' lang='lat' dir='ltr'><strong>os</strong></span> <span class='ocrx_word' id='word_1_201' title='bbox 2494 869 2779 926; x_wconf 89' lang='lat' dir='ltr'><strong>distortum</strong></span> <span class='ocrx_word' id='word_1_202' title='bbox 2812 871 2945 936; x_wconf 90' lang='lat' dir='ltr'><strong>fuit,</strong></span> <span class='ocrx_word' id='word_1_203' title='bbox 2995 872 3135 927; x_wconf 87' lang='lat' dir='ltr'><strong>oculi</strong></span> <span class='ocrx_word' id='word_1_204' title='bbox 3176 884 3231 929; x_wconf 91' lang='lat' dir='ltr'><strong>et</strong></span> <span class='ocrx_word' id='word_1_205' title='bbox 3261 885 3423 945; x_wconf 86' lang='lat' dir='ltr'><strong>caput</strong></span> <span class='ocrx_word' id='word_1_206' title='bbox 3464 876 3805 936; x_wconf 87' lang='lat' dir='ltr'><strong>laborarunt.</strong></span> 
     </span>
    </p>
   </div>
   <div class='ocr_carea' id='block_1_27' title="bbox 2216 959 3808 1037">
    <p class='ocr_par' dir='ltr' id='par_1_27' title="bbox 2216 959 3808 1037">
     <span class='ocr_line' id='line_1_27' title="bbox 2216 959 3808 1037; baseline 0.006 -24"><span class='ocrx_word' id='word_1_207' title='bbox 2216 960 2295 1014; x_wconf 86' lang='lat' dir='ltr'><strong>Ac</strong></span> <span class='ocrx_word' id='word_1_208' title='bbox 2323 959 2482 1015; x_wconf 84' lang='lat' dir='ltr'><strong>veluti</strong></span> <span class='ocrx_word' id='word_1_209' title='bbox 2511 976 2716 1029; x_wconf 88' lang='lat' dir='ltr'><strong>servus,</strong></span> <span class='ocrx_word' id='word_1_210' title='bbox 2744 978 2865 1017; x_wconf 91' lang='lat' dir='ltr'><strong>cum</strong></span> <span class='ocrx_word' id='word_1_211' title='bbox 2887 964 3011 1034; x_wconf 90' lang='lat' dir='ltr'><strong>quid</strong></span> <span class='ocrx_word' id='word_1_212' title='bbox 3032 964 3174 1019; x_wconf 82' lang='lat' dir='ltr'><strong>vires</strong></span> <span class='ocrx_word' id='word_1_213' title='bbox 3195 965 3462 1021; x_wconf 80' lang='lat' dir='ltr'><strong>excedens</strong></span> <span class='ocrx_word' id='word_1_214' title='bbox 3485 981 3645 1037; x_wconf 76' lang='lat' dir='ltr'><strong>agere</strong></span> <span class='ocrx_word' id='word_1_215' title='bbox 3666 983 3808 1037; x_wconf 70' lang='lat' dir='ltr'><strong>prte-</strong></span> 
     </span>
    </p>
   </div>
   <div class='ocr_carea' id='block_1_28' title="bbox 2216 1050 3805 1125">
    <p class='ocr_par' dir='ltr' id='par_1_28' title="bbox 2216 1050 3805 1125">
     <span class='ocr_line' id='line_1_28' title="bbox 2216 1050 3805 1125; baseline 0.007 -23"><span class='ocrx_word' id='word_1_216' title='bbox 2216 1050 2429 1120; x_wconf 77' lang='lat' dir='ltr'><strong>ripitur,</strong></span> <span class='ocrx_word' id='word_1_217' title='bbox 2464 1051 2715 1108; x_wconf 83' lang='lat' dir='ltr'><strong>efferatus</strong></span> <span class='ocrx_word' id='word_1_218' title='bbox 2745 1069 3143 1124; x_wconf 85' lang='lat' dir='ltr'><strong>nonnumquam</strong></span> <span class='ocrx_word' id='word_1_219' title='bbox 3174 1056 3455 1125; x_wconf 86' lang='lat' dir='ltr'><strong>imperanti</strong></span> <span class='ocrx_word' id='word_1_220' title='bbox 3501 1058 3805 1113; x_wconf 86' lang='lat' dir='ltr'><strong>maledicit:</strong></span> 
     </span>
    </p>
   </div>
   <div class='ocr_carea' id='block_1_29' title="bbox 2216 1144 3799 1216">
    <p class='ocr_par' dir='ltr' id='par_1_29' title="bbox 2216 1144 3799 1216">
     <span class='ocr_line' id='line_1_29' title="bbox 2216 1144 3799 1216; baseline 0.006 -19"><span class='ocrx_word' id='word_1_221' title='bbox 2216 1144 2294 1200; x_wconf 90' lang='lat' dir='ltr'><strong>sic</strong></span> <span class='ocrx_word' id='word_1_222' title='bbox 2308 1153 2362 1203; x_wconf 86' lang='lat' dir='ltr'><strong>et</strong></span> <span class='ocrx_word' id='word_1_223' title='bbox 2390 1152 2575 1200; x_wconf 88' lang='lat' dir='ltr'><strong>venter</strong></span> <span class='ocrx_word' id='word_1_224' title='bbox 2598 1146 2702 1200; x_wconf 89' lang='lat' dir='ltr'><strong>vim</strong></span> <span class='ocrx_word' id='word_1_225' title='bbox 2736 1162 2941 1216; x_wconf 89' lang='lat' dir='ltr'><strong>passus,</strong></span> <span class='ocrx_word' id='word_1_226' title='bbox 2973 1162 3092 1203; x_wconf 92' lang='lat' dir='ltr'><strong>cum</strong></span> <span class='ocrx_word' id='word_1_227' title='bbox 3117 1147 3199 1202; x_wconf 90' lang='lat' dir='ltr'><strong>bis</strong></span> <span class='ocrx_word' id='word_1_228' title='bbox 3230 1148 3485 1204; x_wconf 87' lang='lat' dir='ltr'><strong>membris</strong></span> <span class='ocrx_word' id='word_1_229' title='bbox 3509 1151 3673 1205; x_wconf 88' lang='lat' dir='ltr'><strong>etiam</strong></span> <span class='ocrx_word' id='word_1_230' title='bbox 3701 1166 3799 1206; x_wconf 85' lang='lat' dir='ltr'><strong>ce-</strong></span> 
     </span>
    </p>
   </div>
   <div class='ocr_carea' id='block_1_30' title="bbox 2216 1233 3809 1311">
    <p class='ocr_par' dir='ltr' id='par_1_30' title="bbox 2216 1233 3809 1311">
     <span class='ocr_line' id='line_1_30' title="bbox 2216 1233 3809 1311; baseline 0.004 -22"><span class='ocrx_word' id='word_1_231' title='bbox 2216 1233 2432 1289; x_wconf 87' lang='lat' dir='ltr'><strong>rebrum</strong></span> <span class='ocrx_word' id='word_1_232' title='bbox 2464 1250 2608 1305; x_wconf 74' lang='lat' dir='ltr'><strong>smpe</strong></span> <span class='ocrx_word' id='word_1_233' title='bbox 2638 1235 2926 1292; x_wconf 88' lang='lat' dir='ltr'><strong>labefactat</strong></span> <span class='ocrx_word' id='word_1_234' title='bbox 2964 1248 3020 1293; x_wconf 92' lang='lat' dir='ltr'><strong>et</strong></span> <span class='ocrx_word' id='word_1_235' title='bbox 3066 1237 3260 1308; x_wconf 87' lang='lat' dir='ltr'><strong>perdit.</strong></span> <span class='ocrx_word' id='word_1_236' title='bbox 3306 1238 3561 1309; x_wconf 89' lang='lat' dir='ltr'><strong>Deusque</strong></span> <span class='ocrx_word' id='word_1_237' title='bbox 3603 1241 3809 1311; x_wconf 83' lang='lat' dir='ltr'><strong>Optime</strong></span> 
     </span>
    </p>
   </div>
   <div class='ocr_carea' id='block_1_31' title="bbox 2217 1327 3808 1397">
    <p class='ocr_par' dir='ltr' id='par_1_31' title="bbox 2217 1327 3808 1397">
     <span class='ocr_line' id='line_1_31' title="bbox 2217 1327 3808 1397; baseline 0.004 -17"><span class='ocrx_word' id='word_1_238' title='bbox 2217 1327 2473 1397; x_wconf 80' lang='lat' dir='ltr'><strong>providit,</strong></span> <span class='ocrx_word' id='word_1_239' title='bbox 2497 1336 2554 1382; x_wconf 92' lang='lat' dir='ltr'><strong>ut</strong></span> <span class='ocrx_word' id='word_1_240' title='bbox 2574 1343 2641 1383; x_wconf 83' lang='lat' dir='ltr'><strong>ex</strong></span> <span class='ocrx_word' id='word_1_241' title='bbox 2665 1328 3018 1384; x_wconf 88' lang='lat' dir='ltr'><strong>immoderato</strong></span> <span class='ocrx_word' id='word_1_242' title='bbox 3048 1344 3143 1383; x_wconf 92' lang='lat' dir='ltr'><strong>usu</strong></span> <span class='ocrx_word' id='word_1_243' title='bbox 3178 1338 3380 1384; x_wconf 85' lang='lat' dir='ltr'><strong>tantum</strong></span> <span class='ocrx_word' id='word_1_244' title='bbox 3405 1329 3658 1386; x_wconf 81' lang='lat' dir='ltr'><strong>damnum</strong></span> <span class='ocrx_word' id='word_1_245' title='bbox 3711 1348 3808 1387; x_wconf 84' lang='lat' dir='ltr'><strong>ac-</strong></span> 
     </span>
    </p>
   </div>
   <div class='ocr_carea' id='block_1_32' title="bbox 2216 1418 3807 1490">
    <p class='ocr_par' dir='ltr' id='par_1_32' title="bbox 2216 1418 3807 1490">
     <span class='ocr_line' id='line_1_32' title="bbox 2216 1418 3807 1490; baseline 0.003 -16"><span class='ocrx_word' id='word_1_246' title='bbox 2216 1418 2514 1489; x_wconf 88' lang='lat' dir='ltr'><strong>cedat,quo</strong></span> <span class='ocrx_word' id='word_1_247' title='bbox 2532 1434 2653 1473; x_wconf 92' lang='lat' dir='ltr'><strong>cum</strong></span> <span class='ocrx_word' id='word_1_248' title='bbox 2683 1419 2878 1475; x_wconf 90' lang='lat' dir='ltr'><strong>lubens</strong></span> <span class='ocrx_word' id='word_1_249' title='bbox 2909 1420 3274 1490; x_wconf 82' lang='lat' dir='ltr'><strong>philosOpbari</strong></span> <span class='ocrx_word' id='word_1_250' title='bbox 3304 1422 3561 1489; x_wconf 84' lang='lat' dir='ltr'><strong>nolueris,</strong></span> <span class='ocrx_word' id='word_1_251' title='bbox 3593 1422 3679 1478; x_wconf 80' lang='lat' dir='ltr'><strong>vel</strong></span> <span class='ocrx_word' id='word_1_252' title='bbox 3720 1423 3807 1478; x_wconf 89' lang='lat' dir='ltr'><strong>in-</strong></span> 
     </span>
    </p>
   </div>
   <div class='ocr_carea' id='block_1_33' title="bbox 2216 1512 3809 1584">
    <p class='ocr_par' dir='ltr' id='par_1_33' title="bbox 2216 1512 3809 1584">
     <span class='ocr_line' id='line_1_33' title="bbox 2216 1512 3809 1584; baseline 0.004 -19"><span class='ocrx_word' id='word_1_253' title='bbox 2216 1512 2356 1567; x_wconf 77' lang='lat' dir='ltr'><strong>vitus</strong></span> <span class='ocrx_word' id='word_1_254' title='bbox 2384 1512 2573 1567; x_wconf 89' lang='lat' dir='ltr'><strong>saltem</strong></span> <span class='ocrx_word' id='word_1_255' title='bbox 2604 1528 2672 1568; x_wconf 80' lang='lat' dir='ltr'><strong>ex</strong></span> <span class='ocrx_word' id='word_1_256' title='bbox 2695 1522 2838 1568; x_wconf 91' lang='lat' dir='ltr'><strong>metu</strong></span> <span class='ocrx_word' id='word_1_257' title='bbox 2871 1522 3031 1568; x_wconf 66' lang='lat' dir='ltr'><strong>tanta:</strong></span> <span class='ocrx_word' id='word_1_258' title='bbox 3060 1513 3310 1583; x_wconf 87' lang='lat' dir='ltr'><strong>perniciei</strong></span> <span class='ocrx_word' id='word_1_259' title='bbox 3347 1513 3619 1570; x_wconf 88' lang='lat' dir='ltr'><strong>moderate</strong></span> <span class='ocrx_word' id='word_1_260' title='bbox 3642 1529 3809 1584; x_wconf 76' lang='lat' dir='ltr'><strong>agere</strong></span> 
     </span>
    </p>
   </div>
   <div class='ocr_carea' id='block_1_34' title="bbox 2215 1596 3804 1670">
    <p class='ocr_par' dir='ltr' id='par_1_34' title="bbox 2215 1596 3804 1670">
     <span class='ocr_line' id='line_1_34' title="bbox 2215 1596 3804 1670; baseline 0.003 -19"><span class='ocrx_word' id='word_1_261' title='bbox 2215 1596 2412 1652; x_wconf 89' lang='lat' dir='ltr'><strong>discas.</strong></span> <span class='ocrx_word' id='word_1_262' title='bbox 2446 1597 2571 1652; x_wconf 78' lang='lat' dir='ltr'><strong>Haec</strong></span> <span class='ocrx_word' id='word_1_263' title='bbox 2599 1612 2719 1652; x_wconf 86' lang='lat' dir='ltr'><strong>cum</strong></span> <span class='ocrx_word' id='word_1_264' title='bbox 2745 1599 2997 1666; x_wconf 87' lang='lat' dir='ltr'><strong>sciamus,</strong></span> <span class='ocrx_word' id='word_1_265' title='bbox 3016 1598 3256 1654; x_wconf 90' lang='lat' dir='ltr'><strong>ciborum</strong></span> <span class='ocrx_word' id='word_1_266' title='bbox 3275 1597 3494 1653; x_wconf 84' lang='lat' dir='ltr'><strong>delicias</strong></span> <span class='ocrx_word' id='word_1_267' title='bbox 3516 1598 3804 1670; x_wconf 78' lang='lat' dir='ltr'><strong>fugiamus,</strong></span> 
     </span>
    </p>
   </div>
   <div class='ocr_carea' id='block_1_35' title="bbox 2216 1690 3809 1762">
    <p class='ocr_par' dir='ltr' id='par_1_35' title="bbox 2216 1690 3809 1762">
     <span class='ocr_line' id='line_1_35' title="bbox 2216 1690 3809 1762; baseline 0.001 -17"><span class='ocrx_word' id='word_1_268' title='bbox 2216 1690 2683 1760; x_wconf 88' lang='lat' dir='ltr'><strong>moderatiouique</strong></span> <span class='ocrx_word' id='word_1_269' title='bbox 2710 1690 3040 1757; x_wconf 80' lang='lat' dir='ltr'><strong>Studeamus,</strong></span> <span class='ocrx_word' id='word_1_270' title='bbox 3070 1700 3129 1746; x_wconf 89' lang='lat' dir='ltr'><strong>ut</strong></span> <span class='ocrx_word' id='word_1_271' title='bbox 3157 1698 3212 1747; x_wconf 91' lang='lat' dir='ltr'><strong>et</strong></span> <span class='ocrx_word' id='word_1_272' title='bbox 3238 1692 3480 1762; x_wconf 89' lang='lat' dir='ltr'><strong>corporis</strong></span> <span class='ocrx_word' id='word_1_273' title='bbox 3502 1691 3809 1747; x_wconf 88' lang='lat' dir='ltr'><strong>valetudine</strong></span> 
     </span>
    </p>
   </div>
   <div class='ocr_carea' id='block_1_36' title="bbox 2217 1782 3803 1848">
    <p class='ocr_par' dir='ltr' id='par_1_36' title="bbox 2217 1782 3803 1848">
     <span class='ocr_line' id='line_1_36' title="bbox 2217 1782 3803 1848; baseline -0.001 -11"><span class='ocrx_word' id='word_1_274' title='bbox 2217 1782 2478 1847; x_wconf 87' lang='lat' dir='ltr'><strong>fruamur,</strong></span> <span class='ocrx_word' id='word_1_275' title='bbox 2511 1792 2563 1835; x_wconf 88' lang='lat' dir='ltr'><strong>et</strong></span> <span class='ocrx_word' id='word_1_276' title='bbox 2585 1783 2819 1836; x_wconf 91' lang='lat' dir='ltr'><strong>animam</strong></span> <span class='ocrx_word' id='word_1_277' title='bbox 2842 1782 3150 1838; x_wconf 84' lang='lat' dir='ltr'><strong>infirmitate</strong></span> <span class='ocrx_word' id='word_1_278' title='bbox 3172 1783 3318 1837; x_wconf 91' lang='lat' dir='ltr'><strong>omni</strong></span> <span class='ocrx_word' id='word_1_279' title='bbox 3346 1782 3659 1848; x_wconf 88' lang='lat' dir='ltr'><strong>liberemus,</strong></span> <span class='ocrx_word' id='word_1_280' title='bbox 3688 1782 3803 1837; x_wconf 86' lang='lat' dir='ltr'><strong>sic-</strong></span> 
     </span>
    </p>
   </div>
   <div class='ocr_carea' id='block_1_37' title="bbox 2216 1872 3809 1945">
    <p class='ocr_par' dir='ltr' id='par_1_37' title="bbox 2216 1872 3809 1945">
     <span class='ocr_line' id='line_1_37' title="bbox 2216 1872 3809 1945; baseline 0 -16"><span class='ocrx_word' id='word_1_281' title='bbox 2216 1890 2321 1945; x_wconf 87' lang='lat' dir='ltr'><strong>que</strong></span> <span class='ocrx_word' id='word_1_282' title='bbox 2341 1872 2515 1929; x_wconf 83' lang='lat' dir='ltr'><strong>futura</strong></span> <span class='ocrx_word' id='word_1_283' title='bbox 2538 1889 2930 1944; x_wconf 88' lang='lat' dir='ltr'><strong>consequamur</strong></span> <span class='ocrx_word' id='word_1_284' title='bbox 2957 1873 3096 1929; x_wconf 89' lang='lat' dir='ltr'><strong>bona</strong></span> <span class='ocrx_word' id='word_1_285' title='bbox 3122 1914 3136 1939; x_wconf 92' lang='lat'><strong>,</strong></span> <span class='ocrx_word' id='word_1_286' title='bbox 3186 1873 3354 1945; x_wconf 78' lang='lat' dir='ltr'><strong>gratia</strong></span> <span class='ocrx_word' id='word_1_287' title='bbox 3385 1882 3440 1929; x_wconf 89' lang='lat' dir='ltr'><strong>et</strong></span> <span class='ocrx_word' id='word_1_288' title='bbox 3478 1873 3809 1944; x_wconf 79' lang='lat' dir='ltr'><strong>benignitate</strong></span> 
     </span>
    </p>
   </div>
   <div class='ocr_carea' id='block_1_38' title="bbox 2218 1965 3809 2037">
    <p class='ocr_par' dir='ltr' id='par_1_38' title="bbox 2218 1965 3809 2037">
     <span class='ocr_line' id='line_1_38' title="bbox 2218 1965 3809 2037; baseline 0.001 -16"><span class='ocrx_word' id='word_1_289' title='bbox 2218 1966 2428 2021; x_wconf 90' lang='lat' dir='ltr'><strong>Domini</strong></span> <span class='ocrx_word' id='word_1_290' title='bbox 2482 1965 2653 2022; x_wconf 91' lang='lat' dir='ltr'><strong>nostri</strong></span> <span class='ocrx_word' id='word_1_291' title='bbox 2707 1965 2836 2022; x_wconf 83' lang='lat' dir='ltr'><strong>Jesu</strong></span> <span class='ocrx_word' id='word_1_292' title='bbox 2879 1965 3123 2034; x_wconf 89' lang='lat' dir='ltr'><strong>Christi,</strong></span> <span class='ocrx_word' id='word_1_293' title='bbox 3180 1966 3265 2022; x_wconf 91' lang='lat' dir='ltr'><strong>cui</strong></span> <span class='ocrx_word' id='word_1_294' title='bbox 3313 1965 3483 2037; x_wconf 78' lang='lat' dir='ltr'><strong>gloria</strong></span> <span class='ocrx_word' id='word_1_295' title='bbox 3531 1973 3588 2020; x_wconf 90' lang='lat' dir='ltr'><strong>et</strong></span> <span class='ocrx_word' id='word_1_296' title='bbox 3632 1966 3809 2036; x_wconf 88' lang='lat' dir='ltr'><strong>impe-</strong></span> 
     </span>
    </p>
   </div>
   <div class='ocr_carea' id='block_1_39' title="bbox 2215 2059 3806 2131">
    <p class='ocr_par' dir='ltr' id='par_1_39' title="bbox 2215 2059 3806 2131">
     <span class='ocr_line' id='line_1_39' title="bbox 2215 2059 3806 2131; baseline 0.002 -17"><span class='ocrx_word' id='word_1_297' title='bbox 2215 2060 2390 2127; x_wconf 87' lang='lat' dir='ltr'><strong>rium,</strong></span> <span class='ocrx_word' id='word_1_298' title='bbox 2418 2074 2561 2115; x_wconf 91' lang='lat' dir='ltr'><strong>nunc</strong></span> <span class='ocrx_word' id='word_1_299' title='bbox 2604 2069 2659 2116; x_wconf 91' lang='lat' dir='ltr'><strong>et</strong></span> <span class='ocrx_word' id='word_1_300' title='bbox 2701 2075 2951 2131; x_wconf 86' lang='lat' dir='ltr'><strong>semper,</strong></span> <span class='ocrx_word' id='word_1_301' title='bbox 3005 2069 3059 2117; x_wconf 88' lang='lat' dir='ltr'><strong>et</strong></span> <span class='ocrx_word' id='word_1_302' title='bbox 3111 2061 3165 2116; x_wconf 92' lang='lat' dir='ltr'><strong>in</strong></span> <span class='ocrx_word' id='word_1_303' title='bbox 3218 2061 3413 2119; x_wconf 62' lang='lat' dir='ltr'><strong>saecula</strong></span> <span class='ocrx_word' id='word_1_304' title='bbox 3462 2059 3806 2117; x_wconf 72' lang='lat' dir='ltr'><strong>saeculorum.</strong></span> 
     </span>
    </p>
   </div>
   <div class='ocr_carea' id='block_1_40' title="bbox 2218 2157 2411 2209">
    <p class='ocr_par' dir='ltr' id='par_1_40' title="bbox 2218 2157 2411 2209">
     <span class='ocr_line' id='line_1_40' title="bbox 2218 2157 2411 2209; baseline -0.021 0"><span class='ocrx_word' id='word_1_305' title='bbox 2218 2157 2411 2209; x_wconf 86' lang='lat' dir='ltr'><strong>Amen.</strong></span> 
     </span>
    </p>
   </div>
   <div class='ocr_carea' id='block_1_41' title="bbox 1542 3414 2835 3493">
    <p class='ocr_par' dir='ltr' id='par_1_41' title="bbox 1542 3414 2835 3493">
     <span class='ocr_line' id='line_1_41' title="bbox 1542 3414 2835 3493; baseline -0.005 -8"><span class='ocrx_word' id='word_1_306' title='bbox 1542 3423 1722 3485; x_wconf 85' lang='lat' dir='ltr'><strong>FINIS</strong></span> <span class='ocrx_word' id='word_1_307' title='bbox 1758 3422 1928 3487; x_wconf 78' lang='lat' dir='ltr'><strong>TOMI</strong></span> <span class='ocrx_word' id='word_1_308' title='bbox 1960 3415 2508 3493; x_wconf 76' lang='lat' dir='ltr'><strong>QUINQUAGESIMI</strong></span> <span class='ocrx_word' id='word_1_309' title='bbox 2543 3414 2835 3480; x_wconf 81' lang='lat' dir='ltr'><strong>SEPTIMI.</strong></span> 
     </span>
    </p>
   </div>
  </div>
