4064 6214
311 406 3544 462 m

1558 567 1787 623 SANCTI
1824 566 2050 620 PATRIS
2084 564 2314 617 NOSTRI

781 810 878 966 J
888 803 1274 964 OAN
1281 810 1404 961 N
1413 803 1589 960 IS
1715 794 3086 957 CHRYSOSTOMI

1321 1106 1782 1154 ARCHIEPISCOPI
1828 1099 2546 1149 CONSTANTINOPOL'ITANI

934 1329 1654 1459 HOMILUE
1733 1329 1892 1454 IN
1984 1320 2948 1450 MATTHfEVM

850 1588 1134 1638 TEXTVM
1167 1589 1256 1637 AD
1289 1587 1505 1636 FIDEM
1541 1586 1846 1638 CODICVM
1881 1581 2030 1633 MSS.
2066 1584 2149 1632 ET
2188 1581 2597 1631 VERSIONVM
2630 1577 3039 1631 EMENDAVIT

1056 1673 1478 1725 PRECIPVAH
1529 1671 1896 1724 LECTIONIS
1934 1667 2376 1719 VARIETATEM
2411 1665 2820 1717 ADSCRIPSI!’

1290 1756 1916 1808 ADNOTATIONIBVS
1951 1754 2075 1802 VBI
2131 1752 2311 1802 OPVS
2351 1751 2516 1799 ERAT
2552 1751 2636 1800 ET

1443 1839 1661 1891 NOVIS
1697 1837 2070 1890 INDICIBYS
2103 1833 2492 1886 INSTRVXIT

373 2039 833 2102 FRIDERICVS
874 2035 1092 2099 FIELD
1130 2039 1248 2098 AA.
1301 2038 1380 2096 M.
1426 2035 1773 2096 COLLEGII
1813 2035 1917 2095 SS.
1957 2033 2395 2094 TRINITATIS
2436 2035 2486 2094 Α
2522 2033 2726 2095 REGE
2769 2035 2946 2097 HEN.
2993 2035 3127 2097 VIII
3162 2035 3498 2100 FVNDATI

742 2142 749 2150 ’
1559 2141 1762 2202 UNUS
1803 2143 1847 2202 E
1889 2140 2302 2202 SODALITIO.

953 2329 1276 2394 Cantabrigia
1305 2329 1352 2380 in
1389 2327 1590 2380 Ollicina
1625 2327 1944 2388 Academica,
1981 2326 2219 2380 svmtibvs
2249 2327 2455 2380 cditoris
2511 2327 2923 2382 MDCCCXXXIX.

1613 2521 2246 2552 ψ

1576 2701 2296 2809 ΡΒΑΞΡΑΤΙΟ.

387 3119 565 3196 Quod
603 3116 1044 3199 Chrysostomo
1076 3117 1217 3202 ipsi,
1241 3118 1390 3182 dum
1420 3117 1485 3180 in
1511 3114 1661 3181 vivis
1685 3125 1838 3193 erat,
1870 3134 1905 3180 a
1936 3116 2324 3183 lividioribus
2355 3117 2764 3201 objiciebatur
2787 3121 3058 3204 (a),eum
3095 3119 3356 3205 prolixis
3380 3133 3567 3182 exor-

311 3218 429 3286 diis
459 3221 776 3284 auditores
803 3221 1054 3296 morari,
1095 3220 1158 3283 id
1188 3237 1266 3282 ne
1300 3219 1456 3282 mihi
1501 3235 1758 3300 quoque
1811 3218 2062 3281 crimini
2093 3219 2298 3293 detur,
2336 3219 2641 3299 praefandi
2687 3212 2944 3301 negotio
2992 3223 3154 3287 intra
3187 3221 3568 3287 arctissimos

311 3319 538 3382 limites
567 3319 891 3394 concluso,
921 3319 1000 3382 ad
1050 3317 1525 3381 disertissimum
1574 3315 1820 3378 Patrem
1882 3319 2209 3380 Lectorem
2256 3314 2590 3379 remittam.
2637 3319 2988 3400 Antequam
3049 3336 3197 3383 vero
3253 3319 3332 3382 ad
3387 3333 3567 3380 novas

311 3418 604 3481 editionis
631 3418 982 3480 institutum
1010 3419 1443 3497 rationemque
1475 3413 1954 3478 describendam
1989 3414 2306 3493 accingor,
2339 3431 2551 3494 cperaa
2590 3415 2863 3495 pretium
2897 3418 3037 3494 erit,
3061 3417 3214 3500 quid
3250 3422 3394 3480 ante
3452 3432 3568 3476 nos

308 3519 374 3581 in
407 3518 524 3581 hac
557 3526 730 3600 parte
769 3518 1091 3581 immensa;
1129 3514 1504 3598 scriptorum
1528 3511 2177 3594 Chrysostomicorum
2209 3513 2399 3594 sylvas
2438 3515 2783 3579 excolenda
2813 3517 3086 3581 editores
3133 3515 3586 3598 praestiterint,

310 3615 579 3680 breviter
605 3634 955 3681 recensere.
979 3618 1132 3680 Nam
1162 3623 1224 3679 et
1255 3633 1383 3678 non
1411 3611 1628 3678 leviter
1659 3608 1904 3690 erravit,
1939 3614 2048 3696 qui
2075 3609 2240 3676 idem
2272 3614 2595 3693 negotium
2621 3615 2685 3678 in
2715 3615 3086 3684 Prtefatione
3113 3633 3225 3679 sua
3269 3614 3567 3695 suscepit,

310 3721 863 3799 Montefalconius,
923 3728 984 3785 et
1039 3721 1119 3785 de
1166 3722 1327 3784 veris
1380 3718 1579 3783 nostri
1613 3718 1812 3782 Patris
1869 3717 2215 3782 editionum
2246 3722 2376 3780 tum
2409 3716 2688 3782 fontibus
2741 3725 2874 3782 tum
2911 3718 3151 3784 meritis
3189 3719 3354 3781 viros
3385 3715 3567 3779 etiam

310 3821 707 3886 doctissimos
735 3825 799 3887 in
833 3841 1074 3887 summa
1109 3819 1461 3901 ignorantia
1499 3819 1728 3882 versari
1753 3818 1963 3882 video.

288 3936 296 4001 ι
387 3925 436 3985 Ι.
484 3923 700 3986 Statim
736 3922 801 3986 in
848 3919 1161 4004 principio
1221 3919 1407 4003 hujus
1460 3917 1835 4001 argumenti,
1867 3922 2144 3986 notanda
2176 3927 2270 3985 est
2310 3921 2468 3986 mira
2503 3920 2974 3988 Montefalconii
2999 3919 3427 3994 hallucinatio,
3459 3917 3568 3999 qui

310 4025 588 4088 editione
629 4025 954 4099 Saviliana,
975 4039 1142 4087 anno
1169 4022 1318 4085 1612
1352 4024 1620 4104 vulgata,
1649 4022 1856 4104 primo
1883 4021 2028 4084 loco
2057 4023 2284 4102 posita,
2315 4019 2844 4086 Commelinianae
2879 4018 3229 4086 secundum
3256 4017 3568 4090 tribuerit,

310 4124 409 4184 his
454 4123 658 4184 verbis
709 4141 722 4182 :
767 4147 795 4178 ‹‹
835 4128 1014 4186 Anno
1067 4124 1212 4184 1617
1255 4125 1448 4188 altera
1508 4124 1741 4204 prodiit
1809 4123 2002 4186 editio
2031 4123 2500 4186 Graeco-Latina
2551 4121 2965 4184 Homiliarum
3020 4117 3447 4200 Chrysostomi
3503 4117 3568 4178 in

308 4221 665 4284 Matthzeum
697 4226 883 4301 atque
909 4219 973 4281 in
1011 4222 1318 4282 Joannem
1365 4237 1442 4281 ex
1471 4219 1716 4280 oﬂicina
1743 4219 2232 4281 Commcliniana
2269 4217 2725 4296 Heidelbergaa.
2758 4218 2872 4293 Qui
2911 4225 3120 4284 autem
3159 4219 3327 4282 illam
3355 4217 3567 4299 publi-

308 4322 571 4387 candam
604 4327 919 4396 curarunt,
951 4319 1319 4383 Savilianam
1339 4319 1466 4399 jam
1522 4319 1803 4400 quinque
1833 4323 1978 4380 ante
2021 4319 2204 4381 annis
2245 4316 2534 4381 emissam
2564 4333 2645 4380 ne
2683 4319 2932 4383 novisse
2955 4319 3212 4401 quidem
3242 4318 3568 4406 videntur;

305 4423 411 4487 illa
440 4429 608 4487 certe
638 4439 767 4487 non
797 4423 890 4484 usi
916 4424 1082 4496 sunt,
1121 4435 1238 4482 nec
1260 4419 1393 4499 ejus
1421 4418 1667 4500 uspiam
1693 4417 2139 4481 meminerunt.
2177 4438 2205 4474 »
2227 4416 2356 4479 Nec
2381 4415 2632 4478 mirum.
2667 4415 2821 4479 Nam
2849 4417 3191 4480 editionem
3233 4435 3409 4479 suam
3438 4434 3564 4478 non

308 4525 576 4604 quinque
613 4525 977 4602 annispost,
1017 4520 1128 4584 sed
1168 4519 1374 4582 decem
1429 4519 1612 4580 annis
1653 4528 1795 4580 ante
1834 4517 2144 4596 vulgatam
2173 4516 2566 4592 Savilianam,
2598 4516 2888 4582 videlicet
2911 4536 3081 4582 anno
3115 4518 3287 4595 1602,
3331 4517 3564 4599 publici

298 4622 458 4702 juris
485 4622 809 4698 fecerunt;
847 4621 1352 4702 eamqueipsam,
1376 4626 1446 4682 ut.
1479 4636 1626 4682 mox
1671 4618 2043 4693 videbimus,
2074 4616 2334 4679 Savilius
2368 4618 2711 4698 typothetae
2750 4635 2864 4682 suo
2891 4620 3360 4702 exprimendam
3382 4618 3568 4679 tradi-

311 4722 424 4784 dit.
454 4723 579 4783 Res
605 4730 811 4786 autem
843 4729 935 4786 est
959 4723 1132 4786 haec:
1163 4721 1419 4784 Prodito
1449 4719 1790 4800 exemplari
1811 4717 2176 4796 Anglicano,
2208 4717 2794 4798 Heidelbergenses,
2827 4737 2908 4782 ne
2939 4739 3052 4783 sua
3092 4719 3286 4783 editio
3307 4738 3564 4801 prorsus

312 4823 756 4899 obsolesceret,
785 4825 978 4887 libros
1011 4843 1175 4889 novo
1222 4824 1425 4900 titulo,
1446 4841 1681 4886 annum
1709 4822 2121 4903 posteriorem
2142 4819 2300 4884 falso
2331 4821 2595 4898 ferente,
2632 4823 2970 4886 instructos
3002 4823 3373 4899 emiserunt;
3401 4842 3562 4906 quo-

308 4941 446 4990 rum
480 4939 672 4985 unum
707 4921 953 4984 incaute
981 4923 1308 5004 descripsit
1339 4920 1878 4986 Montefalconius.
1911 4921 2028 4994 Qui
2051 4927 2263 4982 tamen
2291 4937 2372 4982 ne
2415 4919 2502 4982 sic
2539 4919 2796 5001 quidem
2844 4923 3239 4988 excusandus
3261 4934 3376 4987 est.
3408 4924 3561 4988 Nam

313 5025 576 5090 Savilius
596 5023 732 5104 ipse
773 5022 840 5083 in
871 5023 1038 5086 notis
1065 5025 1142 5088 ad
1169 5023 1471 5088 Homilias
1490 5024 1554 5086 in
1584 5022 1943 5086 Matthmum
1970 5023 2058 5086 sic
2084 5023 2384 5104 praefatus
2413 5029 2543 5086 erat
2576 5041 2590 5085 :
2629 5049 2658 5081 α
2689 5025 2876 5089 Hisce
2899 5027 3266 5108 (codicibus)
3297 5030 3562 5092 accessit

314 5130 504 5195 editio
540 5127 797 5208 vulgata
829 5124 1482 5203 Hcidelbergensis,de
1511 5143 1634 5204 qua
1665 5123 1948 5205 quamvis
1973 5123 2324 5185 innumeris
2353 5131 2586 5187 scateat
2613 5126 2953 5202 erroribus,
2978 5145 3249 5208 quorum
3271 5147 3561 5209 magnam

313 5232 376 5289 et
407 5233 571 5290 certe
607 5225 940 5288 maximam
971 5227 1209 5300 partem
1237 5236 1354 5284 nos
1402 5224 1903 5304 expurgavimus,
1932 5229 2142 5284 tamen
2182 5223 2374 5301 gratia
2403 5223 2669 5287 debetur
2709 5226 2893 5289 bonis
2935 5227 3056 5290 illis
3092 5227 3276 5304 viris,
3317 5231 3464 5310 quia
3503 5237 3560 5292 et

309 5329 485 5411 prius
512 5327 747 5391 inedita
787 5327 974 5390 edere
1005 5327 1355 5401 voluOmt,
1390 5329 1580 5410 idque
1611 5331 1783 5394 libris
1812 5347 1940 5393 non
1968 5329 2504 5409 negligentissimc
2533 5331 2856 5413 inspectis.
2892 5357 2922 5391 »
2952 5337 3192 5416 Itaque,
3221 5342 3290 5398 ut
3317 5337 3395 5398 ad
3425 5352 3557 5397 rem

309 5430 660 5506 redeamus,
691 5429 1116 5508 Chrysostomi
1138 5425 1438 5492 Homilias
1456 5430 1520 5492 in
1544 5431 1896 5495 Matthznum
1922 5432 2004 5516 (b)
2030 5431 2268 5510 primus
2298 5433 2503 5495 erce
2544 5432 2736 5496 edidit
2777 5433 2941 5518 (nam
2972 5433 3050 5498 de
3079 5435 3308 5498 Latinis
3325 5434 3556 5498 editio-

374 5615 593 5758 ἕαΠίᾱ.
615 5620 753 5692 Opp.
787 5629 918 5677 tom.
939 5616 1026 5683 Ill,
1068 5636 1123 5690 p.
1157 5621 1275 5677 H5.

397 5695 447 5757 υ)
481 5689 680 5746 llarnm
709 5691 1057 5747 Homiliarum
1084 5708 1188 5746 una
1219 5692 1457 5752 etaltera
1487 5709 1730 5753 seorsum
1752 5692 1862 5758 iam
1893 5702 1979 5750 ant

689 5637 753 5692 ιι).
787 5629 918 5677 tom.
939 5616 1026 5683 ῙῐῙ,
1068 5636 1123 5690 p.
1157 5621 1275 5677 “5.
2271 5653 2294 5668 ο

709 5691 1057 5747 Homiliarum
1084 5708 1188 5746 una
1219 5692 1457 5752 etaltera
1487 5709 1730 5753 seorsum
1752 5692 1862 5758 iam
1893 5702 2016 5750 ante
2044 5692 2294 5758 prodiere

397 5695 447 5757 υ)
481 5689 680 5746 llarnni
702 5689 1188 5747 'llomiliarum’una
1219 5692 1457 5752 etaltera
1487 5709 1730 5753 seorsum
1752 5692 1862 5768 jam
1893 5702 2016 5750 ante
2043 5692 2384 5765 prodierant.

303 5857 372 5942 Ὗ
397 5876 403 5884 '
623 5785 894 5849 ΡΑι-ιιοι..
928 5785 1043 5849 Gn.
1074 5787 1268 5852 LVII.
1555 5799 1567 5812 '
3189 5795 3216 5854 1

185 6099 227 6156 \
