4064 6214
329 346 378 386 πι
1553 331 1731 386 FRID.
1776 330 1928 386 FIEl.

1553 331 1731 386 FRID.
1776 330 1977 386 FIEl.D
2015 331 2388 388 ΡΠᾸΞΕΛΤΙΟ

343 435 525 494 nibus
552 448 730 497 'nunc
757 450 886 495 non
934 433 1159 513 dicam)
1194 431 1615 493 Commelinus
1646 430 2075 511 typographus
2104 432 2669 512 Heidelbergcnsis,
2711 427 2780 496 in
2813 433 3125 496 volumine
3156 432 3333 514 cujus
3361 431 3585 496 inscri-

341 537 473 613 ptio
508 534 639 596 hac
671 544 763 596 est
797 554 809 594 :
843 544 949 597 Τοῦ
967 546 1023 596 ὲν
1054 544 1224 611 ἁγίοις
1254 542 1464 615 Harpe;
1494 543 1648 615 ἡμῶν
1690 544 1933 597 Ἰωάννου
1963 543 2057 595 τοῦ
2094 545 2477 617 Χρυσοστὸμου
2507 522 2936 618 ἀρχιέπισκόπου
2970 547 3584 609 Κωνσταντινουπό).εως

354 644 650 714 Ἐρμηνεία
683 648 761 711 εἰς
796 648 856 700 τὸ
887 648 1024 700 κατὰ
1049 647 1324 700 Ματοαῖον
1354 646 1506 715 ἅγιον
1547 646 1897 715 Εὖαγγέλιον.
1940 642 1959 699 ἕ

1981 639 2162 698 ἴαηειί
2204 641 2414 700 Patris
2460 641 2664 701 nostri
2691 641 2956 701 Joannis
3012 640 3436 717 Chrysostomi
3481 655 3586 696 ar-

330 735 719 818 chiepiscopi
749 738 1371 817 Constantinopoleos
1434 740 1769 817 Expositio
1810 739 1875 797 in
1931 739 2344 817 Evangelium
2388 740 2721 801 secundum
2764 740 3145 801 Matthamm.
3187 740 3390 801 στρος
3428 752 3591 797 nunc

332 838 611 915 primum
658 841 1032 918 producitur
1070 861 1098 901 e
1135 860 1278 903 mss.
1327 840 1643 902 illustriss.
1682 840 1762 920 (α)
1799 840 2311 901 bibliothecarum
2359 842 2686 917 Palatinaz,
2721 845 3002 919 Bacaraz,
3030 842 3425 921 Augustanw,
3458 854 3591 897 cum

341 937 859 1014 interpretatione
902 940 1155 1001 Aniani.
1188 940 1443 1001 Accedit
1466 941 1959 1003 Commentarius
1995 961 2156 1003 mere
2188 945 2446 1004 Latinus
2494 947 2559 1005 in
2603 943 2989 1017 Matt/ternm,
3022 941 3204 1019 vulgo
3252 938 3593 1000 attributus

337 1038 537 1100 cidem
567 1041 641 1099 Ι).
677 1040 1261 1119 Chrysostomo.Ea:
1290 1046 1545 1124 ofﬁcina
1577 1045 2090 1109 Commeliniano.
2111 1047 2261 1110 Cum
2300 1048 2675 1127 privilegiis.
2698 1047 2926 1107 MDCI'I.
2949 1042 3124 1116 Quod
3156 1041 3257 1103 hic
3278 1041 3355 1101 de
3374 1037 3591 1100 Anieni

342 1138 861 1221 interpretatione
915 1146 1230 1219 esseritur,
1270 1146 1332 1207 id
1366 1147 1617 1208 nonnisi
1648 1147 1725 1209 de
1770 1154 1912 1213 octo
1972 1148 2286 1229 prioribus
2330 1149 2601 1211 homiliis
2648 1146 3121 1225 intelligendum
3162 1149 3255 1204 est
3288 1160 3301 1201 :
3339 1157 3481 1203 nam
3529 1139 3596 1199 in

345 1236 553 1300 fronte
584 1238 754 1302 hom.
806 1260 875 1304 ix
927 1244 1156 1306 diserte
1208 1246 1455 1323 legitur,
1492 1248 1757 1327 Georgio
1803 1250 2217 1329 Trapezuntio
2272 1250 2629 1328 interprete.
2662 1244 3158 1310 Commentarius
3198 1247 3407 1303 autem
3434 1257 3595 1299 more

350 1343 608 1404 Latinus
644 1344 695 1406 is
718 1352 833 1420 est,
861 1347 969 1426 qui
1018 1347 1202 1427 vulgo
1241 1349 1667 1428 Chrysostomi
1704 1375 1732 1408 α
1778 1351 1946 1431 Opus
1984 1353 2409 1431 imperfectum
2468 1352 2534 1412 in
2573 1350 2937 1414 Matthwum
2980 1371 3008 1404 »
3058 1350 3479 1424 nuncupatur,
3520 1341 3601 1403 de

350 1459 478 1524 quo
536 1453 765 1524 praeter
799 1446 957 1510 alios
1004 1450 1129 1526 egit
1180 1450 1427 1524 Millius,
1459 1452 1811 1530 Prolcgom.
1847 1470 2018 1514 num.
2056 1451 2227 1514 1037.
2264 1453 2350 1516 De
2399 1454 2616 1514 Graeco
2672 1450 2858 1531 hujus
2910 1445 3201 1509 editionis
3258 1441 3600 1522 exemplari

352 1549 578 1622 praeter
600 1545 807 1607 Savilii
836 1548 1257 1611 testimonium
1285 1569 1474 1629 supra
1524 1552 1777 1614 allatum
1816 1570 2013 1632 pauca
2041 1553 2355 1615 monende
2388 1560 2552 1614 sunt.
2579 1552 2875 1614 Codicum
2900 1546 3305 1612 dissensionis
3350 1544 3416 1605 in
3465 1549 3603 1604 toto

351 1658 544 1722 apere
593 1646 761 1707 nulla
814 1649 1072 1709 mentio.
1114 1644 1329 1712 Plorcs
1358 1658 1567 1713 autem
1596 1651 1787 1713 libros
1813 1653 1878 1713 in
1905 1652 2137 1713 Graecis
2164 1652 2621 1715 constituendis
2659 1650 2944 1713 evolutos
2971 1664 3107 1711 esse
3128 1694 3143 1719 ,
3176 1643 3442 1707 dubitari
3469 1658 3602 1703 non

356 1752 595 1826 potest;
628 1748 693 1809 in
718 1750 945 1829 quibus
969 1754 1303 1814 tractandis
1325 1754 1527 1817 editor
1562 1754 1725 1817 hanc
1767 1756 1972 1833 legem
2012 1755 2132 1815 sibi
2192 1755 2567 1834 imposuisse
2597 1752 2860 1826 videtur,
2898 1759 2966 1812 ut
3010 1750 3295 1829 pleniore
3333 1747 3600 1809 lectione

356 1848 416 1909 in
452 1852 687 1911 textum
725 1852 1251 1919 relata.vocahula
1273 1872 1414 1934 qua)
1441 1856 1507 1917 in
1535 1873 1664 1919 uno
1694 1864 1799 1919 aut
1820 1857 2103 1938 pluribus
2149 1857 2470 1919 codicibus
2499 1873 2627 1917 non
2659 1852 3186 1926 exsterent,uncis
3215 1851 3599 1912 includeret:

355 1967 546 2030 quem
595 1951 849 2030 quidem
909 1954 1183 2032 regulam
1227 1972 1302 2018 eo
1345 1975 1547 2039 usque
1599 1958 1946 2021 observavit
1974 2007 1990 2033 ,
2055 1966 2122 2021 ut
2166 1958 2704 2022 manifestissimos
2744 1963 3003 2037 prOpter
3064 1952 3602 2015 homoeoteleuton

357 2048 635 2115 defectus
662 2053 881 2117 iisdem
910 2057 1071 2117 notis
1114 2057 1544 2136 distingueret.
1576 2059 1661 2121 De
1689 2058 1785 2121 his
1814 2060 1978 2122 notis
2006 2060 2171 2123 aliud
2206 2076 2397 2140 porro
2429 2058 2819 2122 monendum
2856 2063 2971 2131 est,
3021 2054 3309 2118 videlicet
3333 2070 3446 2134 per
3471 2054 3601 2113 H0.

359 2151 560 2217 milies
590 2172 690 2227 XL,
722 2172 827 2217 xu
858 2162 918 2219 et
945 2173 1071 2218 xm
1097 2175 1201 2220 eas
1236 2158 1483 2239 parcius
1514 2160 1938 2235 dissemineri;
1991 2160 2057 2222 in
2115 2159 2314 2221 tribus
2368 2165 2576 2222 autem
2627 2156 3038 2239 sequentibus
3076 2152 3277 2216 nullas
3325 2159 3567 2215 exstare
3592 2168 3614 2211 ;

362 2253 528 2316 unde
559 2254 860 2318 Homilies
888 2257 1034 2319 istas
1055 2276 1131 2319 ex
1169 2258 1359 2320 unico
1399 2258 1617 2321 codice
1646 2258 1990 2339 descriptas
2030 2276 2191 2335 esse,
2223 2258 2432 2336 colligi
2462 2264 2687 2340 potest.
2718 2258 2864 2319 Post
2886 2253 3209 2316 homiliam
3246 2270 3367 2313 XLV
3400 2270 3610 2313 rursus

362 2362 659 2418 notantur
704 2358 992 2421 codicum
1048 2357 1352 2432 defectus,
1386 2359 1495 2421 sed
1535 2359 1880 2438 aliquanto,
1913 2360 1976 2421 ni
2023 2358 2229 2433 fallor,
2262 2358 2613 2439 pauciores.
2652 2359 2973 2419 Postremo
3001 2356 3079 2417 ab
3111 2353 3367 2415 homilia
3400 2371 3610 2414 Lxxxv

363 2453 441 2517 ad
468 2452 749 2517 ultimam
782 2461 983 2517 textus
1014 2454 1376 2535 hujusmodi
1404 2456 1599 2533 signis
1634 2456 1895 2519 omnino
1947 2474 2173 2539 expers
2238 2463 2353 2520 est.
2386 2457 2571 2537 Cujus
2609 2456 2724 2530 rei,
2782 2473 2925 2519 cum
2955 2454 3034 2516 de
3081 2453 3404 2517 codicibus
3428 2470 3615 2515 manu

364 2553 613 2635 scriptis
639 2554 977 2615 dicendum
1016 2553 1225 2627 fuerit,
1266 2554 1422 2615 ratio
1451 2554 1779 2617 constabit.
1812 2556 2019 2619 Unum
2056 2557 2303 2631 addam,
2336 2555 2694 2636 exemplum
2718 2555 2907 2636 hujus
2934 2554 3247 2630 editionis,
3269 2555 3439 2635 quod
3468 2555 3617 2616 olim

371 2654 560 2717 Isaaci
589 2655 934 2717 Caseuboni
971 2654 1117 2729 fuit,
1151 2654 1418 2716 Londini
1464 2654 1530 2717 in
1560 2658 1774 2719 Museo
1805 2657 2164 2721 Britannico
2214 2663 2480 2731 exstare,
2524 2657 2703 2737 cujus
2728 2655 2793 2717 in
2822 2655 3037 2716 limine
3073 2672 3267 2734 pauca
3306 2655 3617 2734 qutedam,

367 2759 447 2823 ad
475 2777 575 2823 res
602 2760 664 2821 in
698 2760 918 2840 primis
948 2761 1350 2840 pertinentia,
1384 2762 1621 2825 notavit
1655 2762 1748 2824 vir
1774 2780 2059 2840 magnus,
2091 2761 2313 2825 harum
2358 2761 2781 2837 homilierum,
2815 2766 2884 2823 ut
2903 2778 2979 2822 ex
3010 2760 3459 2822 commentario
3490 2760 3621 2839 ejus

370 2857 449 2923 ad
478 2858 672 2920 Persii
699 2867 935 2937 satyres
960 2859 1124 2921 facto
1149 2867 1432 2940 apparet,
1464 2861 1664 2924 lector
1701 2861 2217 2925 studiosissimus.

452 2961 527 3021 II.
573 2958 997 3038 Chrysostomi
1026 2962 1227 3040 Opera
1274 2961 1487 3023 omnia
1520 2963 1735 3023 Graace
1775 2962 1968 3023 edidit
2011 2962 2319 3026 Henricus
2383 2962 2665 3037 Savilius,
2714 2963 2929 3025 Etome
2984 2977 3150 3023 anno
3184 2958 3354 3032 1612,
3390 2959 3453 3018 in
3484 2964 3625 3020 octo

375 3067 581 3125 tomos
609 3062 957 3138 distributa,
991 3080 1262 3142 quorum
1312 3063 1628 3126 secundus
1669 3066 1973 3128 Homilies
2018 3065 2085 3127 in
2115 3066 2471 3129 Mattheeum
2504 3073 2565 3127 et
2592 3068 2896 3127 Joannem
2944 3061 3398 3142 complectitur.
3431 3062 3622 3141 Hujus

374 3157 613 3222 ultimas
666 3161 912 3239 paginas
949 3160 1291 3240 ascriptum
1338 3166 1455 3235 est,
1488 3162 1706 3222 Etonce
1748 3182 2037 3225 excusum
2079 3166 2145 3225 in
2186 3164 2458 3244 Collegia
2490 3163 2711 3243 Reguli
2766 3164 3030 3226 MDCX.
3056 3160 3534 3242 Typogrephus,
3563 3168 3625 3221 ut

376 3274 566 3339 supra
590 3258 883 3330 diximus,
923 3259 1265 3338 exemplari
1297 3259 1791 3324 Commeliniano
1828 3261 1980 3325 usus
2014 3272 2129 3339 est,
2163 3266 2241 3327 ab
2268 3266 2465 3345 ipsius
2495 3264 2700 3326 Savilil
2721 3281 2911 3325 manu
2949 3261 3418 3340 diligentissime
3450 3279 3626 3324 reco-

379 3363 576 3441 gnito,
610 3364 779 3442 quod
809 3364 1017 3445 ipsum
1053 3363 1255 3425 adhuc
1281 3364 1503 3425 Oxonii
1529 3366 1595 3427 in
1625 3366 2006 3433 bibliotheca
2032 3369 2371 3434 Bodleiano
2400 3368 2689 3447 religiose
2711 3374 3011 3429 servatur.
3035 3367 3149 3428 Hic
3169 3364 3318 3440 illic,
3340 3365 3406 3427 in
3430 3372 3627 3447 poste-

379 3467 545 3529 riore
579 3469 947 3547 praesertim,
978 3468 1029 3529 si
1061 3468 1223 3530 bene
1246 3468 1526 3544 memini,
1566 3470 1901 3535 voluminis
1957 3480 2159 3554 parte,
2196 3490 2315 3554 pro
2364 3489 2596 3535 excuso
2642 3470 3055 3551 archetypum
3090 3485 3281 3531 manu
3308 3468 3632 3549 scriptum,

380 3570 782 3631 emendatum
844 3576 904 3632 et
948 3570 1125 3645 illud,
1163 3586 1374 3650 Opere)
1429 3581 1895 3652 eXpresserunt.
1937 3575 2024 3636 De
2081 3574 2374 3637 subsidiis
2432 3592 2562 3636 suae
2606 3573 2993 3636 recensionis
3035 3587 3233 3653 pauca
3274 3588 3389 3631 nos
3428 3569 3636 3632 docuit

381 3672 586 3738 editor
614 3674 927 3753 egregius,
966 3693 1107 3757 qua)
1144 3674 1247 3738 hic
1278 3676 1633 3738 exscribere
1672 3695 1802 3740 non
1822 3678 2145 3758 gravabor.
2178 3702 2205 3735 α
2230 3680 2465 3740 Harum
2496 3676 2838 3739 editionem
2865 3675 3278 3738 Homiliarum
3308 3671 3634 3735 adornavi-

383 3795 544 3853 mus,
593 3780 837 3854 Lector,
879 3797 952 3841 ex
984 3781 1265 3861 quinque
1294 3780 1467 3842 libris
1512 3798 1704 3843 manu
1755 3782 2024 3863 scriptis.
2082 3783 2365 3846 Primum
2404 3781 2587 3846 nobis
2640 3779 2922 3844 exhibuit
2968 3778 3347 3841 bibliotheca
3393 3775 3638 3855 collegii

384 3880 677 3961 Corporis
714 3883 935 3946 Christi
980 3883 1225 3957 Oxonii,
1258 3901 1292 3945 a
1342 3883 1694 3964 SerbOpulo
1725 3885 2022 3966 quodam,
2054 3884 2313 3948 homine
2338 3886 2581 3960 Graeco,
2611 3901 2778 3947 anno
2809 3882 3226 3945 MCCCCXCIX
3268 3879 3414 3941 satis
3441 3877 3638 3956 negli-

386 3989 605 4061 genter
634 3989 689 4044 et
732 3982 1016 4063 imperite
1048 3984 1371 4063 scriptum,
1428 3984 1728 4063 Redingee
1762 3985 1829 4046 in
1860 3985 2102 4065 Anglia,
2130 3986 2281 4046 XLV
2323 3991 2559 4048 tantum
2588 3986 2832 4066 priores
2859 3984 3160 4045 Homilies
3190 3982 3643 4043 continentem.

386 4085 738 4147 Secundum
774 4085 1153 4150 bibliotheca
1178 4087 1575 4151 illustrissimi
1618 4088 1845 4149 Cascilii
1899 4088 2144 4151 comitis
2186 4088 2583 4164 Oxoniensis,
2611 4087 2695 4150 ab
2728 4088 2953 4150 eodem
3015 4080 3364 4163 Serbopulo
3410 4077 3649 4141 ibidem

387 4189 608 4252 eadem
635 4189 754 4251 (ide
789 4196 850 4251 et
878 4189 1193 4269 diligentia
1224 4189 1525 4271 scriptum
1555 4206 1721 4252 anno
1750 4194 2079 4268 sequente,
2116 4205 2206 4251 sc.
2237 4187 2368 4263 MD,
2393 4188 2666 4269 reliquas
2692 4186 3073 4268 posteriores
3098 4179 3643 4261 complectentem-

397 4294 676 4354 Tertium
711 4294 894 4354 nobis
914 4294 1195 4356 codicem
1220 4293 1392 4354 dedit
1420 4292 1804 4358 bibliotheca
1830 4292 2088 4373 Collegit
2114 4292 2273 4357 Novi
2299 4293 2545 4362 Oxonii,
2579 4297 2640 4352 et
2672 4300 2963 4369 quartum
2988 4280 3367 4344 bibliotheca
3396 4276 3647 4336 Univer-

391 4394 585 4455 sitatis
640 4394 1036 4469 Oxoniensis,
1089 4394 1630 4473 Constantinopoli
1660 4413 1863 4473 nuper
1916 4397 2268 4467 advectum,
2311 4393 2591 4454 melioris
2641 4396 2809 4451 notae
2856 4394 2918 4450 et
2961 4384 3287 4462 antiquum
3320 4379 3490 4451 satis,
3521 4392 3649 4437 non

394 4492 608 4574 plures
670 4499 880 4555 tamen
941 4512 1235 4575 quemque
1266 4510 1457 4573 quam
1507 4511 1648 4554 xuv
1683 4500 1788 4554 aut
1818 4510 1943 4553 XLV
1982 4492 2226 4573 priores
2273 4494 2851 4570 repraasentantem.
2915 4485 3213 4562 Quintum
3252 4488 3312 4542 et
3362 4478 3651 4541 ultimum

393 4592 777 4671 posteriores
816 4591 1127 4667 homilies,
1158 4608 1389 4672 easque
1422 4609 1550 4653 non
1578 4591 1765 4672 plene
1798 4591 2249 4662 continentem,
2281 4588 2391 4649 sed
2429 4588 2682 4668 Optimae
2720 4603 2866 4648 cum
2893 4582 3112 4665 primis
3141 4586 3307 4643 nota:
3343 4577 3654 4649 codicem,

396 4711 585 4774 supra
619 4710 1126 4756 commemoratae
1156 4693 1582 4756 Universitatis
1611 4692 2008 4755 bibliothecas
2039 4691 2363 4754 debemus.
2394 4714 2422 4748 »
2445 4691 2685 4752 Horum
2714 4693 2839 4749 tres
2868 4686 3111 4768 priores
3153 4699 3282 4745 non
3328 4677 3652 4757 indagavi;

398 4808 655 4879 quartus
675 4801 875 4866 codex
906 4801 959 4862 is
981 4806 1096 4875 est,
1126 4799 1192 4861 ni
1222 4795 1426 4869 fallor,
1467 4797 1575 4877 qui
1605 4795 1793 4858 hodie
1824 4794 1999 4857 Bodl.
2036 4792 2144 4855 160
2176 4798 2463 4855 notatur:
2506 4792 2615 4873 qui
2640 4796 2847 4852 tamen
2876 4804 3006 4849 non
3036 4803 3184 4847 xuv
3215 4793 3319 4846 aut
3356 4798 3501 4856 va,
3546 4780 3654 4842 sed

401 4918 526 4968 xw
555 4908 796 4964 tantum
842 4899 1131 4962 homilies
1161 4897 1462 4960 continet.
1503 4895 1625 4958 Sed
1661 4902 2079 4975 praeterquam
2142 4892 2313 4973 quod
2366 4891 2577 4954 caeteri
2640 4906 2863 4952 omnes
2916 4886 3303 4949 Oxonienses
3348 4882 3544 4946 serius
3588 4879 3650 4937 in

386 4982 847 5069 bibliothecam
884 5005 1211 5071 venerunt,
1255 4996 1563 5060 lectiones
1592 4996 1893 5077 quasdam
1923 5013 2181 5078 prorsus
2215 4993 2583 5073 singulares,
2613 5008 2648 5053 a
2678 4989 2901 5052 Savilio
2931 4987 2997 5049 in
3040 4986 3205 5049 notis
3244 5003 3321 5047 ex
3351 4983 3508 5043 libro
3538 4993 3657 5038 suo

406 5100 1100 5183 Constantinopolitano
1133 5105 1483 5180 excerptas,
1524 5098 1589 5160 in
1629 5097 1794 5159 dicto
1826 5097 2043 5160 codice
2072 5096 2413 5159 Bodleiano
2441 5092 2654 5155 inveni
2685 5090 2793 5172 (ὁ).
2821 5092 3123 5152 Caeterum
3151 5093 3353 5148 utrum
3400 5085 3653 5160 quartus

406 5212 519 5273 iste
549 5208 750 5271 codex
772 5206 1020 5281 Savilio,
1055 5204 1203 5267 dum
1235 5211 1472 5265 textum
1531 5202 1753 5266 harum
1784 5201 2181 5264 homiliarum
2231 5200 2661 5272 concinnaret,
2690 5195 2767 5259 ad
2788 5212 3042 5257 menum
3072 5189 3281 5262 fuerit,
3315 5204 3395 5249 an
3433 5184 3657 5258 serius,

480 5445 558 5519 (ᾳ)
588 5443 743 5519 Unde
772 5459 914 5498 novo
938 5450 1256 5519 argumento
1279 5440 1495 5512 probari
1520 5448 1729 5519 potest,
1756 5454 1853 5519 pro
1878 5439 1982 5519 hoc
2161 5440 2235 5519 (ὁ)
2276 5438 2395 5494 Vid.
2426 5437 2625 5519 Adnot.
2647 5435 2717 5519 ρὰ
2742 5450 2834 5506 pp.
2852 5419 3659 5519 Ed:

411 5489 574 5571 titlllh
1381 5489 1550 5584 Esi-7
1564 5489 1731 5584 Harii
1749 5489 1980 5584 deﬁvsub:
2088 5489 2260 5584 pel-tis
2286 5489 2541 5584 secunda:
2556 5489 2600 5561 li
2609 5489 2729 5576 ujus
2744 5489 2765 5506 ’
2783 5489 3658 5584 relumiiiis).:Pagginasditlttgll

409 5587 564 5643 sidiis
606 5586 771 5655 hujus
809 5571 1070 5655 'editionis
1098 5571 1565 5655 'll'lontefalcpnius
1586 5580 1664 5634 sic
1694 5603 1706 5633 ;
1738 5598 1755 5631 ι
1793 5579 1979 5634 Graeca
2089 5571 2342 5655 oditiogis
2373 5571 2785 5655 Maprinai'quas
2827 5574 2973 5631 inter
3018 5571 3189 5643 uncos
3215 5571 3272 5622 in
3300 5571 3451 5620 textu
3471 5574 3656 5632 posm-

413 5673 474 5710 ex
502 5670 657 5717 mss...
684 5646 746 5710 ut
796 5654 1018 5709 credere
1060 5660 1164 5714 est,
1189 5650 1446 5704 Palatinis
1478 5659 1740 5705 erucrunt
1769 5668 1780 5703 :
1815 5664 1980 5717 neque
2088 5668 2229 5708 mus.
2268 5650 2422 5705 Enn.
2450 5646 2639 5717 Pun.)

417 5742 551 5779 imm
592 5734 926 5781 monuerunt.
963 5728 1099 5776 unde
1128 5721 1527 5787 desumpserint.
