4064 6214
1633 325 1819 384 Ὲιιιῐ).
1855 323 2054 379 FIELD
2094 312 2483 376 ΡῖιᾸΞἘᾹΤΙΟ.
3607 329 3666 366 m

437 435 583 484 cum
629 418 707 482 ad
761 417 1230 481 notas‘ventum
1277 423 1459 488 esset,
1492 417 1550 477 ei
1609 413 1974 486 innotuerit,
2007 411 2160 473 mihi
2216 411 2471 492 quidem
2504 427 2631 474 non
2675 411 2893 490 liquet.
2926 415 3140 478 Restat
3165 417 3420 497 quintus
3451 412 3677 484 codex,

443 520 837 596 Bodleianus,
875 520 1161 582 homilias
1187 521 1567 601 posteriores
1615 536 1833 598 easque
1860 533 1986 576 non
2012 513 2190 593 plene
2242 515 2592 584 continens;
2621 531 2810 594 quem
2840 516 2944 578 diu
2969 517 3362 597 multumque
3391 531 3681 595 quaerens

439 621 666 684 frustra
693 621 805 696 fui,
835 622 1038 684 donec
1067 623 1298 697 inveni,
1331 639 1475 683 eum
1532 619 1598 682 in
1624 618 1916 696 'Catalogo
1938 633 2114 678 num.
2147 613 2300 676 3019
2329 614 2444 676 sub
2469 615 2676 678 indice
2713 619 3134 695 tenebricoso,
3164 622 3225 681 Ι.
3256 617 3682 696 Chrysostomi

440 723 726 784 Homilic
746 720 1011 801 aliquot,
1042 722 1254 785 latere.
1285 722 1482 802 Hujus
1507 737 1652 801 pars
1694 720 1950 800 antiqua
1979 723 2040 780 et
2069 715 2546 778 membranacea
2589 733 2715 778 non
2757 718 2898 797 plus
2928 737 3114 799 quam
3143 738 3259 782 xxx
3278 718 3587 792 homilias,
3617 717 3682 778 id
3766 773 3772 779 .

439 825 554 892 est,
585 836 622 879 a
667 836 732 897 p.
765 817 882 879 564
919 820 965 879 Β
1000 818 1077 882 ad
1119 837 1183 899 p.
1232 818 1340 880 ’141
1385 823 1431 878 Α
1485 816 1964 896 complectitur;
2020 824 2084 878 et
2120 811 2329 893 quoad
2371 819 2574 875 textus
2604 818 3036 881 recensionem
3087 820 3491 882 arctissimam
3535 836 3681 881 cum

437 919 635 998 Regio
656 917 771 981 688
807 918 1071 999 posthac
1090 918 1502 982 describendo
1523 917 1880 982 afﬁnitatem
1909 931 2038 998 prae
2059 933 2126 978 se
2151 913 2292 976 fert.
2308 913 2572 993 Reliqua
2593 915 2871 994 ejusdem
2901 919 3234 982 voluminis
3262 937 3406 1001 pars
3438 918 3680 981 nullum

439 1035 699 1099 prorsus
751 1018 831 1080 ad
874 1018 1132 1080 criticen
1156 1036 1337 1080 usum
1373 1018 1582 1081 habet.
1614 1020 1830 1095 Itaque
1860 1020 2124 1087 constat,
2149 1020 2376 1093 prater
2407 1012 2635 1076 librum
2668 1015 3125 1094 Redingianum
3177 1017 3682 1081 recentissimum

441 1124 503 1179 et
529 1136 566 1179 a
585 1118 789 1180 scriba
820 1116 1114 1197 imperito
1136 1116 1546 1196 descriptum,
1571 1124 1699 1178 tres
1725 1119 1961 1177 tantum
1989 1112 2245 1176 codices
2271 1110 2498 1175 Savilio
2533 1121 2764 1192 praesto
2793 1114 3009 1190 fuisse,
3048 1117 3174 1180 duo
3195 1118 3482 1181 videlicet
3517 1117 3686 1198 prio-

322 1283 330 1288 _
440 1219 527 1282 ris
558 1220 774 1300 partis,
807 1226 869 1282 et
895 1237 1115 1294 unum,
1141 1235 1418 1298 eumque
1449 1217 1625 1280 valde
1652 1216 1962 1288 mutilum,
1983 1211 2368 1294 posterioris.
2391 1212 2579 1276 Hisce
2606 1215 2902 1278 subsidiis
2929 1233 3078 1278 sane
3096 1218 3489 1280 tenuioribus
3517 1236 3687 1297 quo...

441 1322 632 1385 modo
676 1340 830 1384 usus
854 1322 1064 1397 fuerit,
1095 1338 1266 1383 nunc
1296 1318 1660 1381 videndum.
1697 1315 2027 1396 Exemplar
2073 1312 2630 1392 Heidelbergense,
2661 1315 2771 1394 qui
2799 1315 2858 1378 ei
2901 1317 3112 1380 Cadra:
3140 1336 3398 1379 excusas
3420 1323 3534 1390 est,
3569 1332 3681 1396 pro

437 1423 844 1488 fundamento
895 1440 1072 1485 novre
1128 1420 1420 1485 editionis
1478 1418 1709 1500 posuit.
1756 1418 1890 1480 Hoc
1922 1433 2164 1478 summa
2210 1414 2530 1493 diligentia
2562 1421 2624 1479 et
2658 1416 2780 1478 fide
2810 1415 2893 1479 ad
2923 1416 3176 1480 codices
3203 1434 3372 1491 suos,
3401 1415 3682 1478 adhibito

438 1539 695 1602 quoque
722 1527 932 1584 vetere
983 1519 1350 1598 interprete,
1371 1513 1768 1592 recognovit;
1808 1529 2053 1574 errores
2081 1511 2595 1591 typographicos,
2627 1513 2680 1574 si
2710 1530 2837 1576 non
2869 1531 3112 1590 omnes,
3151 1522 3319 1579 certe
3350 1517 3679 1579 maximam

437 1631 704 1704 partem,
747 1623 1122 1703 plerumque
1169 1635 1299 1680 non
1338 1615 1578 1681 monito
1631 1612 1890 1688 lectore,
1920 1611 2182 1686 exemit;
2238 1611 2724 1688 distinctionem,
2755 1631 2898 1694 quae
2948 1616 3123 1696 prius
3149 1617 3375 1679 misere
3409 1616 3680 1697 jacebat,

437 1727 659 1789 sedulo
695 1723 1014 1802 castigavit
1038 1738 1058 1796 ;
1081 1737 1280 1784 uncos
1333 1714 1882 1788 Commelinianos,
1911 1713 1990 1775 de
2034 1713 2266 1793 quibus
2295 1712 2484 1793 paulo
2534 1721 2679 1776 ante
2707 1713 2942 1777 dictum
2973 1721 3088 1788 est,
3121 1715 3427 1796 plurimos
3460 1717 3684 1780 merito

437 1827 708 1901 sustulit,
746 1825 964 1906 paucis
1016 1819 1249 1885 relictis
1276 1817 1455 1892 alios,
1484 1815 1596 1878 sed
1642 1815 1996 1896 pauciores,
2037 1814 2117 1877 de
2147 1830 2266 1876 suo
2304 1814 2370 1876 in
2397 1820 2634 1877 textum
2665 1815 2896 1878 intulit.
2925 1817 3104 1889 Quod
3125 1817 3202 1878 ad
3219 1817 3509 1882 ordinem
3541 1837 3682 1882 ver-

435 1929 660 1992 borum
686 1927 925 2002 attinet,
944 1925 1013 1988 in
1041 1939 1170 2005 quo
1199 1918 1642 1984 constituendo
1665 1916 1898 1980 librarii
1929 1913 2192 1977 multum
2249 1914 2414 1977 inter
2455 1931 2526 1978 se
2554 1915 2949 1992 dissentiunt,
2981 1917 3045 1979 in
3075 1917 3387 1998 prioribus
3413 1918 3686 1981 bomiliis

437 2030 847 2108 archetypum
872 2042 1012 2089 raro
1041 2022 1313 2097 deserit;
1345 2022 1412 2084 in
1444 2016 1898 2101 posterioribus
1922 2032 2073 2079 vero
2097 2063 2114 2090 ,
2137 2031 2289 2096 ope,
2312 2020 2384 2076 ut
2409 2014 2676 2091 videtur,
2707 2017 2944 2081 codicis
2971 2019 3092 2094 sui,
3116 2019 3383 2100 plurima
3413 2021 3682 2086 novavit.

437 2129 741 2190 Praeterea
766 2126 960 2186 varias
1001 2114 1324 2194 lectiones,
1351 2119 1462 2182 sed
1493 2134 1622 2180 non
1659 2117 1744 2178 ita
1790 2115 2178 2194 frequentes,
2197 2130 2329 2175 orm
2363 2112 2506 2174 libri
2523 2113 2832 2194 ascripsit,
2859 2127 3041 2178 more
3069 2117 3180 2196 qui
3207 2123 3356 2180 tunc
3383 2119 3686 2199 temporis

437 2227 697 2289 usitatus
733 2231 884 2304 erat.
907 2221 1174 2295 Scilicet,
1207 2219 1374 2284 nulla
1403 2215 1788 2296 singulorum
1813 2213 2101 2278 codicum
2126 2213 2446 2276 mentione
2466 2213 2650 2288 facta,
2680 2214 2738 2276 si
2757 2215 2908 2294 quid
2934 2216 3129 2278 textui
3151 2217 3231 2280 ab
3260 2217 3400 2298 ipso
3430 2225 3684 2301 recepto

436 2325 576 2389 libri
635 2323 1038 2406 probabiliter
1088 2320 1484 2401 adjiciebant,
1511 2313 1814 2379 asterisco
1865 2314 1931 2375 in
1965 2313 2126 2377 serie
2156 2312 2388 2394 posito,
2418 2313 2607 2375 verba
2636 2313 2935 2390 addititia,
2959 2315 3242 2378 eamdem
3275 2326 3485 2379 notam
3515 2334 3684 2396 prm-

434 2429 776 2502 tendentia,
805 2426 1068 2506 margini
1099 2423 1321 2498 illevit;
1349 2422 1403 2484 si
1456 2420 1608 2501 quid
1643 2420 1985 2492 mutabant,
2017 2417 2258 2480 duabus
2300 2415 2547 2478 lineolis
2577 2416 2943 2480 transversis
2976 2417 2996 2500 (
3024 2417 3097 2498 ")
3124 2417 3205 2480 ad
3237 2418 3482 2480 initium
3512 2418 3684 2482 verbi

433 2529 529 2591 vel
553 2532 1068 2609 verborumquaa
1096 2543 1133 2590 e
1169 2531 1345 2589 textu
1380 2521 1687 2586 movenda
1715 2525 1910 2594 erant,
1941 2517 2212 2592 insertis,
2247 2518 2506 2580 verbum
2527 2517 2622 2578 vel
2649 2517 2857 2592 verba,
2881 2531 3023 2598 qum
3056 2535 3134 2581 ex
3159 2517 3481 2582 codicibus
3507 2515 3683 2579 sutii-

431 2630 656 2694 cienda
701 2637 898 2704 erant,
945 2630 1012 2691 in
1040 2627 1387 2706 marginem
1433 2627 1612 2704 signo
1641 2651 1736 2702 γρ.
1768 2620 2109 2703 praeposito
2159 2618 2391 2681 retulit.
2430 2619 2564 2680 Hoc
2601 2636 2748 2683 vero
2802 2619 2861 2682 ei
2913 2619 3246 2683 infeliciter
3281 2619 3490 2694 cessit,
3513 2617 3681 2698 quod

433 2731 671 2792 nullam
715 2729 996 2792 notulam
1025 2727 1316 2800 habebat,
1357 2743 1481 2806 qua
1509 2725 1988 2804 signiﬁcaretur,
2010 2719 2088 2783 ad
2131 2725 2285 2799 quot
2308 2717 2608 2780 vocabula
2635 2735 2774 2780 sese
2811 2721 3102 2782 extendat
3131 2721 3498 2784 lineolarum
3532 2723 3683 2784 ista-

439 2847 576 2893 rum
617 2831 708 2893 vis
760 2852 778 2891 :
813 2846 954 2909 qum
991 2847 1091 2892 res
1127 2828 1484 2892 Editoribus
1534 2824 1954 2889 Benedictinis
1986 2836 2448 2902 nonnunquam
2487 2821 2738 2883 errandi
2793 2821 3042 2883 occasio
3084 2822 3322 2884 exstitit
3346 2822 3454 2903 (α).
3488 2823 3681 2886 [idem

431 2949 567 2993 non
595 2947 724 2992 uno
771 2930 913 2992 loco
967 2937 1147 2992 notas
1195 2929 1542 2991 additionis
1577 2933 1638 2990 et
1681 2925 2047 2986 mutationis
2095 2923 2259 2985 inter
2294 2943 2363 2986 se
2405 2921 2888 2996 confundendo,
2923 2940 3116 2986 novas
3151 2922 3455 2987 lectiones
3493 2924 3682 2987 tinxe-

431 3036 580 3092 runt
611 3029 716 3110 (ὁ).
747 3029 1021 3093 Tertium
1051 3030 1329 3091 (ictarum
1365 3027 1705 3090 lectionum
1734 3009 2040 3106 genus‘ex
2065 3025 2266 3106 ipsius
2289 3024 2503 3087 Savilii
2532 3024 2773 3087 incuria
2803 3025 3108 3103 originem
3139 3025 3322 3087 traxit
3357 3023 3460 3106 (ο).
3494 3027 3682 3086 Porro

432 3131 891 3194 observandum
957 3137 1050 3193 est
1083 3131 1382 3193 Savilium
1428 3129 1750 3211 plurimas,
1802 3136 1870 3191 ut
1904 3128 2056 3202 dixi,
2095 3128 2322 3190 veteris
2373 3127 2670 3192 editionis
2713 3127 3017 3192 lectiones
3065 3129 3200 3192 sine
3249 3128 3681 3209 admonitione

431 3239 732 3307 mutasse;
769 3233 820 3294 si
843 3249 989 3294 vero
1020 3230 1360 3311 aliquando
1391 3231 1470 3293 de
1493 3229 1892 3294 correctione
1926 3231 2151 3293 Lector
2178 3229 2537 3293 monendus
2581 3234 2767 3304 esset,
2794 3227 3130 3292 lectionem
3155 3247 3190 3291 a
3219 3247 3289 3292 se
3316 3239 3588 3294 amotam
3616 3228 3678 3291 in

434 3332 710 3411 margine
736 3349 882 3393 cum
908 3331 1086 3408 signo
1123 3356 1215 3408 γρ.
1252 3327 1563 3408 posuisse,
1588 3327 1753 3389 haud
1779 3344 1963 3390 secus
1993 3343 2181 3407 quam
2202 3326 2255 3388 si
2290 3343 2327 3389 e
2355 3328 2576 3392 codice
2604 3325 2876 3408 quodam
2910 3344 3097 3390 manu
3125 3329 3358 3410 scripto
3387 3339 3678 3412 excerpta

436 3434 670 3495 fuisset.
708 3433 843 3494 Hoc
886 3447 1142 3510 quoque
1173 3437 1267 3491 est
1295 3427 1404 3490 ubi
1440 3427 1864 3490 Benedictinis
1908 3426 2113 3490 fraudi
2169 3427 2288 3490 fuit
2325 3430 2438 3509 ((1).
2496 3429 2672 3502 Quod
2705 3447 2854 3494 vero
2871 3429 2950 3492 ad
2979 3437 3182 3492 textus
3208 3431 3678 3511 castigationem

429 3535 668 3609 attinet,
700 3534 765 3596 in
796 3533 1004 3614 priore
1037 3531 1248 3613 eperis
1275 3537 1452 3611 parte
1472 3577 1488 3604 ,
1519 3529 1628 3592 ubi
1665 3527 1878 3610 plures
1903 3528 2160 3590 codices
2194 3530 2254 3591 ei
2286 3529 2368 3592 ad
2413 3547 2670 3594 manum
2710 3536 2909 3606 erant,
2937 3530 3133 3594 multo
3161 3532 3403 3596 cautius
3432 3540 3494 3596 et
3531 3534 3678 3596 reli-

424 3634 667 3712 giosius
713 3633 779 3695 in
823 3633 1280 3696 mutationibus
1331 3638 1465 3694 tum
1500 3630 1904 3693 admittendis
1945 3636 2080 3692 tum
2117 3631 2408 3694 notandis
2467 3639 2748 3695 versatus
2786 3643 2916 3709 est;
2957 3633 3022 3695 in
3070 3635 3418 3714 posteriore
3442 3642 3678 3711 autem,

432 3738 634 3802 codici
659 3755 796 3814 suo,
827 3745 896 3800 ut
925 3737 1195 3812 videtur,
1227 3735 1488 3798 nimium
1516 3734 1827 3810 addictus,
1863 3737 2193 3798 innumera
2220 3735 2353 3800 fere
2374 3736 2642 3813 novavit,
2673 3737 2754 3800 de
2787 3737 3016 3820 quibus
3044 3754 3252 3818 neque
3281 3737 3344 3799 in
3373 3754 3484 3802 ora
3511 3737 3675 3811 libri,

439 3856 638 3924 aeque
685 3840 752 3901 in
798 3839 963 3901 notis
992 3839 1248 3900 verbum
1295 3835 1562 3900 monuit.
1593 3839 1829 3900 Harum
1863 3835 2279 3900 mutationum
2322 3838 2658 3902 nonnullas
2689 3847 2796 3902 aut
2830 3839 2897 3904 in
2933 3837 3443 3905 adnotationibus
3468 3845 3574 3900 aut
3613 3841 3675 3903 in

441 3940 608 4001 rariis
632 3937 1010 4002 lectionibus
1033 3935 1299 3998 iudicavi
1325 3952 1340 4009 ;
1373 3934 1584 4015 plures
1609 3933 1860 3998 silentio
1886 3935 2179 4016 praeterii.
2202 3938 2509 4002 Ceterum
2539 3947 2767 4021 prmter
2793 3948 2972 4006 notas
2999 3943 3395 4022 marginales,
3417 3945 3674 4008 Savilius

442 4039 896 4104 abservationes
923 4055 1088 4111 suas,
1136 4054 1364 4116 paucas
1395 4034 1650 4116 quidem
1680 4036 1791 4099 sed
1820 4037 2007 4100 bona;
2039 4036 2224 4116 frugi,
2258 4039 2328 4101 in
2357 4046 2533 4120 parte
2555 4040 2910 4121 posteriore
2935 4043 3092 4105 tomi
3119 4044 3319 4106 octavi
3353 4044 3673 4117 condidit;

427 4159 690 4224 .‘uarum
727 4140 1057 4201 maximam
1084 4145 1324 4216 partem
1354 4138 1556 4201 amico
1586 4154 1728 4209 suo,
1749 4138 1975 4200 Joanni
2002 4138 2212 4200 Boisie
2238 4137 2338 4219 (e),
2366 4140 2672 4202 canonico
2701 4140 2956 4215 Eliensi,
2976 4143 3206 4205 debere
3225 4159 3294 4205 se
3322 4143 3669 4223 proﬁtetur.

425 4241 668 4324 tneepti
711 4240 999 4304 Saviliani
1034 4255 1178 4301 vere
1222 4238 1535 4316 magnifici
1559 4244 1621 4299 et
1657 4237 1965 4317 privatum
1999 4255 2259 4299 censum
2306 4239 2739 4319 exsuperantis
2777 4241 3059 4304 notitiam
3090 4259 3293 4305 meam
3330 4242 3670 4318 absolvam,

433 4349 757 4423 postquam
788 4339 867 4401 de
894 4345 1022 4400 toto
1050 4353 1245 4418 opere
1277 4349 1608 4410 monuere,
1635 4347 1972 4416 operarum
1998 4342 2389 4399 correctores
2422 4337 2488 4398 in
2517 4335 2724 4426 cilicio
2753 4357 2870 4404 suo
2897 4341 3368 4421 diligentissime
3397 4351 3670 4407 versatos

442 4459 564 4505 asse
582 4460 598 4516 ;
638 4449 706 4504 ut
738 4459 867 4505 non
901 4440 1096 4520 magis
1139 4445 1398 4502 externo
1433 4435 1661 4511 nitore,
1693 4451 1882 4516 quam
1909 4434 2209 4500 interiore
2239 4438 2638 4502 accuratione
2666 4456 2738 4503 ac
2765 4438 2888 4504 ﬁde
2919 4440 3080 4504 liber
3098 4441 3386 4506 emineat.

502 4544 608 4604 ΙΙΙ.
661 4543 751 4605 Ad
782 4542 1024 4604 tertiam
1060 4539 1396 4602 editionem
1423 4535 1523 4616 (Γ),
1556 4552 1698 4616 quae
1756 4534 1998 4597 Morelli
2066 4541 2183 4610 est,
2241 4536 2718 4603 describendam
2761 4540 3226 4605 Montefalconii
3264 4544 3466 4606 verbis
3506 4551 3665 4610 utar.

425 4665 455 4699 α
481 4643 683 4704 Editio
711 4642 983 4704 Parisina
1007 4639 1241 4702 Claudii
1260 4639 1410 4716 [imo
1423 4636 1658 4713 Caroli]
1683 4635 1923 4698 Morelli
1949 4653 2118 4700 anno
2145 4639 2542 4702 MDCXXXVI
2565 4639 2714 4717 [imo
2743 4642 3164 4721 MDCXXXIII]
3182 4644 3663 4716 data,Saviliana

423 4754 485 4805 et
536 4741 1020 4805 Commeliniana
1073 4740 1332 4803 inferior
1383 4744 1498 4814 est,
1547 4737 1662 4801 etsi
1697 4737 1836 4817 ipse
1865 4739 2298 4818 typographus
2335 4739 2676 4804 admodum
2704 4739 2874 4804 illam
2903 4743 3304 4806 commendet
3332 4744 3394 4806 in
3428 4745 3664 4808 Monito

420 4863 560 4911 suo.
589 4844 1022 4924 Exemplaria,
1043 4845 1267 4924 inquit,
1310 4842 1532 4925 quibus
1560 4843 1626 4904 in
1647 4843 1946 4920 praesenti
1971 4843 2241 4904 editione
2269 4845 2370 4906 usi
2397 4863 2608 4906 sumus
2628 4845 2829 4923 fuere,
2862 4847 3280 4908 authenticum
3321 4849 3478 4912 illud
3527 4853 3658 4912 Ana

418 4947 681 5028 qlicanw
741 4944 1055 5015 editionis,
1088 4962 1406 5024 nunquam
1466 4943 1623 5002 satis
1691 4940 2040 5016 laudatum,
2081 4945 2184 5006 cui
2238 4943 2528 5024 religiose
2581 4943 2950 5008 adhasimus
2992 4947 3059 5008 in
3079 4948 3448 5028 corrigendo
3486 4960 3664 5012 textu

428 5051 656 5127 Graeco,
686 5049 920 5111 notatis
953 5050 1134 5129 prius
1169 5067 1280 5109 suo
1319 5045 1656 5129 quibusque
1688 5045 1820 5107 loco
1859 5047 2122 5124 mendis,
2167 5067 2300 5130 qua:
2335 5050 2403 5110 in
2441 5047 2604 5109 calce
2638 5047 2909 5128 ejusdem
2945 5050 3240 5114 editionis
3285 5063 3572 5116 accurate
3595 5065 3660 5115 et

485 5290 564 5363 (α)
596 5290 730 5347 Vide
763 5289 962 5344 Adnot.
1003 5287 1071 5344 ad
1111 5304 1165 5358 p.
1193 5288 1318 5344 459.
2086 5294 2300 5349 libellus
2331 5292 2668 5355 utilissimus,
2709 5312 2811 5350 nec
2840 5295 2972 5350 satis
3019 5307 3180 5350 nctus
3224 5319 3236 5352 :
3268 5295 3458 5350 Veteris
3492 5296 3656 5347 inter-

488 5381 563 5453 (ι)
590 5381 723 5436 Vide
752 5379 954 5433 Adnot.
986 5379 1054 5433 ad
1084 5394 1177 5449 pp.
1204 5377 1327 5442 346,
1361 5377 1483 5443 369,
1508 5379 1632 5443 6|5,
1667 5380 1786 5436 664.
2083 5381 2093 5432 i

2083 5367 2244 5453 piratis
2282 5380 2399 5417 cum
2415 5363 2552 5418 Beza
2585 5365 2805 5437 aliisque
2831 5367 3195 5421 recentioribus
3222 5366 3449 5420 collatio.
3481 5364 3652 5420 Lond.

2089 5436 2224 5464 1121⁵ζῖ

484 5437 557 5532 (si
577 5461 710 5518 Vide
734 5461 932 5518 Adnot.
970 5463 1037 5516 ad
1069 5437 1157 5532 ιίῥ.
1185 5437 1480 5525 εοδζιιδί
1621 5437 1630 5443 ’

485 5547 562 5584 Mt
602 5545 736 5584 Villa
773 5544 942 5584 Ldnnt
999 5545 1062 5584 sui
1092 5559 1161 5584 nn
1212 5546 1317 5584 90"]
1381 5543 1484 5584 χες
2088 5575 2089 5578 η

2089 5460 2092 5464 ,
2143 5437 2224 5463 .,...

2088 5437 2582 5584 ibi)]:;.ilmc_editio
2624 5505 2908 5584 interdum
2964 5506 3321 5584 Erontouiaua
3370 5502 3589 5584 dicitur,
3618 5519 3651 5584 φ

591 5545 737 5643 lida
767 5544 967 5643 Adn’ot‘.‘
996 5545 1064 5600 ad
1092 5559 1180 5616 pp.
1212 5546 1336 5638 9.97,
1380 5544 1505 5599 535.
1556 5629 1567 5639 .
1601 5628 1612 5640 .
1679 5629 1690 5641 .
2087 5574 2090 5625 ς

2087 5544 2590 5632 Γτδιίιοιιξῡιῖςιεο
2616 5575 2820 5630 Jcsuita
2862 5577 3080 5631 nomine
3109 5576 3273 5630 ducto
3299 5573 3422 5643 ;qui
3472 5544 3651 5629 tanien

491 5628 563 5700 (α)
591 5625 765 5700 Hujus
797 5629 915 5696 viri,
935 5627 1130 5700 lingua:
1155 5628 1436 5699 utriusque
1455 5628 1789 5707 peritissimi,
1811 5639 1986 5685 exstat
2087 5625 2096 5698 1

1527 5628 1789 5707 ritissimi,
1811 5639 1986 5685 exstat
2087 5625 2362 5701 ttulit—illi?
2378 5625 2433 5702 iis
2445 5625 3132 5714 ieiunaiei'tua“:
