4064 6214
372 296 445 345 ‘17
1630 284 1812 341 ΓΒΗ).
1856 282 2057 337 FIELD
2099 276 2492 339 PR/EFATIO.

384 397 656 478 ﬁdeliter
696 402 1025 465 habentur.
1052 403 1330 465 Alte-rum
1367 404 1494 481 fuit
1531 403 1721 465 editio
1766 412 2080 484 postrema
2109 405 2487 467 Parisiensis
2514 407 2730 469 Latine
2762 414 2999 470 tantum
3033 430 3071 470 α
3104 410 3178 471 R.
3207 411 3280 472 Ρ.
3318 409 3633 471 Frontone

386 502 605 561 Duram
635 505 915 565 societat.
945 508 1093 567 Iesu
1131 506 1459 585 Theologo,
1499 507 1816 586 ete.Atqui
1840 505 2009 585 quod
2041 506 2248 568 aitille
2274 525 2341 569 se
2384 508 2725 586 Anglicano
2747 513 3111 593 exemplari,
3144 514 3271 575 sive
3300 510 3630 582 Saviliano,

383 600 675 677 religiose
728 603 1089 679 adhaasisse,
1135 606 1367 668 mirum
1437 611 1741 685 quantum
1791 623 1827 667 a
1872 621 2021 666 vero
2079 607 2534 669 aberratznam
2579 608 2657 669 ab
2714 609 2821 672 illo
2857 612 3198 691 saepissime
3227 610 3312 671 ita
3332 609 3632 680 dissonat,

381 702 654 763 maxime
702 719 852 766 vero
903 705 1276 785 quibusdam
1321 707 1388 768 in
1423 707 1606 781 locis,
1639 713 1700 768 et
1736 707 1991 785 quidem
2034 714 2129 770 sat
2154 708 2609 788 frequentibus,
2649 716 2717 771 ut
2746 712 2998 791 planum
3032 713 3109 774 sit
3145 712 3323 774 illum
3354 727 3389 772 a
3421 708 3636 770 labore

386 796 520 861 haec
550 798 676 860 duo
707 801 1087 880 exemplaria
1117 803 1486 865 conferendi
1511 804 1606 866 vel
1636 805 1921 879 omnino,
1945 804 2042 865 vel
2071 806 2288 867 saltem
2312 807 2680 888 plerumque
2710 810 3103 873 abstinuisse.
3138 812 3399 871 Prorsus
3426 814 3635 869 autem

382 910 732 966 consonant
759 905 974 967 Graeca
1000 906 1242 967 Morelli
1276 924 1416 969 cum
1449 908 1678 970 Graecis
1698 910 2204 972 Commelinianis
2230 929 2244 985 ;
2274 913 2353 975 ita
2381 918 2449 974 ut
2480 914 2664 975 etiam
2709 932 2895 977 voces
2947 933 3187 989 omnes,
3219 931 3361 995 quia
3390 911 3635 975 uncinis

380 1002 788 1067 includuntur
813 1006 879 1066 in
920 1007 1409 1070 Commeliniana
1441 1008 1740 1085 editione,
1770 1010 1833 1071 id
1872 1012 2043 1091 quod
2074 1013 2304 1091 passim
2330 1015 2622 1088 occurrit,
2653 1016 2901 1077 uncinis
2929 1016 3212 1078 similiter
3240 1012 3636 1076 includantur

380 1100 986 1168 inMorelliana......
1019 1108 1199 1170 Unde
1242 1108 1423 1172 facile
1464 1111 1861 1186 crediderim,
1910 1131 2139 1193 operas
2193 1115 2429 1177 Morelli
2488 1119 2970 1197 typographicas
3004 1119 3079 1180 ad
3128 1113 3633 1179 Commelinianm

380 1196 890 1263 cditionisﬁdem
934 1204 1147 1267 Graeca
1202 1205 1627 1287 Chrysostomi
1682 1210 1975 1273 edidisse.
2014 1213 2089 1273 Et
2116 1218 2321 1275 tamen
2350 1214 2520 1276 nulla
2544 1196 3048 1279 Commelinianaa
3079 1216 3370 1279 editionis
3397 1214 3633 1276 mentio

379 1297 647 1361 habetur
682 1302 747 1364 in
776 1304 1010 1365 Monito
1041 1306 1305 1368 Morelli.
1328 1333 1356 1363 »
1380 1311 1528 1372 Hinc
1558 1313 1879 1374 verissime
1907 1330 1940 1374 a
1969 1314 2454 1377 Montefalconio
2476 1315 2638 1377 dicta
2669 1334 2805 1379 esse
2834 1325 3049 1392 testor,
3082 1316 3431 1397 praesertim
3463 1314 3633 1393 quod

379 1399 459 1461 de
488 1418 727 1465 summa
759 1407 1097 1470 concordia
1131 1411 1583 1491 exemplarium
1609 1415 1952 1478 Morelliani
1982 1423 2044 1477 et
2081 1416 2553 1478 Commeliniani
2591 1418 2888 1493 affirmat;
2923 1420 3006 1480 ita
3040 1425 3128 1491 ut,
3160 1419 3211 1479 si
3232 1413 3637 1478 amanifestis

378 1503 704 1584 utriusque
762 1521 1095 1585 operarum
1139 1512 1455 1575 erroribus
1509 1516 1873 1591 decesseris,
1918 1518 2020 1579 vix
2045 1517 2261 1580 decem
2294 1519 2448 1582 locis
2489 1537 2560 1582 ea
2596 1521 2761 1581 inter
2785 1536 2852 1581 se
2901 1519 3226 1582 dissentire
3258 1515 3632 1579 existimem.

379 1600 597 1683 Itaque
625 1624 786 1678 ,cum
815 1609 963 1670 satis
997 1614 1351 1689 constet,in
1386 1612 1502 1677 hac
1541 1615 1821 1677 editione
1859 1615 2017 1678 nihil
2073 1619 2333 1681 omnino
2364 1619 2593 1681 criticze
2657 1616 2802 1680 fidei
2852 1624 2956 1680 aut
2984 1615 3367 1679 auctoritatis
3396 1613 3631 1683 inesse,

380 1717 636 1783 prorsus
664 1708 743 1773 de
772 1728 845 1772 ea
878 1715 1236 1790 tacuissem,
1271 1718 1392 1779 nisi
1427 1719 1567 1779 dum
1616 1737 1819 1780 causae
1860 1720 2244 1782 obstitissent
2278 1740 2291 1781 :
2321 1739 2469 1795 una,
2501 1722 2672 1799 quod
2698 1721 2817 1783 hoc
2848 1724 3052 1801 ipsum
3087 1720 3427 1800 exemplar,
3459 1718 3634 1796 cujus

379 1809 857 1889 depravationes
912 1822 1037 1877 tam
1092 1818 1345 1897 penitus
1396 1825 1757 1899 perspectas
1804 1820 2020 1882 habuit
2048 1821 2589 1896 Montefalconius,
2622 1825 2758 1903 ipse
2797 1835 3008 1903 spreto
3054 1824 3394 1901 Anglicano
3425 1820 3636 1901 aperis

378 1909 508 1969 suis
553 1910 936 1973 imitandum
982 1914 1186 1990 dedit;
1209 1916 1422 1993 altera,
1464 1918 1633 1998 quod
1665 1919 1814 1981 dum
1845 1922 2057 1983 Graeca
2087 1931 2227 1985 mea
2262 1923 2583 1999 ornabam,
2607 1924 2948 1987 editionem
2976 1922 3525 1985 Commelinianam
3556 1919 3635 1979 ad

378 2024 635 2070 manum
666 2009 895 2075 habere
931 2031 1060 2077 non
1092 2017 1309 2096 potui:
1344 2026 1564 2099 postea
1595 2038 1741 2084 vero
1776 2021 2119 2103 exemplari
2157 2031 2543 2105 comparato,
2582 2025 2708 2087 vidi
2736 2026 2799 2091 in
2832 2024 3042 2087 locum
3064 2020 3307 2085 Morelli
3344 2024 3632 2085 Comme-

378 2108 491 2172 1ini
519 2128 751 2175 nomen
767 2114 1003 2196 ubique
1028 2116 1160 2180 fere
1186 2118 1383 2182 sufﬁci
1412 2137 1598 2201 posse
1633 2121 1745 2203 (a).

454 2213 555 2273 IV.
598 2214 731 2275 Jam
770 2217 1021 2279 tandem
1060 2218 1136 2280 ad
1166 2220 1632 2285 Benedictinam
1664 2224 2051 2301 devenimus,
2086 2243 2227 2306 quae
2256 2245 2501 2291 summo
2532 2228 2804 2291 virorum
2838 2226 3167 2289 doctorum
3192 2223 3628 2285 indoctorum-

377 2332 502 2395 que
534 2332 852 2378 consensu
896 2317 975 2380 ad
1013 2318 1181 2382 hunc
1229 2321 1397 2385 diem
1426 2324 1752 2386 Editionis
1775 2327 2021 2405 optima:
2043 2326 2251 2406 elogio
2283 2328 2637 2392 decoratur.
2672 2328 2915 2391 Prodiit
2941 2327 3128 2405 igitur
3146 2327 3418 2405 Operum
3441 2322 3628 2401 Chry-

376 2414 637 2477 sostomi
668 2422 874 2478 tomus
902 2419 1225 2498 septimus,
1257 2422 1366 2501 qui
1396 2440 1431 2484 a
1457 2424 1686 2486 nostris
1720 2425 2009 2487 Homiliis
2029 2434 2195 2489 totus
2224 2434 2589 2509 occupatur,
2612 2428 2859 2491 Parisiis
2892 2442 3059 2490 anno
3109 2425 3279 2486 1727.
3311 2427 3382 2485 In
3418 2424 3627 2483 fronte

377 2517 519 2579 libri
576 2517 654 2581 de
698 2517 1122 2599 Chrysostomi
1159 2523 1459 2604 cperibus
1509 2525 1575 2586 in
1629 2526 1993 2588 universum
2053 2528 2468 2607 praedicatur,
2503 2548 2583 2591 EA
2628 2548 2710 2590 Αι)
2752 2546 2887 2590 uss.
2933 2544 3187 2589 CODICES
3227 2540 3628 2595 GALLICANOS,

375 2634 742 2695 V'ATICANOS,
784 2638 1193 2699 ANGLICANOS,
1233 2642 1771 2703 GERMANICOSQUE,
1816 2646 2069 2693 NECNON
2104 2650 2188 2691 AD
2231 2649 2605 2694 SAVILIANAM
2645 2650 2723 2693 ΕΤ
2756 2645 3245 2693 FRONTONIANAM
3282 2642 3629 2696 RDITIONES,

381 2738 717 2784 CASTIGATA
762 2741 931 2784 assa.
984 2724 1160 2797 Quod
1224 2724 1331 2787 hic
1375 2726 1452 2788 de
1484 2727 1807 2790 codicibus
1832 2729 2147 2792 Vaticanis
2162 2732 2673 2811 Germanicisque
2710 2735 3259 2801 commemoratur,
3290 2726 3353 2788 id
3392 2725 3470 2788 ad
3511 2723 3629 2786 alia

376 2821 801 2901 Chrysostomi
831 2841 1026 2905 opera
1060 2826 1333 2906 pertinet
1367 2843 1381 2887 ε
1412 2827 1899 2906 Anglicanorum
1948 2848 2096 2894 vero
2134 2832 2423 2895 codicum
2451 2832 2688 2894 mentio
2733 2830 2983 2894 nonnisi
3040 2829 3301 2911 repetita
3341 2824 3633 2891 editionis

376 2922 699 2984 Savilianaa
727 2923 1074 2987 nominatio
1104 2937 1220 2988 est.
1258 2927 1518 2989 Restant
1545 2946 1694 3008 ergo
1722 2929 2045 3005 Gallicani,
2075 2950 2236 3012 quos
2260 2933 2337 2995 ad
2372 2934 2618 3007 initium
2647 2933 2923 2996 homiliaa
2951 2932 3172 3015 primae
3225 2929 3497 2991 breviter
3526 2926 3633 2987 dc-

376 3022 662 3099 signavit.
695 3022 1109 3098 Contulimus,
1140 3025 1369 3106 inquit,
1410 3028 1650 3091 codices
1681 3032 1906 3110 Regios
1947 3030 2121 3108 1934,
2166 3033 2343 3109 1940,
2388 3035 2560 3096 1942.
2590 3034 2861 3097 Colbert.
2902 3033 3034 3107 166,
3065 3032 3201 3092 205.
3233 3026 3494 3091 Coislin.
3528 3023 3626 3083 66.

376 3121 585 3182 Alium
608 3124 749 3182 item
776 3123 948 3185 Dom.
996 3124 1316 3187 Foucault.
1350 3136 1407 3188 et
1451 3128 1866 3190 Turonensem
1912 3131 2090 3190 Dom.
2132 3129 2216 3190 du
2250 3130 2510 3204 Poirier,
2535 3130 2768 3191 Medici
2793 3127 3222 3189 eruditissimi.
3244 3123 3451 3186 Habes
3488 3127 3621 3183 octr

376 3222 629 3285 codices
660 3223 823 3284 bene
861 3229 1245 3299 numeratos,
1274 3225 1341 3286 in
1366 3222 1641 3306 quoium
1666 3231 1875 3289 tamen
1914 3228 2132 3291 notitia
2164 3229 2380 3291 Virum
2410 3226 2981 3309 palaeographicum
3010 3231 3071 3287 et
3092 3230 3293 3285 totum
3322 3223 3387 3284 in
3426 3237 3630 3283 mem-

374 3329 712 3393 branarum
742 3326 1164 3408 descriptione
1192 3336 1503 3391 versatum
1531 3329 1823 3409 equidem
1853 3346 1983 3393 non
2015 3347 2313 3408 agnosco.
2357 3331 2533 3405 Quod
2566 3329 2903 3411 plurimum
2954 3328 3237 3401 interest,
3266 3332 3474 3387 utrum
3498 3324 3629 3385 sin-

375 3426 507 3506 guli
535 3426 786 3488 codices
836 3426 1150 3505 integrum
1202 3444 1385 3508 opus,
1419 3445 1499 3490 an
1529 3428 1805 3508 priorem
1834 3434 2073 3491 tantum
2108 3429 2203 3491 vel
2250 3431 2665 3511 posteriorem
2708 3434 2947 3509 partem
3000 3427 3385 3500 contineant,
3432 3425 3495 3486 id
3550 3440 3629 3486 ne

373 3528 566 3589 verbo
620 3526 875 3607 quidem
915 3527 1270 3590 declaravit.
1331 3530 1463 3602 Qua
1492 3528 1572 3590 de
1625 3546 1694 3592 re
1742 3546 1938 3609 pauca
1972 3530 2155 3593 nobis
2193 3529 2457 3592 dicenda
2487 3537 2653 3591 sunt.
2700 3529 2992 3591 Codicem
3024 3526 3468 3588 Coislinianum
3492 3525 3627 3603 ipse

373 3626 633 3689 Montef.
687 3628 753 3689 in
816 3626 1199 3690 Bibliotheca
1240 3626 1492 3689 Coislin.
1554 3644 1619 3707 p.
1664 3625 1797 3701 129,
1844 3626 2043 3689 fusius
2096 3626 2424 3706 descripsit
2469 3644 2484 3687 :
2525 3627 2805 3688 continet
2855 3624 3145 3688 homilias
3180 3625 3328 3686 XLV
3357 3624 3627 3704 priores.

374 3732 611 3810 Regius
662 3729 835 3806 1940,
872 3731 1062 3793 hodie
1100 3730 1237 3804 673,
1269 3729 1520 3792 easdem
1552 3728 1760 3791 habet.
1796 3731 2029 3807 Regius
2077 3728 2248 3805 1942,
2280 3728 2470 3792 hodie
2515 3728 2653 3805 666,
2695 3736 2756 3791 et
2786 3732 2943 3809 Reg.
2983 3728 3234 3805 1934-3,
3266 3728 3455 3791 hodie
3484 3728 3624 3803 668,

374 3832 620 3913 priores
647 3831 827 3891 XLIV
858 3839 1123 3910 uterque
1147 3836 1453 3893 numerat.
1479 3833 1754 3905 Quatuor
1774 3831 1892 3893 hos
1914 3832 2164 3894 codices
2201 3831 2335 3910 ipse
2363 3830 2633 3911 inspexi,
2664 3830 3093 3910 lectionesque
3120 3830 3453 3891 nonnullas
3478 3829 3627 3891 inde

377 3937 725 4010 excerptas,
757 3930 823 3991 in
859 3930 1367 3993 adnotationibus
1396 3948 1539 3993 cum
1574 3932 1833 3994 Lectore
1883 3930 2360 3994 communicavi.
2400 3932 2635 4010 Regius
2669 3929 2918 4006 1934-4,
2951 3930 3139 3993 hodie
3169 3928 3307 4004 685,
3334 3929 3487 3991 mihi
3529 3933 3624 4004 L.,

375 4032 787 4111 posteriorem
848 4031 1245 4096 homiliarum
1289 4039 1531 4114 partem
1572 4033 1873 4096 continet.
1906 4034 1992 4094 De
2016 4034 2259 4095 caeteris
2295 4033 2448 4096 nihil
2472 4040 2866 4115 compertum
2900 4033 3128 4096 habeo.
3170 4035 3473 4095 Caeterum
3514 4049 3626 4095 co-

375 4132 585 4194 dicum
614 4132 925 4195 indicibus
946 4134 1011 4195 in
1053 4133 1261 4198 fronte
1300 4134 1511 4215 aperis
1548 4134 1793 4214 positis,
1825 4139 2047 4213 postea
2096 4150 2132 4196 a
2165 4133 2368 4215 prima
2412 4133 2672 4197 homilia
2716 4151 2921 4216 usque
2956 4132 3035 4196 ad
3096 4132 3498 4197 novissimam
3546 4149 3626 4193 ne

374 4252 573 4298 unum
613 4234 869 4314 quidem
908 4234 1277 4296 nominatim
1305 4233 1608 4314 appellat;
1636 4233 1747 4297 sed
1801 4252 2015 4310 unum,
2050 4233 2196 4310 duo,
2243 4234 2425 4310 alios,
2467 4236 2763 4315 quosdam
2820 4234 3122 4313 plurimos
3148 4282 3163 4307 ,
3198 4232 3319 4294 hoc
3346 4231 3442 4293 vel
3471 4229 3624 4291 illud

373 4336 588 4414 legere
633 4352 923 4410 monens,
958 4334 1197 4396 umbris
1239 4349 1312 4395 ac
1371 4332 1720 4395 simulacris
1757 4331 2058 4396 lectorem
2109 4333 2267 4395 ludit
2300 4333 2410 4415 (b).
2468 4333 2651 4395 Plura
2682 4332 2763 4393 de
2810 4331 2988 4393 istius
3027 4330 3302 4391 hominis
3335 4327 3624 4390 codicum

376 4437 742 4500 tractatione
778 4436 846 4499 in
894 4435 1401 4497 adnotationibus
1456 4434 1608 4508 dixi,
1646 4451 1789 4513 quae
1818 4451 1987 4496 nunc
2034 4441 2322 4513 repetere
2352 4451 2478 4495 non
2508 4433 2734 4514 placet.
2783 4434 3037 4493 Summa
3080 4436 3290 4493 autem
3319 4430 3454 4493 hinc
3487 4437 3620 4491 est:

362 4543 636 4605 'Codices
673 4559 803 4605 non
845 4540 1036 4603 modo
1064 4556 1195 4601 non
1234 4537 1494 4600 contulit
1532 4540 1739 4601 bonus
1760 4537 2129 4611 monachus,
2160 4537 2270 4599 sed
2302 4537 2614 4599 interdum
2642 4536 2826 4598 etiam
2862 4535 2929 4596 in
2958 4534 3114 4597 locis
3143 4533 3622 4609 difficilioribus,

380 4651 442 4706 et
469 4645 578 4706 ubi
604 4661 670 4706 se
698 4643 938 4706 haerere
975 4641 1327 4722 profitetur,
1348 4656 1429 4702 ne
1459 4640 1737 4718 inspexit
1774 4638 2031 4718 quidem
2065 4636 2165 4717 (c).
2197 4637 2519 4699 Variarum
2550 4636 2892 4699 lectionum
2933 4653 3006 4698 ex
3039 4641 3130 4697 tot
3164 4635 3456 4698 subsidiis
3484 4654 3519 4698 a
3556 4656 3624 4699 se

374 4748 642 4811 evolutis
671 4747 771 4808 vix
799 4747 986 4810 unius
1014 4743 1285 4809 codicilli
1305 4759 1572 4805 messem
1600 4741 1853 4821 collegit
1870 4740 1982 4825 (ἀ).
2017 4741 2384 4804 Notularum
2416 4758 2637 4819 magna
2659 4758 2803 4821 pars
2830 4741 2898 4804 in
2930 4741 3091 4803 vitiis
3119 4741 3219 4805 ed.
3242 4741 3622 4805 Morellianae

452 4954 528 5019 (α)
562 4953 738 5008 Editio
762 4951 966 5007 Morelli
997 4951 1227 5021 repetita
1254 4959 1338 5007 est
1357 4948 1698 5005 Francof'urti
1727 4948 1869 5020 apud
1889 4948 1947 5003 Β.
2058 4968 2079 5003 ι
2121 4947 2342 5004 Montef.
2373 4948 2924 5021 tacitcexclusitea'w.
2948 4949 3086 5004 Nam
3111 4950 3326 5007 codices
3352 4950 3620 5021 inspicere

363 5025 440 5078 Ὀ.
477 5018 764 5085 Wustium,
796 5038 941 5077 anno
964 5018 1123 5077 1698.
1763 5018 1777 5020 ⁷
2059 5040 2077 5072 σ
2106 5018 2416 5090 properanti
2469 5019 2670 5075 Critico
2731 5036 2841 5075 non
2875 5021 3117 5090 vacabat.
3158 5040 3176 5072 ι
3213 5022 3347 5076 Ibid.
3379 5018 3568 5090 p.156
3601 5038 3616 5075 :

455 5096 525 5162 (ὁ)
562 5093 744 5146 Semel
774 5094 1012 5161 quidem,
1053 5107 1107 5162 p.
1139 5092 1265 5153 287,
1295 5099 1434 5155 not.,
1461 5090 1528 5145 ad
1563 5090 1799 5162 codicum
1834 5107 1948 5145 om-
2058 5110 2077 5143 ι
2111 5089 2341 5162 tiodices
2366 5090 2649 5145 consulere
2679 5091 2909 5162 debebat
2938 5089 3156 5162 hlontef'.
3186 5110 3203 5141 ι
3229 5090 3363 5162 Ibid.
3386 5089 3446 5159 'p.
3479 5092 3613 5162 1570:

378 5159 525 5217 nium
559 5159 1326 5230 emendatissimumprovocat.
1357 5176 1459 5214 nec
1484 5160 1727 5214 nominat
1745 5169 1948 5217 tamen.
2058 5180 2075 5212 ι
2113 5161 2282 5215 Vetus
2321 5159 2594 5228 Interpres
2646 5160 2874 5215 multum
2928 5160 3199 5229 discrepat
3226 5160 3478 5230 aGrzeco.
3515 5160 3615 5215 Hic

378 5234 463 5287 (2f.
510 5248 629 5301 qua:
669 5233 775 5287 dixi
833 5232 889 5286 in
933 5229 1221 5301 Aduat.7ad
1265 5246 1319 5301 p.
1351 5230 1476 5301 205.
1510 5230 1765 5301 Matthazi,
1807 5230 1947 5301 Nov.
2058 5250 2076 5282 ι
2113 5246 2249 5301 ergo
2260 5230 2578 5301 consulendi
2607 5240 2763 5284 erant
2789 5230 3047 5301 codices._
3071 5247 3089 5279 ι
3125 5230 3294 5301 Etsie
3319 5229 3544 5301 centies.

378 5298 560 5372 Ectogj.
586 5318 640 5371 p.
672 5303 811 5372 2575:
838 5320 855 5353 ι
882 5303 965 5372 Ita
993 5316 1121 5372 ergo
1141 5298 1673 5372 inveiiit_Montef._in
1703 5300 1814 5372 suis
1830 5300 1949 5354 XIV
2125 5298 2200 5372 (tt)
2234 5300 2346 5353 Hoc
2372 5300 2427 5353 in
2461 5299 2874 5372 Commentariis
2907 5300 2974 5353 ad
2998 5298 3167 5372 Pauli
3198 5298 3466 5372 Epistolas
3518 5314 3621 5372 po-

385 5393 402 5421 ι
435 5368 711 5427 codicibus
730 5371 840 5443 15c.
882 5371 1307 5443 Hoptiiiarumin
1345 5369 1623 5438 Joannem]
1650 5371 1789 5439 apud
1822 5386 1950 5424 suos
2052 5370 2312 5443 steriores
2339 5369 2936 5443 manifestiusvidetur,
2960 5369 3050 5424 ubi
3078 5368 3131 5422 in
3157 5370 3361 5443 integra
3392 5368 3617 5443 homilia

370 5463 405 5513 ⁵-ι
446 5444 717 5513 quosdam,
741 5438 801 5496 et
833 5441 976 5512 apud
1013 5456 1139 5496 suos
1188 5441 1343 5508 alios,
1381 5456 1519 5511 quos
1556 5438 1716 5494 nemo
1754 5450 1951 5511 prater
2051 5456 2214 5513 unum
2248 5439 2517 5493 interdum
2569 5440 2965 5513 lecti7u7nculam77
2992 5454 3058 5513 ex
3106 5438 3383 5513 codicibus
3432 5438 3615 5513 aﬂert.

376 5504 560 5581 ipsum
590 5504 757 5565 novit.
795 5530 812 5562 ι
867 5504 885 5512 ’
1006 5580 1015 5581 7
1330 5504 1339 5508 ⁷
1388 5504 1417 5581 7'
1474 5580 1477 5581 7
1730 5504 1811 5581 7'7
1844 5580 1850 5581 7
2052 5509 2451 5581 valrk.7opuse.
2499 5525 2556 5572 ιι,
2588 5526 2641 5578 p.
2684 5509 2781 5562 198
2814 5528 2827 5564 :
2867 5529 2883 5560 ι
2910 5508 3195 5581 Illud7ve7ro
3220 5509 3406 5581 miror,
3432 5506 3485 5561 in
3517 5508 3617 5562 ista

457 5581 528 5654 (τὶ
555 5581 688 5654 Vide
712 5582 910 5635 Adnot.
953 5580 1021 5636 ad
1058 5596 1151 5650 pp.
1191 5581 1313 5644 155,
1375 5579 1501 5654 205,
1539 5587 1599 5654 et
1618 5579 1762 5654 alibi.
1797 5580 1945 5654 Idem
2052 5579 2329 5654 splendida
2366 5579 2494 5633 edit.
2522 5588 2627 5654 tam
2667 5594 2814 5633 raras
2839 5594 2905 5633 ex
2937 5578 3095 5635 codd.
3119 5578 3301 5654 Regiis
3330 5579 3617 5636 adnotatas

385 5648 653 5706 “atthrcio
676 5667 891 5723 quoque
920 5648 1237 5723 persuasum
1262 5660 1362 5707 est.
1396 5651 1510 5706 Nov
1560 5650 1742 5719 Eclog.
1786 5666 1838 5719 p.
1872 5650 1943 5704 7:
2053 5649 2155 5719 legi
2185 5649 2467 5718 scriptura:
2497 5649 2807 5705 varietates.
2841 5666 2861 5701 ι
