  <div class='ocr_page' id='page_1' title='image "/cluster/home/n/w/nwhite01/storage/ocr_20150623/57/hvd.32044073501934/019.png"; bbox 0 0 4064 6214; ppageno 0'>
   <div class='ocr_carea' id='block_1_1' title="bbox 1554 236 2417 302">
    <p class='ocr_par' dir='ltr' id='par_1_1' title="bbox 1554 236 2417 302">
     <span class='ocr_line' id='line_1_1' title="bbox 1554 236 2417 302; baseline 0.003 -6"><span class='ocrx_word' id='word_1_1' title='bbox 1554 236 1736 296; x_wconf 69' lang='grc' dir='ltr'>ῖιιιι).</span> <span class='ocrx_word' id='word_1_2' title='bbox 1778 240 1978 295; x_wconf 76' lang='lat' dir='ltr'>FIELD</span> <span class='ocrx_word' id='word_1_3' title='bbox 2033 240 2417 302; x_wconf 75' lang='lat' dir='ltr'>PR.£FATIO.</span> 
     </span>
    </p>
   </div>
   <div class='ocr_carea' id='block_1_2' title="bbox 336 346 3586 447">
    <p class='ocr_par' dir='ltr' id='par_1_2' title="bbox 336 346 3586 447">
     <span class='ocr_line' id='line_1_2' title="bbox 336 346 3586 447; baseline 0.01 -45"><span class='ocrx_word' id='word_1_4' title='bbox 336 356 478 421; x_wconf 65' lang='lat' dir='ltr'>qua;</span> <span class='ocrx_word' id='word_1_5' title='bbox 508 360 583 406; x_wconf 85' lang='lat' dir='ltr'>ex</span> <span class='ocrx_word' id='word_1_6' title='bbox 618 346 902 413; x_wconf 86' lang='lat' dir='ltr'>Homiliis</span> <span class='ocrx_word' id='word_1_7' title='bbox 940 352 1004 415; x_wconf 91' lang='lat' dir='ltr'>in</span> <span class='ocrx_word' id='word_1_8' title='bbox 1042 355 1398 419; x_wconf 73' lang='lat' dir='ltr'>Matthamm</span> <span class='ocrx_word' id='word_1_9' title='bbox 1454 367 1747 439; x_wconf 78' lang='lat' dir='ltr'>excerpta</span> <span class='ocrx_word' id='word_1_10' title='bbox 1778 365 1946 435; x_wconf 89' lang='lat' dir='ltr'>sunt,</span> <span class='ocrx_word' id='word_1_11' title='bbox 1978 362 2286 437; x_wconf 88' lang='lat' dir='ltr'>omnium,</span> <span class='ocrx_word' id='word_1_12' title='bbox 2319 362 2384 423; x_wconf 89' lang='lat' dir='ltr'>ni</span> <span class='ocrx_word' id='word_1_13' title='bbox 2410 362 2610 439; x_wconf 77' lang='lat' dir='ltr'>fallor,</span> <span class='ocrx_word' id='word_1_14' title='bbox 2644 363 2896 427; x_wconf 87' lang='lat' dir='ltr'>sedibus</span> <span class='ocrx_word' id='word_1_15' title='bbox 2924 365 3252 447; x_wconf 80' lang='lat' dir='ltr'>indagatis,</span> <span class='ocrx_word' id='word_1_16' title='bbox 3278 366 3586 433; x_wconf 82' lang='lat' dir='ltr'>lectiones</span> 
     </span>
    </p>
   </div>
   <div class='ocr_carea' id='block_1_3' title="bbox 337 461 2679 541">
    <p class='ocr_par' dir='ltr' id='par_1_3' title="bbox 337 461 2679 541">
     <span class='ocr_line' id='line_1_3' title="bbox 337 461 2679 541; baseline 0.009 -34"><span class='ocrx_word' id='word_1_17' title='bbox 337 462 456 508; x_wconf 86' lang='lat' dir='ltr'>nec</span> <span class='ocrx_word' id='word_1_18' title='bbox 486 466 716 527; x_wconf 91' lang='lat' dir='ltr'>paucas</span> <span class='ocrx_word' id='word_1_19' title='bbox 744 470 860 517; x_wconf 87' lang='lat' dir='ltr'>nec</span> <span class='ocrx_word' id='word_1_20' title='bbox 888 461 1401 535; x_wconf 88' lang='lat' dir='ltr'>contemnendas,</span> <span class='ocrx_word' id='word_1_21' title='bbox 1432 478 1561 522; x_wconf 90' lang='lat' dir='ltr'>non</span> <span class='ocrx_word' id='word_1_22' title='bbox 1593 462 1729 524; x_wconf 89' lang='lat' dir='ltr'>sine</span> <span class='ocrx_word' id='word_1_23' title='bbox 1761 480 1990 541; x_wconf 89' lang='lat' dir='ltr'>magno</span> <span class='ocrx_word' id='word_1_24' title='bbox 2017 463 2233 527; x_wconf 87' lang='lat' dir='ltr'>labore</span> <span class='ocrx_word' id='word_1_25' title='bbox 2269 472 2489 527; x_wconf 90' lang='lat' dir='ltr'>nactus</span> <span class='ocrx_word' id='word_1_26' title='bbox 2519 483 2679 527; x_wconf 91' lang='lat' dir='ltr'>sum.</span> 
     </span>
    </p>
   </div>
   <div class='ocr_carea' id='block_1_4' title="bbox 387 548 3582 715">
    <p class='ocr_par' dir='ltr' id='par_1_4' title="bbox 387 548 3582 715">
     <span class='ocr_line' id='line_1_4' title="bbox 387 548 3582 715; baseline 0.008 -104"><span class='ocrx_word' id='word_1_27' title='bbox 387 548 871 714; x_wconf 38' lang='lat' dir='ltr'>{.llieoghpélacti</span> <span class='ocrx_word' id='word_1_28' title='bbox 898 559 1389 715; x_wconf 54' lang='lat' dir='ltr'>Cpmmentarius</span> <span class='ocrx_word' id='word_1_29' title='bbox 1420 561 1486 624; x_wconf 92' lang='lat' dir='ltr'>in</span> <span class='ocrx_word' id='word_1_30' title='bbox 1516 563 1896 641; x_wconf 69' lang='lat' dir='ltr'>Mattbaium,</span> <span class='ocrx_word' id='word_1_31' title='bbox 1937 564 2125 645; x_wconf 87' lang='lat' dir='ltr'>hujus</span> <span class='ocrx_word' id='word_1_32' title='bbox 2160 566 2373 645; x_wconf 90' lang='lat' dir='ltr'>operis</span> <span class='ocrx_word' id='word_1_33' title='bbox 2399 566 2464 627; x_wconf 89' lang='lat' dir='ltr'>in</span> <span class='ocrx_word' id='word_1_34' title='bbox 2496 566 2759 643; x_wconf 80' lang='lat' dir='ltr'>gratiam</span> <span class='ocrx_word' id='word_1_35' title='bbox 2786 584 2823 630; x_wconf 90' lang='lat' dir='ltr'>a</span> <span class='ocrx_word' id='word_1_36' title='bbox 2848 569 3032 633; x_wconf 89' lang='lat' dir='ltr'>nobis</span> <span class='ocrx_word' id='word_1_37' title='bbox 3066 586 3394 648; x_wconf 86' lang='lat' dir='ltr'>excussus,</span> <span class='ocrx_word' id='word_1_38' title='bbox 3418 588 3582 635; x_wconf 85' lang='lat' dir='ltr'>non-</span> 
     </span>
     <span class='ocr_line' id='line_1_5' title="bbox 387 656 1039 715; baseline 0.012 -7"><span class='ocrx_word' id='word_1_39' title='bbox 387 668 401 709; x_wconf 90' lang='grc' dir='ltr'>ι</span> <span class='ocrx_word' id='word_1_40' title='bbox 455 667 471 709; x_wconf 90' lang='grc' dir='ltr'>ι</span> <span class='ocrx_word' id='word_1_41' title='bbox 521 668 596 713; x_wconf 94' lang='lat' dir='ltr'>su</span> <span class='ocrx_word' id='word_1_42' title='bbox 645 669 692 713; x_wconf 79' lang='lat' dir='ltr'>s1</span> <span class='ocrx_word' id='word_1_43' title='bbox 743 671 787 714; x_wconf 84' lang='grc' dir='ltr'>ιι</span> <span class='ocrx_word' id='word_1_44' title='bbox 816 660 943 715; x_wconf 88' lang='lat' dir='ltr'>attu</span> <span class='ocrx_word' id='word_1_45' title='bbox 970 656 1039 715; x_wconf 92' lang='lat' dir='ltr'>it.</span> 
     </span>
    </p>
   </div>
   <div class='ocr_carea' id='block_1_5' title="bbox 336 656 1039 718">
    <p class='ocr_par' dir='ltr' id='par_1_5' title="bbox 336 656 1039 718">
     <span class='ocr_line' id='line_1_6' title="bbox 336 656 1039 718; baseline 0.014 -10"><span class='ocrx_word' id='word_1_46' title='bbox 336 656 493 709; x_wconf 83' lang='lat' dir='ltr'>nihil</span> <span class='ocrx_word' id='word_1_47' title='bbox 521 656 787 714; x_wconf 87' lang='lat' dir='ltr'>subsidii</span> <span class='ocrx_word' id='word_1_48' title='bbox 816 656 1039 718; x_wconf 75' lang='lat' dir='ltr'>attulit.</span> 
     </span>
    </p>
   </div>
   <div class='ocr_carea' id='block_1_6' title="bbox 335 254 430 295">
    <p class='ocr_par' dir='ltr' id='par_1_6' title="bbox 335 254 430 295">
     <span class='ocr_line' id='line_1_7' title="bbox 335 254 430 295; baseline 0.032 -5"><span class='ocrx_word' id='word_1_49' title='bbox 335 254 430 295; x_wconf 73' lang='grc' dir='ltr'>νιιι</span> 
     </span>
    </p>
   </div>
   <div class='ocr_carea' id='block_1_7' title="bbox 412 777 3583 879">
    <p class='ocr_par' dir='ltr' id='par_1_7' title="bbox 412 777 3583 879">
     <span class='ocr_line' id='line_1_8' title="bbox 412 777 3583 879; baseline 0.007 -40"><span class='ocrx_word' id='word_1_50' title='bbox 412 777 688 858; x_wconf 88' lang='lat' dir='ltr'>Majore,</span> <span class='ocrx_word' id='word_1_51' title='bbox 732 782 861 879; x_wconf 84' lang='lat' dir='ltr'>imo</span> <span class='ocrx_word' id='word_1_52' title='bbox 928 784 1203 846; x_wconf 80' lang='lat' dir='ltr'>maximo</span> <span class='ocrx_word' id='word_1_53' title='bbox 1271 804 1414 849; x_wconf 91' lang='lat' dir='ltr'>cum</span> <span class='ocrx_word' id='word_1_54' title='bbox 1466 786 1699 865; x_wconf 83' lang='lat' dir='ltr'>fructu,</span> <span class='ocrx_word' id='word_1_55' title='bbox 1740 790 2121 854; x_wconf 88' lang='lat' dir='ltr'>contulimus</span> <span class='ocrx_word' id='word_1_56' title='bbox 2159 792 2479 875; x_wconf 81' lang='lat' dir='ltr'>Euthymii</span> <span class='ocrx_word' id='word_1_57' title='bbox 2526 795 2821 875; x_wconf 89' lang='lat' dir='ltr'>Zigabeni</span> <span class='ocrx_word' id='word_1_58' title='bbox 2852 815 3036 879; x_wconf 78' lang='lat' dir='ltr'>Opus,</span> <span class='ocrx_word' id='word_1_59' title='bbox 3082 797 3254 878; x_wconf 89' lang='lat' dir='ltr'>quod</span> <span class='ocrx_word' id='word_1_60' title='bbox 3292 815 3583 875; x_wconf 87' lang='lat' dir='ltr'>magnam</span> 
     </span>
    </p>
   </div>
   <div class='ocr_carea' id='block_1_8' title="bbox 336 877 3585 978">
    <p class='ocr_par' dir='ltr' id='par_1_8' title="bbox 336 877 3585 978">
     <span class='ocr_line' id='line_1_9' title="bbox 336 877 3585 978; baseline 0.008 -44"><span class='ocrx_word' id='word_1_61' title='bbox 336 880 577 952; x_wconf 87' lang='lat' dir='ltr'>partem</span> <span class='ocrx_word' id='word_1_62' title='bbox 608 893 685 939; x_wconf 89' lang='lat' dir='ltr'>ex</span> <span class='ocrx_word' id='word_1_63' title='bbox 732 877 1156 958; x_wconf 83' lang='lat' dir='ltr'>Chrysostomi</span> <span class='ocrx_word' id='word_1_64' title='bbox 1207 888 1695 962; x_wconf 90' lang='lat' dir='ltr'>commentariis,</span> <span class='ocrx_word' id='word_1_65' title='bbox 1729 888 1935 951; x_wconf 85' lang='lat' dir='ltr'>verbis</span> <span class='ocrx_word' id='word_1_66' title='bbox 1989 890 2316 969; x_wconf 83' lang='lat' dir='ltr'>paululum</span> <span class='ocrx_word' id='word_1_67' title='bbox 2364 896 2639 972; x_wconf 81' lang='lat' dir='ltr'>mutatis,</span> <span class='ocrx_word' id='word_1_68' title='bbox 2688 877 3056 978; x_wconf 82' lang='lat' dir='ltr'>decerptum</span> <span class='ocrx_word' id='word_1_69' title='bbox 3096 877 3254 971; x_wconf 82' lang='lat' dir='ltr'>esse,</span> <span class='ocrx_word' id='word_1_70' title='bbox 3290 898 3585 960; x_wconf 90' lang='lat' dir='ltr'>omnibus</span> 
     </span>
    </p>
   </div>
   <div class='ocr_carea' id='block_1_9' title="bbox 336 983 3585 1075">
    <p class='ocr_par' dir='ltr' id='par_1_9' title="bbox 336 983 3585 1075">
     <span class='ocr_line' id='line_1_10' title="bbox 336 983 3585 1075; baseline 0.007 -39"><span class='ocrx_word' id='word_1_71' title='bbox 336 983 555 1041; x_wconf 89' lang='lat' dir='ltr'>notum</span> <span class='ocrx_word' id='word_1_72' title='bbox 588 986 701 1043; x_wconf 90' lang='lat' dir='ltr'>est.</span> <span class='ocrx_word' id='word_1_73' title='bbox 734 983 934 1063; x_wconf 87' lang='lat' dir='ltr'>Hujus</span> <span class='ocrx_word' id='word_1_74' title='bbox 962 986 1175 1065; x_wconf 89' lang='lat' dir='ltr'>operis</span> <span class='ocrx_word' id='word_1_75' title='bbox 1206 988 1398 1051; x_wconf 87' lang='lat' dir='ltr'>editio</span> <span class='ocrx_word' id='word_1_76' title='bbox 1427 992 1642 1055; x_wconf 89' lang='lat' dir='ltr'>Latina</span> <span class='ocrx_word' id='word_1_77' title='bbox 1677 1010 1713 1055; x_wconf 92' lang='lat' dir='ltr'>a</span> <span class='ocrx_word' id='word_1_78' title='bbox 1743 994 1985 1056; x_wconf 83' lang='lat' dir='ltr'>Joanne</span> <span class='ocrx_word' id='word_1_79' title='bbox 2018 995 2330 1059; x_wconf 89' lang='lat' dir='ltr'>Hentenio</span> <span class='ocrx_word' id='word_1_80' title='bbox 2368 998 2676 1075; x_wconf 80' lang='lat' dir='ltr'>confecta,</span> <span class='ocrx_word' id='word_1_81' title='bbox 2708 1000 2857 1062; x_wconf 90' lang='lat' dir='ltr'>inde</span> <span class='ocrx_word' id='word_1_82' title='bbox 2891 1002 2969 1063; x_wconf 87' lang='lat' dir='ltr'>ab</span> <span class='ocrx_word' id='word_1_83' title='bbox 3005 1017 3172 1063; x_wconf 92' lang='lat' dir='ltr'>anno</span> <span class='ocrx_word' id='word_1_84' title='bbox 3209 998 3357 1061; x_wconf 79' lang='grc'>1544</span> <span class='ocrx_word' id='word_1_85' title='bbox 3383 1000 3585 1062; x_wconf 83' lang='lat' dir='ltr'>exsti-</span> 
     </span>
    </p>
   </div>
   <div class='ocr_carea' id='block_1_10' title="bbox 335 1079 3583 1182">
    <p class='ocr_par' dir='ltr' id='par_1_10' title="bbox 335 1079 3583 1182">
     <span class='ocr_line' id='line_1_11' title="bbox 335 1079 3583 1182; baseline 0.007 -42"><span class='ocrx_word' id='word_1_86' title='bbox 335 1079 409 1182; x_wconf 78' lang='lat' dir='ltr'>tit</span> <span class='ocrx_word' id='word_1_87' title='bbox 441 1096 455 1182; x_wconf 64' lang='lat'>_:</span> <span class='ocrx_word' id='word_1_88' title='bbox 489 1081 743 1182; x_wconf 65' lang='lat' dir='ltr'>Grmcus</span> <span class='ocrx_word' id='word_1_89' title='bbox 779 1090 987 1147; x_wconf 91' lang='lat' dir='ltr'>autem</span> <span class='ocrx_word' id='word_1_90' title='bbox 1036 1092 1244 1151; x_wconf 90' lang='lat' dir='ltr'>textus</span> <span class='ocrx_word' id='word_1_91' title='bbox 1282 1093 1554 1172; x_wconf 91' lang='lat' dir='ltr'>primum</span> <span class='ocrx_word' id='word_1_92' title='bbox 1600 1110 1635 1155; x_wconf 92' lang='lat' dir='ltr'>a</span> <span class='ocrx_word' id='word_1_93' title='bbox 1681 1094 1996 1157; x_wconf 68' lang='lat' dir='ltr'>Matthteio</span> <span class='ocrx_word' id='word_1_94' title='bbox 2046 1113 2213 1159; x_wconf 92' lang='lat' dir='ltr'>anno</span> <span class='ocrx_word' id='word_1_95' title='bbox 2258 1097 2406 1162; x_wconf 77' lang='lat'>1792</span> <span class='ocrx_word' id='word_1_96' title='bbox 2438 1117 2513 1161; x_wconf 81' lang='lat' dir='ltr'>ex</span> <span class='ocrx_word' id='word_1_97' title='bbox 2553 1100 2799 1163; x_wconf 91' lang='lat' dir='ltr'>duobus</span> <span class='ocrx_word' id='word_1_98' title='bbox 2845 1086 3032 1163; x_wconf 74' lang='lat' dir='ltr'>codd.</span> <span class='ocrx_word' id='word_1_99' title='bbox 3062 1103 3305 1182; x_wconf 86' lang='lat' dir='ltr'>Mosqq.</span> <span class='ocrx_word' id='word_1_100' title='bbox 3343 1099 3583 1181; x_wconf 87' lang='lat' dir='ltr'>publici</span> 
     </span>
    </p>
   </div>
   <div class='ocr_carea' id='block_1_11' title="bbox 332 1179 2952 1275">
    <p class='ocr_par' dir='ltr' id='par_1_11' title="bbox 332 1179 2952 1275">
     <span class='ocr_line' id='line_1_12' title="bbox 332 1179 2952 1275; baseline 0.008 -35"><span class='ocrx_word' id='word_1_101' title='bbox 332 1179 489 1259; x_wconf 84' lang='lat' dir='ltr'>juris</span> <span class='ocrx_word' id='word_1_102' title='bbox 530 1180 758 1258; x_wconf 86' lang='lat' dir='ltr'>factus,</span> <span class='ocrx_word' id='word_1_103' title='bbox 780 1200 950 1247; x_wconf 91' lang='lat' dir='ltr'>nunc</span> <span class='ocrx_word' id='word_1_104' title='bbox 982 1186 1235 1251; x_wconf 88' lang='lat' dir='ltr'>tandem</span> <span class='ocrx_word' id='word_1_105' title='bbox 1260 1190 1338 1252; x_wconf 92' lang='lat' dir='ltr'>ad</span> <span class='ocrx_word' id='word_1_106' title='bbox 1360 1191 1534 1271; x_wconf 92' lang='lat' dir='ltr'>ipsos</span> <span class='ocrx_word' id='word_1_107' title='bbox 1568 1191 1778 1257; x_wconf 79' lang='lat' dir='ltr'>fontes</span> <span class='ocrx_word' id='word_1_108' title='bbox 1814 1195 2177 1275; x_wconf 82' lang='lat' dir='ltr'>purgandos</span> <span class='ocrx_word' id='word_1_109' title='bbox 2198 1214 2235 1261; x_wconf 91' lang='lat' dir='ltr'>a</span> <span class='ocrx_word' id='word_1_110' title='bbox 2276 1197 2459 1260; x_wconf 90' lang='lat' dir='ltr'>nobis</span> <span class='ocrx_word' id='word_1_111' title='bbox 2496 1198 2811 1262; x_wconf 89' lang='lat' dir='ltr'>adhibitus</span> <span class='ocrx_word' id='word_1_112' title='bbox 2838 1207 2952 1262; x_wconf 92' lang='lat' dir='ltr'>est.</span> 
     </span>
    </p>
   </div>
   <div class='ocr_carea' id='block_1_12' title="bbox 409 1303 3575 1402">
    <p class='ocr_par' dir='ltr' id='par_1_12' title="bbox 409 1303 3575 1402">
     <span class='ocr_line' id='line_1_13' title="bbox 409 1303 3575 1402; baseline 0.008 -39"><span class='ocrx_word' id='word_1_113' title='bbox 409 1303 831 1376; x_wconf 63' lang='lat' dir='ltr'>Quaestionem</span> <span class='ocrx_word' id='word_1_114' title='bbox 869 1306 947 1369; x_wconf 91' lang='lat' dir='ltr'>de</span> <span class='ocrx_word' id='word_1_115' title='bbox 975 1309 1240 1386; x_wconf 89' lang='lat' dir='ltr'>Aniano,</span> <span class='ocrx_word' id='word_1_116' title='bbox 1276 1318 1484 1375; x_wconf 85' lang='lat' dir='ltr'>vetere</span> <span class='ocrx_word' id='word_1_117' title='bbox 1508 1312 1730 1377; x_wconf 90' lang='lat' dir='ltr'>harum</span> <span class='ocrx_word' id='word_1_118' title='bbox 1768 1316 2179 1380; x_wconf 90' lang='lat' dir='ltr'>Homiliarum</span> <span class='ocrx_word' id='word_1_119' title='bbox 2208 1319 2572 1401; x_wconf 85' lang='lat' dir='ltr'>interprete,</span> <span class='ocrx_word' id='word_1_120' title='bbox 2606 1322 2892 1402; x_wconf 90' lang='lat' dir='ltr'>pluribus</span> <span class='ocrx_word' id='word_1_121' title='bbox 2923 1325 3203 1386; x_wconf 88' lang='lat' dir='ltr'>tractavit</span> <span class='ocrx_word' id='word_1_122' title='bbox 3249 1325 3575 1387; x_wconf 82' lang='lat' dir='ltr'>Montefal-</span> 
     </span>
    </p>
   </div>
   <div class='ocr_carea' id='block_1_13' title="bbox 335 1404 3584 1503">
    <p class='ocr_par' dir='ltr' id='par_1_13' title="bbox 335 1404 3584 1503">
     <span class='ocr_line' id='line_1_14' title="bbox 335 1404 3584 1503; baseline 0.006 -36"><span class='ocrx_word' id='word_1_123' title='bbox 335 1404 558 1467; x_wconf 91' lang='lat' dir='ltr'>conius</span> <span class='ocrx_word' id='word_1_124' title='bbox 601 1404 668 1467; x_wconf 90' lang='lat' dir='ltr'>in</span> <span class='ocrx_word' id='word_1_125' title='bbox 714 1407 1110 1483; x_wconf 70' lang='lat' dir='ltr'>Prml&#39;atione,</span> <span class='ocrx_word' id='word_1_126' title='bbox 1150 1418 1303 1474; x_wconf 85' lang='lat' dir='ltr'>sect.</span> <span class='ocrx_word' id='word_1_127' title='bbox 1338 1430 1373 1474; x_wconf 91' lang='lat' dir='ltr'>v</span> <span class='ocrx_word' id='word_1_128' title='bbox 1410 1429 1423 1473; x_wconf 91' lang='lat'>:</span> <span class='ocrx_word' id='word_1_129' title='bbox 1462 1430 1605 1493; x_wconf 69' lang='lat' dir='ltr'>quaa</span> <span class='ocrx_word' id='word_1_130' title='bbox 1626 1432 1796 1478; x_wconf 90' lang='lat' dir='ltr'>nunc</span> <span class='ocrx_word' id='word_1_131' title='bbox 1826 1425 2115 1497; x_wconf 89' lang='lat' dir='ltr'>repetere</span> <span class='ocrx_word' id='word_1_132' title='bbox 2145 1435 2274 1481; x_wconf 93' lang='lat' dir='ltr'>non</span> <span class='ocrx_word' id='word_1_133' title='bbox 2293 1426 2490 1483; x_wconf 91' lang='lat' dir='ltr'>vacat.</span> <span class='ocrx_word' id='word_1_134' title='bbox 2518 1422 2719 1503; x_wconf 86' lang='lat' dir='ltr'>Hujus</span> <span class='ocrx_word' id='word_1_135' title='bbox 2746 1423 3051 1485; x_wconf 88' lang='lat' dir='ltr'>versionis</span> <span class='ocrx_word' id='word_1_136' title='bbox 3068 1423 3325 1499; x_wconf 74' lang='lat' dir='ltr'>Latinae,</span> <span class='ocrx_word' id='word_1_137' title='bbox 3350 1424 3584 1487; x_wconf 62' lang='lat' dir='ltr'>saeculo</span> 
     </span>
    </p>
   </div>
   <div class='ocr_carea' id='block_1_14' title="bbox 334 1507 3585 1605">
    <p class='ocr_par' dir='ltr' id='par_1_14' title="bbox 334 1507 3585 1605">
     <span class='ocr_line' id='line_1_15' title="bbox 334 1507 3585 1605; baseline 0.006 -39"><span class='ocrx_word' id='word_1_138' title='bbox 334 1524 378 1566; x_wconf 72' lang='grc' dir='ltr'><strong>ν</strong></span> <span class='ocrx_word' id='word_1_139' title='bbox 400 1507 730 1586; x_wconf 59' lang='lat' dir='ltr'>confecta),</span> <span class='ocrx_word' id='word_1_140' title='bbox 762 1528 909 1590; x_wconf 92' lang='lat' dir='ltr'>pars</span> <span class='ocrx_word' id='word_1_141' title='bbox 933 1513 1213 1590; x_wconf 91' lang='lat' dir='ltr'>minima,</span> <span class='ocrx_word' id='word_1_142' title='bbox 1238 1534 1380 1596; x_wconf 60' lang='lat' dir='ltr'>quae</span> <span class='ocrx_word' id='word_1_143' title='bbox 1416 1519 1657 1582; x_wconf 87' lang='lat' dir='ltr'>scilicet</span> <span class='ocrx_word' id='word_1_144' title='bbox 1686 1526 1830 1583; x_wconf 93' lang='lat' dir='ltr'>octo</span> <span class='ocrx_word' id='word_1_145' title='bbox 1861 1521 2106 1601; x_wconf 92' lang='lat' dir='ltr'>priores</span> <span class='ocrx_word' id='word_1_146' title='bbox 2136 1520 2425 1586; x_wconf 83' lang='lat' dir='ltr'>homilias</span> <span class='ocrx_word' id='word_1_147' title='bbox 2451 1524 2753 1599; x_wconf 88' lang='lat' dir='ltr'>continet,</span> <span class='ocrx_word' id='word_1_148' title='bbox 2794 1524 2984 1588; x_wconf 89' lang='lat' dir='ltr'>hodie</span> <span class='ocrx_word' id='word_1_149' title='bbox 3008 1525 3075 1586; x_wconf 91' lang='lat' dir='ltr'>in</span> <span class='ocrx_word' id='word_1_150' title='bbox 3114 1526 3293 1588; x_wconf 90' lang='lat' dir='ltr'>editis</span> <span class='ocrx_word' id='word_1_151' title='bbox 3329 1542 3585 1605; x_wconf 89' lang='lat' dir='ltr'>compa-</span> 
     </span>
    </p>
   </div>
   <div class='ocr_carea' id='block_1_15' title="bbox 334 1610 3582 1702">
    <p class='ocr_par' dir='ltr' id='par_1_15' title="bbox 334 1610 3582 1702">
     <span class='ocr_line' id='line_1_16' title="bbox 334 1610 3582 1702; baseline 0.006 -38"><span class='ocrx_word' id='word_1_152' title='bbox 334 1610 427 1665; x_wconf 88' lang='lat' dir='ltr'>ret</span> <span class='ocrx_word' id='word_1_153' title='bbox 460 1622 473 1665; x_wconf 92' lang='lat'>:</span> <span class='ocrx_word' id='word_1_154' title='bbox 506 1612 707 1671; x_wconf 90' lang='lat' dir='ltr'>totum</span> <span class='ocrx_word' id='word_1_155' title='bbox 737 1626 884 1673; x_wconf 89' lang='lat' dir='ltr'>vero</span> <span class='ocrx_word' id='word_1_156' title='bbox 917 1611 1144 1674; x_wconf 89' lang='lat' dir='ltr'>librum</span> <span class='ocrx_word' id='word_1_157' title='bbox 1173 1616 1252 1677; x_wconf 92' lang='lat' dir='ltr'>ab</span> <span class='ocrx_word' id='word_1_158' title='bbox 1284 1632 1363 1678; x_wconf 92' lang='lat' dir='ltr'>eo</span> <span class='ocrx_word' id='word_1_159' title='bbox 1401 1634 1776 1681; x_wconf 90' lang='lat' dir='ltr'>conversum</span> <span class='ocrx_word' id='word_1_160' title='bbox 1808 1635 1968 1694; x_wconf 89' lang='lat' dir='ltr'>esse,</span> <span class='ocrx_word' id='word_1_161' title='bbox 2006 1620 2135 1683; x_wconf 90' lang='lat' dir='ltr'>imo</span> <span class='ocrx_word' id='word_1_162' title='bbox 2166 1621 2473 1701; x_wconf 84' lang='lat' dir='ltr'>integram</span> <span class='ocrx_word' id='word_1_163' title='bbox 2498 1622 2631 1702; x_wconf 88' lang='lat' dir='ltr'>ejus</span> <span class='ocrx_word' id='word_1_164' title='bbox 2657 1623 3009 1685; x_wconf 81' lang='lat' dir='ltr'>versionem</span> <span class='ocrx_word' id='word_1_165' title='bbox 3030 1622 3108 1683; x_wconf 91' lang='lat' dir='ltr'>ad</span> <span class='ocrx_word' id='word_1_166' title='bbox 3142 1621 3308 1683; x_wconf 84' lang='lat' dir='ltr'>hunc</span> <span class='ocrx_word' id='word_1_167' title='bbox 3329 1622 3492 1683; x_wconf 89' lang='lat' dir='ltr'>diem</span> <span class='ocrx_word' id='word_1_168' title='bbox 3516 1624 3582 1685; x_wconf 93' lang='lat' dir='ltr'>in</span> 
     </span>
    </p>
   </div>
   <div class='ocr_carea' id='block_1_16' title="bbox 335 1704 3578 1801">
    <p class='ocr_par' dir='ltr' id='par_1_16' title="bbox 335 1704 3578 1801">
     <span class='ocr_line' id='line_1_17' title="bbox 335 1704 3578 1801; baseline 0.005 -36"><span class='ocrx_word' id='word_1_169' title='bbox 335 1704 857 1771; x_wconf 88' lang='lat' dir='ltr'>bibliothecarum</span> <span class='ocrx_word' id='word_1_170' title='bbox 887 1709 1141 1774; x_wconf 87' lang='lat' dir='ltr'>latebris</span> <span class='ocrx_word' id='word_1_171' title='bbox 1175 1713 1543 1778; x_wconf 88' lang='lat' dir='ltr'>delitescere</span> <span class='ocrx_word' id='word_1_172' title='bbox 1566 1733 1778 1795; x_wconf 90' lang='lat' dir='ltr'>posse,</span> <span class='ocrx_word' id='word_1_173' title='bbox 1811 1717 2241 1795; x_wconf 89' lang='lat' dir='ltr'>probabilibus</span> <span class='ocrx_word' id='word_1_174' title='bbox 2269 1722 2655 1796; x_wconf 85' lang='lat' dir='ltr'>argumentis</span> <span class='ocrx_word' id='word_1_175' title='bbox 2683 1721 2896 1782; x_wconf 92' lang='lat' dir='ltr'>docuit</span> <span class='ocrx_word' id='word_1_176' title='bbox 2915 1720 3433 1784; x_wconf 89' lang='lat' dir='ltr'>Montefalconius</span> <span class='ocrx_word' id='word_1_177' title='bbox 3466 1718 3578 1801; x_wconf 91' lang='lat' dir='ltr'>(a).</span> 
     </span>
    </p>
   </div>
   <div class='ocr_carea' id='block_1_17' title="bbox 410 1810 3580 1900">
    <p class='ocr_par' dir='ltr' id='par_1_17' title="bbox 410 1810 3580 1900">
     <span class='ocr_line' id='line_1_18' title="bbox 410 1810 3580 1900; baseline 0.003 -30"><span class='ocrx_word' id='word_1_178' title='bbox 410 1810 715 1872; x_wconf 89' lang='lat' dir='ltr'>Homilias</span> <span class='ocrx_word' id='word_1_179' title='bbox 753 1828 976 1874; x_wconf 89' lang='lat' dir='ltr'>omnes</span> <span class='ocrx_word' id='word_1_180' title='bbox 1004 1830 1041 1875; x_wconf 93' lang='lat' dir='ltr'>a</span> <span class='ocrx_word' id='word_1_181' title='bbox 1070 1830 1237 1883; x_wconf 84' lang='lat' dir='ltr'>nona</span> <span class='ocrx_word' id='word_1_182' title='bbox 1261 1815 1338 1876; x_wconf 91' lang='lat' dir='ltr'>ad</span> <span class='ocrx_word' id='word_1_183' title='bbox 1368 1815 1649 1877; x_wconf 90' lang='lat' dir='ltr'>ultimam</span> <span class='ocrx_word' id='word_1_184' title='bbox 1670 1815 1885 1877; x_wconf 86' lang='lat' dir='ltr'>Latine</span> <span class='ocrx_word' id='word_1_185' title='bbox 1924 1817 2181 1879; x_wconf 90' lang='lat' dir='ltr'>vertisse</span> <span class='ocrx_word' id='word_1_186' title='bbox 2215 1818 2402 1896; x_wconf 90' lang='lat' dir='ltr'>vulgo</span> <span class='ocrx_word' id='word_1_187' title='bbox 2430 1818 2706 1881; x_wconf 89' lang='lat' dir='ltr'>creditur</span> <span class='ocrx_word' id='word_1_188' title='bbox 2748 1821 3052 1898; x_wconf 88' lang='lat' dir='ltr'>Georgius</span> <span class='ocrx_word' id='word_1_189' title='bbox 3089 1822 3580 1900; x_wconf 86' lang='lat' dir='ltr'>Trapezuntius:</span> 
     </span>
    </p>
   </div>
   <div class='ocr_carea' id='block_1_18' title="bbox 332 1911 3581 2000">
    <p class='ocr_par' dir='ltr' id='par_1_18' title="bbox 332 1911 3581 2000">
     <span class='ocr_line' id='line_1_19' title="bbox 332 1911 3581 2000; baseline 0.003 -29"><span class='ocrx_word' id='word_1_190' title='bbox 332 1911 503 1989; x_wconf 90' lang='lat' dir='ltr'>quod</span> <span class='ocrx_word' id='word_1_191' title='bbox 534 1917 745 1973; x_wconf 92' lang='lat' dir='ltr'>tamen</span> <span class='ocrx_word' id='word_1_192' title='bbox 778 1928 909 1973; x_wconf 90' lang='lat' dir='ltr'>non</span> <span class='ocrx_word' id='word_1_193' title='bbox 944 1913 1120 1974; x_wconf 91' lang='lat' dir='ltr'>omni</span> <span class='ocrx_word' id='word_1_194' title='bbox 1149 1930 1227 1974; x_wconf 86' lang='lat' dir='ltr'>ex</span> <span class='ocrx_word' id='word_1_195' title='bbox 1255 1919 1433 1994; x_wconf 90' lang='lat' dir='ltr'>parte</span> <span class='ocrx_word' id='word_1_196' title='bbox 1462 1932 1680 1977; x_wconf 89' lang='lat' dir='ltr'>verum</span> <span class='ocrx_word' id='word_1_197' title='bbox 1710 1930 1847 1976; x_wconf 90' lang='lat' dir='ltr'>esse</span> <span class='ocrx_word' id='word_1_198' title='bbox 1878 1914 2065 1978; x_wconf 91' lang='lat' dir='ltr'>docui</span> <span class='ocrx_word' id='word_1_199' title='bbox 2092 1916 2157 1977; x_wconf 94' lang='lat' dir='ltr'>in</span> <span class='ocrx_word' id='word_1_200' title='bbox 2177 1916 2404 1979; x_wconf 87' lang='lat' dir='ltr'>Adnot.</span> <span class='ocrx_word' id='word_1_201' title='bbox 2439 1918 2517 1980; x_wconf 90' lang='lat' dir='ltr'>ad</span> <span class='ocrx_word' id='word_1_202' title='bbox 2546 1936 2611 1998; x_wconf 95' lang='lat' dir='ltr'>p.</span> <span class='ocrx_word' id='word_1_203' title='bbox 2644 1917 2781 1979; x_wconf 91' lang='lat'>838.</span> <span class='ocrx_word' id='word_1_204' title='bbox 2805 1921 3149 1999; x_wconf 90' lang='lat' dir='ltr'>Utrumque</span> <span class='ocrx_word' id='word_1_205' title='bbox 3177 1920 3581 2000; x_wconf 85' lang='lat' dir='ltr'>interpretem</span> 
     </span>
    </p>
   </div>
   <div class='ocr_carea' id='block_1_19' title="bbox 334 2008 3585 2094">
    <p class='ocr_par' dir='ltr' id='par_1_19' title="bbox 334 2008 3585 2094">
     <span class='ocr_line' id='line_1_20' title="bbox 334 2008 3585 2094; baseline 0.002 -23"><span class='ocrx_word' id='word_1_206' title='bbox 334 2016 477 2089; x_wconf 87' lang='lat' dir='ltr'>post</span> <span class='ocrx_word' id='word_1_207' title='bbox 505 2010 781 2072; x_wconf 89' lang='lat' dir='ltr'>Boisium</span> <span class='ocrx_word' id='word_1_208' title='bbox 821 2014 882 2071; x_wconf 90' lang='lat' dir='ltr'>et</span> <span class='ocrx_word' id='word_1_209' title='bbox 913 2008 1205 2071; x_wconf 88' lang='lat' dir='ltr'>Savilium</span> <span class='ocrx_word' id='word_1_210' title='bbox 1257 2010 1466 2074; x_wconf 90' lang='lat' dir='ltr'>denuo</span> <span class='ocrx_word' id='word_1_211' title='bbox 1495 2010 1572 2072; x_wconf 93' lang='lat' dir='ltr'>ad</span> <span class='ocrx_word' id='word_1_212' title='bbox 1630 2010 2059 2074; x_wconf 86' lang='lat' dir='ltr'>dissensiones</span> <span class='ocrx_word' id='word_1_213' title='bbox 2105 2012 2397 2075; x_wconf 91' lang='lat' dir='ltr'>codicum</span> <span class='ocrx_word' id='word_1_214' title='bbox 2452 2013 2880 2094; x_wconf 88' lang='lat' dir='ltr'>dijudicandas</span> <span class='ocrx_word' id='word_1_215' title='bbox 2926 2016 3250 2091; x_wconf 84' lang='lat' dir='ltr'>advocavi;</span> <span class='ocrx_word' id='word_1_216' title='bbox 3307 2017 3585 2079; x_wconf 81' lang='lat' dir='ltr'>adhibita</span> 
     </span>
    </p>
   </div>
   <div class='ocr_carea' id='block_1_20' title="bbox 335 2107 3587 2194">
    <p class='ocr_par' dir='ltr' id='par_1_20' title="bbox 335 2107 3587 2194">
     <span class='ocr_line' id='line_1_21' title="bbox 335 2107 3587 2194; baseline 0.004 -27"><span class='ocrx_word' id='word_1_217' title='bbox 335 2113 546 2173; x_wconf 87' lang='lat' dir='ltr'>tamen</span> <span class='ocrx_word' id='word_1_218' title='bbox 576 2125 820 2172; x_wconf 91' lang='lat' dir='ltr'>summa</span> <span class='ocrx_word' id='word_1_219' title='bbox 858 2107 1174 2184; x_wconf 85' lang='lat' dir='ltr'>cautione,</span> <span class='ocrx_word' id='word_1_220' title='bbox 1208 2126 1288 2171; x_wconf 92' lang='lat' dir='ltr'>ne</span> <span class='ocrx_word' id='word_1_221' title='bbox 1312 2126 1389 2171; x_wconf 84' lang='lat' dir='ltr'>ex</span> <span class='ocrx_word' id='word_1_222' title='bbox 1425 2108 1643 2173; x_wconf 89' lang='lat' dir='ltr'>solutis</span> <span class='ocrx_word' id='word_1_223' title='bbox 1662 2110 2096 2190; x_wconf 89' lang='lat' dir='ltr'>verbosisque,</span> <span class='ocrx_word' id='word_1_224' title='bbox 2127 2110 2443 2173; x_wconf 90' lang='lat' dir='ltr'>interdum</span> <span class='ocrx_word' id='word_1_225' title='bbox 2474 2111 2659 2174; x_wconf 88' lang='lat' dir='ltr'>etiam</span> <span class='ocrx_word' id='word_1_226' title='bbox 2689 2111 2860 2175; x_wconf 88' lang='lat' dir='ltr'>falsis</span> <span class='ocrx_word' id='word_1_227' title='bbox 2887 2113 3299 2194; x_wconf 86' lang='lat' dir='ltr'>interpretum</span> <span class='ocrx_word' id='word_1_228' title='bbox 3330 2132 3587 2179; x_wconf 86' lang='lat' dir='ltr'>conver-</span> 
     </span>
    </p>
   </div>
   <div class='ocr_carea' id='block_1_21' title="bbox 334 2207 3586 2290">
    <p class='ocr_par' dir='ltr' id='par_1_21' title="bbox 334 2207 3586 2290">
     <span class='ocr_line' id='line_1_22' title="bbox 334 2207 3586 2290; baseline 0.002 -20"><span class='ocrx_word' id='word_1_229' title='bbox 334 2210 643 2284; x_wconf 90' lang='lat' dir='ltr'>sionibus,</span> <span class='ocrx_word' id='word_1_230' title='bbox 681 2225 873 2271; x_wconf 87' lang='lat' dir='ltr'>novas</span> <span class='ocrx_word' id='word_1_231' title='bbox 892 2207 1196 2271; x_wconf 87' lang='lat' dir='ltr'>lectiones</span> <span class='ocrx_word' id='word_1_232' title='bbox 1231 2208 1764 2272; x_wconf 88' lang='lat' dir='ltr'>comminiscerer.</span> <span class='ocrx_word' id='word_1_233' title='bbox 1800 2208 2159 2288; x_wconf 87' lang='lat' dir='ltr'>Exemplari</span> <span class='ocrx_word' id='word_1_234' title='bbox 2187 2217 2397 2273; x_wconf 87' lang='lat' dir='ltr'>autem</span> <span class='ocrx_word' id='word_1_235' title='bbox 2426 2227 2577 2272; x_wconf 90' lang='lat' dir='ltr'>usus</span> <span class='ocrx_word' id='word_1_236' title='bbox 2602 2227 2763 2284; x_wconf 90' lang='lat' dir='ltr'>sum,</span> <span class='ocrx_word' id='word_1_237' title='bbox 2810 2209 2981 2290; x_wconf 89' lang='lat' dir='ltr'>quod</span> <span class='ocrx_word' id='word_1_238' title='bbox 3012 2210 3077 2271; x_wconf 94' lang='lat' dir='ltr'>in</span> <span class='ocrx_word' id='word_1_239' title='bbox 3106 2217 3279 2274; x_wconf 87' lang='lat' dir='ltr'>tomo</span> <span class='ocrx_word' id='word_1_240' title='bbox 3306 2215 3586 2277; x_wconf 86' lang='lat' dir='ltr'>secundo</span> 
     </span>
    </p>
   </div>
   <div class='ocr_carea' id='block_1_22' title="bbox 334 2308 3583 2389">
    <p class='ocr_par' dir='ltr' id='par_1_22' title="bbox 334 2308 3583 2389">
     <span class='ocr_line' id='line_1_23' title="bbox 334 2308 3583 2389; baseline 0.001 -14"><span class='ocrx_word' id='word_1_241' title='bbox 334 2309 627 2375; x_wconf 91' lang='lat' dir='ltr'>editionis</span> <span class='ocrx_word' id='word_1_242' title='bbox 655 2308 1105 2389; x_wconf 87' lang='lat' dir='ltr'>Chrysostomi,</span> <span class='ocrx_word' id='word_1_243' title='bbox 1138 2308 1387 2371; x_wconf 90' lang='lat' dir='ltr'>Parisiis</span> <span class='ocrx_word' id='word_1_244' title='bbox 1413 2326 1580 2371; x_wconf 91' lang='lat' dir='ltr'>anno</span> <span class='ocrx_word' id='word_1_245' title='bbox 1612 2309 1759 2371; x_wconf 87' lang='lat'>1580</span> <span class='ocrx_word' id='word_1_246' title='bbox 1789 2310 2003 2372; x_wconf 85' lang='lat' dir='ltr'>Latine</span> <span class='ocrx_word' id='word_1_247' title='bbox 2028 2326 2299 2385; x_wconf 69' lang='lat' dir='ltr'>excusaz,</span> <span class='ocrx_word' id='word_1_248' title='bbox 2336 2316 2569 2384; x_wconf 91' lang='lat' dir='ltr'>exstat;</span> <span class='ocrx_word' id='word_1_249' title='bbox 2603 2310 2714 2373; x_wconf 90' lang='lat' dir='ltr'>ubi</span> <span class='ocrx_word' id='word_1_250' title='bbox 2743 2311 2820 2372; x_wconf 93' lang='lat' dir='ltr'>ad</span> <span class='ocrx_word' id='word_1_251' title='bbox 2849 2312 3085 2375; x_wconf 89' lang='lat' dir='ltr'>calcem</span> <span class='ocrx_word' id='word_1_252' title='bbox 3108 2312 3281 2376; x_wconf 89' lang='lat' dir='ltr'>hom.</span> <span class='ocrx_word' id='word_1_253' title='bbox 3310 2333 3414 2376; x_wconf 72' lang='grc' dir='ltr'>χει</span> <span class='ocrx_word' id='word_1_254' title='bbox 3443 2315 3583 2379; x_wconf 69' lang='lat' dir='ltr'>haec</span> 
     </span>
    </p>
   </div>
   <div class='ocr_carea' id='block_1_23' title="bbox 334 2407 3588 2495">
    <p class='ocr_par' dir='ltr' id='par_1_23' title="bbox 334 2407 3588 2495">
     <span class='ocr_line' id='line_1_24' title="bbox 334 2407 3588 2495; baseline 0.002 -24"><span class='ocrx_word' id='word_1_255' title='bbox 334 2413 627 2490; x_wconf 86' lang='lat' dir='ltr'>leguntur</span> <span class='ocrx_word' id='word_1_256' title='bbox 659 2410 841 2470; x_wconf 86' lang='lat' dir='ltr'>:Divi</span> <span class='ocrx_word' id='word_1_257' title='bbox 869 2409 1136 2471; x_wconf 79' lang='lat' dir='ltr'>Joannis</span> <span class='ocrx_word' id='word_1_258' title='bbox 1169 2408 1596 2487; x_wconf 80' lang='lat' dir='ltr'>Chrysostomi</span> <span class='ocrx_word' id='word_1_259' title='bbox 1620 2407 2042 2470; x_wconf 86' lang='lat' dir='ltr'>Homiliarum</span> <span class='ocrx_word' id='word_1_260' title='bbox 2075 2410 2227 2471; x_wconf 84' lang='lat' dir='ltr'>XCI</span> <span class='ocrx_word' id='word_1_261' title='bbox 2266 2410 2333 2470; x_wconf 86' lang='lat' dir='ltr'>in</span> <span class='ocrx_word' id='word_1_262' title='bbox 2366 2409 2731 2471; x_wconf 77' lang='lat' dir='ltr'>Matthamm</span> <span class='ocrx_word' id='word_1_263' title='bbox 2757 2410 2923 2488; x_wconf 79' lang='lat' dir='ltr'>ﬁnis,</span> <span class='ocrx_word' id='word_1_264' title='bbox 2965 2430 3080 2491; x_wconf 88' lang='lat' dir='ltr'>per</span> <span class='ocrx_word' id='word_1_265' title='bbox 3106 2413 3378 2495; x_wconf 84' lang='lat' dir='ltr'>Philipp.</span> <span class='ocrx_word' id='word_1_266' title='bbox 3416 2418 3588 2478; x_wconf 85' lang='lat' dir='ltr'>Mon-</span> 
     </span>
    </p>
   </div>
   <div class='ocr_carea' id='block_1_24' title="bbox 335 2509 3588 2599">
    <p class='ocr_par' dir='ltr' id='par_1_24' title="bbox 335 2509 3588 2599">
     <span class='ocr_line' id='line_1_25' title="bbox 335 2509 3588 2599; baseline 0.002 -25"><span class='ocrx_word' id='word_1_267' title='bbox 335 2520 549 2575; x_wconf 88' lang='lat' dir='ltr'>tanum</span> <span class='ocrx_word' id='word_1_268' title='bbox 578 2514 1046 2591; x_wconf 80' lang='lat' dir='ltr'>recognitarum</span> <span class='ocrx_word' id='word_1_269' title='bbox 1074 2511 1159 2574; x_wconf 85' lang='lat' dir='ltr'>ad</span> <span class='ocrx_word' id='word_1_270' title='bbox 1191 2509 1574 2589; x_wconf 73' lang='lat' dir='ltr'>exemplaria</span> <span class='ocrx_word' id='word_1_271' title='bbox 1603 2514 1815 2576; x_wconf 59' lang='lat' dir='ltr'>Graeca</span> <span class='ocrx_word' id='word_1_272' title='bbox 1853 2515 1976 2576; x_wconf 88' lang='lat' dir='ltr'>duo</span> <span class='ocrx_word' id='word_1_273' title='bbox 2008 2516 2451 2589; x_wconf 78' lang='lat' dir='ltr'>vetustissima,</span> <span class='ocrx_word' id='word_1_274' title='bbox 2489 2534 2621 2595; x_wconf 78' lang='lat' dir='ltr'>qua:</span> <span class='ocrx_word' id='word_1_275' title='bbox 2646 2515 2827 2577; x_wconf 79' lang='lat' dir='ltr'>nobis</span> <span class='ocrx_word' id='word_1_276' title='bbox 2855 2518 3359 2596; x_wconf 74' lang='lat' dir='ltr'>suppeditaverat</span> <span class='ocrx_word' id='word_1_277' title='bbox 3389 2522 3588 2599; x_wconf 82' lang='lat' dir='ltr'>Regia</span> 
     </span>
    </p>
   </div>
   <div class='ocr_carea' id='block_1_25' title="bbox 332 2613 3586 2696">
    <p class='ocr_par' dir='ltr' id='par_1_25' title="bbox 332 2613 3586 2696">
     <span class='ocr_line' id='line_1_26' title="bbox 332 2613 3586 2696; baseline 0.002 -19"><span class='ocrx_word' id='word_1_278' title='bbox 332 2614 504 2694; x_wconf 83' lang='lat' dir='ltr'>apud</span> <span class='ocrx_word' id='word_1_279' title='bbox 535 2613 952 2696; x_wconf 69' lang='lat' dir='ltr'>Belide-Aquae</span> <span class='ocrx_word' id='word_1_280' title='bbox 977 2617 1215 2695; x_wconf 82' lang='lat' dir='ltr'>fontem</span> <span class='ocrx_word' id='word_1_281' title='bbox 1238 2614 1630 2678; x_wconf 80' lang='lat' dir='ltr'>bibliotheca.</span> <span class='ocrx_word' id='word_1_282' title='bbox 1650 2614 1897 2677; x_wconf 89' lang='lat' dir='ltr'>Scilicet</span> <span class='ocrx_word' id='word_1_283' title='bbox 1924 2621 2101 2678; x_wconf 86' lang='lat' dir='ltr'>textu</span> <span class='ocrx_word' id='word_1_284' title='bbox 2119 2614 2337 2678; x_wconf 90' lang='lat' dir='ltr'>Latino</span> <span class='ocrx_word' id='word_1_285' title='bbox 2362 2615 2607 2694; x_wconf 92' lang='lat' dir='ltr'>integro</span> <span class='ocrx_word' id='word_1_286' title='bbox 2640 2622 2907 2693; x_wconf 88' lang='lat' dir='ltr'>servato,</span> <span class='ocrx_word' id='word_1_287' title='bbox 2933 2619 3264 2682; x_wconf 87' lang='lat' dir='ltr'>Montanus</span> <span class='ocrx_word' id='word_1_288' title='bbox 3295 2619 3586 2683; x_wconf 89' lang='lat' dir='ltr'>emenda-</span> 
     </span>
    </p>
   </div>
   <div class='ocr_carea' id='block_1_26' title="bbox 335 2714 1905 2795">
    <p class='ocr_par' dir='ltr' id='par_1_26' title="bbox 335 2714 1905 2795">
     <span class='ocr_line' id='line_1_27' title="bbox 335 2714 1905 2795; baseline -0.001 -17"><span class='ocrx_word' id='word_1_289' title='bbox 335 2716 541 2779; x_wconf 90' lang='lat' dir='ltr'>tiones</span> <span class='ocrx_word' id='word_1_290' title='bbox 569 2733 714 2779; x_wconf 91' lang='lat' dir='ltr'>suas</span> <span class='ocrx_word' id='word_1_291' title='bbox 748 2732 879 2779; x_wconf 92' lang='lat' dir='ltr'>non</span> <span class='ocrx_word' id='word_1_292' title='bbox 906 2715 993 2778; x_wconf 93' lang='lat' dir='ltr'>ita</span> <span class='ocrx_word' id='word_1_293' title='bbox 1026 2715 1254 2778; x_wconf 88' lang='lat' dir='ltr'>multas</span> <span class='ocrx_word' id='word_1_294' title='bbox 1285 2716 1353 2778; x_wconf 91' lang='lat' dir='ltr'>in</span> <span class='ocrx_word' id='word_1_295' title='bbox 1380 2714 1661 2795; x_wconf 87' lang='lat' dir='ltr'>margine</span> <span class='ocrx_word' id='word_1_296' title='bbox 1686 2714 1905 2778; x_wconf 90' lang='lat' dir='ltr'>illevit.</span> 
     </span>
    </p>
   </div>
   <div class='ocr_carea' id='block_1_27' title="bbox 421 2864 3578 2954">
    <p class='ocr_par' dir='ltr' id='par_1_27' title="bbox 421 2864 3578 2954">
     <span class='ocr_line' id='line_1_28' title="bbox 421 2864 3578 2954; baseline 0.001 -23"><span class='ocrx_word' id='word_1_297' title='bbox 421 2869 736 2932; x_wconf 75' lang='lat' dir='ltr'>Yersiom’s</span> <span class='ocrx_word' id='word_1_298' title='bbox 767 2868 1050 2931; x_wconf 75' lang='lat' dir='ltr'>Armena:</span> <span class='ocrx_word' id='word_1_299' title='bbox 1073 2867 1297 2930; x_wconf 89' lang='lat' dir='ltr'>harum</span> <span class='ocrx_word' id='word_1_300' title='bbox 1332 2864 1745 2929; x_wconf 90' lang='lat' dir='ltr'>Homiliarum</span> <span class='ocrx_word' id='word_1_301' title='bbox 1781 2864 2067 2928; x_wconf 90' lang='lat' dir='ltr'>notitiam</span> <span class='ocrx_word' id='word_1_302' title='bbox 2096 2865 2300 2929; x_wconf 91' lang='lat' dir='ltr'>debeo</span> <span class='ocrx_word' id='word_1_303' title='bbox 2334 2866 2483 2930; x_wconf 90' lang='lat' dir='ltr'>viris</span> <span class='ocrx_word' id='word_1_304' title='bbox 2516 2868 2797 2945; x_wconf 90' lang='lat' dir='ltr'>eruditis,</span> <span class='ocrx_word' id='word_1_305' title='bbox 2832 2870 3257 2935; x_wconf 75' lang='lat' dir='ltr'>Benedictinae</span> <span class='ocrx_word' id='word_1_306' title='bbox 3294 2872 3578 2954; x_wconf 69' lang='lat' dir='ltr'>repetitae</span> 
     </span>
    </p>
   </div>
   <div class='ocr_carea' id='block_1_28' title="bbox 335 2966 3587 3051">
    <p class='ocr_par' dir='ltr' id='par_1_28' title="bbox 335 2966 3587 3051">
     <span class='ocr_line' id='line_1_29' title="bbox 335 2966 3587 3051; baseline 0 -18"><span class='ocrx_word' id='word_1_307' title='bbox 335 2969 716 3045; x_wconf 86' lang='lat' dir='ltr'>editoribus;</span> <span class='ocrx_word' id='word_1_308' title='bbox 770 2969 880 3049; x_wconf 86' lang='lat' dir='ltr'>qui</span> <span class='ocrx_word' id='word_1_309' title='bbox 917 2968 985 3030; x_wconf 90' lang='lat' dir='ltr'>in</span> <span class='ocrx_word' id='word_1_310' title='bbox 1027 2968 1367 3031; x_wconf 91' lang='lat' dir='ltr'>Corollario</span> <span class='ocrx_word' id='word_1_311' title='bbox 1397 2967 1477 3029; x_wconf 93' lang='lat' dir='ltr'>ad</span> <span class='ocrx_word' id='word_1_312' title='bbox 1519 2966 1987 3031; x_wconf 84' lang='lat' dir='ltr'>Montefalconii</span> <span class='ocrx_word' id='word_1_313' title='bbox 2033 2966 2469 3031; x_wconf 68' lang='lat' dir='ltr'>Praafationem</span> <span class='ocrx_word' id='word_1_314' title='bbox 2517 2968 2653 3033; x_wconf 72' lang='lat' dir='ltr'>haec</span> <span class='ocrx_word' id='word_1_315' title='bbox 2680 2971 3071 3051; x_wconf 88' lang='lat' dir='ltr'>scripserunt</span> <span class='ocrx_word' id='word_1_316' title='bbox 3104 2990 3119 3033; x_wconf 91' lang='lat'>:</span> <span class='ocrx_word' id='word_1_317' title='bbox 3153 2995 3183 3028; x_wconf 75' lang='grc' dir='ltr'><strong>α</strong></span> <span class='ocrx_word' id='word_1_318' title='bbox 3217 2973 3587 3034; x_wconf 82' lang='lat' dir='ltr'>Versionem</span> 
     </span>
    </p>
   </div>
   <div class='ocr_carea' id='block_1_29' title="bbox 335 3069 3589 3150">
    <p class='ocr_par' dir='ltr' id='par_1_29' title="bbox 335 3069 3589 3150">
     <span class='ocr_line' id='line_1_30' title="bbox 335 3069 3589 3150; baseline -0.001 -12"><span class='ocrx_word' id='word_1_319' title='bbox 335 3081 669 3138; x_wconf 82' lang='lat' dir='ltr'>Armenam</span> <span class='ocrx_word' id='word_1_320' title='bbox 698 3072 931 3135; x_wconf 68' lang='lat' dir='ltr'>saaculo</span> <span class='ocrx_word' id='word_1_321' title='bbox 964 3089 1009 3133; x_wconf 87' lang='lat' dir='ltr'>v</span> <span class='ocrx_word' id='word_1_322' title='bbox 1038 3070 1391 3134; x_wconf 83' lang='lat' dir='ltr'>confectam</span> <span class='ocrx_word' id='word_1_323' title='bbox 1422 3074 1486 3134; x_wconf 89' lang='lat' dir='ltr'>S.</span> <span class='ocrx_word' id='word_1_324' title='bbox 1513 3070 1775 3135; x_wconf 83' lang='lat' dir='ltr'>Joannis</span> <span class='ocrx_word' id='word_1_325' title='bbox 1798 3069 2226 3150; x_wconf 88' lang='lat' dir='ltr'>Chrysostomi</span> <span class='ocrx_word' id='word_1_326' title='bbox 2260 3072 2862 3135; x_wconf 88' lang='lat' dir='ltr'>Commentariorum</span> <span class='ocrx_word' id='word_1_327' title='bbox 2886 3074 2953 3133; x_wconf 90' lang='lat' dir='ltr'>in</span> <span class='ocrx_word' id='word_1_328' title='bbox 2983 3074 3047 3133; x_wconf 94' lang='lat' dir='ltr'>S.</span> <span class='ocrx_word' id='word_1_329' title='bbox 3081 3071 3359 3135; x_wconf 66' lang='lat' dir='ltr'>Mattbaei</span> <span class='ocrx_word' id='word_1_330' title='bbox 3382 3074 3589 3136; x_wconf 87' lang='lat' dir='ltr'>Evan-</span> 
     </span>
    </p>
   </div>
   <div class='ocr_carea' id='block_1_30' title="bbox 337 3171 3587 3259">
    <p class='ocr_par' dir='ltr' id='par_1_30' title="bbox 337 3171 3587 3259">
     <span class='ocr_line' id='line_1_31' title="bbox 337 3171 3587 3259; baseline -0.001 -18"><span class='ocrx_word' id='word_1_331' title='bbox 337 3179 571 3259; x_wconf 87' lang='lat' dir='ltr'>gelium</span> <span class='ocrx_word' id='word_1_332' title='bbox 603 3175 774 3257; x_wconf 87' lang='lat' dir='ltr'>typis</span> <span class='ocrx_word' id='word_1_333' title='bbox 808 3173 1237 3254; x_wconf 86' lang='lat' dir='ltr'>vulgaverunt,</span> <span class='ocrx_word' id='word_1_334' title='bbox 1270 3173 1519 3236; x_wconf 91' lang='lat' dir='ltr'>duobus</span> <span class='ocrx_word' id='word_1_335' title='bbox 1546 3171 1975 3236; x_wconf 90' lang='lat' dir='ltr'>voluminibus</span> <span class='ocrx_word' id='word_1_336' title='bbox 2010 3172 2077 3233; x_wconf 91' lang='lat' dir='ltr'>in</span> <span class='ocrx_word' id='word_1_337' title='bbox 2104 3180 2343 3248; x_wconf 79' lang='lat' dir='ltr'>octavo,</span> <span class='ocrx_word' id='word_1_338' title='bbox 2374 3172 2809 3237; x_wconf 75' lang='lat' dir='ltr'>Mecbitaristaa</span> <span class='ocrx_word' id='word_1_339' title='bbox 2854 3177 3044 3238; x_wconf 86' lang='lat' dir='ltr'>Revv.</span> <span class='ocrx_word' id='word_1_340' title='bbox 3084 3176 3297 3239; x_wconf 90' lang='lat' dir='ltr'>Patres</span> <span class='ocrx_word' id='word_1_341' title='bbox 3335 3179 3587 3240; x_wconf 86' lang='lat' dir='ltr'>Armeni</span> 
     </span>
    </p>
   </div>
   <div class='ocr_carea' id='block_1_31' title="bbox 336 3274 3584 3351">
    <p class='ocr_par' dir='ltr' id='par_1_31' title="bbox 336 3274 3584 3351">
     <span class='ocr_line' id='line_1_32' title="bbox 336 3274 3584 3351; baseline -0.001 -9"><span class='ocrx_word' id='word_1_342' title='bbox 336 3282 402 3343; x_wconf 94' lang='lat' dir='ltr'>in</span> <span class='ocrx_word' id='word_1_343' title='bbox 438 3278 642 3342; x_wconf 86' lang='lat' dir='ltr'>insula</span> <span class='ocrx_word' id='word_1_344' title='bbox 667 3279 731 3339; x_wconf 92' lang='lat' dir='ltr'>S.</span> <span class='ocrx_word' id='word_1_345' title='bbox 761 3276 995 3351; x_wconf 87' lang='lat' dir='ltr'>Lazarl,</span> <span class='ocrx_word' id='word_1_346' title='bbox 1029 3276 1331 3351; x_wconf 77' lang='lat' dir='ltr'>Venetiis,</span> <span class='ocrx_word' id='word_1_347' title='bbox 1365 3293 1533 3339; x_wconf 90' lang='lat' dir='ltr'>anno</span> <span class='ocrx_word' id='word_1_348' title='bbox 1571 3274 1745 3350; x_wconf 78' lang='lat'>1826,</span> <span class='ocrx_word' id='word_1_349' title='bbox 1776 3275 1967 3338; x_wconf 87' lang='lat' dir='ltr'>nullis</span> <span class='ocrx_word' id='word_1_350' title='bbox 2002 3275 2228 3338; x_wconf 91' lang='lat' dir='ltr'>additis</span> <span class='ocrx_word' id='word_1_351' title='bbox 2256 3275 2421 3337; x_wconf 91' lang='lat' dir='ltr'>notis</span> <span class='ocrx_word' id='word_1_352' title='bbox 2449 3275 2703 3350; x_wconf 88' lang='lat' dir='ltr'>Latinis,</span> <span class='ocrx_word' id='word_1_353' title='bbox 2734 3281 2796 3337; x_wconf 92' lang='lat' dir='ltr'>et</span> <span class='ocrx_word' id='word_1_354' title='bbox 2818 3276 2955 3339; x_wconf 91' lang='lat' dir='ltr'>sine</span> <span class='ocrx_word' id='word_1_355' title='bbox 2984 3277 3388 3341; x_wconf 88' lang='lat' dir='ltr'>translatione</span> <span class='ocrx_word' id='word_1_356' title='bbox 3414 3278 3538 3341; x_wconf 91' lang='lat' dir='ltr'>ulla</span> <span class='ocrx_word' id='word_1_357' title='bbox 3568 3296 3584 3340; x_wconf 89' lang='lat'><strong>:</strong></span> 
     </span>
    </p>
   </div>
   <div class='ocr_carea' id='block_1_32' title="bbox 338 3376 3588 3459">
    <p class='ocr_par' dir='ltr' id='par_1_32' title="bbox 338 3376 3588 3459">
     <span class='ocr_line' id='line_1_33' title="bbox 338 3376 3588 3459; baseline -0.002 -13"><span class='ocrx_word' id='word_1_358' title='bbox 338 3383 423 3445; x_wconf 91' lang='lat' dir='ltr'>ita</span> <span class='ocrx_word' id='word_1_359' title='bbox 449 3390 518 3446; x_wconf 90' lang='lat' dir='ltr'>ut</span> <span class='ocrx_word' id='word_1_360' title='bbox 563 3382 770 3457; x_wconf 89' lang='lat' dir='ltr'>nobis,</span> <span class='ocrx_word' id='word_1_361' title='bbox 822 3384 1107 3443; x_wconf 64' lang='lat' dir='ltr'>Armenta</span> <span class='ocrx_word' id='word_1_362' title='bbox 1137 3378 1369 3457; x_wconf 64' lang='lat' dir='ltr'>lingua:</span> <span class='ocrx_word' id='word_1_363' title='bbox 1420 3378 1679 3459; x_wconf 86' lang='lat' dir='ltr'>ignaris,</span> <span class='ocrx_word' id='word_1_364' title='bbox 1733 3377 1855 3441; x_wconf 90' lang='lat' dir='ltr'>hoc</span> <span class='ocrx_word' id='word_1_365' title='bbox 1884 3376 2045 3441; x_wconf 90' lang='lat' dir='ltr'>libro</span> <span class='ocrx_word' id='word_1_366' title='bbox 2079 3377 2171 3439; x_wconf 91' lang='lat' dir='ltr'>uti</span> <span class='ocrx_word' id='word_1_367' title='bbox 2193 3394 2324 3439; x_wconf 92' lang='lat' dir='ltr'>non</span> <span class='ocrx_word' id='word_1_368' title='bbox 2369 3393 2741 3440; x_wconf 90' lang='lat' dir='ltr'>concessum</span> <span class='ocrx_word' id='word_1_369' title='bbox 2771 3376 2981 3439; x_wconf 88' lang='lat' dir='ltr'>fuerit.</span> <span class='ocrx_word' id='word_1_370' title='bbox 3018 3400 3047 3435; x_wconf 73' lang='grc' dir='ltr'>ιν</span> <span class='ocrx_word' id='word_1_371' title='bbox 3089 3379 3344 3442; x_wconf 90' lang='lat' dir='ltr'>Librum</span> <span class='ocrx_word' id='word_1_372' title='bbox 3380 3380 3588 3443; x_wconf 89' lang='lat' dir='ltr'>statim</span> 
     </span>
    </p>
   </div>
   <div class='ocr_carea' id='block_1_33' title="bbox 338 3478 3590 3564">
    <p class='ocr_par' dir='ltr' id='par_1_33' title="bbox 338 3478 3590 3564">
     <span class='ocr_line' id='line_1_34' title="bbox 338 3478 3590 3564; baseline -0.002 -16"><span class='ocrx_word' id='word_1_373' title='bbox 338 3482 720 3564; x_wconf 88' lang='lat' dir='ltr'>comparavi,</span> <span class='ocrx_word' id='word_1_374' title='bbox 753 3487 815 3544; x_wconf 89' lang='lat' dir='ltr'>et</span> <span class='ocrx_word' id='word_1_375' title='bbox 845 3496 961 3561; x_wconf 92' lang='lat' dir='ltr'>pro</span> <span class='ocrx_word' id='word_1_376' title='bbox 990 3496 1131 3542; x_wconf 89' lang='lat' dir='ltr'>mea</span> <span class='ocrx_word' id='word_1_377' title='bbox 1156 3478 1335 3542; x_wconf 91' lang='lat' dir='ltr'>istius</span> <span class='ocrx_word' id='word_1_378' title='bbox 1360 3478 1594 3558; x_wconf 68' lang='lat' dir='ltr'>linguai</span> <span class='ocrx_word' id='word_1_379' title='bbox 1624 3478 1907 3553; x_wconf 91' lang='lat' dir='ltr'>scientia,</span> <span class='ocrx_word' id='word_1_380' title='bbox 1938 3495 2081 3557; x_wconf 71' lang='lat' dir='ltr'>qum</span> <span class='ocrx_word' id='word_1_381' title='bbox 2117 3494 2423 3557; x_wconf 88' lang='lat' dir='ltr'>perquam</span> <span class='ocrx_word' id='word_1_382' title='bbox 2453 3478 2678 3556; x_wconf 87' lang='lat' dir='ltr'>exigua</span> <span class='ocrx_word' id='word_1_383' title='bbox 2711 3484 2826 3553; x_wconf 90' lang='lat' dir='ltr'>est,</span> <span class='ocrx_word' id='word_1_384' title='bbox 2850 3496 3079 3558; x_wconf 89' lang='lat' dir='ltr'>magna</span> <span class='ocrx_word' id='word_1_385' title='bbox 3099 3497 3243 3542; x_wconf 90' lang='lat' dir='ltr'>cum</span> <span class='ocrx_word' id='word_1_386' title='bbox 3271 3480 3590 3560; x_wconf 89' lang='lat' dir='ltr'>voluptate</span> 
     </span>
    </p>
   </div>
   <div class='ocr_carea' id='block_1_34' title="bbox 339 3576 3590 3658">
    <p class='ocr_par' dir='ltr' id='par_1_34' title="bbox 339 3576 3590 3658">
     <span class='ocr_line' id='line_1_35' title="bbox 339 3576 3590 3658; baseline -0.002 -11"><span class='ocrx_word' id='word_1_387' title='bbox 339 3582 562 3647; x_wconf 90' lang='lat' dir='ltr'>evolvi.</span> <span class='ocrx_word' id='word_1_388' title='bbox 620 3580 910 3644; x_wconf 88' lang='lat' dir='ltr'>Continet</span> <span class='ocrx_word' id='word_1_389' title='bbox 962 3577 1251 3640; x_wconf 89' lang='lat' dir='ltr'>homilias</span> <span class='ocrx_word' id='word_1_390' title='bbox 1284 3594 1389 3639; x_wconf 82' lang='lat' dir='ltr'>LIII</span> <span class='ocrx_word' id='word_1_391' title='bbox 1439 3577 1705 3658; x_wconf 91' lang='lat' dir='ltr'>priores.</span> <span class='ocrx_word' id='word_1_392' title='bbox 1763 3578 2081 3656; x_wconf 90' lang='lat' dir='ltr'>Interpres</span> <span class='ocrx_word' id='word_1_393' title='bbox 2122 3578 2337 3638; x_wconf 68' lang='lat' dir='ltr'>Grazca</span> <span class='ocrx_word' id='word_1_394' title='bbox 2363 3576 2564 3654; x_wconf 91' lang='lat' dir='ltr'>probe</span> <span class='ocrx_word' id='word_1_395' title='bbox 2616 3576 2949 3651; x_wconf 77' lang='lat' dir='ltr'>intellexit,</span> <span class='ocrx_word' id='word_1_396' title='bbox 2994 3583 3160 3639; x_wconf 84' lang='lat' dir='ltr'>terse</span> <span class='ocrx_word' id='word_1_397' title='bbox 3209 3595 3282 3641; x_wconf 90' lang='lat' dir='ltr'>ac</span> <span class='ocrx_word' id='word_1_398' title='bbox 3323 3579 3590 3641; x_wconf 83' lang='lat' dir='ltr'>ﬁdeliter</span> 
     </span>
    </p>
   </div>
   <div class='ocr_carea' id='block_1_35' title="bbox 339 3676 3590 3771">
    <p class='ocr_par' dir='ltr' id='par_1_35' title="bbox 339 3676 3590 3767">
     <span class='ocr_line' id='line_1_36' title="bbox 339 3676 3590 3767; baseline -0.003 -18"><span class='ocrx_word' id='word_1_399' title='bbox 339 3683 680 3767; x_wconf 81' lang='lat' dir='ltr'>expressit;</span> <span class='ocrx_word' id='word_1_400' title='bbox 712 3680 1030 3745; x_wconf 88' lang='lat' dir='ltr'>interdum</span> <span class='ocrx_word' id='word_1_401' title='bbox 1057 3696 1221 3741; x_wconf 91' lang='lat' dir='ltr'>unus</span> <span class='ocrx_word' id='word_1_402' title='bbox 1249 3678 1534 3741; x_wconf 90' lang='lat' dir='ltr'>omnium</span> <span class='ocrx_word' id='word_1_403' title='bbox 1560 3695 1777 3741; x_wconf 86' lang='lat' dir='ltr'>verum</span> <span class='ocrx_word' id='word_1_404' title='bbox 1808 3676 1959 3739; x_wconf 90' lang='lat' dir='ltr'>vidit</span> <span class='ocrx_word' id='word_1_405' title='bbox 1994 3676 2102 3757; x_wconf 90' lang='lat' dir='ltr'>(b).</span> <span class='ocrx_word' id='word_1_406' title='bbox 2134 3679 2444 3750; x_wconf 89' lang='lat' dir='ltr'>Quantum</span> <span class='ocrx_word' id='word_1_407' title='bbox 2481 3692 2631 3738; x_wconf 92' lang='lat' dir='ltr'>vero</span> <span class='ocrx_word' id='word_1_408' title='bbox 2660 3676 2940 3739; x_wconf 90' lang='lat' dir='ltr'>utilitatis</span> <span class='ocrx_word' id='word_1_409' title='bbox 2970 3677 3047 3739; x_wconf 91' lang='lat' dir='ltr'>ad</span> <span class='ocrx_word' id='word_1_410' title='bbox 3078 3678 3419 3755; x_wconf 89' lang='lat' dir='ltr'>genuinum</span> <span class='ocrx_word' id='word_1_411' title='bbox 3467 3680 3590 3739; x_wconf 84' lang='lat' dir='ltr'>No-</span> 
     </span>
    </p>
   </div>
   <div class='ocr_carea' id='block_1_36' title="bbox 338 3778 3589 3865">
    <p class='ocr_par' dir='ltr' id='par_1_36' title="bbox 338 3778 3589 3865">
     <span class='ocr_line' id='line_1_37' title="bbox 338 3778 3589 3865; baseline -0.002 -16"><span class='ocrx_word' id='word_1_412' title='bbox 338 3786 453 3850; x_wconf 89' lang='lat' dir='ltr'>stri</span> <span class='ocrx_word' id='word_1_413' title='bbox 474 3801 696 3848; x_wconf 89' lang='lat' dir='ltr'>aurum</span> <span class='ocrx_word' id='word_1_414' title='bbox 716 3801 751 3846; x_wconf 92' lang='lat' dir='ltr'>e</span> <span class='ocrx_word' id='word_1_415' title='bbox 780 3781 1072 3845; x_wconf 89' lang='lat' dir='ltr'>sordibus</span> <span class='ocrx_word' id='word_1_416' title='bbox 1101 3779 1450 3844; x_wconf 88' lang='lat' dir='ltr'>eruendum</span> <span class='ocrx_word' id='word_1_417' title='bbox 1479 3779 1626 3843; x_wconf 92' lang='lat' dir='ltr'>inde</span> <span class='ocrx_word' id='word_1_418' title='bbox 1654 3780 2145 3863; x_wconf 90' lang='lat' dir='ltr'>perceperimus,</span> <span class='ocrx_word' id='word_1_419' title='bbox 2178 3796 2294 3861; x_wconf 92' lang='lat' dir='ltr'>pro</span> <span class='ocrx_word' id='word_1_420' title='bbox 2326 3796 2392 3841; x_wconf 92' lang='lat' dir='ltr'>se</span> <span class='ocrx_word' id='word_1_421' title='bbox 2421 3778 2690 3860; x_wconf 88' lang='lat' dir='ltr'>quisque</span> <span class='ocrx_word' id='word_1_422' title='bbox 2718 3778 2857 3860; x_wconf 91' lang='lat' dir='ltr'>ipso</span> <span class='ocrx_word' id='word_1_423' title='bbox 2888 3794 3081 3860; x_wconf 91' lang='lat' dir='ltr'>opere</span> <span class='ocrx_word' id='word_1_424' title='bbox 3101 3780 3387 3865; x_wconf 79' lang='lat' dir='ltr'>inSpecto</span> <span class='ocrx_word' id='word_1_425' title='bbox 3413 3779 3589 3861; x_wconf 84' lang='lat' dir='ltr'>judi-</span> 
     </span>
    </p>
   </div>
   <div class='ocr_carea' id='block_1_37' title="bbox 338 3883 888 3968">
    <p class='ocr_par' dir='ltr' id='par_1_37' title="bbox 338 3883 888 3968">
     <span class='ocr_line' id='line_1_38' title="bbox 338 3883 888 3968; baseline -0.013 -17"><span class='ocrx_word' id='word_1_426' title='bbox 338 3905 483 3952; x_wconf 86' lang='lat' dir='ltr'>care</span> <span class='ocrx_word' id='word_1_427' title='bbox 506 3885 740 3968; x_wconf 92' lang='lat' dir='ltr'>poterit</span> <span class='ocrx_word' id='word_1_428' title='bbox 780 3883 888 3965; x_wconf 88' lang='lat' dir='ltr'>(b).</span> 
     </span>
    </p>
   </div>
   <div class='ocr_carea' id='block_1_38' title="bbox 418 4003 3589 4089">
    <p class='ocr_par' dir='ltr' id='par_1_38' title="bbox 418 4003 3589 4089">
     <span class='ocr_line' id='line_1_39' title="bbox 418 4003 3589 4089; baseline 0 -19"><span class='ocrx_word' id='word_1_429' title='bbox 418 4006 597 4082; x_wconf 88' lang='lat' dir='ltr'>Quod</span> <span class='ocrx_word' id='word_1_430' title='bbox 626 4012 937 4087; x_wconf 88' lang='lat' dir='ltr'>superest,</span> <span class='ocrx_word' id='word_1_431' title='bbox 970 4022 1212 4070; x_wconf 90' lang='lat' dir='ltr'>merces</span> <span class='ocrx_word' id='word_1_432' title='bbox 1230 4022 1403 4069; x_wconf 90' lang='lat' dir='ltr'>meas</span> <span class='ocrx_word' id='word_1_433' title='bbox 1432 4022 1583 4069; x_wconf 91' lang='lat' dir='ltr'>sane</span> <span class='ocrx_word' id='word_1_434' title='bbox 1610 4004 2135 4089; x_wconf 89' lang='lat' dir='ltr'>locupletissimas</span> <span class='ocrx_word' id='word_1_435' title='bbox 2163 4004 2488 4088; x_wconf 90' lang='lat' dir='ltr'>quomodo</span> <span class='ocrx_word' id='word_1_436' title='bbox 2519 4004 2587 4067; x_wconf 93' lang='lat' dir='ltr'>in</span> <span class='ocrx_word' id='word_1_437' title='bbox 2609 4003 2837 4067; x_wconf 90' lang='lat' dir='ltr'>chartis</span> <span class='ocrx_word' id='word_1_438' title='bbox 2861 4005 3293 4086; x_wconf 88' lang='lat' dir='ltr'>explicuerim,</span> <span class='ocrx_word' id='word_1_439' title='bbox 3316 4006 3589 4070; x_wconf 90' lang='lat' dir='ltr'>breviter</span> 
     </span>
    </p>
   </div>
   <div class='ocr_carea' id='block_1_39' title="bbox 339 4105 3588 4189">
    <p class='ocr_par' dir='ltr' id='par_1_39' title="bbox 339 4105 3588 4189">
     <span class='ocr_line' id='line_1_40' title="bbox 339 4105 3588 4189; baseline 0 -18"><span class='ocrx_word' id='word_1_440' title='bbox 339 4108 792 4189; x_wconf 84' lang='lat' dir='ltr'>exponendum</span> <span class='ocrx_word' id='word_1_441' title='bbox 821 4115 937 4172; x_wconf 91' lang='lat' dir='ltr'>est.</span> <span class='ocrx_word' id='word_1_442' title='bbox 974 4110 1191 4189; x_wconf 88' lang='lat' dir='ltr'>Itaque</span> <span class='ocrx_word' id='word_1_443' title='bbox 1224 4107 1424 4171; x_wconf 89' lang='lat' dir='ltr'>varias</span> <span class='ocrx_word' id='word_1_444' title='bbox 1468 4106 1795 4181; x_wconf 90' lang='lat' dir='ltr'>lectiones,</span> <span class='ocrx_word' id='word_1_445' title='bbox 1842 4125 1923 4170; x_wconf 90' lang='lat' dir='ltr'>ne</span> <span class='ocrx_word' id='word_1_446' title='bbox 1959 4107 2171 4189; x_wconf 81' lang='lat' dir='ltr'>aperis</span> <span class='ocrx_word' id='word_1_447' title='bbox 2207 4124 2324 4188; x_wconf 91' lang='lat' dir='ltr'>per</span> <span class='ocrx_word' id='word_1_448' title='bbox 2376 4123 2446 4170; x_wconf 91' lang='lat' dir='ltr'>se</span> <span class='ocrx_word' id='word_1_449' title='bbox 2498 4107 2820 4171; x_wconf 85' lang='lat' dir='ltr'>crassioris</span> <span class='ocrx_word' id='word_1_450' title='bbox 2862 4105 3062 4170; x_wconf 90' lang='lat' dir='ltr'>moles</span> <span class='ocrx_word' id='word_1_451' title='bbox 3109 4124 3299 4189; x_wconf 81' lang='lat' dir='ltr'>supra</span> <span class='ocrx_word' id='word_1_452' title='bbox 3332 4106 3588 4172; x_wconf 89' lang='lat' dir='ltr'>modum</span> 
     </span>
    </p>
   </div>
   <div class='ocr_carea' id='block_1_40' title="bbox 342 4210 3587 4292">
    <p class='ocr_par' dir='ltr' id='par_1_40' title="bbox 342 4210 3587 4292">
     <span class='ocr_line' id='line_1_41' title="bbox 342 4210 3587 4292; baseline -0.001 -18"><span class='ocrx_word' id='word_1_453' title='bbox 342 4218 723 4287; x_wconf 84' lang='lat' dir='ltr'>excurreret,</span> <span class='ocrx_word' id='word_1_454' title='bbox 755 4229 898 4274; x_wconf 92' lang='lat' dir='ltr'>cum</span> <span class='ocrx_word' id='word_1_455' title='bbox 923 4211 1167 4275; x_wconf 90' lang='lat' dir='ltr'>delectu</span> <span class='ocrx_word' id='word_1_456' title='bbox 1184 4211 1489 4275; x_wconf 90' lang='lat' dir='ltr'>notandas</span> <span class='ocrx_word' id='word_1_457' title='bbox 1516 4211 1688 4275; x_wconf 86' lang='lat' dir='ltr'>duxi.</span> <span class='ocrx_word' id='word_1_458' title='bbox 1716 4213 1787 4273; x_wconf 91' lang='lat' dir='ltr'>In</span> <span class='ocrx_word' id='word_1_459' title='bbox 1818 4228 1946 4292; x_wconf 91' lang='lat' dir='ltr'>quo</span> <span class='ocrx_word' id='word_1_460' title='bbox 1971 4210 2357 4287; x_wconf 91' lang='lat' dir='ltr'>adhibendo,</span> <span class='ocrx_word' id='word_1_461' title='bbox 2380 4212 2608 4275; x_wconf 90' lang='lat' dir='ltr'>accidit</span> <span class='ocrx_word' id='word_1_462' title='bbox 2628 4211 2807 4286; x_wconf 88' lang='lat' dir='ltr'>mihi,</span> <span class='ocrx_word' id='word_1_463' title='bbox 2829 4210 3001 4291; x_wconf 90' lang='lat' dir='ltr'>quod</span> <span class='ocrx_word' id='word_1_464' title='bbox 3022 4211 3337 4283; x_wconf 89' lang='lat' dir='ltr'>omnibus,</span> <span class='ocrx_word' id='word_1_465' title='bbox 3372 4212 3587 4285; x_wconf 90' lang='lat' dir='ltr'>credo,</span> 
     </span>
    </p>
   </div>
   <div class='ocr_carea' id='block_1_41' title="bbox 341 4307 3589 4391">
    <p class='ocr_par' dir='ltr' id='par_1_41' title="bbox 341 4307 3589 4391">
     <span class='ocr_line' id='line_1_42' title="bbox 341 4307 3589 4391; baseline -0.002 -19"><span class='ocrx_word' id='word_1_466' title='bbox 341 4310 451 4391; x_wconf 92' lang='lat' dir='ltr'>qui</span> <span class='ocrx_word' id='word_1_467' title='bbox 484 4308 562 4370; x_wconf 93' lang='lat' dir='ltr'>ad</span> <span class='ocrx_word' id='word_1_468' title='bbox 594 4325 727 4369; x_wconf 91' lang='lat' dir='ltr'>rem</span> <span class='ocrx_word' id='word_1_469' title='bbox 750 4308 1027 4370; x_wconf 89' lang='lat' dir='ltr'>criticam</span> <span class='ocrx_word' id='word_1_470' title='bbox 1072 4309 1457 4370; x_wconf 89' lang='lat' dir='ltr'>tractandam</span> <span class='ocrx_word' id='word_1_471' title='bbox 1491 4308 1681 4387; x_wconf 92' lang='lat' dir='ltr'>paulo</span> <span class='ocrx_word' id='word_1_472' title='bbox 1713 4309 1998 4372; x_wconf 89' lang='lat' dir='ltr'>rudiores</span> <span class='ocrx_word' id='word_1_473' title='bbox 2025 4310 2427 4383; x_wconf 90' lang='lat' dir='ltr'>accesserint,</span> <span class='ocrx_word' id='word_1_474' title='bbox 2467 4316 2534 4369; x_wconf 92' lang='lat' dir='ltr'>ut</span> <span class='ocrx_word' id='word_1_475' title='bbox 2564 4310 2822 4371; x_wconf 89' lang='lat' dir='ltr'>ineunte</span> <span class='ocrx_word' id='word_1_476' title='bbox 2853 4323 3049 4384; x_wconf 90' lang='lat' dir='ltr'>opere</span> <span class='ocrx_word' id='word_1_477' title='bbox 3091 4307 3392 4367; x_wconf 90' lang='lat' dir='ltr'>nonnulla</span> <span class='ocrx_word' id='word_1_478' title='bbox 3424 4323 3589 4385; x_wconf 70' lang='lat' dir='ltr'>prae-</span> 
     </span>
    </p>
   </div>
   <div class='ocr_carea' id='block_1_42' title="bbox 341 4401 3589 4487">
    <p class='ocr_par' dir='ltr' id='par_1_42' title="bbox 341 4401 3589 4487">
     <span class='ocr_line' id='line_1_43' title="bbox 341 4401 3589 4487; baseline -0.002 -15"><span class='ocrx_word' id='word_1_479' title='bbox 341 4409 772 4481; x_wconf 85' lang='lat' dir='ltr'>termitterem,</span> <span class='ocrx_word' id='word_1_480' title='bbox 805 4424 945 4487; x_wconf 63' lang='lat' dir='ltr'>qua;</span> <span class='ocrx_word' id='word_1_481' title='bbox 979 4412 1189 4486; x_wconf 86' lang='lat' dir='ltr'>postea</span> <span class='ocrx_word' id='word_1_482' title='bbox 1223 4407 1610 4486; x_wconf 89' lang='lat' dir='ltr'>experientia</span> <span class='ocrx_word' id='word_1_483' title='bbox 1634 4407 1855 4468; x_wconf 91' lang='lat' dir='ltr'>doctus</span> <span class='ocrx_word' id='word_1_484' title='bbox 1884 4405 2058 4469; x_wconf 90' lang='lat' dir='ltr'>nullo</span> <span class='ocrx_word' id='word_1_485' title='bbox 2089 4408 2282 4469; x_wconf 91' lang='lat' dir='ltr'>modo</span> <span class='ocrx_word' id='word_1_486' title='bbox 2321 4404 2785 4467; x_wconf 89' lang='lat' dir='ltr'>contemnenda</span> <span class='ocrx_word' id='word_1_487' title='bbox 2816 4418 2953 4464; x_wconf 90' lang='lat' dir='ltr'>esse</span> <span class='ocrx_word' id='word_1_488' title='bbox 2981 4401 3130 4463; x_wconf 86' lang='lat' dir='ltr'>vidi.</span> <span class='ocrx_word' id='word_1_489' title='bbox 3167 4402 3327 4464; x_wconf 91' lang='lat' dir='ltr'>Hinc</span> <span class='ocrx_word' id='word_1_490' title='bbox 3360 4401 3589 4465; x_wconf 87' lang='lat' dir='ltr'>factum</span> 
     </span>
    </p>
   </div>
   <div class='ocr_carea' id='block_1_43' title="bbox 340 4504 3611 4587">
    <p class='ocr_par' dir='ltr' id='par_1_43' title="bbox 340 4504 3611 4587">
     <span class='ocr_line' id='line_1_44' title="bbox 340 4504 3611 4587; baseline 0.001 -22"><span class='ocrx_word' id='word_1_491' title='bbox 340 4516 456 4583; x_wconf 58' lang='lat' dir='ltr'>est,</span> <span class='ocrx_word' id='word_1_492' title='bbox 486 4515 555 4570; x_wconf 93' lang='lat' dir='ltr'>ut</span> <span class='ocrx_word' id='word_1_493' title='bbox 578 4508 769 4570; x_wconf 90' lang='lat' dir='ltr'>altera</span> <span class='ocrx_word' id='word_1_494' title='bbox 799 4524 942 4587; x_wconf 92' lang='lat' dir='ltr'>pars</span> <span class='ocrx_word' id='word_1_495' title='bbox 966 4505 1378 4569; x_wconf 90' lang='lat' dir='ltr'>Homiliarum</span> <span class='ocrx_word' id='word_1_496' title='bbox 1406 4506 1766 4569; x_wconf 90' lang='lat' dir='ltr'>uberiorem</span> <span class='ocrx_word' id='word_1_497' title='bbox 1793 4507 2167 4569; x_wconf 89' lang='lat' dir='ltr'>variantium</span> <span class='ocrx_word' id='word_1_498' title='bbox 2198 4507 2545 4568; x_wconf 88' lang='lat' dir='ltr'>lectionum</span> <span class='ocrx_word' id='word_1_499' title='bbox 2578 4510 2855 4582; x_wconf 86' lang='lat' dir='ltr'>segetem</span> <span class='ocrx_word' id='word_1_500' title='bbox 2886 4504 3125 4582; x_wconf 83' lang='lat' dir='ltr'>jac-tare</span> <span class='ocrx_word' id='word_1_501' title='bbox 3150 4504 3460 4579; x_wconf 90' lang='lat' dir='ltr'>videatur;</span> <span class='ocrx_word' id='word_1_502' title='bbox 3490 4507 3611 4579; x_wconf 19' lang='lat' dir='ltr'>cui,</span> 
     </span>
    </p>
   </div>
   <div class='ocr_carea' id='block_1_44' title="bbox 337 4604 3591 4689">
    <p class='ocr_par' dir='ltr' id='par_1_44' title="bbox 337 4604 3591 4689">
     <span class='ocr_line' id='line_1_45' title="bbox 337 4604 3591 4689; baseline -0.001 -17"><span class='ocrx_word' id='word_1_503' title='bbox 337 4620 552 4673; x_wconf 89' lang='lat' dir='ltr'>tamen</span> <span class='ocrx_word' id='word_1_504' title='bbox 575 4606 1004 4689; x_wconf 72' lang='lat' dir='ltr'>inmqualitati,</span> <span class='ocrx_word' id='word_1_505' title='bbox 1035 4606 1270 4682; x_wconf 90' lang='lat' dir='ltr'>multis,</span> <span class='ocrx_word' id='word_1_506' title='bbox 1305 4624 1447 4687; x_wconf 58' lang='lat' dir='ltr'>quas</span> <span class='ocrx_word' id='word_1_507' title='bbox 1469 4607 1645 4688; x_wconf 91' lang='lat' dir='ltr'>prius</span> <span class='ocrx_word' id='word_1_508' title='bbox 1674 4608 2033 4682; x_wconf 91' lang='lat' dir='ltr'>omiseram,</span> <span class='ocrx_word' id='word_1_509' title='bbox 2072 4608 2140 4669; x_wconf 93' lang='lat' dir='ltr'>in</span> <span class='ocrx_word' id='word_1_510' title='bbox 2163 4606 2604 4670; x_wconf 90' lang='lat' dir='ltr'>adnotationes</span> <span class='ocrx_word' id='word_1_511' title='bbox 2633 4604 2866 4680; x_wconf 90' lang='lat' dir='ltr'>relatis,</span> <span class='ocrx_word' id='word_1_512' title='bbox 2893 4604 3155 4666; x_wconf 90' lang='lat' dir='ltr'>remedii</span> <span class='ocrx_word' id='word_1_513' title='bbox 3174 4605 3409 4685; x_wconf 90' lang='lat' dir='ltr'>aliquid</span> <span class='ocrx_word' id='word_1_514' title='bbox 3438 4606 3591 4669; x_wconf 90' lang='lat' dir='ltr'>alla-</span> 
     </span>
    </p>
   </div>
   <div class='ocr_carea' id='block_1_45' title="bbox 341 4709 3591 4790">
    <p class='ocr_par' dir='ltr' id='par_1_45' title="bbox 341 4709 3591 4790">
     <span class='ocr_line' id='line_1_46' title="bbox 341 4709 3591 4790; baseline 0 -14"><span class='ocrx_word' id='word_1_515' title='bbox 341 4723 473 4776; x_wconf 90' lang='lat' dir='ltr'>tum</span> <span class='ocrx_word' id='word_1_516' title='bbox 507 4720 621 4776; x_wconf 90' lang='lat' dir='ltr'>est.</span> <span class='ocrx_word' id='word_1_517' title='bbox 652 4715 961 4777; x_wconf 62' lang='lat' dir='ltr'>Praeterea</span> <span class='ocrx_word' id='word_1_518' title='bbox 988 4712 1040 4776; x_wconf 92' lang='lat' dir='ltr'>si</span> <span class='ocrx_word' id='word_1_519' title='bbox 1066 4712 1227 4777; x_wconf 83' lang='lat' dir='ltr'>forte</span> <span class='ocrx_word' id='word_1_520' title='bbox 1255 4712 1557 4776; x_wconf 90' lang='lat' dir='ltr'>lectiones</span> <span class='ocrx_word' id='word_1_521' title='bbox 1583 4713 1970 4776; x_wconf 81' lang='lat' dir='ltr'>Oxonienses</span> <span class='ocrx_word' id='word_1_522' title='bbox 1999 4711 2198 4774; x_wconf 91' lang='lat' dir='ltr'>serius</span> <span class='ocrx_word' id='word_1_523' title='bbox 2230 4710 2632 4785; x_wconf 85' lang='lat' dir='ltr'>advenerant,</span> <span class='ocrx_word' id='word_1_524' title='bbox 2662 4724 2852 4789; x_wconf 90' lang='lat' dir='ltr'>quam</span> <span class='ocrx_word' id='word_1_525' title='bbox 2886 4714 2956 4770; x_wconf 93' lang='lat' dir='ltr'>ut</span> <span class='ocrx_word' id='word_1_526' title='bbox 2987 4724 3102 4770; x_wconf 91' lang='lat' dir='ltr'>suo</span> <span class='ocrx_word' id='word_1_527' title='bbox 3131 4725 3401 4790; x_wconf 69' lang='lat' dir='ltr'>quaeque</span> <span class='ocrx_word' id='word_1_528' title='bbox 3448 4709 3591 4777; x_wconf 87' lang='lat' dir='ltr'>loco</span> 
     </span>
    </p>
   </div>
   <div class='ocr_carea' id='block_1_46' title="bbox 342 4810 2610 4895">
    <p class='ocr_par' dir='ltr' id='par_1_46' title="bbox 342 4810 2610 4895">
     <span class='ocr_line' id='line_1_47' title="bbox 342 4810 2610 4895; baseline -0.003 -18"><span class='ocrx_word' id='word_1_529' title='bbox 342 4820 729 4888; x_wconf 89' lang='lat' dir='ltr'>notarentur,</span> <span class='ocrx_word' id='word_1_530' title='bbox 761 4814 839 4877; x_wconf 92' lang='lat' dir='ltr'>de</span> <span class='ocrx_word' id='word_1_531' title='bbox 872 4814 970 4877; x_wconf 90' lang='lat' dir='ltr'>his</span> <span class='ocrx_word' id='word_1_532' title='bbox 991 4831 1247 4895; x_wconf 87' lang='lat' dir='ltr'>quoque</span> <span class='ocrx_word' id='word_1_533' title='bbox 1276 4814 1343 4877; x_wconf 91' lang='lat' dir='ltr'>in</span> <span class='ocrx_word' id='word_1_534' title='bbox 1371 4813 1884 4878; x_wconf 87' lang='lat' dir='ltr'>adnotationibus</span> <span class='ocrx_word' id='word_1_535' title='bbox 1909 4812 2129 4877; x_wconf 89' lang='lat' dir='ltr'>sedulo</span> <span class='ocrx_word' id='word_1_536' title='bbox 2159 4810 2468 4873; x_wconf 90' lang='lat' dir='ltr'>monitum</span> <span class='ocrx_word' id='word_1_537' title='bbox 2492 4818 2610 4872; x_wconf 90' lang='lat' dir='ltr'>est.</span> 
     </span>
    </p>
   </div>
   <div class='ocr_carea' id='block_1_47' title="bbox 415 4938 2586 5020">
    <p class='ocr_par' dir='ltr' id='par_1_47' title="bbox 415 4938 2586 5020">
     <span class='ocr_line' id='line_1_48' title="bbox 415 4938 2586 5020; baseline -0.005 -17"><span class='ocrx_word' id='word_1_538' title='bbox 415 4941 489 5003; x_wconf 91' lang='lat' dir='ltr'>In</span> <span class='ocrx_word' id='word_1_539' title='bbox 519 4940 701 5003; x_wconf 89' lang='lat' dir='ltr'>variis</span> <span class='ocrx_word' id='word_1_540' title='bbox 727 4940 1104 5004; x_wconf 90' lang='lat' dir='ltr'>lectionibus</span> <span class='ocrx_word' id='word_1_541' title='bbox 1138 4940 1494 5020; x_wconf 89' lang='lat' dir='ltr'>digerendis</span> <span class='ocrx_word' id='word_1_542' title='bbox 1514 4940 1626 5004; x_wconf 88' lang='lat' dir='ltr'>has</span> <span class='ocrx_word' id='word_1_543' title='bbox 1658 4940 1793 5003; x_wconf 81' lang='lat' dir='ltr'>fere</span> <span class='ocrx_word' id='word_1_544' title='bbox 1821 4938 2068 5020; x_wconf 86' lang='lat' dir='ltr'>regulas</span> <span class='ocrx_word' id='word_1_545' title='bbox 2106 4942 2359 5001; x_wconf 88' lang='lat' dir='ltr'>secutus</span> <span class='ocrx_word' id='word_1_546' title='bbox 2392 4950 2530 4996; x_wconf 87' lang='lat' dir='ltr'>sum</span> <span class='ocrx_word' id='word_1_547' title='bbox 2572 4950 2586 4993; x_wconf 91' lang='lat'>:</span> 
     </span>
    </p>
   </div>
   <div class='ocr_carea' id='block_1_48' title="bbox 421 5057 3593 5149">
    <p class='ocr_par' dir='ltr' id='par_1_48' title="bbox 421 5057 3593 5149">
     <span class='ocr_line' id='line_1_49' title="bbox 421 5057 3593 5149; baseline -0.003 -20"><span class='ocrx_word' id='word_1_548' title='bbox 421 5070 467 5129; x_wconf 94' lang='grc' dir='ltr'>ι.</span> <span class='ocrx_word' id='word_1_549' title='bbox 507 5066 789 5142; x_wconf 89' lang='lat' dir='ltr'>Codices,</span> <span class='ocrx_word' id='word_1_550' title='bbox 817 5067 927 5149; x_wconf 90' lang='lat' dir='ltr'>qui</span> <span class='ocrx_word' id='word_1_551' title='bbox 974 5084 1104 5131; x_wconf 88' lang='lat' dir='ltr'>non</span> <span class='ocrx_word' id='word_1_552' title='bbox 1134 5074 1584 5143; x_wconf 89' lang='lat' dir='ltr'>memorantur,</span> <span class='ocrx_word' id='word_1_553' title='bbox 1635 5066 1756 5129; x_wconf 92' lang='lat' dir='ltr'>nisi</span> <span class='ocrx_word' id='word_1_554' title='bbox 1788 5065 1951 5129; x_wconf 87' lang='lat' dir='ltr'>forte</span> <span class='ocrx_word' id='word_1_555' title='bbox 1993 5066 2219 5129; x_wconf 91' lang='lat' dir='ltr'>lacuna</span> <span class='ocrx_word' id='word_1_556' title='bbox 2242 5066 2466 5137; x_wconf 90' lang='lat' dir='ltr'>exstet,</span> <span class='ocrx_word' id='word_1_557' title='bbox 2497 5076 2644 5123; x_wconf 91' lang='lat' dir='ltr'>cum</span> <span class='ocrx_word' id='word_1_558' title='bbox 2681 5063 2859 5120; x_wconf 89' lang='lat' dir='ltr'>textu</span> <span class='ocrx_word' id='word_1_559' title='bbox 2900 5060 3118 5120; x_wconf 90' lang='lat' dir='ltr'>nostro</span> <span class='ocrx_word' id='word_1_560' title='bbox 3155 5057 3593 5120; x_wconf 90' lang='lat' dir='ltr'>consentiunt.</span> 
     </span>
    </p>
   </div>
   <div class='ocr_carea' id='block_1_49' title="bbox 413 5285 3594 5415">
    <p class='ocr_par' dir='ltr' id='par_1_49' title="bbox 413 5285 3594 5415">
     <span class='ocr_line' id='line_1_50' title="bbox 413 5285 3594 5415; baseline -0.007 -54"><span class='ocrx_word' id='word_1_561' title='bbox 413 5307 488 5375; x_wconf 73' lang='grc' dir='ltr'>(α)</span> <span class='ocrx_word' id='word_1_562' title='bbox 527 5305 645 5361; x_wconf 86' lang='lat' dir='ltr'>lluc</span> <span class='ocrx_word' id='word_1_563' title='bbox 675 5303 951 5371; x_wconf 85' lang='lat' dir='ltr'>pertinere</span> <span class='ocrx_word' id='word_1_564' title='bbox 970 5301 1183 5359; x_wconf 84' lang='lat' dir='ltr'>videtur</span> <span class='ocrx_word' id='word_1_565' title='bbox 1202 5302 1507 5415; x_wconf 42' lang='lat' dir='ltr'>exeméilum</span> <span class='ocrx_word' id='word_1_566' title='bbox 1531 5302 1585 5355; x_wconf 91' lang='lat' dir='ltr'>in</span> <span class='ocrx_word' id='word_1_567' title='bbox 1613 5300 1813 5355; x_wconf 83' lang='lat' dir='ltr'>Adnot.</span> <span class='ocrx_word' id='word_1_568' title='bbox 1845 5300 1913 5355; x_wconf 86' lang='lat' dir='ltr'>ad</span> <span class='ocrx_word' id='word_1_569' title='bbox 2020 5298 2299 5369; x_wconf 76' lang='lat' dir='ltr'>Chrysost.</span> <span class='ocrx_word' id='word_1_570' title='bbox 2318 5295 2417 5349; x_wconf 85' lang='lat' dir='ltr'>ista</span> <span class='ocrx_word' id='word_1_571' title='bbox 2434 5294 2707 5379; x_wconf 65' lang='lat' dir='ltr'>leguntur.</span> <span class='ocrx_word' id='word_1_572' title='bbox 2736 5289 2912 5361; x_wconf 86' lang='lat' dir='ltr'>llujus</span> <span class='ocrx_word' id='word_1_573' title='bbox 2926 5289 3090 5371; x_wconf 73' lang='lat' dir='ltr'>verba</span> <span class='ocrx_word' id='word_1_574' title='bbox 3107 5296 3235 5342; x_wconf 90' lang='lat' dir='ltr'>sunt</span> <span class='ocrx_word' id='word_1_575' title='bbox 3254 5287 3329 5369; x_wconf 85' lang='lat' dir='ltr'>(p.</span> <span class='ocrx_word' id='word_1_576' title='bbox 3352 5285 3594 5353; x_wconf 62' lang='lat' dir='ltr'>l2),ov36§</span> 
     </span>
     <span class='ocr_line' id='line_1_51' title="bbox 432 5356 3591 5415; baseline -0.002 0"><span class='ocrx_word' id='word_1_577' title='bbox 432 5378 537 5415; x_wconf 71' lang='lat' dir='ltr'>im</span> <span class='ocrx_word' id='word_1_578' title='bbox 561 5376 801 5415; x_wconf 63' lang='lat' dir='ltr'>gnarum-</span> <span class='ocrx_word' id='word_1_579' title='bbox 842 5374 987 5415; x_wconf 68' lang='grc' dir='ltr'>Λήιιρ</span> <span class='ocrx_word' id='word_1_580' title='bbox 1018 5373 1201 5415; x_wconf 71' lang='lat' dir='ltr'>pnlnv-</span> <span class='ocrx_word' id='word_1_581' title='bbox 1245 5372 1309 5415; x_wconf 72' lang='lat' dir='ltr'>ad</span> <span class='ocrx_word' id='word_1_582' title='bbox 1343 5406 1354 5415; x_wconf 77' lang='lat'>.</span> <span class='ocrx_word' id='word_1_583' title='bbox 1383 5387 1533 5415; x_wconf 69' lang='lat' dir='ltr'>vum-</span> <span class='ocrx_word' id='word_1_584' title='bbox 1568 5381 1710 5415; x_wconf 69' lang='lat' dir='ltr'>natm</span> <span class='ocrx_word' id='word_1_585' title='bbox 1740 5386 1793 5415; x_wconf 78' lang='grc' dir='ltr'>η-</span> <span class='ocrx_word' id='word_1_586' title='bbox 1823 5371 1911 5415; x_wconf 72' lang='lat'>3&#39;7-</span> <span class='ocrx_word' id='word_1_587' title='bbox 2019 5371 2052 5415; x_wconf 70' lang='grc' dir='ltr'>ἠ</span> <span class='ocrx_word' id='word_1_588' title='bbox 2086 5371 2142 5415; x_wconf 81' lang='grc' dir='ltr'>ὲν</span> <span class='ocrx_word' id='word_1_589' title='bbox 2200 5364 2504 5415; x_wconf 79' lang='grc' dir='ltr'>πουτανείω</span> <span class='ocrx_word' id='word_1_590' title='bbox 2558 5379 2785 5415; x_wconf 69' lang='grc' dir='ltr'>σίτησις.</span> <span class='ocrx_word' id='word_1_591' title='bbox 2842 5362 3085 5414; x_wconf 85' lang='lat' dir='ltr'>Amanus</span> <span class='ocrx_word' id='word_1_592' title='bbox 3112 5372 3239 5411; x_wconf 88' lang='lat' dir='ltr'>vero</span> <span class='ocrx_word' id='word_1_593' title='bbox 3279 5366 3349 5411; x_wconf 81' lang='lat' dir='ltr'>ita</span> <span class='ocrx_word' id='word_1_594' title='bbox 3395 5356 3591 5415; x_wconf 75' lang='lat' dir='ltr'>reddit.</span> 
     </span>
    </p>
   </div>
   <div class='ocr_carea' id='block_1_50' title="bbox 343 5371 1948 5511">
    <p class='ocr_par' dir='ltr' id='par_1_50' title="bbox 343 5371 1911 5511">
     <span class='ocr_line' id='line_1_52' title="bbox 343 5371 1911 5471; baseline -0.004 -40"><span class='ocrx_word' id='word_1_595' title='bbox 343 5394 397 5449; x_wconf 89' lang='lat' dir='ltr'>p.</span> <span class='ocrx_word' id='word_1_596' title='bbox 422 5371 537 5433; x_wconf 64' lang='lat'>63.5</span> <span class='ocrx_word' id='word_1_597' title='bbox 560 5376 803 5457; x_wconf 74' lang='lat' dir='ltr'>allatum.</span> <span class='ocrx_word' id='word_1_598' title='bbox 837 5374 988 5428; x_wconf 82' lang='lat' dir='ltr'>Adde</span> <span class='ocrx_word' id='word_1_599' title='bbox 1018 5373 1203 5454; x_wconf 76' lang='lat' dir='ltr'>Pctav.</span> <span class='ocrx_word' id='word_1_600' title='bbox 1245 5372 1314 5453; x_wconf 77' lang='lat' dir='ltr'>ad</span> <span class='ocrx_word' id='word_1_601' title='bbox 1342 5371 1533 5441; x_wconf 83' lang='lat' dir='ltr'>Synes.</span> <span class='ocrx_word' id='word_1_602' title='bbox 1568 5381 1710 5425; x_wconf 71' lang='lat' dir='ltr'>nota:</span> <span class='ocrx_word' id='word_1_603' title='bbox 1740 5386 1795 5471; x_wconf 66' lang='lat' dir='ltr'>p.</span> <span class='ocrx_word' id='word_1_604' title='bbox 1823 5371 1911 5426; x_wconf 82' lang='grc'>57.</span> 
     </span>
     <span class='ocr_line' id='line_1_53' title="bbox 347 5441 1909 5511; baseline -0.005 -10"><span class='ocrx_word' id='word_1_605' title='bbox 347 5468 366 5500; x_wconf 71' lang='grc' dir='ltr'><strong>ε</strong></span> <span class='ocrx_word' id='word_1_606' title='bbox 392 5448 511 5501; x_wconf 85' lang='lat' dir='ltr'>Non</span> <span class='ocrx_word' id='word_1_607' title='bbox 533 5461 713 5500; x_wconf 84' lang='lat' dir='ltr'>minus</span> <span class='ocrx_word' id='word_1_608' title='bbox 737 5444 905 5498; x_wconf 85' lang='lat' dir='ltr'>falsus</span> <span class='ocrx_word' id='word_1_609' title='bbox 919 5452 1002 5498; x_wconf 87' lang='lat' dir='ltr'>est</span> <span class='ocrx_word' id='word_1_610' title='bbox 1022 5443 1162 5497; x_wconf 82' lang='lat' dir='ltr'>idem</span> <span class='ocrx_word' id='word_1_611' title='bbox 1176 5442 1433 5511; x_wconf 81' lang='lat' dir='ltr'>Scaliger,</span> <span class='ocrx_word' id='word_1_612' title='bbox 1452 5441 1579 5495; x_wconf 89' lang='lat' dir='ltr'>dum</span> <span class='ocrx_word' id='word_1_613' title='bbox 1594 5457 1659 5495; x_wconf 86' lang='lat' dir='ltr'>cx</span> <span class='ocrx_word' id='word_1_614' title='bbox 1678 5441 1909 5505; x_wconf 70' lang='lat' dir='ltr'>Amano,</span> 
     </span>
    </p>
   </div>
   <div class='ocr_carea' id='block_1_51' title="bbox 1985 5371 3590 5511">
    <p class='ocr_par' dir='ltr' id='par_1_51' title="bbox 2019 5371 3590 5511">
     <span class='ocr_line' id='line_1_54' title="bbox 2019 5371 3590 5439; baseline -0.008 -18"><span class='ocrx_word' id='word_1_615' title='bbox 2019 5371 2053 5439; x_wconf 82' lang='grc' dir='ltr'>ἡ</span> <span class='ocrx_word' id='word_1_616' title='bbox 2086 5371 2142 5421; x_wconf 85' lang='grc' dir='ltr'>ὲν</span> <span class='ocrx_word' id='word_1_617' title='bbox 2200 5371 2456 5433; x_wconf 58' lang='lat' dir='ltr'>aputast</span> <span class='ocrx_word' id='word_1_618' title='bbox 2558 5371 2785 5433; x_wconf 78' lang='grc' dir='ltr'>σίτησις.</span> <span class='ocrx_word' id='word_1_619' title='bbox 2842 5371 3085 5414; x_wconf 83' lang='lat' dir='ltr'>Amanus</span> <span class='ocrx_word' id='word_1_620' title='bbox 3112 5371 3349 5438; x_wconf 44' lang='lat' dir='ltr'>vernula</span> <span class='ocrx_word' id='word_1_621' title='bbox 3389 5371 3590 5436; x_wconf 66' lang='lat' dir='ltr'>renuit,</span> 
     </span>
     <span class='ocr_line' id='line_1_55' title="bbox 2020 5382 3589 5511; baseline -0.006 -20"><span class='ocrx_word' id='word_1_622' title='bbox 2020 5454 2111 5492; x_wconf 74' lang='lat' dir='ltr'>nec</span> <span class='ocrx_word' id='word_1_623' title='bbox 2144 5436 2346 5506; x_wconf 69' lang='lat' dir='ltr'>publica</span> <span class='ocrx_word' id='word_1_624' title='bbox 2378 5436 2431 5488; x_wconf 80' lang='lat' dir='ltr'>in</span> <span class='ocrx_word' id='word_1_625' title='bbox 2459 5382 2726 5511; x_wconf 40' lang='lat' dir='ltr'>ﬁrgtaneo</span> <span class='ocrx_word' id='word_1_626' title='bbox 2759 5440 3024 5511; x_wconf 66' lang='lat' dir='ltr'>apparata</span> <span class='ocrx_word' id='word_1_627' title='bbox 3059 5442 3315 5511; x_wconf 59' lang='lat' dir='ltr'>convivia.</span> <span class='ocrx_word' id='word_1_628' title='bbox 3347 5424 3437 5480; x_wconf 82' lang='lat' dir='ltr'>Sic</span> <span class='ocrx_word' id='word_1_629' title='bbox 3463 5425 3589 5482; x_wconf 80' lang='lat' dir='ltr'>ille:</span> 
     </span>
    </p>
   </div>
   <div class='ocr_carea' id='block_1_52' title="bbox 346 5496 3375 5598">
    <p class='ocr_par' dir='ltr' id='par_1_52' title="bbox 346 5496 3375 5598">
     <span class='ocr_line' id='line_1_56' title="bbox 346 5496 3375 5598; baseline -0.006 -29"><span class='ocrx_word' id='word_1_630' title='bbox 346 5496 511 5572; x_wconf 55' lang='lat' dir='ltr'>iéiéii</span> <span class='ocrx_word' id='word_1_631' title='bbox 534 5496 923 5598; x_wconf 30' lang='lat' dir='ltr'>E-li&#39;r—v&#39;sostonii</span> <span class='ocrx_word' id='word_1_632' title='bbox 960 5496 1293 5583; x_wconf 78' lang='lat' dir='ltr'>interprete,</span> <span class='ocrx_word' id='word_1_633' title='bbox 1322 5496 1670 5598; x_wconf 44' lang='lat' dir='ltr'>‘conjcctatur</span> <span class='ocrx_word' id='word_1_634' title='bbox 1690 5496 1911 5598; x_wconf 50' lang='lat' dir='ltr'>.ﬂpata;</span> <span class='ocrx_word' id='word_1_635' title='bbox 2017 5496 2297 5598; x_wconf 48' lang='lat' dir='ltr'>nclcl&#39;vulg?</span> <span class='ocrx_word' id='word_1_636' title='bbox 2321 5513 2517 5598; x_wconf 54' lang='lat' dir='ltr'>exstat,</span> <span class='ocrx_word' id='word_1_637' title='bbox 2537 5496 2637 5598; x_wconf 58' lang='lat' dir='ltr'>nec</span> <span class='ocrx_word' id='word_1_638' title='bbox 2760 5496 3021 5598; x_wconf 33' lang='lat' dir='ltr'>licata)???</span> <span class='ocrx_word' id='word_1_639' title='bbox 3049 5496 3312 5598; x_wconf 48' lang='lat' dir='ltr'>martum.</span> <span class='ocrx_word' id='word_1_640' title='bbox 3356 5511 3375 5545; x_wconf 73' lang='grc' dir='ltr'><strong>ι</strong></span> 
     </span>
    </p>
   </div>
   <div class='ocr_carea' id='block_1_53' title="bbox 348 5567 1953 5655">
    <p class='ocr_par' dir='ltr' id='par_1_53' title="bbox 348 5567 1909 5655">
     <span class='ocr_line' id='line_1_57' title="bbox 348 5567 1909 5655; baseline 0.003 -14"><span class='ocrx_word' id='word_1_641' title='bbox 800 5567 1249 5655; x_wconf 66' lang='lat' dir='ltr'>Chrysostoriium</span> <span class='ocrx_word' id='word_1_642' title='bbox 1281 5567 1383 5655; x_wconf 68' lang='lat' dir='ltr'>pro</span> <span class='ocrx_word' id='word_1_643' title='bbox 1417 5567 1652 5650; x_wconf 53' lang='lat' dir='ltr'>silanum</span> <span class='ocrx_word' id='word_1_644' title='bbox 1685 5567 1909 5655; x_wconf 72' lang='grc' dir='ltr'>ίηῬνιιτ</span> 
     </span>
    </p>
   </div>
   <div class='ocr_carea' id='block_1_54' title="bbox 1563 5567 3168 5655">
    <p class='ocr_par' dir='ltr' id='par_1_54' title="bbox 1565 5567 3168 5655">
     <span class='ocr_line' id='line_1_58' title="bbox 1565 5567 3168 5655; baseline -0.009 -22"><span class='ocrx_word' id='word_1_645' title='bbox 1565 5581 1652 5633; x_wconf 86' lang='lat' dir='ltr'>ula</span> <span class='ocrx_word' id='word_1_646' title='bbox 1685 5567 1909 5655; x_wconf 61' lang='lat' dir='ltr'>in&#39;PrgT</span> <span class='ocrx_word' id='word_1_647' title='bbox 2088 5579 2159 5655; x_wconf 72' lang='grc' dir='ltr'>(δ)</span> <span class='ocrx_word' id='word_1_648' title='bbox 2178 5567 2754 5655; x_wconf 40' lang='lat' dir='ltr'>_\_’_ivi_le_Aduot..ad‘pp.</span> <span class='ocrx_word' id='word_1_649' title='bbox 2784 5567 2869 5655; x_wconf 75' lang='lat' dir='ltr'>s9,</span> <span class='ocrx_word' id='word_1_650' title='bbox 2894 5567 3020 5655; x_wconf 59' lang='lat' dir='ltr'>aio,</span> <span class='ocrx_word' id='word_1_651' title='bbox 3040 5567 3168 5655; x_wconf 47' lang='lat' dir='ltr'>ﬁt.</span> 
     </span>
    </p>
   </div>
   <div class='ocr_carea' id='block_1_55' title="bbox 347 5635 3450 5728">
    <p class='ocr_par' dir='ltr' id='par_1_55' title="bbox 347 5635 3450 5728">
     <span class='ocr_line' id='line_1_59' title="bbox 347 5635 3450 5728; baseline -0.007 -16"><span class='ocrx_word' id='word_1_652' title='bbox 347 5635 774 5713; x_wconf 52' lang='lat' dir='ltr'>iéit’éJTV&#39;ci-Eiii</span> <span class='ocrx_word' id='word_1_653' title='bbox 806 5635 983 5725; x_wconf 74' lang='lat' dir='ltr'>neque</span> <span class='ocrx_word' id='word_1_654' title='bbox 1025 5635 1176 5723; x_wconf 75' lang='lat' dir='ltr'>apud</span> <span class='ocrx_word' id='word_1_655' title='bbox 1213 5635 1501 5728; x_wconf 66' lang='lat' dir='ltr'>Annianum,</span> <span class='ocrx_word' id='word_1_656' title='bbox 1548 5666 1723 5721; x_wconf 82' lang='lat' dir='ltr'>neque</span> <span class='ocrx_word' id='word_1_657' title='bbox 1766 5635 1909 5719; x_wconf 69' lang='lat' dir='ltr'>apud</span> <span class='ocrx_word' id='word_1_658' title='bbox 2178 5648 2305 5703; x_wconf 71' lang='lat' dir='ltr'>Vide</span> <span class='ocrx_word' id='word_1_659' title='bbox 2327 5647 2377 5701; x_wconf 84' lang='lat' dir='ltr'>in</span> <span class='ocrx_word' id='word_1_660' title='bbox 2406 5644 2596 5716; x_wconf 83' lang='lat' dir='ltr'>primis</span> <span class='ocrx_word' id='word_1_661' title='bbox 2625 5635 2822 5696; x_wconf 64' lang='lat' dir='ltr'>Allhot.</span> <span class='ocrx_word' id='word_1_662' title='bbox 2844 5635 3155 5709; x_wconf 73' lang='lat' dir='ltr'>adpp.l15,</span> <span class='ocrx_word' id='word_1_663' title='bbox 3184 5635 3304 5705; x_wconf 84' lang='lat' dir='ltr'>H7,</span> <span class='ocrx_word' id='word_1_664' title='bbox 3332 5636 3450 5692; x_wconf 71' lang='grc'>147.</span> 
     </span>
    </p>
   </div>
   <div class='ocr_carea' id='block_1_56' title="bbox 3633 5666 3643 5704">
    <p class='ocr_par' dir='ltr' id='par_1_56' title="bbox 3633 5666 3643 5704">
     <span class='ocr_line' id='line_1_60' title="bbox 3633 5666 3643 5704; baseline 0 0"><span class='ocrx_word' id='word_1_665' title='bbox 3633 5666 3643 5704; x_wconf 86' lang='lat' dir='ltr'>l</span> 
     </span>
    </p>
   </div>
  </div>
