4064 6214
1640 234 1820 295 riuo.
1862 236 2065 294 nam
2105 220 2519 298 ΡῐιΑειιτΑτιοί

1992 236 2065 292 ω
2105 220 2519 298 ΡῐιΑειιτΑτιοί
3542 250 3597 292 ιι

369 357 487 422 Ubi
522 375 671 423 vero
715 358 985 437 colices,
1030 360 1140 442 qui
1189 360 1613 437 nominantur,
1652 368 1969 444 receptam
2012 364 2356 429 lectionem
2398 354 3109 443 habent,"caeteros’pro
3148 363 3376 443 rejecta
3417 368 3607 437 stare,

372 476 488 541 per
516 478 583 523 se
612 463 759 524 satis
786 462 1171 542 intelligitur.

453 584 510 644 Π
572 584 656 646 De
675 584 811 647 aliis
833 586 1113 661 testibus,
1145 587 1253 666 qui
1306 587 1561 649 nonnisi
1588 588 1772 650 certis
1792 588 1951 651 locis
1968 586 2274 669 appellari
2295 592 2583 667 possunt,
2611 604 2669 650 e.
2702 605 2761 667 g.
2782 588 2898 669 Ep.
2920 585 3106 649 Euth.
3128 582 3417 664 TheOph.
3440 580 3606 644 Flor.

377 686 440 743 et
465 683 743 761 Interpp.
776 684 896 744 nisi
923 684 1149 747 diserte
1184 686 1608 761 nominentur,
1640 685 1797 748 nihil
1832 703 1870 749 a
1898 689 2159 751 Lectore
2199 685 2407 765 colligi
2439 693 2670 766 potest.

455 810 560 869 III.
588 809 909 873 Editorum
937 812 1240 875 librorum
1266 814 1569 876 lectiones
1602 831 1856 894 semper
1875 821 1937 877 et
1979 815 2221 895 ubique
2259 831 2754 878 commemorare
2796 827 2927 874 non
2954 808 3154 872 nostri
3188 807 3303 869 fuit
3348 803 3607 884 incepti.

378 907 595 984 Itaque
627 924 797 987 saape
828 909 1074 983 accidit,
1106 916 1176 971 ut
1206 909 1395 973 lectio
1430 911 1636 972 minus
1664 911 2033 991 probabilis,
2075 929 2153 974 ex
2178 928 2308 973 uno
2339 917 2444 973 aut
2473 909 2759 991 pluribus
2787 908 2973 971 codd.
3002 907 3070 968 in
3099 905 3376 983 margine
3402 902 3609 977 allata,

380 1022 454 1070 ea
479 1010 615 1087 ipsa
646 1007 745 1082 sit,
782 1025 923 1087 qua:
950 1010 1015 1071 in
1044 1008 1188 1072 edd.
1218 1014 1322 1071 aut
1351 1010 1746 1090 quibusdam,
1787 1016 1892 1073 aut
1920 1011 2104 1073 etiam
2132 1010 2423 1073 omnibus
2456 1009 2821 1091 reperiatur.

462 1132 566 1194 IV.
598 1133 716 1195 Ubi
744 1149 860 1212 pro
892 1132 1083 1195 altera
1103 1132 1375 1195 lectione
1403 1151 1611 1193 omnes
1640 1132 1878 1212 scripti,
1911 1149 2027 1211 pro
2049 1132 2240 1194 altera
2261 1148 2406 1193 vero
2429 1150 2634 1192 omnes
2658 1130 2807 1193 editi
2834 1129 2976 1193 libri
2996 1133 3298 1209 pugnant,
3328 1126 3615 1191 codicum

384 1232 654 1296 lectione
684 1237 957 1311 recepta,
987 1231 1214 1293 editam
1248 1230 1314 1293 in
1352 1232 1630 1310 margine
1658 1232 1902 1310 scripsi,
1933 1248 2076 1292 cum
2107 1238 2278 1308 nota,
2317 1255 2343 1287 α
2376 1231 2531 1293 Edd.
2561 1255 2592 1288 ιο

473 1352 542 1414 V.
591 1351 709 1414 Ubi
737 1352 802 1413 in
828 1350 1036 1431 aliqua
1062 1350 1334 1414 lectione
1362 1351 1595 1415 tuenda
1630 1368 1774 1413 cum
1800 1356 1971 1412 textu
2000 1350 2308 1414 Saviliano
2345 1354 2743 1415 consentiunt
2777 1372 2983 1415 omnes
3009 1352 3282 1427 codices,
3309 1350 3472 1414 hanc
3513 1351 3618 1412 in-

390 1454 668 1517 numeris
706 1453 883 1526 locis,
917 1454 1148 1532 rejecta
1182 1452 1454 1514 lectione
1484 1452 2217 1527 Morello-Benedictina,
2249 1455 2433 1514 tacite
2469 1455 2716 1516 excudi.

467 1574 570 1635 VI.
613 1575 685 1634 In
720 1572 939 1635 ordine
965 1572 1300 1633 verborum
1336 1571 1775 1632 constituendo
1806 1570 2067 1648 singulis
2101 1571 2255 1635 locis
2277 1573 2490 1652 plures
2524 1578 2585 1637 et
2614 1574 2906 1637 meliores
2934 1575 3129 1638 libros
3171 1582 3420 1638 secutus
3456 1591 3621 1646 sum,

392 1670 583 1751 idque
613 1671 946 1733 maximam
988 1676 1228 1750 partem
1271 1684 1404 1729 non
1443 1669 1683 1731 monito
1727 1671 2020 1744 Lectore;
2052 1687 2194 1733 cum
2227 1669 2486 1733 inﬁnitas
2519 1671 2702 1734 molis
2742 1671 2982 1747 fuisset,
3016 1690 3235 1735 omnes
3262 1670 3622 1757 hujusmodi

393 1773 767 1835 mutationes
796 1772 861 1832 in
888 1770 1142 1833 tabellas
1170 1768 1432 1832 referre.

474 1914 815 1979 Moralium
845 1914 1018 1977 initia
1038 1916 1167 1995 jam
1188 1922 1333 1978 ante
1363 1931 1481 1977 nos
1510 1913 1876 1978 distinxerat
1901 1915 2162 1978 Savilius
2175 1932 2193 1991 ;
2226 1916 2587 1980 eorumdem
2609 1932 2757 1979 vero
2779 1921 3140 1995 argumenta
3162 1931 3328 1977 nunc
3352 1913 3625 1992 primum

394 2035 432 2079 e
462 2019 790 2081 codicibus
825 2017 1067 2099 prolata
1090 2024 1257 2079 sunt.
1286 2018 1436 2079 Haec
1465 2016 1533 2077 in
1561 2016 1885 2080 codicibus
1912 2034 2044 2080 non
2075 2020 2367 2081 omnibus
2396 2019 2613 2082 eadem
2635 2017 2931 2097 leguntur
2953 2036 2966 2078 :
2991 2018 3109 2081 alia
3136 2035 3253 2080 nos
3282 2018 3621 2091 edidimus,

399 2119 517 2180 alia
551 2118 767 2180 Latine
794 2135 969 2180 versa
1002 2118 1071 2178 in
1096 2116 1300 2178 fronte
1328 2116 1538 2196 Operis
1566 2114 1737 2177 dedit
1765 2116 2080 2180 Morellus.
2114 2118 2201 2181 De
2221 2117 2318 2180 his
2349 2126 2546 2182 exstat
2573 2119 2878 2183 Monitum
2906 2119 2972 2180 in
3009 2118 3226 2182 codice
3251 2118 3499 2180 Coislin.
3525 2118 3625 2192 66,

399 2217 567 2297 quod
598 2216 700 2280 hic
731 2216 1084 2281 exscribere
1122 2216 1210 2277 nil
1249 2221 1427 2278 vetat.
1471 2215 1689 2287 Ἐπειδὴ
1721 2214 1841 2280 ἔθος
1869 2211 1936 2289 ἦν
1958 2220 2004 2270 τά

2020 2217 2039 2285 ᾖ
2063 2218 2466 2289 μακαριωτάτφ
2487 2216 2703 2292 Ἰωάννῃ
2727 2217 2802 2290 τῷ
2834 2216 3200 2288 Χρυσοστόμῳ
3226 2215 3362 2287 μετὰ
3382 2216 3625 2288 τὸὲρμη-

399 2322 585 2375 νεῦσαι
618 2320 677 2373 τὸ
708 2321 837 2404 amp"
866 2320 1029 2375 αὑτοῦ
1060 2320 1319 2392 προτεθὲν
1348 2319 1701 2388 εὐαγγελικδν
1729 2320 1891 2391 ῥητὸν
1915 2321 1997 2385 εἰς
2025 2320 2216 2392 ἠθικὸν
2248 2321 2585 2377 καταπαύειν
2619 2322 2709 2377 τὸν
2732 2322 2910 2389 λόγον,
2937 2321 3231 2391 ἀναγκαῖον
3278 2318 3500 2389 ἐνόμισα
3537 2317 3630 2371 καὶ

390 2415 461 2469 τὰ
493 2415 620 2485 παρ’
645 2415 809 2470 αὐτοῦ
840 2414 898 2469 ὲν
926 2416 1003 2487 τῷ
1051 2414 1226 2487 ὴθικῷ
1261 2414 1403 2469 κατὰ
1428 2415 1629 2478 πλάτος
1660 2415 1928 2485 εἰρημένα
1953 2416 2012 2469 ὲν
2040 2416 2288 2487 συντόμῳ
2314 2416 2599 2489 προτάξαι,
2631 2416 2718 2471 ἵνα
2755 2416 2853 2487 ἔχῃ
2883 2418 2911 2469 ό
2934 2415 3251 2487 βουλόμενος
3285 2412 3383 2484 τὴν
3403 2410 3629 2480 δύναμιν

391 2510 486 2564 τοῦ
512 2509 709 2575 παντὸς
735 2508 926 2580 ἠθικοῦ
958 2509 1172 2574 ἀπόνως
1198 2511 1291 2563 καὶ
1322 2510 1380 2563 ὲν
1409 2508 1655 2579 συντόμῳ
1682 2509 1953 2580 εὑρίσκειν
1982 2509 1996 2589 <

2023 2508 2094 2588 ι).
2124 2510 2505 2591 Plerumque
2525 2528 2671 2574 vero
2701 2527 2833 2574 non
2860 2511 2925 2572 in
2950 2509 3156 2572 fronte
3186 2508 3419 2589 operis,
3459 2505 3628 2568 indi-

394 2612 484 2675 ris
528 2611 739 2686 modo,
777 2612 888 2674 sed
912 2610 1040 2673 suis
1066 2626 1335 2692 quaeque
1358 2608 1513 2671 locis
1541 2608 1605 2669 in
1628 2608 1908 2685 margine
1933 2607 2099 2682 libri,
2132 2609 2303 2688 quod
2339 2626 2457 2671 nos
2490 2608 2776 2686 fecimus,
2808 2615 3175 2687 argumenta
3207 2613 3525 2671 notantur.

473 2738 541 2797 In
579 2736 1106 2811 adnotationibus,
1135 2740 1366 2816 praeter
1393 2751 1465 2797 ea
1494 2750 1635 2814 quae
1663 2733 1757 2795 vel
1795 2732 1871 2793 ad
1901 2731 2161 2793 criticen
2182 2730 2276 2793 vel
2320 2732 2397 2793 ad
2443 2732 3027 2812 interpretationem
3074 2727 3420 2792 necessaria
3459 2723 3631 2786 vide-

394 2835 641 2910 bantur,
676 2837 976 2916 pauculas
998 2838 1387 2915 conjecturas
1416 2840 1658 2897 nostras
1691 2832 1770 2896 ad
1803 2832 1923 2895 alia
1961 2831 2396 2911 gratiosissimi
2442 2832 2727 2895 Auctoris
2759 2831 2989 2912 scripta
3034 2828 3447 2910 pertinentes,
3486 2840 3631 2885 cum

394 2939 652 2999 Lectore
674 2935 1295 2999 communicavimus.

472 3064 799 3125 Postremo
848 3061 926 3124 ad
962 3061 1207 3125 Indices
1261 3064 1596 3123 consuetos
1643 3059 1903 3122 accessit
1938 3060 2096 3123 alius
2129 3061 2413 3133 Graecus;
2452 3058 2517 3121 in
2547 3076 2673 3140 quo
2710 3057 3103 3122 conﬁciendo
3140 3056 3205 3118 id
3237 3053 3633 3135 potissimum

395 3161 550 3224 mihi
586 3161 977 3242 pr0positum
1012 3166 1126 3237 est,
1155 3166 1226 3223 ut
1259 3176 1476 3223 eorum
1522 3159 1871 3222 commodis
1902 3159 2260 3234 inserviam,
2302 3160 2411 3240 qui
2437 3159 2699 3240 posthac
2737 3159 2857 3221 alia
2902 3158 3168 3220 fortasse
3210 3154 3635 3235 Chrysostomi

398 3281 592 3345 opera
628 3264 951 3344 purganda
986 3263 1365 3344 suscipient;
1415 3262 1587 3343 quod
1624 3263 1945 3341 negotium
1990 3269 2118 3325 tam
2167 3263 2553 3345 expeditum,
2591 3281 2781 3345 quam
2814 3261 3239 3327 necessarium
3281 3275 3441 3334 esse,
3492 3261 3637 3338 post

400 3383 612 3428 meum
635 3363 915 3427 laborem
952 3380 1163 3439 nemo,
1195 3362 1442 3442 Opinor,
1474 3361 1747 3440 negabit.

480 3486 849 3551 Scribebam
868 3481 1292 3561 Cantabrigiaa,
1339 3480 1440 3543 die
1467 3481 1605 3541 XIX
1628 3478 1855 3560 Aprilis
1881 3481 2391 3544 MDCCCXXXIX.

478 3702 555 3784 (α)
607 3705 731 3784 "ree
782 3704 920 3784 ipse
948 3723 1014 3763 ex
1034 3708 1261 3784 podice
1285 3708 1579 3784 exscripsi.
1612 3709 1775 3784 Nunc
1805 3710 1963 3784 video
2067 3728 2083 3767 ε

2067 3712 2176 3784 alia
2192 3711 2354 3766 αὐτὸν
2379 3710 2702 3784 προτέροθεν
2722 3710 2896 3784 dedit.
2920 3710 3028 3768 Sed
3057 3712 3428 3784 apographum
3452 3719 3634 3763 meum

407 3775 593 3859 eadem
621 3775 1084 3859 altiontet‘alconio
1104 3778 1312 3859 inBibl.
1338 3775 1552 3859 Cois-lin:
1586 3796 1651 3859 p.-
1684 3781 1786 3835 150
1815 3782 1961 3859 edita
2068 3783 2251 3839 verius
2279 3775 2433 3852 esse,
2452 3775 2628 3854 qui'vis
2651 3782 2819 3838 videt.

408 3856 549 3911 esse,
579 3844 669 3915 qui
696 3854 874 3903 tamen
907 3863 1006 3919 pro
1024 3848 1203 3905 verbis
1251 3848 1313 3901 τὸ
1336 3850 1462 3920 παρ’
1491 3844 1654 3903 αὐτοῦ
1678 3852 1958 3923 προτεθὲν,
