4058 6204
676 254 737 305 If;
1391 242 1446 295 S.
1484 240 1770 296 JOANNIS
1809 240 2293 298 (ZIIRYSOSTOMI
2330 242 2646 299 AllL'lHEP.
2685 243 3227 301 CONSTANTINOP.

667 358 1069 415 ἐπισπάσασθαι
1096 358 1116 389 ⁷
1148 356 1336 437 χάριν,
1378 356 1651 428 σκόπησον
1694 358 1853 429 ήλίκη
1898 355 2231 427 κατηγορία,

667 453 726 503 τὸ
760 451 891 519 μηδὲ
936 449 1071 518 μετά
1098 440 1197 520 τὴν
1239 449 1488 520 βοήθειαν
1532 450 1733 520 ταύτην
1776 450 1978 503 ἐθέλειν
2022 447 2233 517 κερδαί-

665 561 796 607 νειν,
837 542 952 595 ἀλλ’
978 542 1054 605 ὡς
1081 544 1201 613 εἰκῆ
1236 544 1330 595 καὶ
1363 545 1539 614 μάτην
1577 544 1800 613 κείμενα
1828 540 1896 593 τὰ
1934 539 2235 609 γράμματα

666 635 949 704 περιορᾷν,
998 634 1092 687 καὶ
1146 634 1371 707 μείζονα
1418 632 1748 688 ἐπισπᾶσθαι
1779 632 1801 662 ⁸
1845 631 1945 701 τὴν
1991 631 2232 682 κόλασιν.

669 724 844 795 Ὅπερ
872 725 955 777 ἵνα
990 724 1065 797 μὴ
1099 726 1343 797 γένηται,
1376 724 1729 796 προσέχωμεν
1777 720 1914 789 μετά
1952 718 2236 789 ἀκριϐείας

669 819 777 877 τοῖς
812 817 1241 887 γεγραμμένοις,
1271 817 1361 870 καὶ
1395 814 1654 884 μάθωμεν
1691 809 1772 883 [3]
1796 809 1914 872 πῶς
1949 809 2047 879 μὲν
2078 810 2107 861 6
2136 826 2238 861 πα-

668 906 819 970 λαιὸς
858 907 1014 978 ἐδόθη
1057 908 1243 977 νόμος,
1275 902 1391 967 πῶς
1428 902 1483 955 δὲ
1522 904 1555 973 ή
1598 902 1773 972 Καινὴ
1807 900 2067 970 Διαθήκη.
2113 898 2238 962 Πῶς

669 993 763 1050 οὖν
789 999 817 1051 6
849 999 1009 1069 νόμος
1038 998 1238 1057 ἐκεῖνος
1266 992 1419 1063 ἐδόθη
1464 991 1606 1056 τότε,
1651 991 1746 1042 καλ¹
1790 988 1921 1041 πότε
1964 988 2058 1041 καὶ
2095 986 2237 1053 ποῦ;

672 1088 825 1141 Μετὰ
853 1088 943 1139 τὸν
969 1086 1074 1137 τῶν
1109 1082 1419 1151 Αἰγυπτίων
1456 1080 1692 1152 όλεθρον,
1740 1080 1832 1132 ἐπὶ
1872 1079 1972 1149 τῆς
2009 1079 2237 1149 ἐρήμου,

673 1181 730 1230 ἐν
760 1178 836 1247 τῷ
883 1176 999 1246 δρει
1043 1174 1194 1235 Σινά,
1234 1171 1440 1226 καπνοῦ
1485 1171 1577 1224 καὶ
1613 1170 1824 1241 πυρὸς⁹
1857 1170 2099 1232 ἀνιόντος
2132 1167 2240 1221 ἀπὸ

671 1270 765 1321 τοῦ
800 1268 977 1336 ὅρους,
1009 1265 1303 1332 σάλπιγγος
1331 1261 1585 1333 ἡχούσης,
1618 1261 1855 1333 βροντῶν
1900 1261 1996 1314 κα)⁸
2038 1261 2242 1330 ἀστρα-

674 1358 789 1410 πῶν
821 1357 1119 1426 γινομένων
1144 1356 1208 1420 ιο,
1242 1352 1337 1407 τοῦ
1366 1344 1643 1417 Μωῦσέως
1674 1354 1753 1416 είς
1785 1351 1947 1405 αὐτὸν
1987 1349 2241 1411 εἰσιόντος

672 1446 763 1497 Ιιίὸν
801 1444 1017 1512 γνόφον.
1063 1445 1151 1497 Ἐν
1192 1446 1258 1514 τῇ
1309 1445 1484 1514 Καινῇ
1534 1443 1591 1496 δέ
1634 1444 1732 1513 οὐχ
1777 1442 1980 1505 οὕτως·
2012 1441 2136 1495 οὐτε
2185 1440 2243 1491 ἐν

673 1539 888 1608 ἐρήμῳ,
917 1535 1039 1589 οὔτε
1070 1537 1127 1589 ἐν
1159 1537 1295 1606 δρει,
1325 1535 1449 1588 οὐτε
1488 1535 1623 1606 μετά
1651 1533 1860 1589 καπνοῦ
1890 1534 1985 1586 καὶ
2019 1532 2245 1593 σκότους

677 1630 769 1683 καὶ
793 1628 990 1698 γνόφου
1026 1627 1121 1680 καὶ
1155 1626 1379 1697 θυέλλης
1398 1643 1411 1656 ·
1442 1626 1555 1679 ἀλλ’
1578 1625 1887 1696 ἀρχομένης
1915 1623 2150 1694 ἡμέρας,
2186 1624 2244 1673 ἐν

677 1720 858 1792 οἰκίᾳ,
916 1718 1131 1772 πάντων
1189 1716 1638 1787 συγκαθημένων,
1688 1715 1827 1785 μετά
1882 1713 2084 1781 πολλῆς
2144 1713 2243 1781 τῆς

680 1811 1013 1883 ἡμερότητος
1056 1808 1231 1860 πάντα
1274 1807 1499 1876 ἐγίνετο.
1540 1807 1664 1867 Τοῖς
1710 1804 1807 1874 μὲν
1842 1805 1949 1872 γάρ
1978 1801 2244 1869 ἀλογωτέο

682 1918 796 1971 ροις
836 1901 928 1951 καὶ
963 1898 1232 1966 δυσηνίοις
1274 1895 1589 1966 σωματικῆς
1632 1894 1737 1947 ἔδει
1785 1892 2103 1961 φαντασίας,
2133 1885 2245 1943 οἷον

682 1992 936 2062 ἐρημίας,
985 1990 1163 2060 ὅρους,
1210 1988 1440 2050 καπνοῦ,
1485 1987 1780 2054 σάλπιγγος
1807 1985 1965 2055 ήχῆς,
2014 1981 2245 2035 καὶτῶν

682 2080 853 2135 ἄλλων
881 2079 987 2132 τῶν
1018 2079 1299 2133 τοιούτων·
1330 2080 1443 2141 τοῖς
1471 2076 1529 2130 δὲ
1559 2074 1906 2145 ὑψηλοτέροις
1945 2074 2038 2126 καὶ
2080 2089 2246 2125 κατα-

683 2171 892 2224 πειθέσι
926 2171 1017 2223 καὶ
1061 2171 1159 2240 τὴν
1191 2170 1297 2221 τῶν
1346 2169 1612 2237 σωμάτων
1657 2166 1864 2218 ἔννοιαν
1909 2162 2244 2234 ὐπεραναϐεο

684 2263 927 2332 ϐηκόσιν,
957 2261 1167 2324 οὐδενὸς
1194 2257 1259 2331 ἦν
1293 2261 1492 2313 τούτων
1521 2258 1696 2328 χρεία.
1732 2258 1792 2309 Εἰ
1817 2256 1878 2307 δὲ
1913 2255 2007 2308 καὶ
2039 2256 2125 2306 ἐπ’
2153 2254 2246 2306 αὐ-

683 2355 789 2407 τῶν
819 2350 950 2425 ἦχος
980 2355 1211 2421 ἐγένετο,
1237 2353 1296 2403 οὐ
1328 2352 1415 2403 διὰ
1444 2352 1568 2411 τοῦς
1618 2344 1965 2408 ἀποστόλους,
1998 2344 2132 2398 ἀλλά
2159 2344 2248 2397 διά

685 2447 810 2508 τοὺς
851 2446 1120 2515 παρόντας
1153 2442 1462 2503 Ἰουδαίους,
1512 2441 1578 2492 δι’
1607 2438 1699 2501 οὓς
1730 2439 1822 2490 καὶ
1853 2439 1907 2490 αἰ
1936 2436 2028 2488 τοῦ
2082 2436 2248 2499 πυρὸς

682 2534 940 2604 ὤφθησαν
979 2532 1237 2600 γλῶσσαι.
1282 2530 1343 2580 Εἰ
1386 2527 1494 2597 γὰρ
1535 2527 1628 2579 καὶ
1661 2525 1797 2595 μετὰ
1842 2522 1998 2576 τοῦτο
2049 2523 2255 2592 ἔλεγον.

682 2627 762 2678 ὅτι
792 2623 1059 2685 Γλεύκους
1103 2617 1511 2691 μεμεστωμένοι
1543 2617 1678 2677 εἰσὶ,
1728 2614 1906 2683 πολλῷ
1954 2614 2172 2683 μᾶλλον,
2209 2615 2258 2666 εί

688 2714 850 2784 μηδὲν
883 2712 1087 2766 τούτων
1140 2706 1296 2771 εἶδον,
1345 2709 1515 2763 ταῦτα
1548 2710 1612 2762 ἂν
1662 2704 1832 2761 εἷπον.
1872 2708 1981 2759 Καὶ
2018 2708 2112 2761 ἐπὶ
2163 2708 2258 2776 μὲν

682 2807 779 2874 τῆς
832 2803 1108 2865 Παλαιᾶς,
1156 2800 1433 2863 Μωῦσέως
1483 2799 1811 2862 ἀναϐάντος,
1853 2797 2023 2861 οὕτως
2057 2798 2084 2849 6
2127 2798 2258 2861 Θεὸς

683 2895 917 2966 κατέϐη’
948 2893 1176 2947 ἐνταῦθα
1212 2892 1270 2945 δὲ
1311 2892 1412 2958 τῆς
1445 2892 1661 2960 φύσεως
1706 2891 1805 2958 τῆς
1855 2889 2129 2959 ἡμετέρας
2176 2890 2255 2943 εἰς

682 2986 772 3038 τὸν
798 2984 1042 3053 οὐρανὸν,
1078 2982 1275 3051 μᾶλλον
1304 2982 1360 3034 δέ
1392 2982 1472 3042 εἰς
1510 2980 1600 3032 τὸν
1631 2979 1819 3048 θρόνον
1857 2978 1946 3030 τὸν
1979 2977 2256 3046 βασιλικὸν

682 3077 1091 3147 ἀνενεχθείσης,
1132 3075 1273 3128 οῦτω
1310 3075 1370 3127 τὸ
1408 3073 1630 3142 Πνεῦμα
1676 3074 1938 3127 κάτεισιν.
1992 3075 2052 3124 Εἰ
2090 3073 2146 3125 δέ
2192 3073 2257 3125 τὸ

683 3166 910 3237 Πνεῦμα
952 3167 1192 3228 ἔλαττον,
1229 3165 1327 3219 οὒκ
1365 3164 1430 3218 ἂν
1470 3163 1689 3234 μείζονα
1727 3160 1795 3234 ἦν
1827 3164 1896 3217 τὰ
1924 3163 2187 3233 γενόμενα
2211 3164 2252 3195 ¹¹

682 3259 777 3311 καὶ
802 3258 1234 3328 θαυμαστότερα.
1276 3257 1383 3309 Καὶ
1417 3254 1522 3326 γὰρ
1556 3256 1609 3308 αἰ
1638 3255 1841 3317 πλάκες
1883 3250 2040 3309 αὗται
2079 3252 2256 3323 πολλῷ

685 3348 925 3419 βελτίους
952 3350 1017 3410 ¹¹,
1064 3349 1156 3401 καὶ
1201 3348 1269 3399 τά
1318 3345 1713 3416 κατορθώματα
1748 3345 2123 3417 λαμπρότερα.
2175 3343 2253 3400 Οὐ

682 3442 790 3512 γὰρ
817 3441 877 3504 ἐξ
906 3441 1065 3511 ὅρους
1102 3439 1370 3510 κατῄεσαν
1402 3437 1601 3507 στήλας
1634 3435 1891 3507 φέροντες
1921 3434 2127 3499 λιθίνας
2164 3435 2256 3488 ἐπὶ

683 3532 793 3586 τῶν
830 3531 1027 3602 χειρῶν
1065 3531 1114 3584 οί
1154 3528 1467 3592 ἀπόστολοι,
1502 3527 1752 3594 καθάπερ
1804 3527 2079 3596 Μωῦσῆς·
2122 3524 2258 3579 ἀλλά

682 3622 743 3675 τὸ
776 3620 996 3691 Πνεῦμα
1023 3621 1079 3672 ἐν
1116 3622 1181 3689 τῇ
1227 3618 1433 3689 διανοίᾳ
1480 3616 1887 3688 περιφέροντες,
1918 3617 2012 3669 καὶ
2045 3616 2249 3686 θησαυ-

685 3714 775 3783 ρόν
819 3728 939 3764 τινα
968 3711 1060 3763 καὶ
1091 3708 1269 3778 πηγὴν
1302 3708 1586 3776 δογμάτων
1627 3706 1721 3759 καὶ
1768 3707 2124 3778 χαρισμάτων
2155 3707 2249 3760 καί

683 3801 900 3854 πάντων
942 3798 1049 3851 τῶν
1084 3796 1300 3865 ἀγαθῶν
1338 3795 1759 3862 ἀναϐλύζοντες,
1795 3796 1938 3850 οὕτω
1981 3797 2255 3867 πανταχοῦ

683 3889 1002 3961 περιῄεσαν,
1051 3888 1229 3959 βιϐλία
1277 3888 1371 3940 καὶ
1403 3886 1556 3957 νόμοι
1603 3886 1875 3956 γινόμενοι
1909 3885 1998 3940 διά
2044 3886 2145 3956 τῆς
2178 3884 2255 3957 [ό]

682 3982 902 4053 χάριτος
934 3979 1185 4051 ἐμψυχοι.
1213 3978 1371 4031 Οῦτω
1408 3977 1534 4041 τοὺς
1566 3977 1914 4048 τρισχιλίους,
1949 3976 2091 4030 οῦτω
2133 3979 2258 4041 τούς

682 4071 1171 4142 πεντακισχιλίους,
1197 4070 1338 4123 οὐτω
1369 4069 1496 4131 τοὺς
1529 4069 1629 4138 τῆς
1661 4067 1985 4138 οἰκουμένης
2017 4069 2259 4122 ἐπεσπά-

682 4180 845 4219 σαντο
878 4163 1112 4233 δήμους,
1145 4160 1240 4214 τοῦ
1273 4158 1408 4214 Θεοῦ
1454 4159 1542 4213 διὰ
1590 4160 1688 4231 τῆς
1737 4159 1960 4213 ἐκείνων
2014 4158 2259 4229 γλώττης

681 4256 794 4318 τοῖς
833 4251 1148 4323 προσιοῦσιν
1192 4249 1363 4303 ἅπασι
1406 4250 1809 4320 διαλεγομένου.
1850 4250 1968 4319 Ἀφ’
2000 4244 2063 4304 οῦ
2106 4250 2199 4303 καὶ
2231 4251 2260 4301 6

683 4342 957 4405 Ματθαϊος
997 4340 1092 4393 τοῦ
1124 4339 1441 4408 Πνεύματος
1472 4339 1805 4408 ἐμπλησθεὶς
1837 4338 2076 4409 ἔγραψεν
2110 4338 2256 4408 άπερ

682 4431 923 4500 ἔγραψε·
970 4428 1245 4491 Ματθαίος
1281 4430 1309 4480 ό
1348 4426 1615 4498 τελώνηςσ
1652 4429 1712 4480 οὐ
1769 4428 1879 4499 γὰρ
1932 4428 2261 4500 αἰσχύνομαι

685 4522 863 4576 καλῶν
890 4523 1050 4576 αὐτὸν
1077 4522 1186 4576 ἀπὸ
1211 4521 1308 4591 τῆς
1342 4518 1555 4588 τέχνης,
1583 4517 1707 4571 οὐτε
1735 4517 1943 4582 τοῦτον,
1970 4517 2095 4573 οὐτε
2134 4522 2260 4585 τούς

683 4613 898 4675 ἄλλους.
941 4610 1109 4666 Τοῦτο
1160 4614 1269 4682 γὰρ
1326 4610 1559 4682 μάλιστα
1605 4610 1843 4664 δείκνυσι
1886 4610 1979 4664 καὶ
2021 4610 2120 4683 τὴν
2162 4611 2258 4665 τοῦ

685 4703 1000 4775 Πνεύματος
1027 4705 1205 4774 χάριν,
1239 4703 1332 4756 καὶ
1362 4702 1461 4772 τὴν
1500 4701 1722 4755 ἐκείνων
1759 4700 1983 4772 ἀρετήν.

757 4794 824 4864 β’.
850 4794 1177 4861 Εὐαγγέλιον
1201 4794 1257 4846 δὲ
1279 4793 1441 4847 αὐτοῦ
1480 4793 1578 4862 τὴν
1616 4792 1998 4865 πραγματείαν
2038 4793 2259 4855 είκότως

683 4885 928 4939 ἐκάλεσε.
958 4885 1067 4938 Καὶ
1094 4884 1201 4954 γὰρ
1228 4884 1502 4946 κολάσεως
1538 4882 1840 4953 ἀναίρεσιν,
1874 4884 1972 4938 καὶ
2008 4885 2259 4955 ἁμαρτη-

688 4976 870 5045 μάτων
904 4974 1076 5038 λύσιν,
1116 4975 1209 5027 καὶ
1254 4973 1618 5054 δικαιοσύνην,
1667 4975 1763 5028 καὶ
1823 4974 2115 5045 ἀγιασμὸν,
2165 4974 2260 5027 καὶ

683 5061 1080 5131 ἀπολύτρωσιν,
1134 5057 1227 5111 καὶ
1270 5058 1556 5121 υἱοθεσίαν,
1608 5062 1703 5113 καὶ
1746 5059 2106 5128 κληρονομίαν
2153 5054 2264 5111 τῶν

683 5153 950 5220 οὐρανῶν,
994 5152 1096 5206 «καὶ
1138 5150 1456 5220 συγγένειαν
1492 5150 1628 5221 πρὸς
1675 5149 1768 5202 τὸν
1799 5148 1927 5205 Υίὸν
1961 5146 2053 5200 τοῦ
2101 5144 2259 5207 Θεοῦ,

687 5248 854 5301 πᾶσιν
898 5240 1059 5315 ἦλθεν
1100 5242 1490 5311 ἀπαγγέλλωνο
1525 5244 1636 5305 τοῖς
1677 5241 1911 5311 ἐχθροῖς,
1943 5240 2055 5302 τοῖς
2087 5238 2256 5306 ἀγνώ-

693 5353 856 5409 μοσι,
898 5338 1010 5399 τοῖς
1046 5336 1106 5389 ἐν
1152 5334 1328 5402 σκότῳ
1380 5332 1726 5402 καθημένοις.
1772 5330 1837 5382 Τί
1869 5331 1990 5382 ποτ’
2031 5323 2125 5382 οῦν
2157 5328 2264 5381 τᾶν

691 5426 1027 5497 εὐαγγελίων
1069 5423 1275 5478 τούτων
1314 5418 1431 5475 ἴσον
1457 5420 1654 5489 γένοιτ’
1681 5418 1779 5483 ἀν;
1818 5417 1951 5481 Θεὸς
1994 5418 2088 5472 ἐπὶ
2129 5418 2261 5488 γῆς,

693 5516 979 5585 ἄνθρωπος
1015 5514 1077 5567 ἐν
1119 5508 1365 5580 οὐρανῷο
1406 5507 1501 5561 καὶ
1552 5507 1730 5561 πάντα
1785 5507 1990 5576 ἀναμὶξ
2027 5506 2264 5577 ἐγένετο,

755 5723 776 5755 ⁷
809 5719 1267 5792 ἐπισπάσασθαι]
1295 5718 1621 5789 ἐφέλκεσθαι
1652 5723 1715 5774 Ε.
1796 5714 1818 5746 ⁸
1843 5715 2249 5777 ἐπισπάσασθαι

755 5796 930 5848 μένων
962 5792 1103 5847 Edd.
1190 5792 1235 5823 “
1261 5789 1521 5848 γινόμενα
1558 5792 1621 5843 Α.
1644 5789 1708 5845 C.
1798 5788 1842 5820 ¹’
1874 5786 2113 5848 βελτίους
2142 5790 2160 5848 Ῑ
2208 5738 2312 5848 At}:

688 5796 930 5865 νομένων
1190 5786 1521 5919 ¹¹”γινόὲι;να
1558 5792 1621 5843 Α.
1798 5788 1842 5820 ¹’
1873 5786 2113 5857 βελτίους
2141 5790 2161 5863 ]
2208 5792 2249 5847 Α

688 5863 750 5918 Δ.
782 5862 845 5917 E.
932 5862 974 5893 “
1016 5864 1104 5917 bne
1136 5859 1266 5919 Slep
1290 5877 1327 5913 ι.
1444 5876 1495 5915 v.
1532 5860 1750 5916 codices
1780 5857 2125 5919 φθέγγονται.
2207 5864 2249 5896 ⁸⁸

683 5857 845 5918 Δ.Ἐ.
932 5862 974 5893 ¹⁶
1016 5861 1104 5917 Sic
1136 5857 1327 5933 Steph.
1369 5857 1495 5919 Sav.
1532 5860 1750 5916 codices
1780 5857 2125 5932 φθέγγονται.

2316 5739 2363 5777 ι’.
2395 5722 2458 5779 D.
2492 5792 2495 5793 ν
2536 5724 2558 5756 ⁹
2582 5723 2678 5777 καὶ
2710 5722 2801 5778 τοῦ
2826 5723 3037 5778 καπνοῦ
3065 5722 3282 5793 καὶτοῦ
3321 5722 3459 5793 πυρό

2335 5835 2347 5847 .
2384 5792 2609 5866 ἐκείνων
2629 5794 2692 5866 D.
2769 5794 2814 5825 "
2842 5793 3134 5866 λελυμένον
3166 5792 3188 5864 1
3221 5792 3313 5866 _Sic
3340 5793 3623 5866 AHLAlfm.
3646 5793 3854 5866 656mb.

2207 5864 2250 5896 “
2271 5864 2327 5919 δέ
2354 5878 2463 5919 om.
2488 5864 2554 5919 Δ.
2632 5865 2675 5897 ⁸⁸
2709 5862 3048 5936 κεφαλαίοις]
3083 5862 3312 5936 καιρίοις
3333 5864 3396 5918 Α.
3426 5862 3592 5919 Ευιιι.

2359 348 2577 417 ἄγγελοι
2615 348 2966 419 συνεχόρευον
2998 351 3326 421 ἀνθρώποις,
3359 355 3635 428 ἄνθρωποι
3680 364 3788 426 τοῖς
3830 367 3854 418 a'

2360 439 2535 502 γέλοις
2577 439 2913 507 ἐκοινώνουν,
2943 441 3035 494 καὶ
3065 445 3183 506 ταῖς
3229 444 3417 509 ἄλλαις
3459 449 3580 513 τοῖς
3626 451 3735 505 ἀνω
3771 453 3854 508 δυν

2361 546 2514 600 μεσιο
2547 532 2639 583 καὶ
2665 527 2734 601 ἦν
2765 532 2896 587 ἰδεῖν
2925 534 3016 587 τὸν
3047 535 3258 606 χρόνιον
3288 537 3514 593 λυθέντι
3552 542 3803 614 πόλεμον,
3831 564 3854 601 κ

2358 622 2704 690 καταλλαγὰς
2747 622 2880 676 Θεοῦ
2922 627 3057 696 πρὸς
3101 625 3201 697 τὴν
3235 628 3513 700 ἡμετέραν
3558 637 3854 705 γεγενημέν

2359 711 2540 781 φύσιν,
2568 712 2811 767 διάϐολον
2844 714 3250 787 αἰσχυνόμενον,
3280 718 3541 791 δαίμονας
3572 724 3854 793 δραπετεύι

2356 819 2475 866 τας,
2507 801 2734 857 θάνατον
2774 803 3062 875 λελυμένον
3088 806 3152 873 ¹³,
3188 808 3512 878 παράδεισον
3557 812 3854 882 άνοιγόμενι

2358 894 2604 964 κατάραν
2642 895 3037 967 ήφανισμένην,
3087 897 3361 969 ἁμαρτίαν
3405 900 3650 956 ἐκποδὼν
3694 919 3853 972 γεγεν

2363 984 2552 1055 μένην,
2598 985 2807 1055 πλάνην
2844 986 3281 1058 ἀπεληλαμένην,
3327 990 3580 1062 ἀλήθειαν
3608 994 3854 1049 ἐπανελθι

2362 1094 2482 1142 σαν,
2525 1080 2624 1148 τῆς
2656 1078 2935 1141 εὐσεϐείας
2965 1078 3056 1131 τὸν
3104 1079 3260 1147 λόγον
3306 1084 3577 1153 πανταχοῦ
3635 1103 3854 1140 κατασπλ

2364 1168 2587 1239 ρόμενον
2626 1169 2719 1220 καὶ
2763 1168 3040 1238 κομῶντα,
3085 1170 3180 1239 τὴν
3210 1170 3316 1224 τῶν
3350 1173 3462 1226 ἀνω
3510 1174 3781 1228 πολιτείαν
3838 1178 3854 1228 ἔ

2359 1258 2456 1328 τῆς
2490 1259 2592 1328 γῆς
2637 1259 3072 1329 πεφυτευμένην,
3119 1261 3258 1330 μετά
3302 1263 3484 1327 ἀδείας
3534 1266 3631 1329 τὰς
3680 1266 3853 1337 δυνάμ

2360 1348 2572 1411 ἐκείνας
2595 1349 2887 1417 όμιλούσας
2913 1352 3064 1419 ἡμῖν,
3094 1351 3188 1403 καὶ
3214 1355 3280 1423 τῇ
3306 1356 3374 1422 γῇ
3402 1355 3641 1425 συνεχῶς
3668 1358 3854 1425 ἀγγέλι

2362 1439 2859 1512 ἐπιχωριάζοντας,
2903 1442 2999 1493 καὶ
3056 1443 3256 1513 πολλὴν
3297 1445 3438 1516 ὑπὲρ
3480 1446 3588 1497 τῶν
3636 1447 3852 1517 μελλόντ

2360 1532 2459 1603 τήν
2496 1530 2685 1584 ἐλπίδα
2733 1526 2919 1585 οὖσαν.
2962 1532 3061 1584 Διά
3090 1532 3245 1586 τοῦτο
3276 1535 3607 1603 Εὐαγγέλιον
3643 1538 3740 1608 τήν
3789 1540 3854 1591 ἰσ·

2362 1624 2484 1695 ρίαν
2517 1622 2795 1685 ἐκάλεσεν,
2827 1621 2902 1686 ὡς
2940 1624 3009 1677 τά
3041 1640 3103 1690 γε
3137 1623 3270 1678 ἄλλα
3306 1626 3482 1679 πάντα
3518 1629 3735 1698 ῥήματα
3775 1632 3854 1701 μό*

2362 1715 2477 1768 ἐστὶ
2515 1714 2854 1784 πραγμάτων
2890 1714 3091 1785 ἔρημα,
3134 1716 3243 1771 οἷον
3272 1721 3569 1790 χρημάτων
3719 1738 3854 1792 περιι

2364 1809 2485 1870 σία,
2534 1805 2850 1868 δυναστείας
2888 1807 3135 1875 μέγεθος,
3181 1812 3275 1862 καὶ
3313 1812 3605 1881 ἀρχαὶκαὶ
3650 1814 3797 1879 δόξαι
3842 1832 3854 1867 ι

2361 1901 2547 1969 τιμαὶ,
2594 1900 2687 1952 καὶ
2738 1902 2805 1954 τά
2865 1900 2998 1955 ἄλλα
3039 1901 3142 1954 ὅσα
3192 1903 3342 1972 παρά
3391 1902 3700 1973 ἀνθρώποις
3758 1908 3854 1973 ἀγο

2365 1988 2502 2045 εἶναι
2545 1992 2842 2064 νομίζεται.
2883 1994 2964 2046 Τὰ
3013 1992 3071 2046 δὲ
3106 1993 3254 2063 παρά
3297 1992 3406 2045 τῶν
3434 1993 3628 2047 ἀλιέων
3658 1996 3854 2062 ἀπαγγι

2365 2085 2524 2138 θέντα
2551 2084 2785 2155 γνησίως
2810 2103 2869 2139 τε
2900 2085 2994 2139 καί
3024 2084 3228 2155 κυρίως
3251 2083 3543 2151 εὐαγγέλια
3569 2082 3634 2135 ἂν
3659 2083 3854 2136 καλοίν·

2364 2176 2463 2229 οὐκ
2502 2176 2688 2248 ἐπειδὴ
2722 2175 2913 2247 βέϐαια
2948 2176 3042 2228 καὶ
3090 2175 3324 2244 ἀκίνητα
3361 2174 3518 2244 μόνον
3557 2174 3705 2227 ἐστὶν
3736 2174 3854 2241 ἀγαι

2365 2268 2459 2320 καὶ
2485 2267 2624 2338 ὑπὲρ
2659 2267 2757 2334 τὴν
2786 2267 2941 2334 ἀξίαν
2980 2267 3078 2336 τὴν
3108 2265 3401 2336 ἡμετέραν,
3433 2264 3546 2317 ἀλλ’
3583 2265 3663 2317 ὅτι
3695 2266 3786 2317 καὶ
3821 2282 3854 2334 μ

2366 2357 2611 2420 εὐκολίας
2645 2358 2861 2429 ἀπάσης
2907 2360 3040 2429 ἡμῖν
3078 2356 3256 2427 ἐδόθη.
3293 2355 3426 2408 Οὐδὲ
3456 2355 3562 2425 γάρ
3601 2356 3854 2426 πονήσαν·

2366 2451 2461 2503 καὶ
2501 2449 2846 2520 ἱδρώσαντες,
2874 2451 2935 2504 οὐ
2970 2449 3235 2519 καμόντες
3264 2448 3357 2500 καὶ
3398 2446 3854 2517 ταλαιπωρηθέντι

2367 2542 2481 2597 ἀλλ’
2526 2542 2901 2613 ἀγαπηθέντες
2944 2540 3099 2613 παρά
3140 2538 3235 2592 τοῦ
3270 2536 3406 2592 Θεοῦ
3448 2537 3630 2607 μόνον,
3675 2538 3853 2608 ἐλάϐοι

2368 2634 2510 2706 ἅπερ
2539 2634 2826 2705 ἐλάϐομεν.
2871 2634 2981 2687 Καὶ
3013 2634 3065 2686 τί
3105 2633 3303 2702 δήποτε
3331 2630 3598 2684 τοσούτων
3636 2628 3802 2683 ὅντων
3832 2648 3854 2681 τ

2377 2720 2649 2788 μαθητῶν,
2696 2717 2789 2771 δύο
2819 2718 3121 2785 γράφουσιν
3166 2715 3229 2766 ἐκ
3264 2713 3371 2768 τῶν
3414 2711 3726 2768 ἀποστόλων
3759 2712 3854 2780 μόν

2374 2809 2580 2864 καὶδύο
2607 2811 2671 2863 ἐκ
2702 2808 2809 2861 τῶν
2830 2807 3037 2871 τούτοις
3065 2805 3407 2870 ἀκολούθιυν;
3448 2806 3506 2857 Ὀ
3538 2804 3633 2874 μὲν
3663 2803 3771 2874 γάρ
3797 2804 3854 2855 Πι

2373 2902 2488 2965 λου,
2530 2903 2559 2954 6
2595 2901 2650 2954 δέ
2685 2902 2891 2971 Πέτρου
2938 2899 3185 2970 μαθητὴς
3231 2896 3327 2963 ὣν,
3377 2896 3513 2966 μετὰ.
3550 2883 3791 2948 Ἰωάννου
3850 2912 3854 2943 τ

2374 2991 2656 3045 Ματθαίου
2687 2991 2756 3044 τά
2802 2989 3108 3057 Εὐαγγέλια
3152 2986 3413 3057 ἔγραψαν.
3444 2984 3565 3035 Ὅτι
3608 2982 3759 3033 οὐδὲν
3806 2998 3846 3031 π

2374 3081 2682 3149 φιλοτιμίαν
2732 3079 2967 3139 ἐποίουν,
3015 3076 3149 3129 ἀλλά
3204 3075 3381 3128 πάντα
3435 3072 3571 3143 πρὸς
3619 3070 3824 3141 χρείαν.

2372 3166 2504 3234 οῦνς
2557 3171 2671 3221 Οὐκ
2725 3169 2883 3240 ήρκει
2939 3163 3019 3230 εἷς
3067 3162 3449 3235 εὐαγγελιστής
3508 3163 3682 3217 πάντα
3736 3162 3854 3213 εἰπε

2378 3264 2575 3332 ’Ἤρκει
2608 3261 2733 3332 μέν’
2770 3260 2907 3314 ἁλλά
2939 3261 3042 3313 κᾶν
3075 3258 3334 3329 τέσσαρες
3372 3249 3505 3308 ῶσιν
3542 3256 3590 3307 οἰ
3621 3246 3854 3325 γράφοθτ

2379 3354 2517 3424 μήτε
2545 3351 2687 3406 κατά
2713 3352 2838 3414 τούς
2867 3350 3061 3412 αὐτοὺς
3087 3347 3332 3418 καιροὺς,
3366 3346 3501 3416 μήτε
3534 3346 3590 3397 ἐν
3620 3346 3730 3405 τοῖς
3762 3344 3854 3395 αὐτ

2375 3444 2578 3507 τόποις,
2612 3444 2748 3514 μήτε
2779 3440 3119 3502 συνελθόντες
3144 3438 3238 3491 καὶ
3266 3434 3633 3506 διαλεχθέντες
3673 3433 3854 3500 ἀλλήῆ

2376 3529 2493 3587 εἶτα
2520 3533 2707 3602 ὥσπερ
2735 3533 2829 3600 ἀφ’
2861 3531 2976 3594 ἐνὸς
3005 3531 3269 3599 στόματος
3297 3526 3472 3579 πάντα
3505 3523 3849 3592 φθέγγωνται

2378 3625 2606 3696 μεγίστη
2643 3625 2741 3695 τῆς
2769 3622 3023 3694 ἀληθείας
3049 3619 3318 3685 ἀπόδειξις
3350 3616 3506 3670 τοῦτο
3541 3617 3766 3683 γίνεται.

2449 3718 2557 3772 Καὶ
2589 3718 2694 3788 μὴν
2725 3713 3032 3769 τούναντίον
3059 3711 3277 3781 συνέϐη,
3322 3708 3486 3779 φησί’
3520 3705 3786 3777 πολλαχοῦ
3839 3724 3854 3775 τ

2375 3807 2764 3877 διαφωνοῦντες
2807 3805 3138 3873 ἐλέγχονται.
3184 3800 3323 3853 Αὐτὸ
3374 3799 3471 3869 μὲν
3519 3792 3612 3851 οῦν
3658 3797 3818 3851 τοῦτο

2377 3916 2561 3969 γιστον
2592 3898 2790 3967 δεῖγμα
2839 3896 2939 3964 τῆς
2989 3892 3245 3963 ἀληθείας
3293 3890 3460 3944 ἐστίν.
3512 3890 3574 3942 Εἰ
3624 3888 3734 3958 γὰρ
3774 3890 3850 3942 πά

2382 3987 2764 4057 συνεφώνησαν
2800 3986 2935 4057 μετά
2963 3983 3269 4058 ἀκριϐείας,
3297 3981 3389 4035 καί
3421 3982 3581 4052 μέχρι
3609 3980 3826 4050 καιροῦ,

2382 4081 2544 4152 μέχρι
2576 4080 2761 4139 τόπου,
2790 4078 2884 4130 καὶ
2918 4077 3078 4148 μέχρι
3122 4074 3381 4145 ῥημάτων
3420 4070 3622 4135 αὐτῶν,
3667 4070 3842 4133 οὐδεὶς

2378 4173 2665 4227 ἐπίστευσε
2696 4170 2804 4223 τῶν
2838 4168 3069 4241 ἐχθρῶν,
3095 4167 3177 4220 ὅτι
3212 4164 3285 4236 μὴ
3321 4163 3661 4225 συνελθόντες
3690 4161 3799 4214 ἀπὸ
3833 4178 3854 4212 ο

2380 4264 2552 4334 θήκης
2577 4261 2719 4323 τινὸς
2747 4258 3091 4328 ἀνθρωπίνης
3132 4254 3376 4325 ἔγραψαν
3404 4251 3547 4322 άπερ
3578 4249 3854 4319 ἔγραψαν·

2378 4354 2488 4425 γάρ
2527 4348 2665 4405 εἶναι
2697 4350 2795 4419 τῆς
2826 4346 3123 4414 ἁπλότητος
3151 4342 3249 4411 τὴν
3292 4340 3557 4410 τοσαύτην
3608 4342 3854 4410 συμφωνί

2379 4446 2515 4498 Νυνὶ
2560 4444 2617 4498 δὲ
2654 4442 2746 4495 καὶ
2788 4441 2821 4509 ή
2859 4435 3087 4489 δοκοῦσα
3134 4433 3192 4485 ἐν
3244 4432 3457 4501 μικροῖς
3502 4426 3643 4483 εἶναι
3687 4429 3854 4498 διαφιι

2380 4538 2559 4605 πάσης
2612 4529 2940 4587 ἀπαλλάττει
2979 4523 3173 4586 αὐτοὺς
3217 4520 3484 4590 ὑποψίας,
3532 4521 3624 4573 καὶ
3684 4520 3854 4594 λαμπι

2379 4628 2520 4699 ὑπὲρ
2556 4625 2649 4679 τοῦ
2680 4622 2880 4692 τρόπου
2902 4617 3011 4671 τῶν
3036 4614 3363 4686 γραψάντων
3400 4612 3769 4678 ἀπολογεῖται.
3802 4612 3843 4664 Ε

2377 4738 2429 4772 τι
2459 4717 2586 4788 περὶ
2609 4711 2815 4783 καιρῶν
2844 4709 2877 4779 ἢ
2903 4707 3082 4761 τόπων
3111 4704 3381 4776 διαφόρως
3405 4702 3766 4775 ἀπήγγειλαν,
3794 4720 3854 4755 το

2377 4807 2526 4862 οὐδὲν
2561 4789 2786 4876 βλάπτει
2813 4801 2922 4855 τῶν
2948 4797 3251 4870 εἰρημένων
3278 4795 3375 4865 τὴν
3419 4793 3695 4865 ἀλήθειαν.
3725 4790 3808 4863 [6]
3847 4794 3854 4846 I

2377 4898 2549 4952 ταῦτα
2591 4896 2647 4949 δὲ
2674 4895 2738 4958 ¹⁸,
2780 4892 2855 4956 ὼς
2902 4893 2968 4945 ἂν
3007 4893 3035 4944 6
3087 4888 3219 4953 Θεὸς
3274 4887 3524 4961 παρέχῃ,
3576 4888 3854 4959 πειρασόμ

2379 4988 2655 5059 προϊόντες
2707 4984 3020 5051 ἀποδεῖξαι,
3072 4984 3248 5036 ἐκεῖνο
3301 4980 3439 5052 μετά
3488 4979 3595 5033 τῶν
3647 4978 3854 5049 εἰρημέο

2377 5077 2653 5145 ἀξιοῦντες
2682 5076 2825 5148 ὑμᾶς
2855 5075 3212 5146 παρατηρεῖν,
3243 5072 3325 5125 ὅτι
3353 5072 3410 5124 ἐν
3436 5071 3545 5133 τοῖς
3573 5068 3854 5138 κεφαλαίοι

2381 5168 2476 5222 καὶ
2508 5167 2815 5237 συνέχουσιν
2848 5164 3004 5236 ἡμῶν
3027 5165 3125 5235 τὴν
3156 5161 3299 5233 ζωὴν
3330 5162 3421 5215 καὶ
3445 5160 3505 5213 τὸ
3534 5159 3796 5231 κήρυγμα
3826 5177 3854 5212 σ

2382 5255 2685 5329 κροτοῦσιν,
2713 5255 2950 5326 οὐδαμοῦ
2981 5273 3064 5321 τις
3109 5253 3290 5309 αὐτῶν
3335 5251 3456 5306 οὐδὲ
3505 5250 3701 5322 μικρὸν
3748 5250 3854 5304 διας

2378 5352 2547 5417 νήσας
2578 5348 2908 5418 εὑρίσκεται.
2936 5347 3071 5401 Τίνα
3094 5346 3151 5400 δὲ
3190 5330 3365 5399 ταῦτά
3409 5344 3591 5407 ἐστιν;
3624 5334 3771 5408 υἰον,
3808 5340 3854 5394 δι

2378 5439 2512 5504 Θεὸς
2552 5440 2835 5511 ἄνθρωπος
2866 5437 3105 5509 ἐγένετο,
3144 5436 3225 5490 ὅτι
3266 5433 3520 5504 θαύματα
3563 5431 3840 5503 ἐποίησεν,

2382 5530 2721 5604 ἐσταυρώθη,
2751 5533 2834 5586 ὅτι
2867 5530 3061 5602 ἐτάφη,
3090 5528 3173 5583 δτι
3206 5525 3427 5597 ἀνέστη,
3461 5526 3545 5580 ὅτι
3587 5524 3839 5596 ἀνῆλθεν,

3462 5723 3682 5786 ςϐ.1).
3767 5722 3854 5792 "1
