  <div class='ocr_page' id='page_1' title='image "/cluster/home/n/w/nwhite01/storage/ocr_20150623/57/hvd.32044073501934/030.png"; bbox 0 0 4064 6214; ppageno 0'>
   <div class='ocr_carea' id='block_1_1' title="bbox 324 314 1867 385">
    <p class='ocr_par' dir='ltr' id='par_1_1' title="bbox 324 314 1867 385">
     <span class='ocr_line' id='line_1_1' title="bbox 324 314 1867 385; baseline 0.006 -14"><span class='ocrx_word' id='word_1_1' title='bbox 324 315 393 372; x_wconf 68' lang='grc'><strong>13</strong></span> <span class='ocrx_word' id='word_1_2' title='bbox 654 378 673 385; x_wconf 85' lang='lat'><em>_</em></span> <span class='ocrx_word' id='word_1_3' title='bbox 1482 318 1553 377; x_wconf 84' lang='grc' dir='ltr'><strong>1Ν</strong></span> <span class='ocrx_word' id='word_1_4' title='bbox 1593 314 1867 380; x_wconf 67' lang='grc' dir='ltr'><strong>ΜΑΤἸἫᾸ</strong></span> 
     </span>
    </p>
   </div>
   <div class='ocr_carea' id='block_1_2' title="bbox 1972 314 3566 385">
    <p class='ocr_par' dir='ltr' id='par_1_2' title="bbox 1972 322 3566 385">
     <span class='ocr_line' id='line_1_2' title="bbox 1972 322 3566 385; baseline 0.004 -7"><span class='ocrx_word' id='word_1_5' title='bbox 1972 324 2009 378; x_wconf 69' lang='lat' dir='ltr'><strong>il</strong></span> <span class='ocrx_word' id='word_1_6' title='bbox 2077 323 2309 383; x_wconf 70' lang='lat' dir='ltr'><strong>IIOMIL.</strong></span> <span class='ocrx_word' id='word_1_7' title='bbox 2347 322 2391 380; x_wconf 81' lang='grc'><strong>1.</strong></span> <span class='ocrx_word' id='word_1_8' title='bbox 3500 329 3566 385; x_wconf 74' lang='grc'><strong>16</strong></span> 
     </span>
    </p>
   </div>
   <div class='ocr_carea' id='block_1_3' title="bbox 314 420 1889 499">
    <p class='ocr_par' dir='ltr' id='par_1_3' title="bbox 314 420 1889 499">
     <span class='ocr_line' id='line_1_3' title="bbox 314 420 1889 499; baseline 0.005 -21"><span class='ocrx_word' id='word_1_9' title='bbox 314 420 431 478; x_wconf 75' lang='lat' dir='ltr'><strong>bris</strong></span> <span class='ocrx_word' id='word_1_10' title='bbox 453 432 592 492; x_wconf 87' lang='lat' dir='ltr'><strong>opus</strong></span> <span class='ocrx_word' id='word_1_11' title='bbox 612 421 935 487; x_wconf 86' lang='lat' dir='ltr'><strong>habeamus;</strong></span> <span class='ocrx_word' id='word_1_12' title='bbox 972 438 1044 480; x_wconf 88' lang='lat' dir='ltr'><strong>ne</strong></span> <span class='ocrx_word' id='word_1_13' title='bbox 1068 422 1175 479; x_wconf 86' lang='lat' dir='ltr'><strong>hoc</strong></span> <span class='ocrx_word' id='word_1_14' title='bbox 1209 425 1448 483; x_wconf 85' lang='lat' dir='ltr'><strong>secundo</strong></span> <span class='ocrx_word' id='word_1_15' title='bbox 1474 426 1686 499; x_wconf 80' lang='lat' dir='ltr'><strong>quidem</strong></span> <span class='ocrx_word' id='word_1_16' title='bbox 1710 444 1889 487; x_wconf 85' lang='lat' dir='ltr'><strong>reme-</strong></span> 
     </span>
    </p>
   </div>
   <div class='ocr_carea' id='block_1_4' title="bbox 316 513 1887 589">
    <p class='ocr_par' dir='ltr' id='par_1_4' title="bbox 316 513 1887 589">
     <span class='ocr_line' id='line_1_4' title="bbox 316 513 1887 589; baseline 0.006 -21"><span class='ocrx_word' id='word_1_17' title='bbox 316 513 407 568; x_wconf 84' lang='lat' dir='ltr'><strong>dio</strong></span> <span class='ocrx_word' id='word_1_18' title='bbox 435 521 494 567; x_wconf 92' lang='lat' dir='ltr'><strong>ut</strong></span> <span class='ocrx_word' id='word_1_19' title='bbox 524 528 619 583; x_wconf 89' lang='lat' dir='ltr'><strong>par</strong></span> <span class='ocrx_word' id='word_1_20' title='bbox 644 522 785 569; x_wconf 89' lang='lat' dir='ltr'><strong>esset</strong></span> <span class='ocrx_word' id='word_1_21' title='bbox 804 523 1033 569; x_wconf 78' lang='lat' dir='ltr'><strong>utamur.</strong></span> <span class='ocrx_word' id='word_1_22' title='bbox 1063 514 1194 571; x_wconf 86' lang='lat' dir='ltr'><strong>Nam</strong></span> <span class='ocrx_word' id='word_1_23' title='bbox 1221 518 1265 572; x_wconf 89' lang='lat' dir='ltr'><strong>si</strong></span> <span class='ocrx_word' id='word_1_24' title='bbox 1291 534 1395 573; x_wconf 91' lang='lat' dir='ltr'><strong>non</strong></span> <span class='ocrx_word' id='word_1_25' title='bbox 1417 519 1570 589; x_wconf 79' lang='lat' dir='ltr'><strong>culpa</strong></span> <span class='ocrx_word' id='word_1_26' title='bbox 1596 531 1746 577; x_wconf 84' lang='lat' dir='ltr'><strong>vacat</strong></span> <span class='ocrx_word' id='word_1_27' title='bbox 1776 522 1887 577; x_wconf 83' lang='lat' dir='ltr'><strong>lite-</strong></span> 
     </span>
    </p>
   </div>
   <div class='ocr_carea' id='block_1_5' title="bbox 312 604 1891 680">
    <p class='ocr_par' dir='ltr' id='par_1_5' title="bbox 312 604 1891 680">
     <span class='ocr_line' id='line_1_5' title="bbox 312 604 1891 680; baseline 0.007 -23"><span class='ocrx_word' id='word_1_28' title='bbox 312 604 390 658; x_wconf 87' lang='lat' dir='ltr'><strong>ris</strong></span> <span class='ocrx_word' id='word_1_29' title='bbox 408 618 592 674; x_wconf 85' lang='lat' dir='ltr'><strong>egere,</strong></span> <span class='ocrx_word' id='word_1_30' title='bbox 623 618 718 659; x_wconf 90' lang='lat' dir='ltr'><strong>nec</strong></span> <span class='ocrx_word' id='word_1_31' title='bbox 745 619 838 674; x_wconf 92' lang='lat' dir='ltr'><strong>per</strong></span> <span class='ocrx_word' id='word_1_32' title='bbox 861 619 920 661; x_wconf 89' lang='lat' dir='ltr'><strong>se</strong></span> <span class='ocrx_word' id='word_1_33' title='bbox 946 606 1173 677; x_wconf 77' lang='lat' dir='ltr'><strong>Spiritus</strong></span> <span class='ocrx_word' id='word_1_34' title='bbox 1196 610 1422 679; x_wconf 85' lang='lat' dir='ltr'><strong>gratiam</strong></span> <span class='ocrx_word' id='word_1_35' title='bbox 1463 611 1761 680; x_wconf 76' lang='lat' dir='ltr'><strong>attrahere;</strong></span> <span class='ocrx_word' id='word_1_36' title='bbox 1793 629 1891 667; x_wconf 83' lang='lat' dir='ltr'><strong>co—</strong></span> 
     </span>
    </p>
   </div>
   <div class='ocr_carea' id='block_1_6' title="bbox 308 696 1889 772">
    <p class='ocr_par' dir='ltr' id='par_1_6' title="bbox 308 696 1889 772">
     <span class='ocr_line' id='line_1_6' title="bbox 308 696 1889 772; baseline 0.009 -25"><span class='ocrx_word' id='word_1_37' title='bbox 308 696 419 764; x_wconf 83' lang='lat' dir='ltr'><strong>gita</strong></span> <span class='ocrx_word' id='word_1_38' title='bbox 450 704 702 766; x_wconf 83' lang='lat' dir='ltr'><strong>quantum</strong></span> <span class='ocrx_word' id='word_1_39' title='bbox 730 698 934 753; x_wconf 77' lang='lat' dir='ltr'><strong>crimen</strong></span> <span class='ocrx_word' id='word_1_40' title='bbox 971 700 1040 754; x_wconf 91' lang='lat' dir='ltr'><strong>sit</strong></span> <span class='ocrx_word' id='word_1_41' title='bbox 1078 716 1146 756; x_wconf 90' lang='lat' dir='ltr'><strong>ne</strong></span> <span class='ocrx_word' id='word_1_42' title='bbox 1186 701 1286 756; x_wconf 84' lang='lat' dir='ltr'><strong>hoc</strong></span> <span class='ocrx_word' id='word_1_43' title='bbox 1320 702 1533 772; x_wconf 93' lang='lat' dir='ltr'><strong>quidem</strong></span> <span class='ocrx_word' id='word_1_44' title='bbox 1574 705 1771 760; x_wconf 76' lang='lat' dir='ltr'><strong>auxilio</strong></span> <span class='ocrx_word' id='word_1_45' title='bbox 1815 707 1889 760; x_wconf 93' lang='lat' dir='ltr'><strong>uti</strong></span> 
     </span>
    </p>
   </div>
   <div class='ocr_carea' id='block_1_7' title="bbox 312 786 1891 866">
    <p class='ocr_par' dir='ltr' id='par_1_7' title="bbox 312 786 1891 866">
     <span class='ocr_line' id='line_1_7' title="bbox 312 786 1891 866; baseline 0.007 -26"><span class='ocrx_word' id='word_1_46' title='bbox 312 786 468 852; x_wconf 90' lang='lat' dir='ltr'><strong>velle,</strong></span> <span class='ocrx_word' id='word_1_47' title='bbox 509 786 604 841; x_wconf 89' lang='lat' dir='ltr'><strong>sed</strong></span> <span class='ocrx_word' id='word_1_48' title='bbox 634 787 814 844; x_wconf 90' lang='lat' dir='ltr'><strong>literas</strong></span> <span class='ocrx_word' id='word_1_49' title='bbox 838 789 956 844; x_wconf 89' lang='lat' dir='ltr'><strong>illas</strong></span> <span class='ocrx_word' id='word_1_50' title='bbox 985 791 1135 860; x_wconf 89' lang='lat' dir='ltr'><strong>quasi</strong></span> <span class='ocrx_word' id='word_1_51' title='bbox 1160 790 1352 848; x_wconf 85' lang='lat' dir='ltr'><strong>frustra</strong></span> <span class='ocrx_word' id='word_1_52' title='bbox 1381 802 1434 849; x_wconf 91' lang='lat' dir='ltr'><strong>et</strong></span> <span class='ocrx_word' id='word_1_53' title='bbox 1460 804 1660 851; x_wconf 90' lang='lat' dir='ltr'><strong>temere</strong></span> <span class='ocrx_word' id='word_1_54' title='bbox 1691 797 1891 866; x_wconf 86' lang='lat' dir='ltr'><strong>positas</strong></span> 
     </span>
    </p>
   </div>
   <div class='ocr_carea' id='block_1_8' title="bbox 304 873 1889 953">
    <p class='ocr_par' dir='ltr' id='par_1_8' title="bbox 304 873 1889 953">
     <span class='ocr_line' id='line_1_8' title="bbox 304 873 1889 953; baseline 0.009 -26"><span class='ocrx_word' id='word_1_55' title='bbox 304 873 603 942; x_wconf 77' lang='lat' dir='ltr'><strong>despicere,</strong></span> <span class='ocrx_word' id='word_1_56' title='bbox 646 884 701 931; x_wconf 89' lang='lat' dir='ltr'><strong>et</strong></span> <span class='ocrx_word' id='word_1_57' title='bbox 734 877 990 947; x_wconf 88' lang='lat' dir='ltr'><strong>majorem</strong></span> <span class='ocrx_word' id='word_1_58' title='bbox 1023 880 1074 934; x_wconf 92' lang='lat' dir='ltr'><strong>in</strong></span> <span class='ocrx_word' id='word_1_59' title='bbox 1104 895 1162 936; x_wconf 90' lang='lat' dir='ltr'><strong>se</strong></span> <span class='ocrx_word' id='word_1_60' title='bbox 1187 884 1453 939; x_wconf 87' lang='lat' dir='ltr'><strong>attrahere</strong></span> <span class='ocrx_word' id='word_1_61' title='bbox 1476 900 1707 953; x_wconf 83' lang='lat' dir='ltr'><strong>poenam.</strong></span> <span class='ocrx_word' id='word_1_62' title='bbox 1738 886 1889 953; x_wconf 83' lang='lat' dir='ltr'><strong>Quod</strong></span> 
     </span>
    </p>
   </div>
   <div class='ocr_carea' id='block_1_9' title="bbox 304 964 1886 1045">
    <p class='ocr_par' dir='ltr' id='par_1_9' title="bbox 304 964 1886 1045">
     <span class='ocr_line' id='line_1_9' title="bbox 304 964 1886 1045; baseline 0.01 -29"><span class='ocrx_word' id='word_1_63' title='bbox 304 978 373 1017; x_wconf 87' lang='lat' dir='ltr'><strong>ne</strong></span> <span class='ocrx_word' id='word_1_64' title='bbox 397 964 625 1030; x_wconf 80' lang='lat' dir='ltr'><strong>accidat,</strong></span> <span class='ocrx_word' id='word_1_65' title='bbox 653 966 945 1038; x_wconf 80' lang='lat' dir='ltr'><strong>Scriptun&#39;s</strong></span> <span class='ocrx_word' id='word_1_66' title='bbox 987 980 1231 1027; x_wconf 78' lang='lat' dir='ltr'><strong>accurate</strong></span> <span class='ocrx_word' id='word_1_67' title='bbox 1257 973 1601 1030; x_wconf 82' lang='lat' dir='ltr'><strong>adhibeamus</strong></span> <span class='ocrx_word' id='word_1_68' title='bbox 1626 977 1886 1045; x_wconf 87' lang='lat' dir='ltr'><strong>animum,</strong></span> 
     </span>
    </p>
   </div>
   <div class='ocr_carea' id='block_1_10' title="bbox 304 1053 1888 1139">
    <p class='ocr_par' dir='ltr' id='par_1_10' title="bbox 304 1053 1888 1139">
     <span class='ocr_line' id='line_1_10' title="bbox 304 1053 1888 1139; baseline 0.011 -34"><span class='ocrx_word' id='word_1_69' title='bbox 304 1066 367 1107; x_wconf 91' lang='lat' dir='ltr'><strong>ac</strong></span> <span class='ocrx_word' id='word_1_70' title='bbox 394 1053 663 1110; x_wconf 79' lang='lat' dir='ltr'><strong>discamus</strong></span> <span class='ocrx_word' id='word_1_71' title='bbox 688 1059 954 1126; x_wconf 88' lang='lat' dir='ltr'><strong>quomodo</strong></span> <span class='ocrx_word' id='word_1_72' title='bbox 975 1070 1127 1117; x_wconf 92' lang='lat' dir='ltr'><strong>vetus</strong></span> <span class='ocrx_word' id='word_1_73' title='bbox 1159 1062 1241 1117; x_wconf 83' lang='lat' dir='ltr'><strong>lex</strong></span> <span class='ocrx_word' id='word_1_74' title='bbox 1271 1063 1391 1119; x_wconf 90' lang='lat' dir='ltr'><strong>data</strong></span> <span class='ocrx_word' id='word_1_75' title='bbox 1420 1065 1596 1131; x_wconf 88' lang='lat' dir='ltr'><strong>fuerit,</strong></span> <span class='ocrx_word' id='word_1_76' title='bbox 1621 1069 1888 1139; x_wconf 83' lang='lat' dir='ltr'><strong>quomodo</strong></span> 
     </span>
    </p>
   </div>
   <div class='ocr_carea' id='block_1_11' title="bbox 302 1144 1887 1224">
    <p class='ocr_par' dir='ltr' id='par_1_11' title="bbox 302 1144 1887 1224">
     <span class='ocr_line' id='line_1_11' title="bbox 302 1144 1887 1224; baseline 0.013 -28"><span class='ocrx_word' id='word_1_77' title='bbox 302 1153 487 1211; x_wconf 87' lang='lat' dir='ltr'><strong>postea</strong></span> <span class='ocrx_word' id='word_1_78' title='bbox 521 1144 723 1201; x_wconf 85' lang='lat' dir='ltr'><strong>Novum</strong></span> <span class='ocrx_word' id='word_1_79' title='bbox 749 1147 1169 1206; x_wconf 73' lang='lat' dir='ltr'><strong>Testamentum.</strong></span> <span class='ocrx_word' id='word_1_80' title='bbox 1192 1152 1310 1219; x_wconf 83' lang='lat' dir='ltr'><strong>Quo</strong></span> <span class='ocrx_word' id='word_1_81' title='bbox 1334 1155 1491 1224; x_wconf 83' lang='lat' dir='ltr'><strong>igitur</strong></span> <span class='ocrx_word' id='word_1_82' title='bbox 1511 1158 1668 1213; x_wconf 91' lang='lat' dir='ltr'><strong>modo</strong></span> <span class='ocrx_word' id='word_1_83' title='bbox 1693 1160 1776 1215; x_wconf 79' lang='lat' dir='ltr'><strong>lex</strong></span> <span class='ocrx_word' id='word_1_84' title='bbox 1798 1160 1887 1216; x_wconf 89' lang='lat' dir='ltr'><strong>illa</strong></span> 
     </span>
    </p>
   </div>
   <div class='ocr_carea' id='block_1_12' title="bbox 302 1233 1885 1320">
    <p class='ocr_par' dir='ltr' id='par_1_12' title="bbox 302 1233 1885 1320">
     <span class='ocr_line' id='line_1_12' title="bbox 302 1233 1885 1320; baseline 0.012 -34"><span class='ocrx_word' id='word_1_85' title='bbox 302 1233 424 1288; x_wconf 85' lang='lat' dir='ltr'><strong>data</strong></span> <span class='ocrx_word' id='word_1_86' title='bbox 454 1244 564 1289; x_wconf 90' lang='lat' dir='ltr'><strong>tum</strong></span> <span class='ocrx_word' id='word_1_87' title='bbox 595 1238 725 1292; x_wconf 81' lang='lat' dir='ltr'><strong>fuit?</strong></span> <span class='ocrx_word' id='word_1_88' title='bbox 749 1240 961 1308; x_wconf 83' lang='lat' dir='ltr'><strong>quando</strong></span> <span class='ocrx_word' id='word_1_89' title='bbox 986 1251 1038 1295; x_wconf 92' lang='lat' dir='ltr'><strong>et</strong></span> <span class='ocrx_word' id='word_1_90' title='bbox 1068 1243 1319 1299; x_wconf 73' lang='lat' dir='ltr'><strong>ubinam?</strong></span> <span class='ocrx_word' id='word_1_91' title='bbox 1363 1247 1489 1301; x_wconf 84' lang='lat' dir='ltr'><strong>Post</strong></span> <span class='ocrx_word' id='word_1_92' title='bbox 1516 1247 1885 1320; x_wconf 71' lang='lat' dir='ltr'><strong>Egyptiouum</strong></span> 
     </span>
    </p>
   </div>
   <div class='ocr_carea' id='block_1_13' title="bbox 300 1326 1887 1412">
    <p class='ocr_par' dir='ltr' id='par_1_13' title="bbox 300 1326 1887 1412">
     <span class='ocr_line' id='line_1_13' title="bbox 300 1326 1887 1412; baseline 0.012 -34"><span class='ocrx_word' id='word_1_93' title='bbox 300 1326 615 1393; x_wconf 80' lang='lat' dir='ltr'><strong>perniciem,</strong></span> <span class='ocrx_word' id='word_1_94' title='bbox 638 1328 693 1382; x_wconf 85' lang='lat' dir='ltr'><strong>in</strong></span> <span class='ocrx_word' id='word_1_95' title='bbox 717 1328 950 1397; x_wconf 79' lang='lat' dir='ltr'><strong>deserto,</strong></span> <span class='ocrx_word' id='word_1_96' title='bbox 982 1341 1033 1387; x_wconf 90' lang='lat' dir='ltr'><strong>et</strong></span> <span class='ocrx_word' id='word_1_97' title='bbox 1062 1333 1112 1387; x_wconf 91' lang='lat' dir='ltr'><strong>in</strong></span> <span class='ocrx_word' id='word_1_98' title='bbox 1140 1346 1321 1392; x_wconf 87' lang='lat' dir='ltr'><strong>monte</strong></span> <span class='ocrx_word' id='word_1_99' title='bbox 1345 1336 1492 1405; x_wconf 90' lang='lat' dir='ltr'><strong>Sina,</strong></span> <span class='ocrx_word' id='word_1_100' title='bbox 1520 1339 1666 1395; x_wconf 84' lang='lat' dir='ltr'><strong>fumo</strong></span> <span class='ocrx_word' id='word_1_101' title='bbox 1690 1346 1745 1396; x_wconf 77' lang='lat' dir='ltr'><strong>et</strong></span> <span class='ocrx_word' id='word_1_102' title='bbox 1767 1340 1887 1412; x_wconf 83' lang='lat' dir='ltr'><strong>igne</strong></span> 
     </span>
    </p>
   </div>
   <div class='ocr_carea' id='block_1_14' title="bbox 296 1416 1885 1501">
    <p class='ocr_par' dir='ltr' id='par_1_14' title="bbox 296 1416 1885 1501">
     <span class='ocr_line' id='line_1_14' title="bbox 296 1416 1885 1501; baseline 0.011 -30"><span class='ocrx_word' id='word_1_103' title='bbox 296 1416 369 1471; x_wconf 87' lang='lat' dir='ltr'><strong>de</strong></span> <span class='ocrx_word' id='word_1_104' title='bbox 419 1428 599 1475; x_wconf 88' lang='lat' dir='ltr'><strong>monte</strong></span> <span class='ocrx_word' id='word_1_105' title='bbox 639 1432 972 1491; x_wconf 85' lang='lat' dir='ltr'><strong>erumpente,</strong></span> <span class='ocrx_word' id='word_1_106' title='bbox 1017 1424 1136 1480; x_wconf 90' lang='lat' dir='ltr'><strong>tuba</strong></span> <span class='ocrx_word' id='word_1_107' title='bbox 1177 1426 1478 1498; x_wconf 82' lang='lat' dir='ltr'><strong>clangente,</strong></span> <span class='ocrx_word' id='word_1_108' title='bbox 1517 1429 1885 1501; x_wconf 82' lang='lat' dir='ltr'><strong>frequentibus</strong></span> 
     </span>
    </p>
   </div>
   <div class='ocr_carea' id='block_1_15' title="bbox 299 1505 1887 1591">
    <p class='ocr_par' dir='ltr' id='par_1_15' title="bbox 299 1505 1887 1591">
     <span class='ocr_line' id='line_1_15' title="bbox 299 1505 1887 1591; baseline 0.009 -32"><span class='ocrx_word' id='word_1_109' title='bbox 299 1505 595 1577; x_wconf 87' lang='lat' dir='ltr'><strong>fulguribus</strong></span> <span class='ocrx_word' id='word_1_110' title='bbox 621 1518 781 1581; x_wconf 90' lang='lat' dir='ltr'><strong>atque</strong></span> <span class='ocrx_word' id='word_1_111' title='bbox 811 1514 1078 1580; x_wconf 88' lang='lat' dir='ltr'><strong>tonitruis,</strong></span> <span class='ocrx_word' id='word_1_112' title='bbox 1111 1514 1397 1585; x_wconf 82' lang='lat' dir='ltr'><strong>Moyseque</strong></span> <span class='ocrx_word' id='word_1_113' title='bbox 1424 1517 1475 1571; x_wconf 93' lang='lat' dir='ltr'><strong>in</strong></span> <span class='ocrx_word' id='word_1_114' title='bbox 1504 1519 1674 1587; x_wconf 87' lang='lat' dir='ltr'><strong>ipsam</strong></span> <span class='ocrx_word' id='word_1_115' title='bbox 1702 1521 1887 1591; x_wconf 86' lang='lat' dir='ltr'><strong>caligi-</strong></span> 
     </span>
    </p>
   </div>
   <div class='ocr_carea' id='block_1_16' title="bbox 299 1602 1887 1668">
    <p class='ocr_par' dir='ltr' id='par_1_16' title="bbox 299 1602 1887 1668">
     <span class='ocr_line' id='line_1_16' title="bbox 299 1602 1887 1668; baseline 0.009 -15"><span class='ocrx_word' id='word_1_116' title='bbox 299 1613 420 1653; x_wconf 90' lang='lat' dir='ltr'><strong>nem</strong></span> <span class='ocrx_word' id='word_1_117' title='bbox 457 1602 702 1656; x_wconf 86' lang='lat' dir='ltr'><strong>intrante.</strong></span> <span class='ocrx_word' id='word_1_118' title='bbox 748 1603 801 1657; x_wconf 92' lang='lat' dir='ltr'><strong>ln</strong></span> <span class='ocrx_word' id='word_1_119' title='bbox 836 1602 985 1657; x_wconf 89' lang='lat' dir='ltr'><strong>Novo</strong></span> <span class='ocrx_word' id='word_1_120' title='bbox 1010 1615 1185 1659; x_wconf 90' lang='lat' dir='ltr'><strong>autem</strong></span> <span class='ocrx_word' id='word_1_121' title='bbox 1222 1622 1328 1660; x_wconf 89' lang='lat' dir='ltr'><strong>non</strong></span> <span class='ocrx_word' id='word_1_122' title='bbox 1369 1606 1437 1661; x_wconf 86' lang='lat' dir='ltr'><strong>ita</strong></span> <span class='ocrx_word' id='word_1_123' title='bbox 1465 1622 1564 1664; x_wconf 91' lang='lat' dir='ltr'><strong>nec</strong></span> <span class='ocrx_word' id='word_1_124' title='bbox 1592 1609 1643 1665; x_wconf 87' lang='lat' dir='ltr'><strong>in</strong></span> <span class='ocrx_word' id='word_1_125' title='bbox 1671 1610 1887 1668; x_wconf 64' lang='lat' dir='ltr'><strong>deserto</strong></span> 
     </span>
    </p>
   </div>
   <div class='ocr_carea' id='block_1_17' title="bbox 295 1691 1884 1774">
    <p class='ocr_par' dir='ltr' id='par_1_17' title="bbox 295 1691 1884 1774">
     <span class='ocr_line' id='line_1_17' title="bbox 295 1691 1884 1774; baseline 0.011 -32"><span class='ocrx_word' id='word_1_126' title='bbox 295 1704 399 1744; x_wconf 78' lang='lat' dir='ltr'><strong>nec</strong></span> <span class='ocrx_word' id='word_1_127' title='bbox 421 1691 471 1745; x_wconf 91' lang='lat' dir='ltr'><strong>in</strong></span> <span class='ocrx_word' id='word_1_128' title='bbox 504 1703 703 1758; x_wconf 86' lang='lat' dir='ltr'><strong>monte,</strong></span> <span class='ocrx_word' id='word_1_129' title='bbox 726 1709 831 1747; x_wconf 91' lang='lat' dir='ltr'><strong>non</strong></span> <span class='ocrx_word' id='word_1_130' title='bbox 850 1709 973 1749; x_wconf 85' lang='lat' dir='ltr'><strong>cum</strong></span> <span class='ocrx_word' id='word_1_131' title='bbox 1007 1694 1168 1761; x_wconf 86' lang='lat' dir='ltr'><strong>fumo,</strong></span> <span class='ocrx_word' id='word_1_132' title='bbox 1188 1698 1445 1763; x_wconf 81' lang='lat' dir='ltr'><strong>tenebris,</strong></span> <span class='ocrx_word' id='word_1_133' title='bbox 1476 1701 1700 1771; x_wconf 87' lang='lat' dir='ltr'><strong>caligine</strong></span> <span class='ocrx_word' id='word_1_134' title='bbox 1725 1712 1884 1774; x_wconf 84' lang='lat' dir='ltr'><strong>atque</strong></span> 
     </span>
    </p>
   </div>
   <div class='ocr_carea' id='block_1_18' title="bbox 299 1782 1886 1853">
    <p class='ocr_par' dir='ltr' id='par_1_18' title="bbox 299 1782 1886 1853">
     <span class='ocr_line' id='line_1_18' title="bbox 299 1782 1886 1853; baseline 0.011 -20"><span class='ocrx_word' id='word_1_135' title='bbox 299 1782 557 1849; x_wconf 82' lang='lat' dir='ltr'><strong>procella,</strong></span> <span class='ocrx_word' id='word_1_136' title='bbox 586 1782 682 1838; x_wconf 89' lang='lat' dir='ltr'><strong>sed</strong></span> <span class='ocrx_word' id='word_1_137' title='bbox 711 1783 926 1841; x_wconf 83' lang='lat' dir='ltr'><strong>ineunte</strong></span> <span class='ocrx_word' id='word_1_138' title='bbox 951 1786 1056 1853; x_wconf 87' lang='lat' dir='ltr'><strong>die,</strong></span> <span class='ocrx_word' id='word_1_139' title='bbox 1085 1787 1249 1853; x_wconf 92' lang='lat' dir='ltr'><strong>domi,</strong></span> <span class='ocrx_word' id='word_1_140' title='bbox 1281 1790 1532 1846; x_wconf 84' lang='lat' dir='ltr'><strong>omnibus</strong></span> <span class='ocrx_word' id='word_1_141' title='bbox 1562 1808 1663 1846; x_wconf 80' lang='lat' dir='ltr'><strong>una</strong></span> <span class='ocrx_word' id='word_1_142' title='bbox 1687 1795 1886 1850; x_wconf 85' lang='lat' dir='ltr'><strong>seden-</strong></span> 
     </span>
    </p>
   </div>
   <div class='ocr_carea' id='block_1_19' title="bbox 298 1870 1876 1949">
    <p class='ocr_par' dir='ltr' id='par_1_19' title="bbox 298 1870 1876 1949">
     <span class='ocr_line' id='line_1_19' title="bbox 298 1870 1876 1949; baseline 0.013 -29"><span class='ocrx_word' id='word_1_143' title='bbox 298 1870 461 1937; x_wconf 90' lang='lat' dir='ltr'><strong>tibus,</strong></span> <span class='ocrx_word' id='word_1_144' title='bbox 505 1887 691 1943; x_wconf 83' lang='lat' dir='ltr'><strong>magna</strong></span> <span class='ocrx_word' id='word_1_145' title='bbox 728 1890 852 1928; x_wconf 86' lang='lat' dir='ltr'><strong>cum</strong></span> <span class='ocrx_word' id='word_1_146' title='bbox 894 1876 1276 1946; x_wconf 84' lang='lat' dir='ltr'><strong>tranquillitate</strong></span> <span class='ocrx_word' id='word_1_147' title='bbox 1317 1891 1462 1949; x_wconf 90' lang='lat' dir='ltr'><strong>gesta</strong></span> <span class='ocrx_word' id='word_1_148' title='bbox 1507 1892 1632 1937; x_wconf 87' lang='lat' dir='ltr'><strong>sunt</strong></span> <span class='ocrx_word' id='word_1_149' title='bbox 1679 1887 1876 1940; x_wconf 89' lang='lat' dir='ltr'><strong>omnia.</strong></span> 
     </span>
    </p>
   </div>
   <div class='ocr_carea' id='block_1_20' title="bbox 297 1957 1879 2043">
    <p class='ocr_par' dir='ltr' id='par_1_20' title="bbox 297 1957 1879 2043">
     <span class='ocr_line' id='line_1_20' title="bbox 297 1957 1879 2043; baseline 0.013 -32"><span class='ocrx_word' id='word_1_150' title='bbox 297 1957 668 2017; x_wconf 82' lang='lat' dir='ltr'><strong>Feroeioribus</strong></span> <span class='ocrx_word' id='word_1_151' title='bbox 704 1966 898 2034; x_wconf 84' lang='lat' dir='ltr'><strong>quippe</strong></span> <span class='ocrx_word' id='word_1_152' title='bbox 926 1965 1026 2020; x_wconf 90' lang='lat' dir='ltr'><strong>illis</strong></span> <span class='ocrx_word' id='word_1_153' title='bbox 1051 1976 1104 2021; x_wconf 90' lang='lat' dir='ltr'><strong>et</strong></span> <span class='ocrx_word' id='word_1_154' title='bbox 1131 1966 1580 2037; x_wconf 84' lang='lat' dir='ltr'><strong>elfrenatioribus,</strong></span> <span class='ocrx_word' id='word_1_155' title='bbox 1622 1988 1879 2043; x_wconf 88' lang='lat' dir='ltr'><strong>corporea</strong></span> 
     </span>
    </p>
   </div>
   <div class='ocr_carea' id='block_1_21' title="bbox 290 2045 1877 2133">
    <p class='ocr_par' dir='ltr' id='par_1_21' title="bbox 290 2045 1877 2133">
     <span class='ocr_line' id='line_1_21' title="bbox 290 2045 1877 2133; baseline 0.011 -31"><span class='ocrx_word' id='word_1_156' title='bbox 290 2050 474 2117; x_wconf 82' lang='lat' dir='ltr'><strong>specie</strong></span> <span class='ocrx_word' id='word_1_157' title='bbox 517 2065 651 2121; x_wconf 90' lang='lat' dir='ltr'><strong>opus</strong></span> <span class='ocrx_word' id='word_1_158' title='bbox 689 2045 836 2119; x_wconf 86' lang='lat' dir='ltr'><strong>erat;</strong></span> <span class='ocrx_word' id='word_1_159' title='bbox 877 2070 1067 2125; x_wconf 87' lang='lat' dir='ltr'><strong>nempe</strong></span> <span class='ocrx_word' id='word_1_160' title='bbox 1104 2058 1421 2127; x_wconf 88' lang='lat' dir='ltr'><strong>solitudine,</strong></span> <span class='ocrx_word' id='word_1_161' title='bbox 1466 2070 1666 2127; x_wconf 86' lang='lat' dir='ltr'><strong>monte,</strong></span> <span class='ocrx_word' id='word_1_162' title='bbox 1711 2064 1877 2133; x_wconf 90' lang='lat' dir='ltr'><strong>fumo,</strong></span> 
     </span>
    </p>
   </div>
   <div class='ocr_carea' id='block_1_22' title="bbox 294 2142 1881 2217">
    <p class='ocr_par' dir='ltr' id='par_1_22' title="bbox 294 2142 1881 2217">
     <span class='ocr_line' id='line_1_22' title="bbox 294 2142 1881 2217; baseline 0.014 -24"><span class='ocrx_word' id='word_1_163' title='bbox 294 2142 439 2196; x_wconf 83' lang='lat' dir='ltr'><strong>tubae</strong></span> <span class='ocrx_word' id='word_1_164' title='bbox 481 2143 733 2215; x_wconf 84' lang='lat' dir='ltr'><strong>clangore</strong></span> <span class='ocrx_word' id='word_1_165' title='bbox 771 2156 827 2202; x_wconf 88' lang='lat' dir='ltr'><strong>et</strong></span> <span class='ocrx_word' id='word_1_166' title='bbox 868 2149 1163 2217; x_wconf 85' lang='lat' dir='ltr'><strong>similibus;</strong></span> <span class='ocrx_word' id='word_1_167' title='bbox 1211 2151 1609 2210; x_wconf 87' lang='lat' dir='ltr'><strong>sublimioribus</strong></span> <span class='ocrx_word' id='word_1_168' title='bbox 1655 2172 1782 2212; x_wconf 84' lang='lat' dir='ltr'><strong>vero</strong></span> <span class='ocrx_word' id='word_1_169' title='bbox 1824 2168 1881 2215; x_wconf 86' lang='lat' dir='ltr'><strong>et</strong></span> 
     </span>
    </p>
   </div>
   <div class='ocr_carea' id='block_1_23' title="bbox 294 2231 1879 2320">
    <p class='ocr_par' dir='ltr' id='par_1_23' title="bbox 294 2231 1879 2320">
     <span class='ocr_line' id='line_1_23' title="bbox 294 2231 1879 2320; baseline 0.015 -39"><span class='ocrx_word' id='word_1_170' title='bbox 294 2231 813 2302; x_wconf 80' lang='lat' dir='ltr'><strong>obsequentioribus,</strong></span> <span class='ocrx_word' id='word_1_171' title='bbox 857 2237 947 2308; x_wconf 88' lang='lat' dir='ltr'><strong>qui</strong></span> <span class='ocrx_word' id='word_1_172' title='bbox 993 2253 1277 2310; x_wconf 72' lang='lat' dir='ltr'><strong>corporeae</strong></span> <span class='ocrx_word' id='word_1_173' title='bbox 1322 2243 1671 2314; x_wconf 87' lang='lat' dir='ltr'><strong>cogitationes</strong></span> <span class='ocrx_word' id='word_1_174' title='bbox 1723 2248 1879 2320; x_wconf 90' lang='lat' dir='ltr'><strong>longe</strong></span> 
     </span>
    </p>
   </div>
   <div class='ocr_carea' id='block_1_24' title="bbox 292 2332 1874 2412">
    <p class='ocr_par' dir='ltr' id='par_1_24' title="bbox 292 2332 1874 2412">
     <span class='ocr_line' id='line_1_24' title="bbox 292 2332 1874 2412; baseline 0.009 -28"><span class='ocrx_word' id='word_1_175' title='bbox 292 2333 701 2400; x_wconf 85' lang='lat' dir='ltr'><strong>exsuperabant,</strong></span> <span class='ocrx_word' id='word_1_176' title='bbox 735 2332 1032 2403; x_wconf 87' lang='lat' dir='ltr'><strong>bujusmodi</strong></span> <span class='ocrx_word' id='word_1_177' title='bbox 1061 2337 1218 2392; x_wconf 86' lang='lat' dir='ltr'><strong>rebus</strong></span> <span class='ocrx_word' id='word_1_178' title='bbox 1241 2339 1376 2394; x_wconf 78' lang='lat' dir='ltr'><strong>nihil</strong></span> <span class='ocrx_word' id='word_1_179' title='bbox 1406 2355 1538 2411; x_wconf 90' lang='lat' dir='ltr'><strong>opus</strong></span> <span class='ocrx_word' id='word_1_180' title='bbox 1560 2352 1694 2397; x_wconf 91' lang='lat' dir='ltr'><strong>erat.</strong></span> <span class='ocrx_word' id='word_1_181' title='bbox 1722 2343 1874 2412; x_wconf 82' lang='lat' dir='ltr'><strong>Quod</strong></span> 
     </span>
    </p>
   </div>
   <div class='ocr_carea' id='block_1_25' title="bbox 290 2420 1876 2505">
    <p class='ocr_par' dir='ltr' id='par_1_25' title="bbox 290 2420 1876 2505">
     <span class='ocr_line' id='line_1_25' title="bbox 290 2420 1876 2505; baseline 0.011 -32"><span class='ocrx_word' id='word_1_182' title='bbox 290 2420 335 2474; x_wconf 91' lang='lat' dir='ltr'><strong>si</strong></span> <span class='ocrx_word' id='word_1_183' title='bbox 375 2430 435 2477; x_wconf 88' lang='lat' dir='ltr'><strong>et</strong></span> <span class='ocrx_word' id='word_1_184' title='bbox 488 2422 626 2493; x_wconf 87' lang='lat' dir='ltr'><strong>apud</strong></span> <span class='ocrx_word' id='word_1_185' title='bbox 679 2423 798 2480; x_wconf 89' lang='lat' dir='ltr'><strong>illos</strong></span> <span class='ocrx_word' id='word_1_186' title='bbox 851 2440 1015 2482; x_wconf 87' lang='lat' dir='ltr'><strong>sonus</strong></span> <span class='ocrx_word' id='word_1_187' title='bbox 1059 2430 1291 2486; x_wconf 86' lang='lat' dir='ltr'><strong>emissus</strong></span> <span class='ocrx_word' id='word_1_188' title='bbox 1338 2439 1455 2499; x_wconf 90' lang='lat' dir='ltr'><strong>est,</strong></span> <span class='ocrx_word' id='word_1_189' title='bbox 1498 2432 1549 2487; x_wconf 91' lang='lat' dir='ltr'><strong>id</strong></span> <span class='ocrx_word' id='word_1_190' title='bbox 1593 2449 1700 2489; x_wconf 93' lang='lat' dir='ltr'><strong>non</strong></span> <span class='ocrx_word' id='word_1_191' title='bbox 1741 2450 1876 2505; x_wconf 87' lang='lat' dir='ltr'><strong>apo-</strong></span> 
     </span>
    </p>
   </div>
   <div class='ocr_carea' id='block_1_26' title="bbox 291 2511 1872 2601">
    <p class='ocr_par' dir='ltr' id='par_1_26' title="bbox 291 2511 1872 2601">
     <span class='ocr_line' id='line_1_26' title="bbox 291 2511 1872 2601; baseline 0.012 -39"><span class='ocrx_word' id='word_1_192' title='bbox 291 2511 549 2566; x_wconf 81' lang='lat' dir='ltr'><strong>smlorum</strong></span> <span class='ocrx_word' id='word_1_193' title='bbox 574 2554 590 2581; x_wconf 92' lang='lat'><strong>,</strong></span> <span class='ocrx_word' id='word_1_194' title='bbox 646 2514 740 2570; x_wconf 85' lang='lat' dir='ltr'><strong>sed</strong></span> <span class='ocrx_word' id='word_1_195' title='bbox 784 2515 1090 2574; x_wconf 67' lang='lat' dir='ltr'><strong>Iudaeorum</strong></span> <span class='ocrx_word' id='word_1_196' title='bbox 1134 2529 1258 2576; x_wconf 89' lang='lat' dir='ltr'><strong>tunc</strong></span> <span class='ocrx_word' id='word_1_197' title='bbox 1319 2525 1659 2601; x_wconf 73' lang='lat' dir='ltr'><strong>prtesentium</strong></span> <span class='ocrx_word' id='word_1_198' title='bbox 1713 2540 1872 2582; x_wconf 88' lang='lat' dir='ltr'><strong>causa</strong></span> 
     </span>
    </p>
   </div>
   <div class='ocr_carea' id='block_1_27' title="bbox 295 2599 1870 2684">
    <p class='ocr_par' dir='ltr' id='par_1_27' title="bbox 295 2599 1870 2684">
     <span class='ocr_line' id='line_1_27' title="bbox 295 2599 1870 2684; baseline 0.013 -34"><span class='ocrx_word' id='word_1_199' title='bbox 295 2599 492 2656; x_wconf 82' lang='lat' dir='ltr'><strong>factum</strong></span> <span class='ocrx_word' id='word_1_200' title='bbox 560 2614 665 2668; x_wconf 89' lang='lat' dir='ltr'><strong>est,</strong></span> <span class='ocrx_word' id='word_1_201' title='bbox 743 2607 1003 2678; x_wconf 88' lang='lat' dir='ltr'><strong>simulque</strong></span> <span class='ocrx_word' id='word_1_202' title='bbox 1069 2611 1237 2681; x_wconf 68' lang='lat' dir='ltr'><strong>igneae</strong></span> <span class='ocrx_word' id='word_1_203' title='bbox 1299 2615 1493 2684; x_wconf 71' lang='lat' dir='ltr'><strong>lingua:</strong></span> <span class='ocrx_word' id='word_1_204' title='bbox 1526 2599 1671 2671; x_wconf 77' lang='lat' dir='ltr'><strong>visa:</strong></span> <span class='ocrx_word' id='word_1_205' title='bbox 1724 2629 1870 2673; x_wconf 89' lang='lat' dir='ltr'><strong>sunt.</strong></span> 
     </span>
    </p>
   </div>
   <div class='ocr_carea' id='block_1_28' title="bbox 283 2678 1866 2767">
    <p class='ocr_par' dir='ltr' id='par_1_28' title="bbox 283 2678 1866 2767">
     <span class='ocr_line' id='line_1_28' title="bbox 283 2678 1866 2767; baseline 0.017 -35"><span class='ocrx_word' id='word_1_206' title='bbox 283 2678 415 2735; x_wconf 81' lang='lat' dir='ltr'><strong>Nam</strong></span> <span class='ocrx_word' id='word_1_207' title='bbox 487 2684 530 2737; x_wconf 91' lang='lat' dir='ltr'><strong>si</strong></span> <span class='ocrx_word' id='word_1_208' title='bbox 581 2685 663 2739; x_wconf 92' lang='lat' dir='ltr'><strong>his</strong></span> <span class='ocrx_word' id='word_1_209' title='bbox 721 2690 790 2740; x_wconf 91' lang='lat' dir='ltr'><strong>ita</strong></span> <span class='ocrx_word' id='word_1_210' title='bbox 833 2690 999 2757; x_wconf 80' lang='lat' dir='ltr'><strong>gestis</strong></span> <span class='ocrx_word' id='word_1_211' title='bbox 1031 2730 1047 2755; x_wconf 96' lang='lat'><strong>,</strong></span> <span class='ocrx_word' id='word_1_212' title='bbox 1094 2678 1247 2762; x_wconf 83' lang='lat' dir='ltr'><strong>ipsos</strong></span> <span class='ocrx_word' id='word_1_213' title='bbox 1295 2678 1471 2751; x_wconf 69' lang='lat' dir='ltr'><strong>musto</strong></span> <span class='ocrx_word' id='word_1_214' title='bbox 1526 2697 1712 2767; x_wconf 81' lang='lat' dir='ltr'><strong>plenos</strong></span> <span class='ocrx_word' id='word_1_215' title='bbox 1745 2713 1866 2758; x_wconf 84' lang='lat' dir='ltr'><strong>esse</strong></span> 
     </span>
    </p>
   </div>
   <div class='ocr_carea' id='block_1_29' title="bbox 281 2770 1867 2858">
    <p class='ocr_par' dir='ltr' id='par_1_29' title="bbox 281 2770 1867 2858">
     <span class='ocr_line' id='line_1_29' title="bbox 281 2770 1867 2858; baseline 0.015 -32"><span class='ocrx_word' id='word_1_216' title='bbox 281 2770 529 2829; x_wconf 88' lang='lat' dir='ltr'><strong>dicebant</strong></span> <span class='ocrx_word' id='word_1_217' title='bbox 555 2776 690 2843; x_wconf 74' lang='lat' dir='ltr'><strong>(Act.</strong></span> <span class='ocrx_word' id='word_1_218' title='bbox 731 2777 788 2831; x_wconf 73' lang='lat'><strong>2.</strong></span> <span class='ocrx_word' id='word_1_219' title='bbox 830 2780 952 2852; x_wconf 78' lang='lat' dir='ltr'><strong>i3);</strong></span> <span class='ocrx_word' id='word_1_220' title='bbox 981 2783 1147 2838; x_wconf 91' lang='lat' dir='ltr'><strong>multo</strong></span> <span class='ocrx_word' id='word_1_221' title='bbox 1173 2787 1340 2858; x_wconf 83' lang='lat' dir='ltr'><strong>magis</strong></span> <span class='ocrx_word' id='word_1_222' title='bbox 1382 2789 1433 2843; x_wconf 90' lang='lat' dir='ltr'><strong>id</strong></span> <span class='ocrx_word' id='word_1_223' title='bbox 1468 2789 1658 2847; x_wconf 84' lang='lat' dir='ltr'><strong>dicturi</strong></span> <span class='ocrx_word' id='word_1_224' title='bbox 1688 2801 1867 2858; x_wconf 86' lang='lat' dir='ltr'><strong>erant,</strong></span> 
     </span>
    </p>
   </div>
   <div class='ocr_carea' id='block_1_30' title="bbox 276 2862 1861 2953">
    <p class='ocr_par' dir='ltr' id='par_1_30' title="bbox 276 2862 1861 2953">
     <span class='ocr_line' id='line_1_30' title="bbox 276 2862 1861 2953; baseline 0.013 -37"><span class='ocrx_word' id='word_1_225' title='bbox 276 2862 327 2916; x_wconf 87' lang='lat' dir='ltr'><strong>si</strong></span> <span class='ocrx_word' id='word_1_226' title='bbox 359 2864 490 2919; x_wconf 87' lang='lat' dir='ltr'><strong>nihil</strong></span> <span class='ocrx_word' id='word_1_227' title='bbox 524 2866 717 2922; x_wconf 78' lang='lat' dir='ltr'><strong>homm</strong></span> <span class='ocrx_word' id='word_1_228' title='bbox 747 2870 1020 2926; x_wconf 70' lang='lat' dir='ltr'><strong>vidissent.</strong></span> <span class='ocrx_word' id='word_1_229' title='bbox 1064 2873 1131 2929; x_wconf 84' lang='lat' dir='ltr'><strong>Et</strong></span> <span class='ocrx_word' id='word_1_230' title='bbox 1176 2878 1228 2930; x_wconf 92' lang='lat' dir='ltr'><strong>in</strong></span> <span class='ocrx_word' id='word_1_231' title='bbox 1274 2880 1439 2934; x_wconf 83' lang='lat' dir='ltr'><strong>veteri</strong></span> <span class='ocrx_word' id='word_1_232' title='bbox 1466 2880 1684 2951; x_wconf 88' lang='lat' dir='ltr'><strong>quidem</strong></span> <span class='ocrx_word' id='word_1_233' title='bbox 1725 2881 1861 2953; x_wconf 82' lang='lat' dir='ltr'><strong>lege,</strong></span> 
     </span>
    </p>
   </div>
   <div class='ocr_carea' id='block_1_31' title="bbox 275 2956 1864 3028">
    <p class='ocr_par' dir='ltr' id='par_1_31' title="bbox 275 2956 1864 3028">
     <span class='ocr_line' id='line_1_31' title="bbox 275 2956 1864 3028; baseline 0.013 -21"><span class='ocrx_word' id='word_1_234' title='bbox 275 2968 398 3008; x_wconf 88' lang='lat' dir='ltr'><strong>eum</strong></span> <span class='ocrx_word' id='word_1_235' title='bbox 445 2956 653 3027; x_wconf 77' lang='lat' dir='ltr'><strong>Moyses</strong></span> <span class='ocrx_word' id='word_1_236' title='bbox 692 2961 1040 3026; x_wconf 88' lang='lat' dir='ltr'><strong>ascendisset.</strong></span> <span class='ocrx_word' id='word_1_237' title='bbox 1082 2964 1360 3023; x_wconf 86' lang='lat' dir='ltr'><strong>descendit</strong></span> <span class='ocrx_word' id='word_1_238' title='bbox 1402 2968 1539 3025; x_wconf 84' lang='lat' dir='ltr'><strong>Deus</strong></span> <span class='ocrx_word' id='word_1_239' title='bbox 1572 2984 1587 3026; x_wconf 89' lang='lat'><strong>:</strong></span> <span class='ocrx_word' id='word_1_240' title='bbox 1616 2971 1703 3027; x_wconf 88' lang='lat' dir='ltr'><strong>hic</strong></span> <span class='ocrx_word' id='word_1_241' title='bbox 1738 2986 1864 3028; x_wconf 87' lang='lat' dir='ltr'><strong>vero</strong></span> 
     </span>
    </p>
   </div>
   <div class='ocr_carea' id='block_1_32' title="bbox 278 3055 1859 3127">
    <p class='ocr_par' dir='ltr' id='par_1_32' title="bbox 278 3055 1859 3127">
     <span class='ocr_line' id='line_1_32' title="bbox 278 3055 1859 3127; baseline 0.011 -26"><span class='ocrx_word' id='word_1_242' title='bbox 278 3056 558 3117; x_wconf 86' lang='lat' dir='ltr'><strong>postquam</strong></span> <span class='ocrx_word' id='word_1_243' title='bbox 584 3061 773 3105; x_wconf 70' lang='lat' dir='ltr'><strong>natura</strong></span> <span class='ocrx_word' id='word_1_244' title='bbox 806 3063 983 3109; x_wconf 88' lang='lat' dir='ltr'><strong>nostra</strong></span> <span class='ocrx_word' id='word_1_245' title='bbox 1009 3055 1066 3109; x_wconf 92' lang='lat' dir='ltr'><strong>in</strong></span> <span class='ocrx_word' id='word_1_246' title='bbox 1100 3059 1311 3127; x_wconf 73' lang='lat' dir='ltr'><strong>czelum,</strong></span> <span class='ocrx_word' id='word_1_247' title='bbox 1343 3060 1452 3116; x_wconf 88' lang='lat' dir='ltr'><strong>imo</strong></span> <span class='ocrx_word' id='word_1_248' title='bbox 1473 3060 1530 3116; x_wconf 86' lang='lat' dir='ltr'><strong>in</strong></span> <span class='ocrx_word' id='word_1_249' title='bbox 1558 3061 1748 3118; x_wconf 86' lang='lat' dir='ltr'><strong>solium</strong></span> <span class='ocrx_word' id='word_1_250' title='bbox 1776 3078 1859 3120; x_wconf 86' lang='lat' dir='ltr'><strong>re-</strong></span> 
     </span>
    </p>
   </div>
   <div class='ocr_carea' id='block_1_33' title="bbox 274 3140 1856 3229">
    <p class='ocr_par' dir='ltr' id='par_1_33' title="bbox 274 3140 1856 3229">
     <span class='ocr_line' id='line_1_33' title="bbox 274 3140 1856 3229; baseline 0.015 -38"><span class='ocrx_word' id='word_1_251' title='bbox 274 3140 420 3208; x_wconf 83' lang='lat' dir='ltr'><strong>gium</strong></span> <span class='ocrx_word' id='word_1_252' title='bbox 448 3153 633 3197; x_wconf 84' lang='lat' dir='ltr'><strong>evecta</strong></span> <span class='ocrx_word' id='word_1_253' title='bbox 661 3154 823 3206; x_wconf 83' lang='lat' dir='ltr'><strong>esset.</strong></span> <span class='ocrx_word' id='word_1_254' title='bbox 854 3145 1083 3217; x_wconf 84' lang='lat' dir='ltr'><strong>Spiritus</strong></span> <span class='ocrx_word' id='word_1_255' title='bbox 1106 3151 1401 3209; x_wconf 88' lang='lat' dir='ltr'><strong>descendit.</strong></span> <span class='ocrx_word' id='word_1_256' title='bbox 1433 3156 1490 3212; x_wconf 90' lang='lat' dir='ltr'><strong>Si</strong></span> <span class='ocrx_word' id='word_1_257' title='bbox 1520 3167 1700 3213; x_wconf 86' lang='lat' dir='ltr'><strong>autem</strong></span> <span class='ocrx_word' id='word_1_258' title='bbox 1736 3158 1856 3229; x_wconf 88' lang='lat' dir='ltr'><strong>Spi-</strong></span> 
     </span>
    </p>
   </div>
   <div class='ocr_carea' id='block_1_34' title="bbox 276 3230 1858 3317">
    <p class='ocr_par' dir='ltr' id='par_1_34' title="bbox 276 3230 1858 3317">
     <span class='ocr_line' id='line_1_34' title="bbox 276 3230 1858 3317; baseline 0.015 -35"><span class='ocrx_word' id='word_1_259' title='bbox 276 3230 410 3283; x_wconf 87' lang='lat' dir='ltr'><strong>ritus</strong></span> <span class='ocrx_word' id='word_1_260' title='bbox 438 3231 611 3286; x_wconf 86' lang='lat' dir='ltr'><strong>minor</strong></span> <span class='ocrx_word' id='word_1_261' title='bbox 636 3245 795 3301; x_wconf 87' lang='lat' dir='ltr'><strong>esset,</strong></span> <span class='ocrx_word' id='word_1_262' title='bbox 824 3235 939 3292; x_wconf 88' lang='lat' dir='ltr'><strong>haec</strong></span> <span class='ocrx_word' id='word_1_263' title='bbox 966 3255 1071 3294; x_wconf 80' lang='lat' dir='ltr'><strong>non</strong></span> <span class='ocrx_word' id='word_1_264' title='bbox 1103 3241 1206 3297; x_wconf 91' lang='lat' dir='ltr'><strong>illis</strong></span> <span class='ocrx_word' id='word_1_265' title='bbox 1231 3244 1420 3313; x_wconf 75' lang='lat' dir='ltr'><strong>priscis</strong></span> <span class='ocrx_word' id='word_1_266' title='bbox 1448 3247 1647 3317; x_wconf 87' lang='lat' dir='ltr'><strong>majora</strong></span> <span class='ocrx_word' id='word_1_267' title='bbox 1689 3248 1858 3305; x_wconf 88' lang='lat' dir='ltr'><strong>mira-</strong></span> 
     </span>
    </p>
   </div>
   <div class='ocr_carea' id='block_1_35' title="bbox 272 3318 1867 3408">
    <p class='ocr_par' dir='ltr' id='par_1_35' title="bbox 272 3318 1867 3408">
     <span class='ocr_line' id='line_1_35' title="bbox 272 3318 1867 3408; baseline 0.014 -35"><span class='ocrx_word' id='word_1_268' title='bbox 272 3318 570 3391; x_wconf 87' lang='lat' dir='ltr'><strong>bilioraque</strong></span> <span class='ocrx_word' id='word_1_269' title='bbox 600 3322 844 3379; x_wconf 80' lang='lat' dir='ltr'><strong>fuissent.</strong></span> <span class='ocrx_word' id='word_1_270' title='bbox 887 3327 1019 3383; x_wconf 86' lang='lat' dir='ltr'><strong>Nam</strong></span> <span class='ocrx_word' id='word_1_271' title='bbox 1064 3330 1146 3386; x_wconf 72' lang='lat' dir='ltr'><strong>hze</strong></span> <span class='ocrx_word' id='word_1_272' title='bbox 1186 3332 1380 3390; x_wconf 76' lang='lat' dir='ltr'><strong>tabula:</strong></span> <span class='ocrx_word' id='word_1_273' title='bbox 1418 3337 1577 3407; x_wconf 89' lang='lat' dir='ltr'><strong>longe</strong></span> <span class='ocrx_word' id='word_1_274' title='bbox 1608 3349 1867 3408; x_wconf 62' lang='lat' dir='ltr'><strong>praestan-</strong></span> 
     </span>
    </p>
   </div>
   <div class='ocr_carea' id='block_1_36' title="bbox 272 3407 1862 3502">
    <p class='ocr_par' dir='ltr' id='par_1_36' title="bbox 272 3407 1862 3502">
     <span class='ocr_line' id='line_1_36' title="bbox 272 3407 1862 3502; baseline 0.017 -42"><span class='ocrx_word' id='word_1_275' title='bbox 272 3407 440 3464; x_wconf 86' lang='lat' dir='ltr'><strong>tiores</strong></span> <span class='ocrx_word' id='word_1_276' title='bbox 470 3420 594 3467; x_wconf 90' lang='lat' dir='ltr'><strong>sunt</strong></span> <span class='ocrx_word' id='word_1_277' title='bbox 625 3413 754 3481; x_wconf 88' lang='lat' dir='ltr'><strong>illis,</strong></span> <span class='ocrx_word' id='word_1_278' title='bbox 782 3426 841 3470; x_wconf 90' lang='lat' dir='ltr'><strong>ut</strong></span> <span class='ocrx_word' id='word_1_279' title='bbox 869 3426 925 3472; x_wconf 90' lang='lat' dir='ltr'><strong>et</strong></span> <span class='ocrx_word' id='word_1_280' title='bbox 950 3434 1037 3474; x_wconf 89' lang='lat' dir='ltr'><strong>res</strong></span> <span class='ocrx_word' id='word_1_281' title='bbox 1058 3430 1223 3491; x_wconf 72' lang='lat' dir='ltr'><strong>gesta:</strong></span> <span class='ocrx_word' id='word_1_282' title='bbox 1247 3407 1655 3493; x_wconf 79' lang='lat' dir='ltr'><strong>Splendidiores.</strong></span> <span class='ocrx_word' id='word_1_283' title='bbox 1681 3429 1862 3502; x_wconf 86' lang='lat' dir='ltr'><strong>Neque</strong></span> 
     </span>
    </p>
   </div>
   <div class='ocr_carea' id='block_1_37' title="bbox 268 3499 1861 3576">
    <p class='ocr_par' dir='ltr' id='par_1_37' title="bbox 268 3499 1861 3576">
     <span class='ocr_line' id='line_1_37' title="bbox 268 3499 1861 3576; baseline 0.016 -24"><span class='ocrx_word' id='word_1_284' title='bbox 268 3499 415 3553; x_wconf 89' lang='lat' dir='ltr'><strong>enim</strong></span> <span class='ocrx_word' id='word_1_285' title='bbox 441 3504 666 3571; x_wconf 89' lang='lat' dir='ltr'><strong>apostoli</strong></span> <span class='ocrx_word' id='word_1_286' title='bbox 698 3521 763 3560; x_wconf 82' lang='lat' dir='ltr'><strong>ex</strong></span> <span class='ocrx_word' id='word_1_287' title='bbox 801 3518 983 3565; x_wconf 89' lang='lat' dir='ltr'><strong>monte</strong></span> <span class='ocrx_word' id='word_1_288' title='bbox 1022 3510 1414 3571; x_wconf 86' lang='lat' dir='ltr'><strong>descenderunt</strong></span> <span class='ocrx_word' id='word_1_289' title='bbox 1449 3517 1652 3574; x_wconf 79' lang='lat' dir='ltr'><strong>tabidas</strong></span> <span class='ocrx_word' id='word_1_290' title='bbox 1687 3499 1861 3576; x_wconf 75' lang='lat' dir='ltr'><strong>Inani-</strong></span> 
     </span>
    </p>
   </div>
   <div class='ocr_carea' id='block_1_38' title="bbox 260 3857 1854 3953">
    <p class='ocr_par' dir='ltr' id='par_1_38' title="bbox 260 3857 1854 3953">
     <span class='ocr_line' id='line_1_38' title="bbox 260 3857 1854 3953; baseline 0.019 -42"><span class='ocrx_word' id='word_1_291' title='bbox 260 3857 489 3926; x_wconf 87' lang='lat' dir='ltr'><strong>dentes,</strong></span> <span class='ocrx_word' id='word_1_292' title='bbox 524 3863 601 3918; x_wconf 91' lang='lat' dir='ltr'><strong>sic</strong></span> <span class='ocrx_word' id='word_1_293' title='bbox 626 3880 1031 3936; x_wconf 89' lang='lat' dir='ltr'><strong>quoquoversus</strong></span> <span class='ocrx_word' id='word_1_294' title='bbox 1068 3874 1388 3944; x_wconf 87' lang='lat' dir='ltr'><strong>circuibant,</strong></span> <span class='ocrx_word' id='word_1_295' title='bbox 1418 3879 1518 3949; x_wconf 82' lang='lat' dir='ltr'><strong>ipsi</strong></span> <span class='ocrx_word' id='word_1_296' title='bbox 1546 3896 1760 3953; x_wconf 86' lang='lat' dir='ltr'><strong>quoque</strong></span> <span class='ocrx_word' id='word_1_297' title='bbox 1786 3884 1854 3940; x_wconf 84' lang='lat' dir='ltr'><strong>li-</strong></span> 
     </span>
    </p>
   </div>
   <div class='ocr_carea' id='block_1_39' title="bbox 261 3949 1853 4036">
    <p class='ocr_par' dir='ltr' id='par_1_39' title="bbox 261 3949 1853 4036">
     <span class='ocr_line' id='line_1_39' title="bbox 261 3949 1853 4036; baseline 0.02 -33"><span class='ocrx_word' id='word_1_298' title='bbox 261 3949 348 4004; x_wconf 82' lang='lat' dir='ltr'><strong>bri</strong></span> <span class='ocrx_word' id='word_1_299' title='bbox 379 3953 618 4011; x_wconf 83' lang='lat' dir='ltr'><strong>viventes</strong></span> <span class='ocrx_word' id='word_1_300' title='bbox 646 3966 807 4029; x_wconf 86' lang='lat' dir='ltr'><strong>atque</strong></span> <span class='ocrx_word' id='word_1_301' title='bbox 837 3960 981 4032; x_wconf 84' lang='lat' dir='ltr'><strong>leges</strong></span> <span class='ocrx_word' id='word_1_302' title='bbox 1006 3978 1105 4032; x_wconf 88' lang='lat' dir='ltr'><strong>per</strong></span> <span class='ocrx_word' id='word_1_303' title='bbox 1128 3968 1352 4036; x_wconf 75' lang='lat' dir='ltr'><strong>gratiam</strong></span> <span class='ocrx_word' id='word_1_304' title='bbox 1386 3949 1605 4029; x_wconf 23' lang='lat' dir='ltr'><strong>elfecti‘:</strong></span> <span class='ocrx_word' id='word_1_305' title='bbox 1645 3949 1726 4032; x_wconf 85' lang='lat' dir='ltr'><strong>sic</strong></span> <span class='ocrx_word' id='word_1_306' title='bbox 1756 3977 1853 4034; x_wconf 88' lang='lat' dir='ltr'><strong>tria</strong></span> 
     </span>
    </p>
   </div>
   <div class='ocr_carea' id='block_1_40' title="bbox 260 4040 1855 4136">
    <p class='ocr_par' dir='ltr' id='par_1_40' title="bbox 260 4040 1855 4136">
     <span class='ocr_line' id='line_1_40' title="bbox 260 4040 1855 4136; baseline 0.018 -43"><span class='ocrx_word' id='word_1_307' title='bbox 260 4040 456 4109; x_wconf 75' lang='lat' dir='ltr'><strong>millia,</strong></span> <span class='ocrx_word' id='word_1_308' title='bbox 487 4045 563 4099; x_wconf 90' lang='lat' dir='ltr'><strong>sic</strong></span> <span class='ocrx_word' id='word_1_309' title='bbox 605 4049 836 4119; x_wconf 91' lang='lat' dir='ltr'><strong>quinque</strong></span> <span class='ocrx_word' id='word_1_310' title='bbox 868 4053 1056 4119; x_wconf 90' lang='lat' dir='ltr'><strong>millia,</strong></span> <span class='ocrx_word' id='word_1_311' title='bbox 1091 4055 1168 4111; x_wconf 91' lang='lat' dir='ltr'><strong>sic</strong></span> <span class='ocrx_word' id='word_1_312' title='bbox 1196 4058 1474 4116; x_wconf 90' lang='lat' dir='ltr'><strong>universos</strong></span> <span class='ocrx_word' id='word_1_313' title='bbox 1501 4063 1647 4118; x_wconf 90' lang='lat' dir='ltr'><strong>orbis</strong></span> <span class='ocrx_word' id='word_1_314' title='bbox 1686 4080 1855 4136; x_wconf 86' lang='lat' dir='ltr'><strong>popu-</strong></span> 
     </span>
    </p>
   </div>
   <div class='ocr_carea' id='block_1_41' title="bbox 264 4132 1853 4218">
    <p class='ocr_par' dir='ltr' id='par_1_41' title="bbox 264 4132 1853 4218">
     <span class='ocr_line' id='line_1_41' title="bbox 264 4132 1853 4218; baseline 0.016 -32"><span class='ocrx_word' id='word_1_315' title='bbox 264 4132 345 4186; x_wconf 86' lang='lat' dir='ltr'><strong>los</strong></span> <span class='ocrx_word' id='word_1_316' title='bbox 376 4143 731 4202; x_wconf 81' lang='lat' dir='ltr'><strong>attraxerunt,</strong></span> <span class='ocrx_word' id='word_1_317' title='bbox 772 4141 879 4195; x_wconf 91' lang='lat' dir='ltr'><strong>Deo</strong></span> <span class='ocrx_word' id='word_1_318' title='bbox 910 4157 1007 4211; x_wconf 86' lang='lat' dir='ltr'><strong>per</strong></span> <span class='ocrx_word' id='word_1_319' title='bbox 1036 4158 1221 4200; x_wconf 90' lang='lat' dir='ltr'><strong>eorum</strong></span> <span class='ocrx_word' id='word_1_320' title='bbox 1262 4150 1496 4218; x_wconf 81' lang='lat' dir='ltr'><strong>linguam</strong></span> <span class='ocrx_word' id='word_1_321' title='bbox 1536 4132 1853 4213; x_wconf 70' lang='lat' dir='ltr'><strong>accedentes</strong></span> 
     </span>
    </p>
   </div>
   <div class='ocr_carea' id='block_1_42' title="bbox 257 4224 1853 4307">
    <p class='ocr_par' dir='ltr' id='par_1_42' title="bbox 257 4224 1853 4307">
     <span class='ocr_line' id='line_1_42' title="bbox 257 4224 1853 4307; baseline 0.016 -31"><span class='ocrx_word' id='word_1_322' title='bbox 257 4224 567 4294; x_wconf 78' lang='lat' dir='ltr'><strong>adloquente</strong></span> <span class='ocrx_word' id='word_1_323' title='bbox 589 4226 727 4297; x_wconf 79' lang='lat' dir='ltr'><strong>(Act.</strong></span> <span class='ocrx_word' id='word_1_324' title='bbox 763 4229 816 4283; x_wconf 72' lang='lat'><strong>2.</strong></span> <span class='ocrx_word' id='word_1_325' title='bbox 844 4232 936 4287; x_wconf 66' lang='lat' dir='ltr'><strong>tl.</strong></span> <span class='ocrx_word' id='word_1_326' title='bbox 975 4241 1023 4287; x_wconf 82' lang='lat' dir='ltr'><strong>et</strong></span> <span class='ocrx_word' id='word_1_327' title='bbox 1046 4234 1099 4290; x_wconf 77' lang='grc'><strong>4.</strong></span> <span class='ocrx_word' id='word_1_328' title='bbox 1129 4235 1204 4307; x_wconf 77' lang='grc'><strong>4).</strong></span> <span class='ocrx_word' id='word_1_329' title='bbox 1234 4239 1351 4304; x_wconf 82' lang='lat' dir='ltr'><strong>Quo</strong></span> <span class='ocrx_word' id='word_1_330' title='bbox 1375 4241 1511 4296; x_wconf 90' lang='lat' dir='ltr'><strong>duce</strong></span> <span class='ocrx_word' id='word_1_331' title='bbox 1533 4246 1692 4298; x_wconf 90' lang='lat' dir='ltr'><strong>etiam</strong></span> <span class='ocrx_word' id='word_1_332' title='bbox 1720 4247 1853 4302; x_wconf 86' lang='lat' dir='ltr'><strong>Mat-</strong></span> 
     </span>
    </p>
   </div>
   <div class='ocr_carea' id='block_1_43' title="bbox 258 4313 1847 4407">
    <p class='ocr_par' dir='ltr' id='par_1_43' title="bbox 258 4313 1847 4407">
     <span class='ocr_line' id='line_1_43' title="bbox 258 4313 1847 4407; baseline 0.016 -40"><span class='ocrx_word' id='word_1_333' title='bbox 258 4313 435 4371; x_wconf 65' lang='lat' dir='ltr'><strong>thatus</strong></span> <span class='ocrx_word' id='word_1_334' title='bbox 447 4317 642 4384; x_wconf 77' lang='lat' dir='ltr'><strong>Spiritu</strong></span> <span class='ocrx_word' id='word_1_335' title='bbox 658 4322 888 4391; x_wconf 90' lang='lat' dir='ltr'><strong>repletus</strong></span> <span class='ocrx_word' id='word_1_336' title='bbox 908 4323 1021 4381; x_wconf 69' lang='lat' dir='ltr'><strong>base</strong></span> <span class='ocrx_word' id='word_1_337' title='bbox 1033 4327 1244 4398; x_wconf 87' lang='lat' dir='ltr'><strong>scripsit</strong></span> <span class='ocrx_word' id='word_1_338' title='bbox 1260 4347 1274 4393; x_wconf 90' lang='lat'><strong>;</strong></span> <span class='ocrx_word' id='word_1_339' title='bbox 1289 4330 1588 4403; x_wconf 70' lang='lat' dir='ltr'><strong>Mattbmus,</strong></span> <span class='ocrx_word' id='word_1_340' title='bbox 1610 4335 1847 4407; x_wconf 87' lang='lat' dir='ltr'><strong>inquam,</strong></span> 
     </span>
    </p>
   </div>
   <div class='ocr_carea' id='block_1_44' title="bbox 259 4405 1847 4489">
    <p class='ocr_par' dir='ltr' id='par_1_44' title="bbox 259 4405 1847 4489">
     <span class='ocr_line' id='line_1_44' title="bbox 259 4405 1847 4489; baseline 0.016 -30"><span class='ocrx_word' id='word_1_341' title='bbox 259 4405 354 4459; x_wconf 86' lang='lat' dir='ltr'><strong>ille</strong></span> <span class='ocrx_word' id='word_1_342' title='bbox 396 4408 706 4476; x_wconf 82' lang='lat' dir='ltr'><strong>publicanus</strong></span> <span class='ocrx_word' id='word_1_343' title='bbox 739 4434 752 4468; x_wconf 87' lang='lat'><strong>:</strong></span> <span class='ocrx_word' id='word_1_344' title='bbox 782 4429 889 4469; x_wconf 87' lang='lat' dir='ltr'><strong>non</strong></span> <span class='ocrx_word' id='word_1_345' title='bbox 934 4417 1076 4472; x_wconf 89' lang='lat' dir='ltr'><strong>enim</strong></span> <span class='ocrx_word' id='word_1_346' title='bbox 1122 4420 1283 4489; x_wconf 88' lang='lat' dir='ltr'><strong>pudet</strong></span> <span class='ocrx_word' id='word_1_347' title='bbox 1325 4437 1446 4479; x_wconf 90' lang='lat' dir='ltr'><strong>eum</strong></span> <span class='ocrx_word' id='word_1_348' title='bbox 1487 4425 1557 4481; x_wconf 89' lang='lat' dir='ltr'><strong>ab</strong></span> <span class='ocrx_word' id='word_1_349' title='bbox 1594 4405 1709 4483; x_wconf 82' lang='lat' dir='ltr'><strong>arte</strong></span> <span class='ocrx_word' id='word_1_350' title='bbox 1750 4405 1847 4486; x_wconf 80' lang='lat' dir='ltr'><strong>sua</strong></span> 
     </span>
    </p>
   </div>
   <div class='ocr_carea' id='block_1_45' title="bbox 259 4508 1844 4584">
    <p class='ocr_par' dir='ltr' id='par_1_45' title="bbox 259 4508 1844 4584">
     <span class='ocr_line' id='line_1_45' title="bbox 259 4508 1844 4584; baseline 0.015 -32"><span class='ocrx_word' id='word_1_351' title='bbox 259 4514 604 4569; x_wconf 88' lang='lat' dir='ltr'><strong>nuncupare:</strong></span> <span class='ocrx_word' id='word_1_352' title='bbox 653 4520 830 4576; x_wconf 78' lang='lat' dir='ltr'><strong>neque</strong></span> <span class='ocrx_word' id='word_1_353' title='bbox 875 4508 1056 4577; x_wconf 87' lang='lat' dir='ltr'><strong>illum,</strong></span> <span class='ocrx_word' id='word_1_354' title='bbox 1112 4528 1284 4584; x_wconf 85' lang='lat' dir='ltr'><strong>neque</strong></span> <span class='ocrx_word' id='word_1_355' title='bbox 1333 4515 1488 4572; x_wconf 84' lang='lat' dir='ltr'><strong>alios.</strong></span> <span class='ocrx_word' id='word_1_356' title='bbox 1540 4518 1653 4575; x_wconf 88' lang='lat' dir='ltr'><strong>lloc</strong></span> <span class='ocrx_word' id='word_1_357' title='bbox 1703 4520 1844 4576; x_wconf 82' lang='lat' dir='ltr'><strong>enim</strong></span> 
     </span>
    </p>
   </div>
   <div class='ocr_carea' id='block_1_46' title="bbox 258 4595 1845 4672">
    <p class='ocr_par' dir='ltr' id='par_1_46' title="bbox 258 4595 1845 4672">
     <span class='ocr_line' id='line_1_46' title="bbox 258 4595 1845 4672; baseline 0.013 -25"><span class='ocrx_word' id='word_1_358' title='bbox 258 4595 492 4650; x_wconf 81' lang='lat' dir='ltr'><strong>maxime</strong></span> <span class='ocrx_word' id='word_1_359' title='bbox 519 4607 573 4653; x_wconf 84' lang='lat' dir='ltr'><strong>et</strong></span> <span class='ocrx_word' id='word_1_360' title='bbox 597 4599 823 4668; x_wconf 86' lang='lat' dir='ltr'><strong>Spiritus</strong></span> <span class='ocrx_word' id='word_1_361' title='bbox 846 4604 1073 4672; x_wconf 84' lang='lat' dir='ltr'><strong>gratiam</strong></span> <span class='ocrx_word' id='word_1_362' title='bbox 1096 4614 1153 4661; x_wconf 80' lang='lat' dir='ltr'><strong>et</strong></span> <span class='ocrx_word' id='word_1_363' title='bbox 1179 4607 1388 4663; x_wconf 80' lang='lat' dir='ltr'><strong>illorum</strong></span> <span class='ocrx_word' id='word_1_364' title='bbox 1422 4610 1672 4667; x_wconf 86' lang='lat' dir='ltr'><strong>virtutem</strong></span> <span class='ocrx_word' id='word_1_365' title='bbox 1697 4627 1845 4669; x_wconf 88' lang='lat' dir='ltr'><strong>com-</strong></span> 
     </span>
    </p>
   </div>
   <div class='ocr_carea' id='block_1_47' title="bbox 258 4688 495 4743">
    <p class='ocr_par' dir='ltr' id='par_1_47' title="bbox 258 4688 495 4743">
     <span class='ocr_line' id='line_1_47' title="bbox 258 4688 495 4743; baseline 0.013 -3"><span class='ocrx_word' id='word_1_366' title='bbox 258 4688 495 4743; x_wconf 72' lang='lat' dir='ltr'><strong>&quot;tendat.</strong></span> 
     </span>
    </p>
   </div>
   <div class='ocr_carea' id='block_1_48' title="bbox 321 4938 1830 5029">
    <p class='ocr_par' dir='ltr' id='par_1_48' title="bbox 321 4938 1830 5029">
     <span class='ocr_line' id='line_1_48' title="bbox 321 4938 1830 5029; baseline 0.016 -38"><span class='ocrx_word' id='word_1_367' title='bbox 321 4938 377 4992; x_wconf 71' lang='lat'><strong>2.</strong></span> <span class='ocrx_word' id='word_1_368' title='bbox 416 4939 561 5009; x_wconf 90' lang='lat' dir='ltr'><strong>Opus</strong></span> <span class='ocrx_word' id='word_1_369' title='bbox 604 4953 780 4999; x_wconf 90' lang='lat' dir='ltr'><strong>autem</strong></span> <span class='ocrx_word' id='word_1_370' title='bbox 824 4960 979 5000; x_wconf 90' lang='lat' dir='ltr'><strong>suum</strong></span> <span class='ocrx_word' id='word_1_371' title='bbox 1020 4948 1141 5017; x_wconf 89' lang='lat' dir='ltr'><strong>jure</strong></span> <span class='ocrx_word' id='word_1_372' title='bbox 1172 4949 1513 5023; x_wconf 86' lang='lat' dir='ltr'><strong>Evangelium</strong></span> <span class='ocrx_word' id='word_1_373' title='bbox 1537 4956 1830 5029; x_wconf 83' lang='lat' dir='ltr'><strong>inscripsit.</strong></span> 
     </span>
    </p>
   </div>
   <div class='ocr_carea' id='block_1_49' title="bbox 248 5027 1830 5120">
    <p class='ocr_par' dir='ltr' id='par_1_49' title="bbox 248 5027 1830 5120">
     <span class='ocr_line' id='line_1_49' title="bbox 248 5027 1830 5120; baseline 0.014 -37"><span class='ocrx_word' id='word_1_374' title='bbox 248 5027 523 5095; x_wconf 86' lang='lat' dir='ltr'><strong>Siquidem</strong></span> <span class='ocrx_word' id='word_1_375' title='bbox 568 5033 828 5088; x_wconf 87' lang='lat' dir='ltr'><strong>sublatam</strong></span> <span class='ocrx_word' id='word_1_376' title='bbox 883 5036 1137 5094; x_wconf 91' lang='lat' dir='ltr'><strong>ultionem</strong></span> <span class='ocrx_word' id='word_1_377' title='bbox 1215 5052 1551 5110; x_wconf 88' lang='lat' dir='ltr'><strong>peccatorum</strong></span> <span class='ocrx_word' id='word_1_378' title='bbox 1598 5027 1830 5120; x_wconf 82' lang='lat' dir='ltr'><strong>veniam,</strong></span> 
     </span>
    </p>
   </div>
   <div class='ocr_carea' id='block_1_50' title="bbox 248 5118 1832 5215">
    <p class='ocr_par' dir='ltr' id='par_1_50' title="bbox 248 5118 1832 5215">
     <span class='ocr_line' id='line_1_50' title="bbox 248 5118 1832 5215; baseline 0.021 -44"><span class='ocrx_word' id='word_1_379' title='bbox 248 5118 527 5190; x_wconf 85' lang='lat' dir='ltr'><strong>justitiam,</strong></span> <span class='ocrx_word' id='word_1_380' title='bbox 556 5127 1054 5202; x_wconf 82' lang='lat' dir='ltr'><strong>sanetilicationem,</strong></span> <span class='ocrx_word' id='word_1_381' title='bbox 1103 5136 1547 5209; x_wconf 88' lang='lat' dir='ltr'><strong>redemptionem,</strong></span> <span class='ocrx_word' id='word_1_382' title='bbox 1583 5118 1832 5215; x_wconf 35' lang='lat' dir='ltr'><strong>adoptio;</strong></span> 
     </span>
    </p>
   </div>
   <div class='ocr_carea' id='block_1_51' title="bbox 246 5213 1829 5298">
    <p class='ocr_par' dir='ltr' id='par_1_51' title="bbox 246 5213 1829 5298">
     <span class='ocr_line' id='line_1_51' title="bbox 246 5213 1829 5298; baseline 0.02 -36"><span class='ocrx_word' id='word_1_383' title='bbox 246 5225 391 5276; x_wconf 89' lang='lat' dir='ltr'><strong>nem,</strong></span> <span class='ocrx_word' id='word_1_384' title='bbox 435 5213 687 5272; x_wconf 83' lang='lat' dir='ltr'><strong>caelorum</strong></span> <span class='ocrx_word' id='word_1_385' title='bbox 719 5218 1069 5279; x_wconf 85' lang='lat' dir='ltr'><strong>hereditatem</strong></span> <span class='ocrx_word' id='word_1_386' title='bbox 1099 5234 1154 5282; x_wconf 90' lang='lat' dir='ltr'><strong>et</strong></span> <span class='ocrx_word' id='word_1_387' title='bbox 1180 5230 1549 5298; x_wconf 80' lang='lat' dir='ltr'><strong>cognationem</strong></span> <span class='ocrx_word' id='word_1_388' title='bbox 1586 5213 1710 5291; x_wconf 81' lang='lat' dir='ltr'><strong>eum</strong></span> <span class='ocrx_word' id='word_1_389' title='bbox 1740 5237 1829 5294; x_wconf 86' lang='lat' dir='ltr'><strong>Fi-</strong></span> 
     </span>
    </p>
   </div>
   <div class='ocr_carea' id='block_1_52' title="bbox 246 5298 1830 5398">
    <p class='ocr_par' dir='ltr' id='par_1_52' title="bbox 246 5298 1830 5398">
     <span class='ocr_line' id='line_1_52' title="bbox 246 5298 1830 5398; baseline 0.02 -44"><span class='ocrx_word' id='word_1_390' title='bbox 246 5298 319 5357; x_wconf 88' lang='lat' dir='ltr'><strong>lio</strong></span> <span class='ocrx_word' id='word_1_391' title='bbox 349 5304 466 5371; x_wconf 89' lang='lat' dir='ltr'><strong>Dei,</strong></span> <span class='ocrx_word' id='word_1_392' title='bbox 496 5311 745 5367; x_wconf 81' lang='lat' dir='ltr'><strong>omnibus</strong></span> <span class='ocrx_word' id='word_1_393' title='bbox 765 5318 1134 5372; x_wconf 84' lang='lat' dir='ltr'><strong>annuntiatum</strong></span> <span class='ocrx_word' id='word_1_394' title='bbox 1160 5320 1328 5389; x_wconf 89' lang='lat' dir='ltr'><strong>venit,</strong></span> <span class='ocrx_word' id='word_1_395' title='bbox 1357 5322 1606 5393; x_wconf 90' lang='lat' dir='ltr'><strong>inimicis,</strong></span> <span class='ocrx_word' id='word_1_396' title='bbox 1635 5328 1830 5398; x_wconf 87' lang='lat' dir='ltr'><strong>impro-</strong></span> 
     </span>
    </p>
   </div>
   <div class='ocr_carea' id='block_1_53' title="bbox 245 5391 1827 5477">
    <p class='ocr_par' dir='ltr' id='par_1_53' title="bbox 245 5391 1827 5477">
     <span class='ocr_line' id='line_1_53' title="bbox 245 5391 1827 5477; baseline 0.02 -31"><span class='ocrx_word' id='word_1_397' title='bbox 245 5391 345 5457; x_wconf 79' lang='lat' dir='ltr'><strong>bis,</strong></span> <span class='ocrx_word' id='word_1_398' title='bbox 389 5396 700 5457; x_wconf 85' lang='lat' dir='ltr'><strong>sedentibus</strong></span> <span class='ocrx_word' id='word_1_399' title='bbox 744 5404 798 5459; x_wconf 91' lang='lat' dir='ltr'><strong>in</strong></span> <span class='ocrx_word' id='word_1_400' title='bbox 839 5407 1094 5465; x_wconf 88' lang='lat' dir='ltr'><strong>tenebris.</strong></span> <span class='ocrx_word' id='word_1_401' title='bbox 1138 5411 1274 5477; x_wconf 87' lang='lat' dir='ltr'><strong>Quid</strong></span> <span class='ocrx_word' id='word_1_402' title='bbox 1314 5420 1420 5468; x_wconf 86' lang='lat' dir='ltr'><strong>tam</strong></span> <span class='ocrx_word' id='word_1_403' title='bbox 1459 5391 1599 5473; x_wconf 86' lang='lat' dir='ltr'><strong>bono</strong></span> <span class='ocrx_word' id='word_1_404' title='bbox 1640 5391 1827 5476; x_wconf 73' lang='lat' dir='ltr'><strong>nuntio</strong></span> 
     </span>
    </p>
   </div>
   <div class='ocr_carea' id='block_1_54' title="bbox 1996 427 3577 503">
    <p class='ocr_par' dir='ltr' id='par_1_54' title="bbox 1996 427 3577 503">
     <span class='ocr_line' id='line_1_54' title="bbox 1996 427 3577 503; baseline -0.004 -17"><span class='ocrx_word' id='word_1_405' title='bbox 1996 446 2175 501; x_wconf 77' lang='lat' dir='ltr'><strong>pernis</strong></span> <span class='ocrx_word' id='word_1_406' title='bbox 2209 427 2557 503; x_wconf 74' lang='lat' dir='ltr'><strong>potestatibus</strong></span> <span class='ocrx_word' id='word_1_407' title='bbox 2582 430 2931 487; x_wconf 83' lang='lat' dir='ltr'><strong>versabantur</strong></span> <span class='ocrx_word' id='word_1_408' title='bbox 2962 450 2974 487; x_wconf 91' lang='lat'><strong>:</strong></span> <span class='ocrx_word' id='word_1_409' title='bbox 3000 428 3291 499; x_wconf 86' lang='lat' dir='ltr'><strong>videreque</strong></span> <span class='ocrx_word' id='word_1_410' title='bbox 3321 440 3437 484; x_wconf 88' lang='lat' dir='ltr'><strong>erat</strong></span> <span class='ocrx_word' id='word_1_411' title='bbox 3461 430 3577 482; x_wconf 85' lang='lat' dir='ltr'><strong>din-</strong></span> 
     </span>
    </p>
   </div>
   <div class='ocr_carea' id='block_1_55' title="bbox 1995 521 3576 591">
    <p class='ocr_par' dir='ltr' id='par_1_55' title="bbox 1995 521 3576 591">
     <span class='ocr_line' id='line_1_55' title="bbox 1995 521 3576 591; baseline -0.001 -17"><span class='ocrx_word' id='word_1_412' title='bbox 1995 532 2209 577; x_wconf 90' lang='lat' dir='ltr'><strong>turnum</strong></span> <span class='ocrx_word' id='word_1_413' title='bbox 2236 523 2435 579; x_wconf 85' lang='lat' dir='ltr'><strong>bellum</strong></span> <span class='ocrx_word' id='word_1_414' title='bbox 2480 523 2732 590; x_wconf 89' lang='lat' dir='ltr'><strong>solutum,</strong></span> <span class='ocrx_word' id='word_1_415' title='bbox 2759 532 2814 577; x_wconf 89' lang='lat' dir='ltr'><strong>et</strong></span> <span class='ocrx_word' id='word_1_416' title='bbox 2840 532 2991 591; x_wconf 81' lang='lat' dir='ltr'><strong>pacta</strong></span> <span class='ocrx_word' id='word_1_417' title='bbox 3017 536 3044 573; x_wconf 91' lang='lat' dir='ltr'><strong>a</strong></span> <span class='ocrx_word' id='word_1_418' title='bbox 3077 521 3185 575; x_wconf 89' lang='lat' dir='ltr'><strong>Deo</strong></span> <span class='ocrx_word' id='word_1_419' title='bbox 3224 535 3347 575; x_wconf 91' lang='lat' dir='ltr'><strong>cum</strong></span> <span class='ocrx_word' id='word_1_420' title='bbox 3388 530 3576 574; x_wconf 83' lang='lat' dir='ltr'><strong>nattra</strong></span> 
     </span>
    </p>
   </div>
   <div class='ocr_carea' id='block_1_56' title="bbox 1995 608 3578 682">
    <p class='ocr_par' dir='ltr' id='par_1_56' title="bbox 1995 608 3578 682">
     <span class='ocr_line' id='line_1_56' title="bbox 1995 608 3578 682; baseline 0 -20"><span class='ocrx_word' id='word_1_421' title='bbox 1995 621 2174 667; x_wconf 84' lang='lat' dir='ltr'><strong>nostra</strong></span> <span class='ocrx_word' id='word_1_422' title='bbox 2215 612 2384 679; x_wconf 77' lang='lat' dir='ltr'><strong>inita;</strong></span> <span class='ocrx_word' id='word_1_423' title='bbox 2430 612 2700 667; x_wconf 89' lang='lat' dir='ltr'><strong>diabolum</strong></span> <span class='ocrx_word' id='word_1_424' title='bbox 2748 612 2950 682; x_wconf 90' lang='lat' dir='ltr'><strong>pudore</strong></span> <span class='ocrx_word' id='word_1_425' title='bbox 2993 609 3262 675; x_wconf 70' lang='lat' dir='ltr'><strong>aliectum,</strong></span> <span class='ocrx_word' id='word_1_426' title='bbox 3303 608 3578 665; x_wconf 70' lang='lat' dir='ltr'><strong>dminouas</strong></span> 
     </span>
    </p>
   </div>
   <div class='ocr_carea' id='block_1_57' title="bbox 1996 700 3620 794">
    <p class='ocr_par' dir='ltr' id='par_1_57' title="bbox 1996 700 3620 794">
     <span class='ocr_line' id='line_1_57' title="bbox 1996 700 3620 794; baseline -0.001 -38"><span class='ocrx_word' id='word_1_427' title='bbox 1996 702 2230 769; x_wconf 80' lang='lat' dir='ltr'><strong>fugatos,</strong></span> <span class='ocrx_word' id='word_1_428' title='bbox 2283 711 2509 757; x_wconf 89' lang='lat' dir='ltr'><strong>mortem</strong></span> <span class='ocrx_word' id='word_1_429' title='bbox 2545 701 2897 767; x_wconf 75' lang='lat' dir='ltr'><strong>dissolutam,</strong></span> <span class='ocrx_word' id='word_1_430' title='bbox 2945 701 3253 773; x_wconf 81' lang='lat' dir='ltr'><strong>paradisum</strong></span> <span class='ocrx_word' id='word_1_431' title='bbox 3298 710 3575 794; x_wconf 82' lang='lat' dir='ltr'><strong>apertum.</strong></span> 
     </span>
    </p>
   </div>
   <div class='ocr_carea' id='block_1_58' title="bbox 1994 792 3578 862">
    <p class='ocr_par' dir='ltr' id='par_1_58' title="bbox 1994 792 3578 862">
     <span class='ocr_line' id='line_1_58' title="bbox 1994 792 3578 862; baseline -0.001 -15"><span class='ocrx_word' id='word_1_432' title='bbox 1994 794 2421 850; x_wconf 72' lang='lat' dir='ltr'><strong>inaledic&#39;tionem</strong></span> <span class='ocrx_word' id='word_1_433' title='bbox 2445 794 2699 859; x_wconf 88' lang='lat' dir='ltr'><strong>ablatam,</strong></span> <span class='ocrx_word' id='word_1_434' title='bbox 2747 804 3021 862; x_wconf 80' lang='lat' dir='ltr'><strong>peccatum</strong></span> <span class='ocrx_word' id='word_1_435' title='bbox 3066 793 3134 848; x_wconf 91' lang='lat' dir='ltr'><strong>de</strong></span> <span class='ocrx_word' id='word_1_436' title='bbox 3177 792 3355 848; x_wconf 88' lang='lat' dir='ltr'><strong>medio</strong></span> <span class='ocrx_word' id='word_1_437' title='bbox 3399 792 3578 847; x_wconf 87' lang='lat' dir='ltr'><strong>subla-</strong></span> 
     </span>
    </p>
   </div>
   <div class='ocr_carea' id='block_1_59' title="bbox 1994 883 3577 955">
    <p class='ocr_par' dir='ltr' id='par_1_59' title="bbox 1994 883 3577 955">
     <span class='ocr_line' id='line_1_59' title="bbox 1994 883 3577 955; baseline 0.002 -19"><span class='ocrx_word' id='word_1_438' title='bbox 1994 895 2124 951; x_wconf 82' lang='lat' dir='ltr'><strong>tum,</strong></span> <span class='ocrx_word' id='word_1_439' title='bbox 2148 900 2385 940; x_wconf 86' lang='lat' dir='ltr'><strong>errorem</strong></span> <span class='ocrx_word' id='word_1_440' title='bbox 2406 883 2707 955; x_wconf 85' lang='lat' dir='ltr'><strong>depulsum,</strong></span> <span class='ocrx_word' id='word_1_441' title='bbox 2732 885 3008 939; x_wconf 76' lang='lat' dir='ltr'><strong>veritatem</strong></span> <span class='ocrx_word' id='word_1_442' title='bbox 3040 900 3326 949; x_wconf 89' lang='lat' dir='ltr'><strong>reversam,</strong></span> <span class='ocrx_word' id='word_1_443' title='bbox 3355 884 3577 939; x_wconf 81' lang='lat' dir='ltr'><strong>verbum</strong></span> 
     </span>
    </p>
   </div>
   <div class='ocr_carea' id='block_1_60' title="bbox 1994 975 3575 1046">
    <p class='ocr_par' dir='ltr' id='par_1_60' title="bbox 1994 975 3575 1046">
     <span class='ocr_line' id='line_1_60' title="bbox 1994 975 3575 1046; baseline 0.001 -18"><span class='ocrx_word' id='word_1_444' title='bbox 1994 976 2203 1046; x_wconf 90' lang='lat' dir='ltr'><strong>pietatis</strong></span> <span class='ocrx_word' id='word_1_445' title='bbox 2237 976 2435 1046; x_wconf 82' lang='lat' dir='ltr'><strong>ubique</strong></span> <span class='ocrx_word' id='word_1_446' title='bbox 2459 975 2860 1036; x_wconf 88' lang='lat' dir='ltr'><strong>disseminatum</strong></span> <span class='ocrx_word' id='word_1_447' title='bbox 2892 986 2946 1031; x_wconf 91' lang='lat' dir='ltr'><strong>et</strong></span> <span class='ocrx_word' id='word_1_448' title='bbox 2969 991 3239 1041; x_wconf 83' lang='lat' dir='ltr'><strong>crescens,</strong></span> <span class='ocrx_word' id='word_1_449' title='bbox 3286 991 3575 1045; x_wconf 89' lang='lat' dir='ltr'><strong>supernam</strong></span> 
     </span>
    </p>
   </div>
   <div class='ocr_carea' id='block_1_61' title="bbox 1994 1067 3579 1132">
    <p class='ocr_par' dir='ltr' id='par_1_61' title="bbox 1994 1067 3579 1132">
     <span class='ocr_line' id='line_1_61' title="bbox 1994 1067 3579 1132; baseline 0.001 -12"><span class='ocrx_word' id='word_1_450' title='bbox 1994 1069 2117 1123; x_wconf 62' lang='lat' dir='ltr'><strong>vita:</strong></span> <span class='ocrx_word' id='word_1_451' title='bbox 2137 1068 2404 1125; x_wconf 80' lang='lat' dir='ltr'><strong>rationem</strong></span> <span class='ocrx_word' id='word_1_452' title='bbox 2430 1070 2483 1123; x_wconf 92' lang='lat' dir='ltr'><strong>in</strong></span> <span class='ocrx_word' id='word_1_453' title='bbox 2515 1074 2657 1123; x_wconf 81' lang='lat' dir='ltr'><strong>terra</strong></span> <span class='ocrx_word' id='word_1_454' title='bbox 2682 1068 2918 1132; x_wconf 86' lang='lat' dir='ltr'><strong>insitam,</strong></span> <span class='ocrx_word' id='word_1_455' title='bbox 2950 1067 3176 1122; x_wconf 76' lang='lat' dir='ltr'><strong>virtutes</strong></span> <span class='ocrx_word' id='word_1_456' title='bbox 3198 1068 3319 1123; x_wconf 86' lang='lat' dir='ltr'><strong>illas</strong></span> <span class='ocrx_word' id='word_1_457' title='bbox 3355 1067 3579 1122; x_wconf 80' lang='lat' dir='ltr'><strong>familia-</strong></span> 
     </span>
    </p>
   </div>
   <div class='ocr_carea' id='block_1_62' title="bbox 1995 1155 3575 1230">
    <p class='ocr_par' dir='ltr' id='par_1_62' title="bbox 1995 1155 3575 1230">
     <span class='ocr_line' id='line_1_62' title="bbox 1995 1155 3575 1230; baseline 0.001 -18"><span class='ocrx_word' id='word_1_458' title='bbox 1995 1160 2123 1214; x_wconf 89' lang='lat' dir='ltr'><strong>riter</strong></span> <span class='ocrx_word' id='word_1_459' title='bbox 2164 1160 2440 1215; x_wconf 84' lang='lat' dir='ltr'><strong>nobiscnm</strong></span> <span class='ocrx_word' id='word_1_460' title='bbox 2481 1168 2719 1230; x_wconf 77' lang='lat' dir='ltr'><strong>agentes,</strong></span> <span class='ocrx_word' id='word_1_461' title='bbox 2748 1157 2968 1228; x_wconf 86' lang='lat' dir='ltr'><strong>angelos</strong></span> <span class='ocrx_word' id='word_1_462' title='bbox 3009 1155 3315 1229; x_wconf 82' lang='lat' dir='ltr'><strong>frequenter</strong></span> <span class='ocrx_word' id='word_1_463' title='bbox 3344 1158 3395 1213; x_wconf 92' lang='lat' dir='ltr'><strong>in</strong></span> <span class='ocrx_word' id='word_1_464' title='bbox 3435 1167 3575 1213; x_wconf 84' lang='lat' dir='ltr'><strong>terra</strong></span> 
     </span>
    </p>
   </div>
   <div class='ocr_carea' id='block_1_63' title="bbox 1994 1246 3578 1323">
    <p class='ocr_par' dir='ltr' id='par_1_63' title="bbox 1994 1246 3578 1323">
     <span class='ocr_line' id='line_1_63' title="bbox 1994 1246 3578 1323; baseline 0.002 -19"><span class='ocrx_word' id='word_1_465' title='bbox 1994 1260 2285 1316; x_wconf 84' lang='lat' dir='ltr'><strong>versantes,</strong></span> <span class='ocrx_word' id='word_1_466' title='bbox 2315 1267 2668 1323; x_wconf 82' lang='lat' dir='ltr'><strong>magnamque</strong></span> <span class='ocrx_word' id='word_1_467' title='bbox 2712 1266 2862 1321; x_wconf 89' lang='lat' dir='ltr'><strong>spem</strong></span> <span class='ocrx_word' id='word_1_468' title='bbox 2892 1246 3207 1306; x_wconf 84' lang='lat' dir='ltr'><strong>futurorum.</strong></span> <span class='ocrx_word' id='word_1_469' title='bbox 3246 1250 3371 1306; x_wconf 86' lang='lat' dir='ltr'><strong>Ideo</strong></span> <span class='ocrx_word' id='word_1_470' title='bbox 3409 1252 3578 1307; x_wconf 88' lang='lat' dir='ltr'><strong>histo-</strong></span> 
     </span>
    </p>
   </div>
   <div class='ocr_carea' id='block_1_64' title="bbox 1995 1338 3575 1413">
    <p class='ocr_par' dir='ltr' id='par_1_64' title="bbox 1995 1338 3575 1413">
     <span class='ocr_line' id='line_1_64' title="bbox 1995 1338 3575 1413; baseline 0.002 -20"><span class='ocrx_word' id='word_1_471' title='bbox 1995 1338 2124 1396; x_wconf 87' lang='lat' dir='ltr'><strong>riam</strong></span> <span class='ocrx_word' id='word_1_472' title='bbox 2155 1342 2503 1413; x_wconf 85' lang='lat' dir='ltr'><strong>Evangelium</strong></span> <span class='ocrx_word' id='word_1_473' title='bbox 2531 1344 2741 1398; x_wconf 87' lang='lat' dir='ltr'><strong>vocavit</strong></span> <span class='ocrx_word' id='word_1_474' title='bbox 2782 1352 2798 1396; x_wconf 69' lang='grc' dir='ltr'>ξ</span> <span class='ocrx_word' id='word_1_475' title='bbox 2835 1343 2984 1412; x_wconf 88' lang='lat' dir='ltr'><strong>quasi</strong></span> <span class='ocrx_word' id='word_1_476' title='bbox 3023 1342 3227 1397; x_wconf 68' lang='lat' dir='ltr'><strong>scilicet</strong></span> <span class='ocrx_word' id='word_1_477' title='bbox 3253 1342 3355 1395; x_wconf 89' lang='lat' dir='ltr'><strong>alia</strong></span> <span class='ocrx_word' id='word_1_478' title='bbox 3395 1343 3575 1397; x_wconf 91' lang='lat' dir='ltr'><strong>omnia</strong></span> 
     </span>
    </p>
   </div>
   <div class='ocr_carea' id='block_1_65' title="bbox 1987 1434 3573 1505">
    <p class='ocr_par' dir='ltr' id='par_1_65' title="bbox 1987 1434 3573 1505">
     <span class='ocr_line' id='line_1_65' title="bbox 1987 1434 3573 1505; baseline -0.001 -16"><span class='ocrx_word' id='word_1_479' title='bbox 1987 1434 2151 1489; x_wconf 88' lang='lat' dir='ltr'><strong>verba</strong></span> <span class='ocrx_word' id='word_1_480' title='bbox 2178 1435 2339 1490; x_wconf 89' lang='lat' dir='ltr'><strong>rebus</strong></span> <span class='ocrx_word' id='word_1_481' title='bbox 2366 1434 2473 1489; x_wconf 88' lang='lat' dir='ltr'><strong>sint</strong></span> <span class='ocrx_word' id='word_1_482' title='bbox 2503 1449 2690 1499; x_wconf 86' lang='lat' dir='ltr'><strong>vacua,</strong></span> <span class='ocrx_word' id='word_1_483' title='bbox 2721 1435 2784 1488; x_wconf 82' lang='grc' dir='ltr'><strong>ιη’</strong></span> <span class='ocrx_word' id='word_1_484' title='bbox 2800 1447 2931 1505; x_wconf 79' lang='lat' dir='ltr'><strong>Opes</strong></span> <span class='ocrx_word' id='word_1_485' title='bbox 2958 1434 3159 1500; x_wconf 68' lang='lat' dir='ltr'><strong>mulae,</strong></span> <span class='ocrx_word' id='word_1_486' title='bbox 3188 1434 3274 1488; x_wconf 84' lang='lat' dir='ltr'><strong>vis</strong></span> <span class='ocrx_word' id='word_1_487' title='bbox 3300 1434 3573 1503; x_wconf 58' lang='lat' dir='ltr'><strong>potentia,</strong></span> 
     </span>
    </p>
   </div>
   <div class='ocr_carea' id='block_1_66' title="bbox 1991 1523 3580 1596">
    <p class='ocr_par' dir='ltr' id='par_1_66' title="bbox 1991 1523 3580 1596">
     <span class='ocr_line' id='line_1_66' title="bbox 1991 1523 3580 1596; baseline 0.002 -19"><span class='ocrx_word' id='word_1_488' title='bbox 1991 1523 2339 1594; x_wconf 83' lang='lat' dir='ltr'><strong>principatus,</strong></span> <span class='ocrx_word' id='word_1_489' title='bbox 2373 1524 2559 1594; x_wconf 73' lang='lat' dir='ltr'><strong>gloria,</strong></span> <span class='ocrx_word' id='word_1_490' title='bbox 2593 1525 2844 1591; x_wconf 90' lang='lat' dir='ltr'><strong>honores,</strong></span> <span class='ocrx_word' id='word_1_491' title='bbox 2867 1531 3173 1594; x_wconf 59' lang='lat' dir='ltr'><strong>miseraque</strong></span> <span class='ocrx_word' id='word_1_492' title='bbox 3212 1524 3414 1592; x_wconf 87' lang='lat' dir='ltr'><strong>omnia,</strong></span> <span class='ocrx_word' id='word_1_493' title='bbox 3455 1540 3580 1596; x_wconf 68' lang='lat' dir='ltr'><strong>qua:</strong></span> 
     </span>
    </p>
   </div>
   <div class='ocr_carea' id='block_1_67' title="bbox 1989 1614 3575 1686">
    <p class='ocr_par' dir='ltr' id='par_1_67' title="bbox 1989 1614 3575 1686">
     <span class='ocr_line' id='line_1_67' title="bbox 1989 1614 3575 1686; baseline 0.001 -17"><span class='ocrx_word' id='word_1_494' title='bbox 1989 1614 2130 1686; x_wconf 84' lang='lat' dir='ltr'><strong>apud</strong></span> <span class='ocrx_word' id='word_1_495' title='bbox 2180 1614 2423 1670; x_wconf 89' lang='lat' dir='ltr'><strong>homines</strong></span> <span class='ocrx_word' id='word_1_496' title='bbox 2470 1616 2605 1670; x_wconf 82' lang='lat' dir='ltr'><strong>bona</strong></span> <span class='ocrx_word' id='word_1_497' title='bbox 2656 1630 2777 1671; x_wconf 89' lang='lat' dir='ltr'><strong>esse</strong></span> <span class='ocrx_word' id='word_1_498' title='bbox 2823 1623 3109 1684; x_wconf 81' lang='lat' dir='ltr'><strong>putantur;</strong></span> <span class='ocrx_word' id='word_1_499' title='bbox 3154 1630 3275 1686; x_wconf 81' lang='lat' dir='ltr'><strong>qtue</strong></span> <span class='ocrx_word' id='word_1_500' title='bbox 3318 1624 3498 1671; x_wconf 77' lang='lat' dir='ltr'><strong>autem</strong></span> <span class='ocrx_word' id='word_1_501' title='bbox 3542 1630 3575 1671; x_wconf 78' lang='lat' dir='ltr'><strong>a</strong></span> 
     </span>
    </p>
   </div>
   <div class='ocr_carea' id='block_1_68' title="bbox 1991 1707 3575 1778">
    <p class='ocr_par' dir='ltr' id='par_1_68' title="bbox 1991 1707 3575 1778">
     <span class='ocr_line' id='line_1_68' title="bbox 1991 1707 3575 1778; baseline 0.001 -18"><span class='ocrx_word' id='word_1_502' title='bbox 1991 1707 2343 1777; x_wconf 88' lang='lat' dir='ltr'><strong>piscatoribus</strong></span> <span class='ocrx_word' id='word_1_503' title='bbox 2370 1709 2629 1776; x_wconf 88' lang='lat' dir='ltr'><strong>promissa</strong></span> <span class='ocrx_word' id='word_1_504' title='bbox 2664 1707 2835 1771; x_wconf 83' lang='lat' dir='ltr'><strong>fuere,</strong></span> <span class='ocrx_word' id='word_1_505' title='bbox 2870 1722 2996 1762; x_wconf 91' lang='lat' dir='ltr'><strong>vere</strong></span> <span class='ocrx_word' id='word_1_506' title='bbox 3021 1722 3084 1760; x_wconf 90' lang='lat' dir='ltr'><strong>ae</strong></span> <span class='ocrx_word' id='word_1_507' title='bbox 3114 1708 3327 1776; x_wconf 87' lang='lat' dir='ltr'><strong>proprie</strong></span> <span class='ocrx_word' id='word_1_508' title='bbox 3342 1721 3575 1778; x_wconf 81' lang='lat' dir='ltr'><strong>cvange-</strong></span> 
     </span>
    </p>
   </div>
   <div class='ocr_carea' id='block_1_69' title="bbox 1990 1798 3575 1869">
    <p class='ocr_par' dir='ltr' id='par_1_69' title="bbox 1990 1798 3575 1869">
     <span class='ocr_line' id='line_1_69' title="bbox 1990 1798 3575 1869; baseline 0 -17"><span class='ocrx_word' id='word_1_509' title='bbox 1990 1798 2058 1852; x_wconf 92' lang='lat' dir='ltr'><strong>lia</strong></span> <span class='ocrx_word' id='word_1_510' title='bbox 2088 1798 2334 1853; x_wconf 87' lang='lat' dir='ltr'><strong>dicantur</strong></span> <span class='ocrx_word' id='word_1_511' title='bbox 2385 1814 2538 1852; x_wconf 91' lang='lat' dir='ltr'><strong>:non</strong></span> <span class='ocrx_word' id='word_1_512' title='bbox 2581 1799 2756 1853; x_wconf 90' lang='lat' dir='ltr'><strong>solum</strong></span> <span class='ocrx_word' id='word_1_513' title='bbox 2805 1799 2927 1868; x_wconf 87' lang='lat' dir='ltr'><strong>quia</strong></span> <span class='ocrx_word' id='word_1_514' title='bbox 2979 1799 3130 1852; x_wconf 79' lang='lat' dir='ltr'><strong>firma</strong></span> <span class='ocrx_word' id='word_1_515' title='bbox 3176 1798 3575 1869; x_wconf 83' lang='lat' dir='ltr'><strong>immobiliaque</strong></span> 
     </span>
    </p>
   </div>
   <div class='ocr_carea' id='block_1_70' title="bbox 1989 1888 3573 1959">
    <p class='ocr_par' dir='ltr' id='par_1_70' title="bbox 1989 1888 3573 1959">
     <span class='ocr_line' id='line_1_70' title="bbox 1989 1888 3573 1959; baseline 0.001 -16"><span class='ocrx_word' id='word_1_516' title='bbox 1989 1888 2125 1943; x_wconf 88' lang='lat' dir='ltr'><strong>bona</strong></span> <span class='ocrx_word' id='word_1_517' title='bbox 2156 1896 2302 1953; x_wconf 88' lang='lat' dir='ltr'><strong>sunt,</strong></span> <span class='ocrx_word' id='word_1_518' title='bbox 2337 1898 2682 1958; x_wconf 89' lang='lat' dir='ltr'><strong>nostramque</strong></span> <span class='ocrx_word' id='word_1_519' title='bbox 2710 1889 3085 1957; x_wconf 79' lang='lat' dir='ltr'><strong>exsuperantia</strong></span> <span class='ocrx_word' id='word_1_520' title='bbox 3115 1888 3446 1959; x_wconf 85' lang='lat' dir='ltr'><strong>dignitatem,</strong></span> <span class='ocrx_word' id='word_1_521' title='bbox 3478 1888 3573 1944; x_wconf 77' lang='lat' dir='ltr'><strong>sed</strong></span> 
     </span>
    </p>
   </div>
   <div class='ocr_carea' id='block_1_71' title="bbox 1983 1978 3569 2050">
    <p class='ocr_par' dir='ltr' id='par_1_71' title="bbox 1983 1978 3569 2050">
     <span class='ocr_line' id='line_1_71' title="bbox 1983 1978 3569 2050; baseline 0 -15"><span class='ocrx_word' id='word_1_522' title='bbox 1983 1979 2147 2036; x_wconf 83' lang='lat' dir='ltr'><strong>etiam</strong></span> <span class='ocrx_word' id='word_1_523' title='bbox 2175 1980 2295 2050; x_wconf 80' lang='lat' dir='ltr'><strong>quia</strong></span> <span class='ocrx_word' id='word_1_524' title='bbox 2331 1996 2452 2034; x_wconf 81' lang='lat' dir='ltr'><strong>eum</strong></span> <span class='ocrx_word' id='word_1_525' title='bbox 2482 1980 2627 2034; x_wconf 85' lang='lat' dir='ltr'><strong>omni</strong></span> <span class='ocrx_word' id='word_1_526' title='bbox 2661 1979 2912 2035; x_wconf 84' lang='lat' dir='ltr'><strong>facilitate</strong></span> <span class='ocrx_word' id='word_1_527' title='bbox 2949 1979 3103 2036; x_wconf 88' lang='lat' dir='ltr'><strong>nobis</strong></span> <span class='ocrx_word' id='word_1_528' title='bbox 3128 1979 3250 2034; x_wconf 84' lang='lat' dir='ltr'><strong>data</strong></span> <span class='ocrx_word' id='word_1_529' title='bbox 3281 1989 3423 2035; x_wconf 87' lang='lat' dir='ltr'><strong>sunt.</strong></span> <span class='ocrx_word' id='word_1_530' title='bbox 3452 1978 3569 2035; x_wconf 86' lang='lat' dir='ltr'><strong>Non</strong></span> 
     </span>
    </p>
   </div>
   <div class='ocr_carea' id='block_1_72' title="bbox 1985 2070 3569 2137">
    <p class='ocr_par' dir='ltr' id='par_1_72' title="bbox 1985 2070 3569 2137">
     <span class='ocr_line' id='line_1_72' title="bbox 1985 2070 3569 2137; baseline 0 -11"><span class='ocrx_word' id='word_1_531' title='bbox 1985 2070 2129 2126; x_wconf 90' lang='lat' dir='ltr'><strong>enim</strong></span> <span class='ocrx_word' id='word_1_532' title='bbox 2154 2086 2219 2125; x_wconf 84' lang='lat' dir='ltr'><strong>ex</strong></span> <span class='ocrx_word' id='word_1_533' title='bbox 2251 2070 2434 2126; x_wconf 88' lang='lat' dir='ltr'><strong>labore</strong></span> <span class='ocrx_word' id='word_1_534' title='bbox 2472 2079 2527 2125; x_wconf 90' lang='lat' dir='ltr'><strong>et</strong></span> <span class='ocrx_word' id='word_1_535' title='bbox 2556 2070 2754 2126; x_wconf 86' lang='lat' dir='ltr'><strong>sudore</strong></span> <span class='ocrx_word' id='word_1_536' title='bbox 2801 2078 3006 2135; x_wconf 88' lang='lat' dir='ltr'><strong>nostro,</strong></span> <span class='ocrx_word' id='word_1_537' title='bbox 3040 2085 3144 2125; x_wconf 89' lang='lat' dir='ltr'><strong>non</strong></span> <span class='ocrx_word' id='word_1_538' title='bbox 3184 2086 3250 2126; x_wconf 71' lang='lat' dir='ltr'><strong>ex</strong></span> <span class='ocrx_word' id='word_1_539' title='bbox 3293 2070 3569 2137; x_wconf 84' lang='lat' dir='ltr'><strong>:erumnis,</strong></span> 
     </span>
    </p>
   </div>
   <div class='ocr_carea' id='block_1_73' title="bbox 1985 2163 3572 2235">
    <p class='ocr_par' dir='ltr' id='par_1_73' title="bbox 1985 2163 3572 2235">
     <span class='ocr_line' id='line_1_73' title="bbox 1985 2163 3572 2235; baseline 0.001 -18"><span class='ocrx_word' id='word_1_540' title='bbox 1985 2164 2079 2219; x_wconf 90' lang='lat' dir='ltr'><strong>sed</strong></span> <span class='ocrx_word' id='word_1_541' title='bbox 2123 2180 2186 2218; x_wconf 82' lang='lat' dir='ltr'><strong>ex</strong></span> <span class='ocrx_word' id='word_1_542' title='bbox 2234 2163 2324 2219; x_wconf 90' lang='lat' dir='ltr'><strong>Dei</strong></span> <span class='ocrx_word' id='word_1_543' title='bbox 2368 2179 2492 2234; x_wconf 84' lang='lat' dir='ltr'><strong>erga</strong></span> <span class='ocrx_word' id='word_1_544' title='bbox 2531 2179 2636 2219; x_wconf 78' lang='lat' dir='ltr'><strong>nos</strong></span> <span class='ocrx_word' id='word_1_545' title='bbox 2678 2178 2862 2218; x_wconf 87' lang='lat' dir='ltr'><strong>amore</strong></span> <span class='ocrx_word' id='word_1_546' title='bbox 2912 2163 3025 2219; x_wconf 71' lang='lat' dir='ltr'><strong>lucc</strong></span> <span class='ocrx_word' id='word_1_547' title='bbox 3066 2164 3419 2235; x_wconf 75' lang='lat' dir='ltr'><strong>suscepimus.</strong></span> <span class='ocrx_word' id='word_1_548' title='bbox 3462 2163 3572 2219; x_wconf 84' lang='lat' dir='ltr'><strong>Cur</strong></span> 
     </span>
    </p>
   </div>
   <div class='ocr_carea' id='block_1_74' title="bbox 1986 2256 3565 2327">
    <p class='ocr_par' dir='ltr' id='par_1_74' title="bbox 1986 2256 3565 2327">
     <span class='ocr_line' id='line_1_74' title="bbox 1986 2256 3565 2327; baseline 0.003 -18"><span class='ocrx_word' id='word_1_549' title='bbox 1986 2266 2149 2324; x_wconf 89' lang='lat' dir='ltr'><strong>porro</strong></span> <span class='ocrx_word' id='word_1_550' title='bbox 2185 2271 2304 2310; x_wconf 90' lang='lat' dir='ltr'><strong>cum</strong></span> <span class='ocrx_word' id='word_1_551' title='bbox 2352 2265 2529 2311; x_wconf 89' lang='lat' dir='ltr'><strong>tantus</strong></span> <span class='ocrx_word' id='word_1_552' title='bbox 2573 2256 2643 2312; x_wconf 92' lang='lat' dir='ltr'><strong>sit</strong></span> <span class='ocrx_word' id='word_1_553' title='bbox 2683 2256 3062 2327; x_wconf 85' lang='lat' dir='ltr'><strong>discipulorum</strong></span> <span class='ocrx_word' id='word_1_554' title='bbox 3109 2273 3366 2314; x_wconf 86' lang='lat' dir='ltr'><strong>numerus</strong></span> <span class='ocrx_word' id='word_1_555' title='bbox 3394 2298 3409 2324; x_wconf 95' lang='lat'><strong>,</strong></span> <span class='ocrx_word' id='word_1_556' title='bbox 3458 2257 3565 2313; x_wconf 87' lang='lat' dir='ltr'><strong>duo</strong></span> 
     </span>
    </p>
   </div>
   <div class='ocr_carea' id='block_1_75' title="bbox 1988 2348 3567 2420">
    <p class='ocr_par' dir='ltr' id='par_1_75' title="bbox 1988 2348 3567 2420">
     <span class='ocr_line' id='line_1_75' title="bbox 1988 2348 3567 2420; baseline 0.004 -18"><span class='ocrx_word' id='word_1_557' title='bbox 1988 2355 2188 2402; x_wconf 81' lang='lat' dir='ltr'><strong>tantum</strong></span> <span class='ocrx_word' id='word_1_558' title='bbox 2236 2364 2300 2403; x_wconf 71' lang='lat' dir='ltr'><strong>ex</strong></span> <span class='ocrx_word' id='word_1_559' title='bbox 2332 2348 2588 2420; x_wconf 83' lang='lat' dir='ltr'><strong>apostolis</strong></span> <span class='ocrx_word' id='word_1_560' title='bbox 2613 2350 2871 2417; x_wconf 89' lang='lat' dir='ltr'><strong>scribunt,</strong></span> <span class='ocrx_word' id='word_1_561' title='bbox 2921 2361 2976 2406; x_wconf 92' lang='lat' dir='ltr'><strong>et</strong></span> <span class='ocrx_word' id='word_1_562' title='bbox 3017 2351 3121 2406; x_wconf 83' lang='lat' dir='ltr'><strong>duo</strong></span> <span class='ocrx_word' id='word_1_563' title='bbox 3157 2367 3221 2406; x_wconf 73' lang='lat' dir='ltr'><strong>ex</strong></span> <span class='ocrx_word' id='word_1_564' title='bbox 3267 2366 3455 2407; x_wconf 90' lang='lat' dir='ltr'><strong>eorum</strong></span> <span class='ocrx_word' id='word_1_565' title='bbox 3480 2366 3567 2408; x_wconf 80' lang='lat' dir='ltr'><strong>se-</strong></span> 
     </span>
    </p>
   </div>
   <div class='ocr_carea' id='block_1_76' title="bbox 1985 2439 3570 2515">
    <p class='ocr_par' dir='ltr' id='par_1_76' title="bbox 1985 2439 3570 2515">
     <span class='ocr_line' id='line_1_76' title="bbox 1985 2439 3570 2515; baseline 0.007 -22"><span class='ocrx_word' id='word_1_566' title='bbox 1985 2439 2275 2509; x_wconf 83' lang='lat' dir='ltr'><strong>quacibus?</strong></span> <span class='ocrx_word' id='word_1_567' title='bbox 2317 2442 2449 2496; x_wconf 86' lang='lat' dir='ltr'><strong>Nam</strong></span> <span class='ocrx_word' id='word_1_568' title='bbox 2490 2443 2626 2498; x_wconf 81' lang='lat' dir='ltr'><strong>alter</strong></span> <span class='ocrx_word' id='word_1_569' title='bbox 2664 2443 2835 2508; x_wconf 82' lang='lat' dir='ltr'><strong>Pauli,</strong></span> <span class='ocrx_word' id='word_1_570' title='bbox 2885 2444 3023 2499; x_wconf 84' lang='lat' dir='ltr'><strong>a‘lter</strong></span> <span class='ocrx_word' id='word_1_571' title='bbox 3070 2443 3213 2499; x_wconf 84' lang='lat' dir='ltr'><strong>Petri</strong></span> <span class='ocrx_word' id='word_1_572' title='bbox 3254 2444 3570 2515; x_wconf 80' lang='lat' dir='ltr'><strong>discipulus.</strong></span> 
     </span>
    </p>
   </div>
   <div class='ocr_carea' id='block_1_77' title="bbox 1982 2533 3561 2619">
    <p class='ocr_par' dir='ltr' id='par_1_77' title="bbox 1982 2533 3561 2619">
     <span class='ocr_line' id='line_1_77' title="bbox 1982 2533 3561 2619; baseline 0.012 -32"><span class='ocrx_word' id='word_1_573' title='bbox 1982 2546 2105 2587; x_wconf 91' lang='lat' dir='ltr'><strong>cum</strong></span> <span class='ocrx_word' id='word_1_574' title='bbox 2129 2533 2333 2590; x_wconf 80' lang='lat' dir='ltr'><strong>Joanne</strong></span> <span class='ocrx_word' id='word_1_575' title='bbox 2363 2546 2416 2591; x_wconf 91' lang='lat' dir='ltr'><strong>et</strong></span> <span class='ocrx_word' id='word_1_576' title='bbox 2444 2537 2692 2595; x_wconf 79' lang='lat' dir='ltr'><strong>Mattme</strong></span> <span class='ocrx_word' id='word_1_577' title='bbox 2719 2542 3004 2615; x_wconf 81' lang='lat' dir='ltr'><strong>Evangelia</strong></span> <span class='ocrx_word' id='word_1_578' title='bbox 3032 2548 3385 2617; x_wconf 83' lang='lat' dir='ltr'><strong>scripserunt.</strong></span> <span class='ocrx_word' id='word_1_579' title='bbox 3428 2549 3561 2619; x_wconf 85' lang='lat' dir='ltr'><strong>Quia</strong></span> 
     </span>
    </p>
   </div>
   <div class='ocr_carea' id='block_1_78' title="bbox 1980 2621 3562 2701">
    <p class='ocr_par' dir='ltr' id='par_1_78' title="bbox 1980 2621 3562 2701">
     <span class='ocr_line' id='line_1_78' title="bbox 1980 2621 3562 2701; baseline 0.014 -27"><span class='ocrx_word' id='word_1_580' title='bbox 1980 2621 2109 2676; x_wconf 89' lang='lat' dir='ltr'><strong>nihil</strong></span> <span class='ocrx_word' id='word_1_581' title='bbox 2139 2639 2231 2692; x_wconf 89' lang='lat' dir='ltr'><strong>per</strong></span> <span class='ocrx_word' id='word_1_582' title='bbox 2252 2629 2673 2685; x_wconf 84' lang='lat' dir='ltr'><strong>ostentationem</strong></span> <span class='ocrx_word' id='word_1_583' title='bbox 2704 2630 2987 2701; x_wconf 86' lang='lat' dir='ltr'><strong>faciebant,</strong></span> <span class='ocrx_word' id='word_1_584' title='bbox 3016 2636 3110 2692; x_wconf 84' lang='lat' dir='ltr'><strong>sed</strong></span> <span class='ocrx_word' id='word_1_585' title='bbox 3148 2639 3326 2693; x_wconf 91' lang='lat' dir='ltr'><strong>omnia</strong></span> <span class='ocrx_word' id='word_1_586' title='bbox 3356 2640 3424 2695; x_wconf 91' lang='lat' dir='ltr'><strong>ad</strong></span> <span class='ocrx_word' id='word_1_587' title='bbox 3456 2641 3562 2697; x_wconf 82' lang='lat' dir='ltr'><strong>uti-</strong></span> 
     </span>
    </p>
   </div>
   <div class='ocr_carea' id='block_1_79' title="bbox 1980 2714 3566 2801">
    <p class='ocr_par' dir='ltr' id='par_1_79' title="bbox 1980 2714 3566 2801">
     <span class='ocr_line' id='line_1_79' title="bbox 1980 2714 3566 2801; baseline 0.012 -32"><span class='ocrx_word' id='word_1_588' title='bbox 1980 2714 2203 2771; x_wconf 87' lang='lat' dir='ltr'><strong>litatem.</strong></span> <span class='ocrx_word' id='word_1_589' title='bbox 2237 2716 2375 2785; x_wconf 83' lang='lat' dir='ltr'><strong>Quid</strong></span> <span class='ocrx_word' id='word_1_590' title='bbox 2403 2719 2599 2789; x_wconf 82' lang='lat' dir='ltr'><strong>igitur?</strong></span> <span class='ocrx_word' id='word_1_591' title='bbox 2624 2738 2804 2779; x_wconf 90' lang='lat' dir='ltr'><strong>annon</strong></span> <span class='ocrx_word' id='word_1_592' title='bbox 2845 2726 3144 2783; x_wconf 77' lang='lat' dir='ltr'><strong>sufficiebat</strong></span> <span class='ocrx_word' id='word_1_593' title='bbox 3172 2745 3309 2785; x_wconf 89' lang='lat' dir='ltr'><strong>unus</strong></span> <span class='ocrx_word' id='word_1_594' title='bbox 3331 2745 3533 2801; x_wconf 85' lang='lat' dir='ltr'><strong>evange</strong></span> <span class='ocrx_word' id='word_1_595' title='bbox 3552 2761 3566 2772; x_wconf 94' lang='lat'><strong>-</strong></span> 
     </span>
    </p>
   </div>
   <div class='ocr_carea' id='block_1_80' title="bbox 1978 2805 3565 2890">
    <p class='ocr_par' dir='ltr' id='par_1_80' title="bbox 1978 2805 3565 2890">
     <span class='ocr_line' id='line_1_80' title="bbox 1978 2805 3565 2890; baseline 0.011 -31"><span class='ocrx_word' id='word_1_596' title='bbox 1978 2805 2123 2875; x_wconf 78' lang='lat' dir='ltr'><strong>lista,</strong></span> <span class='ocrx_word' id='word_1_597' title='bbox 2169 2809 2257 2879; x_wconf 91' lang='lat' dir='ltr'><strong>qui</strong></span> <span class='ocrx_word' id='word_1_598' title='bbox 2299 2812 2477 2865; x_wconf 91' lang='lat' dir='ltr'><strong>omnia</strong></span> <span class='ocrx_word' id='word_1_599' title='bbox 2531 2816 2813 2869; x_wconf 80' lang='lat' dir='ltr'><strong>narraret?</strong></span> <span class='ocrx_word' id='word_1_600' title='bbox 2852 2815 3164 2873; x_wconf 82' lang='lat' dir='ltr'><strong>Sufliciebat</strong></span> <span class='ocrx_word' id='word_1_601' title='bbox 3206 2820 3426 2890; x_wconf 89' lang='lat' dir='ltr'><strong>quidem</strong></span> <span class='ocrx_word' id='word_1_602' title='bbox 3460 2837 3565 2877; x_wconf 91' lang='lat' dir='ltr'><strong>:ac</strong></span> 
     </span>
    </p>
   </div>
   <div class='ocr_carea' id='block_1_81' title="bbox 1977 2895 3560 2982">
    <p class='ocr_par' dir='ltr' id='par_1_81' title="bbox 1977 2895 3560 2982">
     <span class='ocr_line' id='line_1_81' title="bbox 1977 2895 3560 2982; baseline 0.011 -33"><span class='ocrx_word' id='word_1_603' title='bbox 1977 2895 2104 2953; x_wconf 81' lang='lat' dir='ltr'><strong>licet</strong></span> <span class='ocrx_word' id='word_1_604' title='bbox 2158 2909 2387 2969; x_wconf 81' lang='lat' dir='ltr'><strong>quatuor</strong></span> <span class='ocrx_word' id='word_1_605' title='bbox 2426 2903 2771 2973; x_wconf 77' lang='lat' dir='ltr'><strong>scripserint,</strong></span> <span class='ocrx_word' id='word_1_606' title='bbox 2831 2921 3011 2977; x_wconf 81' lang='lat' dir='ltr'><strong>neque</strong></span> <span class='ocrx_word' id='word_1_607' title='bbox 3054 2909 3245 2964; x_wconf 89' lang='lat' dir='ltr'><strong>eodem</strong></span> <span class='ocrx_word' id='word_1_608' title='bbox 3297 2920 3560 2982; x_wconf 87' lang='lat' dir='ltr'><strong>tempore,</strong></span> 
     </span>
    </p>
   </div>
   <div class='ocr_carea' id='block_1_82' title="bbox 1977 2990 3561 3071">
    <p class='ocr_par' dir='ltr' id='par_1_82' title="bbox 1977 2990 3561 3071">
     <span class='ocr_line' id='line_1_82' title="bbox 1977 2990 3561 3071; baseline 0.009 -29"><span class='ocrx_word' id='word_1_609' title='bbox 1977 3003 2152 3059; x_wconf 90' lang='lat' dir='ltr'><strong>neque</strong></span> <span class='ocrx_word' id='word_1_610' title='bbox 2178 2990 2371 3047; x_wconf 88' lang='lat' dir='ltr'><strong>eodem</strong></span> <span class='ocrx_word' id='word_1_611' title='bbox 2397 2992 2450 3047; x_wconf 93' lang='lat' dir='ltr'><strong>in</strong></span> <span class='ocrx_word' id='word_1_612' title='bbox 2473 2993 2612 3061; x_wconf 90' lang='lat' dir='ltr'><strong>loco,</strong></span> <span class='ocrx_word' id='word_1_613' title='bbox 2653 3011 2828 3066; x_wconf 87' lang='lat' dir='ltr'><strong>neque</strong></span> <span class='ocrx_word' id='word_1_614' title='bbox 2866 2999 3177 3071; x_wconf 81' lang='lat' dir='ltr'><strong>congregati</strong></span> <span class='ocrx_word' id='word_1_615' title='bbox 3222 3000 3380 3057; x_wconf 88' lang='lat' dir='ltr'><strong>simul</strong></span> <span class='ocrx_word' id='word_1_616' title='bbox 3405 3011 3461 3058; x_wconf 90' lang='lat' dir='ltr'><strong>et</strong></span> <span class='ocrx_word' id='word_1_617' title='bbox 3492 3017 3561 3058; x_wconf 70' lang='lat' dir='ltr'><strong>ex</strong></span> 
     </span>
    </p>
   </div>
   <div class='ocr_carea' id='block_1_83' title="bbox 1977 3089 3562 3163">
    <p class='ocr_par' dir='ltr' id='par_1_83' title="bbox 1977 3089 3562 3163">
     <span class='ocr_line' id='line_1_83' title="bbox 1977 3089 3562 3163; baseline 0.013 -30"><span class='ocrx_word' id='word_1_618' title='bbox 1977 3089 2162 3135; x_wconf 88' lang='lat' dir='ltr'><strong>mutuo</strong></span> <span class='ocrx_word' id='word_1_619' title='bbox 2190 3096 2480 3154; x_wconf 82' lang='lat' dir='ltr'><strong>congressu</strong></span> <span class='ocrx_word' id='word_1_620' title='bbox 2520 3102 2536 3140; x_wconf 93' lang='lat'><strong>:</strong></span> <span class='ocrx_word' id='word_1_621' title='bbox 2581 3095 2634 3141; x_wconf 90' lang='lat' dir='ltr'><strong>et</strong></span> <span class='ocrx_word' id='word_1_622' title='bbox 2663 3096 2841 3145; x_wconf 89' lang='lat' dir='ltr'><strong>tamen</strong></span> <span class='ocrx_word' id='word_1_623' title='bbox 2884 3104 3005 3146; x_wconf 81' lang='lat' dir='ltr'><strong>cum</strong></span> <span class='ocrx_word' id='word_1_624' title='bbox 3032 3093 3183 3163; x_wconf 87' lang='lat' dir='ltr'><strong>quasi</strong></span> <span class='ocrx_word' id='word_1_625' title='bbox 3222 3109 3287 3151; x_wconf 78' lang='lat' dir='ltr'><strong>ex</strong></span> <span class='ocrx_word' id='word_1_626' title='bbox 3319 3110 3425 3151; x_wconf 90' lang='lat' dir='ltr'><strong>uno</strong></span> <span class='ocrx_word' id='word_1_627' title='bbox 3465 3111 3562 3152; x_wconf 82' lang='lat' dir='ltr'><strong>ore</strong></span> 
     </span>
    </p>
   </div>
   <div class='ocr_carea' id='block_1_84' title="bbox 1978 3174 3561 3253">
    <p class='ocr_par' dir='ltr' id='par_1_84' title="bbox 1978 3174 3561 3253">
     <span class='ocr_line' id='line_1_84' title="bbox 1978 3174 3561 3253; baseline 0.012 -27"><span class='ocrx_word' id='word_1_628' title='bbox 1978 3174 2152 3228; x_wconf 89' lang='lat' dir='ltr'><strong>omnia</strong></span> <span class='ocrx_word' id='word_1_629' title='bbox 2179 3177 2545 3245; x_wconf 77' lang='lat' dir='ltr'><strong>pronuntient,</strong></span> <span class='ocrx_word' id='word_1_630' title='bbox 2575 3178 2700 3236; x_wconf 79' lang='lat' dir='ltr'><strong>hinc</strong></span> <span class='ocrx_word' id='word_1_631' title='bbox 2726 3197 2917 3253; x_wconf 77' lang='lat' dir='ltr'><strong>magna</strong></span> <span class='ocrx_word' id='word_1_632' title='bbox 2945 3185 3171 3248; x_wconf 68' lang='lat' dir='ltr'><strong>emergit</strong></span> <span class='ocrx_word' id='word_1_633' title='bbox 3201 3187 3445 3244; x_wconf 85' lang='lat' dir='ltr'><strong>veritatis</strong></span> <span class='ocrx_word' id='word_1_634' title='bbox 3464 3188 3561 3244; x_wconf 90' lang='lat' dir='ltr'><strong>de-</strong></span> 
     </span>
    </p>
   </div>
   <div class='ocr_carea' id='block_1_85' title="bbox 1976 3268 2311 3322">
    <p class='ocr_par' dir='ltr' id='par_1_85' title="bbox 1976 3268 2311 3322">
     <span class='ocr_line' id='line_1_85' title="bbox 1976 3268 2311 3322; baseline 0.021 -7"><span class='ocrx_word' id='word_1_635' title='bbox 1976 3268 2311 3322; x_wconf 89' lang='lat' dir='ltr'><strong>moustratio.</strong></span> 
     </span>
    </p>
   </div>
   <div class='ocr_carea' id='block_1_86' title="bbox 2049 3492 3555 3574">
    <p class='ocr_par' dir='ltr' id='par_1_86' title="bbox 2049 3492 3555 3574">
     <span class='ocr_line' id='line_1_86' title="bbox 2049 3492 3555 3574; baseline 0.017 -27"><span class='ocrx_word' id='word_1_636' title='bbox 2049 3492 2332 3568; x_wconf 68' lang='lat' dir='ltr'><strong>Evangrﬂa</strong></span> <span class='ocrx_word' id='word_1_637' title='bbox 2350 3515 2447 3555; x_wconf 86' lang='lat' dir='ltr'><strong>cur</strong></span> <span class='ocrx_word' id='word_1_638' title='bbox 2466 3503 2741 3574; x_wconf 66' lang='lat' dir='ltr'><strong>armanda</strong></span> <span class='ocrx_word' id='word_1_639' title='bbox 2767 3508 2896 3563; x_wconf 82' lang='lat' dir='ltr'><strong>inter</strong></span> <span class='ocrx_word' id='word_1_640' title='bbox 2914 3525 2967 3564; x_wconf 74' lang='lat' dir='ltr'><strong>se</strong></span> <span class='ocrx_word' id='word_1_641' title='bbox 2986 3512 3251 3570; x_wconf 73' lang='lat' dir='ltr'><strong>dissentire</strong></span> <span class='ocrx_word' id='word_1_642' title='bbox 3272 3514 3555 3573; x_wconf 71' lang='lat' dir='ltr'><strong>uideantur.</strong></span> 
     </span>
    </p>
   </div>
   <div class='ocr_carea' id='block_1_87' title="bbox 1968 3588 3554 3679">
    <p class='ocr_par' dir='ltr' id='par_1_87' title="bbox 1968 3588 3554 3679">
     <span class='ocr_line' id='line_1_87' title="bbox 1968 3588 3554 3679; baseline 0.016 -39"><span class='ocrx_word' id='word_1_643' title='bbox 1968 3588 2225 3659; x_wconf 84' lang='lat' dir='ltr'><strong>—Atqui,</strong></span> <span class='ocrx_word' id='word_1_644' title='bbox 2259 3593 2486 3663; x_wconf 83' lang='lat' dir='ltr'><strong>inquies,</strong></span> <span class='ocrx_word' id='word_1_645' title='bbox 2502 3598 2728 3655; x_wconf 86' lang='lat' dir='ltr'><strong>omnino</strong></span> <span class='ocrx_word' id='word_1_646' title='bbox 2762 3610 2945 3657; x_wconf 86' lang='lat' dir='ltr'><strong>contra</strong></span> <span class='ocrx_word' id='word_1_647' title='bbox 2967 3604 3200 3660; x_wconf 86' lang='lat' dir='ltr'><strong>accidit:</strong></span> <span class='ocrx_word' id='word_1_648' title='bbox 3240 3621 3383 3679; x_wconf 83' lang='lat' dir='ltr'><strong>saepe</strong></span> <span class='ocrx_word' id='word_1_649' title='bbox 3411 3610 3554 3665; x_wconf 83' lang='lat' dir='ltr'><strong>enim</strong></span> 
     </span>
    </p>
   </div>
   <div class='ocr_carea' id='block_1_88' title="bbox 1970 3675 3555 3772">
    <p class='ocr_par' dir='ltr' id='par_1_88' title="bbox 1970 3675 3555 3772">
     <span class='ocr_line' id='line_1_88' title="bbox 1970 3675 3555 3772; baseline 0.018 -41"><span class='ocrx_word' id='word_1_650' title='bbox 1970 3675 2111 3733; x_wconf 89' lang='lat' dir='ltr'><strong>inter</strong></span> <span class='ocrx_word' id='word_1_651' title='bbox 2128 3693 2189 3735; x_wconf 89' lang='lat' dir='ltr'><strong>se</strong></span> <span class='ocrx_word' id='word_1_652' title='bbox 2206 3681 2493 3741; x_wconf 82' lang='lat' dir='ltr'><strong>dissentire</strong></span> <span class='ocrx_word' id='word_1_653' title='bbox 2521 3686 3014 3759; x_wconf 78' lang='lat' dir='ltr'><strong>deprehenduntur.</strong></span> <span class='ocrx_word' id='word_1_654' title='bbox 3040 3694 3197 3753; x_wconf 86' lang='lat' dir='ltr'><strong>Certe</strong></span> <span class='ocrx_word' id='word_1_655' title='bbox 3226 3675 3351 3755; x_wconf 77' lang='lat' dir='ltr'><strong>illud</strong></span> <span class='ocrx_word' id='word_1_656' title='bbox 3380 3701 3555 3772; x_wconf 72' lang='lat' dir='ltr'><strong>ipsum</strong></span> 
     </span>
    </p>
   </div>
   <div class='ocr_carea' id='block_1_89' title="bbox 1964 3780 3551 3855">
    <p class='ocr_par' dir='ltr' id='par_1_89' title="bbox 1964 3780 3551 3855">
     <span class='ocr_line' id='line_1_89' title="bbox 1964 3780 3551 3855; baseline 0.017 -32"><span class='ocrx_word' id='word_1_657' title='bbox 1964 3784 2218 3842; x_wconf 79' lang='lat' dir='ltr'><strong>magnum</strong></span> <span class='ocrx_word' id='word_1_658' title='bbox 2239 3784 2321 3830; x_wconf 91' lang='lat' dir='ltr'><strong>est</strong></span> <span class='ocrx_word' id='word_1_659' title='bbox 2341 3792 2441 3847; x_wconf 88' lang='lat' dir='ltr'><strong>pro</strong></span> <span class='ocrx_word' id='word_1_660' title='bbox 2463 3780 2686 3837; x_wconf 86' lang='lat' dir='ltr'><strong>veritate</strong></span> <span class='ocrx_word' id='word_1_661' title='bbox 2712 3797 3103 3855; x_wconf 83' lang='lat' dir='ltr'><strong>argumentum.</strong></span> <span class='ocrx_word' id='word_1_662' title='bbox 3127 3788 3184 3844; x_wconf 86' lang='lat' dir='ltr'><strong>Si</strong></span> <span class='ocrx_word' id='word_1_663' title='bbox 3202 3791 3351 3847; x_wconf 86' lang='lat' dir='ltr'><strong>enim</strong></span> <span class='ocrx_word' id='word_1_664' title='bbox 3372 3795 3551 3849; x_wconf 90' lang='lat' dir='ltr'><strong>omnia</strong></span> 
     </span>
    </p>
   </div>
   <div class='ocr_carea' id='block_1_90' title="bbox 1966 3875 3548 3955">
    <p class='ocr_par' dir='ltr' id='par_1_90' title="bbox 1966 3875 3548 3955">
     <span class='ocr_line' id='line_1_90' title="bbox 1966 3875 3548 3955; baseline 0.015 -37"><span class='ocrx_word' id='word_1_665' title='bbox 1966 3875 2213 3922; x_wconf 84' lang='lat' dir='ltr'><strong>accurate</strong></span> <span class='ocrx_word' id='word_1_666' title='bbox 2230 3882 2617 3928; x_wconf 75' lang='lat' dir='ltr'><strong>consonasseut</strong></span> <span class='ocrx_word' id='word_1_667' title='bbox 2632 3884 2683 3929; x_wconf 91' lang='lat' dir='ltr'><strong>et</strong></span> <span class='ocrx_word' id='word_1_668' title='bbox 2704 3887 2958 3946; x_wconf 85' lang='lat' dir='ltr'><strong>quantum</strong></span> <span class='ocrx_word' id='word_1_669' title='bbox 2980 3881 3044 3935; x_wconf 90' lang='lat' dir='ltr'><strong>ad</strong></span> <span class='ocrx_word' id='word_1_670' title='bbox 3065 3890 3292 3952; x_wconf 88' lang='lat' dir='ltr'><strong>tempus,</strong></span> <span class='ocrx_word' id='word_1_671' title='bbox 3315 3893 3548 3955; x_wconf 76' lang='lat' dir='ltr'><strong>etquon-</strong></span> 
     </span>
    </p>
   </div>
   <div class='ocr_carea' id='block_1_91' title="bbox 1966 3958 3548 4039">
    <p class='ocr_par' dir='ltr' id='par_1_91' title="bbox 1966 3958 3548 4039">
     <span class='ocr_line' id='line_1_91' title="bbox 1966 3958 3548 4039; baseline 0.013 -30"><span class='ocrx_word' id='word_1_672' title='bbox 1966 3964 2079 4011; x_wconf 88' lang='lat' dir='ltr'><strong>tum</strong></span> <span class='ocrx_word' id='word_1_673' title='bbox 2106 3958 2173 4013; x_wconf 89' lang='lat' dir='ltr'><strong>ad</strong></span> <span class='ocrx_word' id='word_1_674' title='bbox 2200 3960 2345 4027; x_wconf 87' lang='lat' dir='ltr'><strong>loca,</strong></span> <span class='ocrx_word' id='word_1_675' title='bbox 2391 3973 2446 4019; x_wconf 91' lang='lat' dir='ltr'><strong>et</strong></span> <span class='ocrx_word' id='word_1_676' title='bbox 2484 3975 2743 4035; x_wconf 83' lang='lat' dir='ltr'><strong>quantum</strong></span> <span class='ocrx_word' id='word_1_677' title='bbox 2771 3969 2837 4022; x_wconf 91' lang='lat' dir='ltr'><strong>ad</strong></span> <span class='ocrx_word' id='word_1_678' title='bbox 2869 3970 2979 4039; x_wconf 89' lang='lat' dir='ltr'><strong>ipsa</strong></span> <span class='ocrx_word' id='word_1_679' title='bbox 3006 3973 3199 4039; x_wconf 85' lang='lat' dir='ltr'><strong>verba,</strong></span> <span class='ocrx_word' id='word_1_680' title='bbox 3228 3990 3291 4029; x_wconf 78' lang='lat' dir='ltr'><strong>ex</strong></span> <span class='ocrx_word' id='word_1_681' title='bbox 3322 3976 3548 4031; x_wconf 86' lang='lat' dir='ltr'><strong>inimicis</strong></span> 
     </span>
    </p>
   </div>
   <div class='ocr_carea' id='block_1_92' title="bbox 1962 4050 3548 4134">
    <p class='ocr_par' dir='ltr' id='par_1_92' title="bbox 1962 4050 3548 4134">
     <span class='ocr_line' id='line_1_92' title="bbox 1962 4050 3548 4134; baseline 0.013 -34"><span class='ocrx_word' id='word_1_682' title='bbox 1962 4060 2124 4103; x_wconf 86' lang='lat' dir='ltr'><strong>nemo</strong></span> <span class='ocrx_word' id='word_1_683' title='bbox 2143 4050 2443 4107; x_wconf 77' lang='lat' dir='ltr'><strong>crediturus</strong></span> <span class='ocrx_word' id='word_1_684' title='bbox 2462 4065 2611 4121; x_wconf 87' lang='lat' dir='ltr'><strong>erat,</strong></span> <span class='ocrx_word' id='word_1_685' title='bbox 2638 4058 2731 4111; x_wconf 89' lang='lat' dir='ltr'><strong>sed</strong></span> <span class='ocrx_word' id='word_1_686' title='bbox 2757 4073 2821 4112; x_wconf 80' lang='lat' dir='ltr'><strong>ex</strong></span> <span class='ocrx_word' id='word_1_687' title='bbox 2845 4070 3029 4115; x_wconf 91' lang='lat' dir='ltr'><strong>mutuo</strong></span> <span class='ocrx_word' id='word_1_688' title='bbox 3050 4062 3388 4134; x_wconf 87' lang='lat' dir='ltr'><strong>humanoque</strong></span> <span class='ocrx_word' id='word_1_689' title='bbox 3413 4080 3548 4120; x_wconf 88' lang='lat' dir='ltr'><strong>cou-</strong></span> 
     </span>
    </p>
   </div>
   <div class='ocr_carea' id='block_1_93' title="bbox 1963 4145 3546 4227">
    <p class='ocr_par' dir='ltr' id='par_1_93' title="bbox 1963 4145 3546 4227">
     <span class='ocr_line' id='line_1_93' title="bbox 1963 4145 3546 4227; baseline 0.011 -30"><span class='ocrx_word' id='word_1_690' title='bbox 1963 4158 2124 4200; x_wconf 88' lang='lat' dir='ltr'><strong>sensu</strong></span> <span class='ocrx_word' id='word_1_691' title='bbox 2155 4145 2268 4200; x_wconf 64' lang='lat' dir='ltr'><strong>hare</strong></span> <span class='ocrx_word' id='word_1_692' title='bbox 2293 4148 2487 4216; x_wconf 80' lang='lat' dir='ltr'><strong>scripta</strong></span> <span class='ocrx_word' id='word_1_693' title='bbox 2520 4149 2685 4205; x_wconf 86' lang='lat' dir='ltr'><strong>fuisse</strong></span> <span class='ocrx_word' id='word_1_694' title='bbox 2714 4160 3023 4220; x_wconf 79' lang='lat' dir='ltr'><strong>putassent,</strong></span> <span class='ocrx_word' id='word_1_695' title='bbox 3056 4163 3215 4224; x_wconf 83' lang='lat' dir='ltr'><strong>atque</strong></span> <span class='ocrx_word' id='word_1_696' title='bbox 3238 4156 3546 4227; x_wconf 73' lang='lat' dir='ltr'><strong>huiusmodi</strong></span> 
     </span>
    </p>
   </div>
   <div class='ocr_carea' id='block_1_94' title="bbox 1960 4238 3546 4321">
    <p class='ocr_par' dir='ltr' id='par_1_94' title="bbox 1960 4238 3546 4321">
     <span class='ocr_line' id='line_1_94' title="bbox 1960 4238 3546 4321; baseline 0.015 -36"><span class='ocrx_word' id='word_1_697' title='bbox 1960 4238 2367 4290; x_wconf 88' lang='lat' dir='ltr'><strong>consonantiam</strong></span> <span class='ocrx_word' id='word_1_698' title='bbox 2392 4251 2496 4291; x_wconf 86' lang='lat' dir='ltr'><strong>non</strong></span> <span class='ocrx_word' id='word_1_699' title='bbox 2512 4253 2582 4293; x_wconf 82' lang='lat' dir='ltr'><strong>ex</strong></span> <span class='ocrx_word' id='word_1_700' title='bbox 2607 4240 2965 4310; x_wconf 85' lang='lat' dir='ltr'><strong>simplicitate,</strong></span> <span class='ocrx_word' id='word_1_701' title='bbox 2990 4246 3401 4319; x_wconf 78' lang='lat' dir='ltr'><strong>sineeritateque</strong></span> <span class='ocrx_word' id='word_1_702' title='bbox 3422 4266 3546 4321; x_wconf 79' lang='lat' dir='ltr'><strong>pro-</strong></span> 
     </span>
    </p>
   </div>
   <div class='ocr_carea' id='block_1_95' title="bbox 1958 4321 3544 4408">
    <p class='ocr_par' dir='ltr' id='par_1_95' title="bbox 1958 4321 3544 4408">
     <span class='ocr_line' id='line_1_95' title="bbox 1958 4321 3544 4408; baseline 0.013 -32"><span class='ocrx_word' id='word_1_703' title='bbox 1958 4321 2171 4378; x_wconf 89' lang='lat' dir='ltr'><strong>cedere.</strong></span> <span class='ocrx_word' id='word_1_704' title='bbox 2194 4323 2312 4379; x_wconf 85' lang='lat' dir='ltr'><strong>Jam</strong></span> <span class='ocrx_word' id='word_1_705' title='bbox 2336 4341 2463 4381; x_wconf 89' lang='lat' dir='ltr'><strong>vero</strong></span> <span class='ocrx_word' id='word_1_706' title='bbox 2484 4328 2572 4383; x_wconf 85' lang='lat' dir='ltr'><strong>illa</strong></span> <span class='ocrx_word' id='word_1_707' title='bbox 2594 4345 2711 4399; x_wconf 75' lang='lat' dir='ltr'><strong>qua:</strong></span> <span class='ocrx_word' id='word_1_708' title='bbox 2734 4331 2786 4385; x_wconf 90' lang='lat' dir='ltr'><strong>in</strong></span> <span class='ocrx_word' id='word_1_709' title='bbox 2808 4333 3010 4403; x_wconf 79' lang='lat' dir='ltr'><strong>exiguis</strong></span> <span class='ocrx_word' id='word_1_710' title='bbox 3040 4335 3198 4391; x_wconf 83' lang='lat' dir='ltr'><strong>rebus</strong></span> <span class='ocrx_word' id='word_1_711' title='bbox 3212 4338 3544 4408; x_wconf 83' lang='lat' dir='ltr'><strong>deprehendi</strong></span> 
     </span>
    </p>
   </div>
   <div class='ocr_carea' id='block_1_96' title="bbox 1956 4415 3538 4499">
    <p class='ocr_par' dir='ltr' id='par_1_96' title="bbox 1956 4415 3538 4499">
     <span class='ocr_line' id='line_1_96' title="bbox 1956 4415 3538 4499; baseline 0.015 -32"><span class='ocrx_word' id='word_1_712' title='bbox 1956 4415 2168 4471; x_wconf 86' lang='lat' dir='ltr'><strong>videtur</strong></span> <span class='ocrx_word' id='word_1_713' title='bbox 2194 4417 2510 4486; x_wconf 85' lang='lat' dir='ltr'><strong>diversitas,</strong></span> <span class='ocrx_word' id='word_1_714' title='bbox 2544 4436 2759 4477; x_wconf 86' lang='lat' dir='ltr'><strong>omnem</strong></span> <span class='ocrx_word' id='word_1_715' title='bbox 2785 4425 2855 4479; x_wconf 91' lang='lat' dir='ltr'><strong>ab</strong></span> <span class='ocrx_word' id='word_1_716' title='bbox 2885 4425 3012 4496; x_wconf 78' lang='lat' dir='ltr'><strong>ipsis</strong></span> <span class='ocrx_word' id='word_1_717' title='bbox 3052 4430 3411 4499; x_wconf 78' lang='lat' dir='ltr'><strong>suspicionem</strong></span> <span class='ocrx_word' id='word_1_718' title='bbox 3441 4434 3538 4490; x_wconf 82' lang='lat' dir='ltr'><strong>de-</strong></span> 
     </span>
    </p>
   </div>
   <div class='ocr_carea' id='block_1_97' title="bbox 1953 4508 3543 4591">
    <p class='ocr_par' dir='ltr' id='par_1_97' title="bbox 1953 4508 3543 4591">
     <span class='ocr_line' id='line_1_97' title="bbox 1953 4508 3543 4591; baseline 0.013 -30"><span class='ocrx_word' id='word_1_719' title='bbox 1953 4508 2133 4576; x_wconf 87' lang='lat' dir='ltr'><strong>pellit,</strong></span> <span class='ocrx_word' id='word_1_720' title='bbox 2183 4510 2640 4582; x_wconf 74' lang='lat' dir='ltr'><strong>scribendumque</strong></span> <span class='ocrx_word' id='word_1_721' title='bbox 2675 4514 2833 4570; x_wconf 81' lang='lat' dir='ltr'><strong>fidem</strong></span> <span class='ocrx_word' id='word_1_722' title='bbox 2860 4517 3005 4573; x_wconf 87' lang='lat' dir='ltr'><strong>clare</strong></span> <span class='ocrx_word' id='word_1_723' title='bbox 3033 4519 3284 4576; x_wconf 87' lang='lat' dir='ltr'><strong>vindicat.</strong></span> <span class='ocrx_word' id='word_1_724' title='bbox 3313 4522 3465 4591; x_wconf 84' lang='lat' dir='ltr'><strong>Quod</strong></span> <span class='ocrx_word' id='word_1_725' title='bbox 3493 4527 3543 4581; x_wconf 76' lang='lat' dir='ltr'><strong>si</strong></span> 
     </span>
    </p>
   </div>
   <div class='ocr_carea' id='block_1_98' title="bbox 1952 4600 3537 4682">
    <p class='ocr_par' dir='ltr' id='par_1_98' title="bbox 1952 4600 3537 4682">
     <span class='ocr_line' id='line_1_98' title="bbox 1952 4600 3537 4682; baseline 0.013 -29"><span class='ocrx_word' id='word_1_726' title='bbox 1952 4600 2081 4668; x_wconf 83' lang='lat' dir='ltr'><strong>quid</strong></span> <span class='ocrx_word' id='word_1_727' title='bbox 2110 4602 2254 4657; x_wconf 84' lang='lat' dir='ltr'><strong>circa</strong></span> <span class='ocrx_word' id='word_1_728' title='bbox 2283 4612 2522 4675; x_wconf 90' lang='lat' dir='ltr'><strong>tempora</strong></span> <span class='ocrx_word' id='word_1_729' title='bbox 2549 4615 2604 4662; x_wconf 81' lang='lat' dir='ltr'><strong>et</strong></span> <span class='ocrx_word' id='word_1_730' title='bbox 2643 4607 2757 4663; x_wconf 87' lang='lat' dir='ltr'><strong>loca</strong></span> <span class='ocrx_word' id='word_1_731' title='bbox 2786 4612 3057 4667; x_wconf 86' lang='lat' dir='ltr'><strong>varietatis</strong></span> <span class='ocrx_word' id='word_1_732' title='bbox 3102 4615 3452 4682; x_wconf 83' lang='lat' dir='ltr'><strong>protulerint,</strong></span> <span class='ocrx_word' id='word_1_733' title='bbox 3484 4618 3537 4673; x_wconf 74' lang='lat' dir='ltr'><strong>id</strong></span> 
     </span>
    </p>
   </div>
   <div class='ocr_carea' id='block_1_99' title="bbox 1948 4691 3535 4777">
    <p class='ocr_par' dir='ltr' id='par_1_99' title="bbox 1948 4691 3535 4777">
     <span class='ocr_line' id='line_1_99' title="bbox 1948 4691 3535 4777; baseline 0.01 -31"><span class='ocrx_word' id='word_1_734' title='bbox 1948 4691 2084 4746; x_wconf 88' lang='lat' dir='ltr'><strong>nihil</strong></span> <span class='ocrx_word' id='word_1_735' title='bbox 2112 4692 2278 4749; x_wconf 88' lang='lat' dir='ltr'><strong>ofticit</strong></span> <span class='ocrx_word' id='word_1_736' title='bbox 2306 4697 2512 4751; x_wconf 79' lang='lat' dir='ltr'><strong>veritati</strong></span> <span class='ocrx_word' id='word_1_737' title='bbox 2541 4700 2892 4766; x_wconf 88' lang='lat' dir='ltr'><strong>narrationis;</strong></span> <span class='ocrx_word' id='word_1_738' title='bbox 2924 4702 2975 4756; x_wconf 92' lang='lat' dir='ltr'><strong>id</strong></span> <span class='ocrx_word' id='word_1_739' title='bbox 3004 4703 3145 4771; x_wconf 85' lang='lat' dir='ltr'><strong>quod</strong></span> <span class='ocrx_word' id='word_1_740' title='bbox 3166 4745 3181 4769; x_wconf 93' lang='lat'><strong>,</strong></span> <span class='ocrx_word' id='word_1_741' title='bbox 3216 4705 3324 4761; x_wconf 86' lang='lat' dir='ltr'><strong>Deo</strong></span> <span class='ocrx_word' id='word_1_742' title='bbox 3349 4706 3535 4777; x_wconf 77' lang='lat' dir='ltr'><strong>dante,</strong></span> 
     </span>
    </p>
   </div>
   <div class='ocr_carea' id='block_1_100' title="bbox 1946 4785 3531 4857">
    <p class='ocr_par' dir='ltr' id='par_1_100' title="bbox 1946 4785 3531 4857">
     <span class='ocr_line' id='line_1_100' title="bbox 1946 4785 3531 4857; baseline 0.012 -19"><span class='ocrx_word' id='word_1_743' title='bbox 1946 4785 2001 4839; x_wconf 90' lang='lat' dir='ltr'><strong>in</strong></span> <span class='ocrx_word' id='word_1_744' title='bbox 2022 4787 2364 4856; x_wconf 87' lang='lat' dir='ltr'><strong>sequentibus</strong></span> <span class='ocrx_word' id='word_1_745' title='bbox 2380 4789 2751 4847; x_wconf 86' lang='lat' dir='ltr'><strong>demonstrare</strong></span> <span class='ocrx_word' id='word_1_746' title='bbox 2768 4793 3105 4850; x_wconf 85' lang='lat' dir='ltr'><strong>conabimur.</strong></span> <span class='ocrx_word' id='word_1_747' title='bbox 3130 4796 3333 4853; x_wconf 71' lang='lat' dir='ltr'><strong>Praeter</strong></span> <span class='ocrx_word' id='word_1_748' title='bbox 3351 4809 3531 4857; x_wconf 82' lang='lat' dir='ltr'><strong>autem</strong></span> 
     </span>
    </p>
   </div>
   <div class='ocr_carea' id='block_1_101' title="bbox 1946 4877 3532 4959">
    <p class='ocr_par' dir='ltr' id='par_1_101' title="bbox 1946 4877 3532 4959">
     <span class='ocr_line' id='line_1_101' title="bbox 1946 4877 3532 4959; baseline 0.011 -29"><span class='ocrx_word' id='word_1_749' title='bbox 1946 4890 2105 4946; x_wconf 90' lang='lat' dir='ltr'><strong>supra</strong></span> <span class='ocrx_word' id='word_1_750' title='bbox 2132 4877 2275 4933; x_wconf 84' lang='lat' dir='ltr'><strong>dicta</strong></span> <span class='ocrx_word' id='word_1_751' title='bbox 2310 4921 2325 4945; x_wconf 92' lang='lat'><strong>,</strong></span> <span class='ocrx_word' id='word_1_752' title='bbox 2360 4880 2489 4935; x_wconf 88' lang='lat' dir='ltr'><strong>illud</strong></span> <span class='ocrx_word' id='word_1_753' title='bbox 2517 4882 2676 4937; x_wconf 90' lang='lat' dir='ltr'><strong>etiam</strong></span> <span class='ocrx_word' id='word_1_754' title='bbox 2706 4896 2803 4938; x_wconf 89' lang='lat' dir='ltr'><strong>vos</strong></span> <span class='ocrx_word' id='word_1_755' title='bbox 2828 4883 3122 4942; x_wconf 86' lang='lat' dir='ltr'><strong>observare</strong></span> <span class='ocrx_word' id='word_1_756' title='bbox 3147 4903 3436 4959; x_wconf 88' lang='lat' dir='ltr'><strong>rogamus,</strong></span> <span class='ocrx_word' id='word_1_757' title='bbox 3477 4893 3532 4947; x_wconf 89' lang='lat' dir='ltr'><strong>in</strong></span> 
     </span>
    </p>
   </div>
   <div class='ocr_carea' id='block_1_102' title="bbox 1944 4970 3530 5053">
    <p class='ocr_par' dir='ltr' id='par_1_102' title="bbox 1944 4970 3530 5053">
     <span class='ocr_line' id='line_1_102' title="bbox 1944 4970 3530 5053; baseline 0.01 -30"><span class='ocrx_word' id='word_1_758' title='bbox 1944 4970 2105 5024; x_wconf 86' lang='lat' dir='ltr'><strong>rebus</strong></span> <span class='ocrx_word' id='word_1_759' title='bbox 2137 4972 2415 5043; x_wconf 68' lang='lat' dir='ltr'><strong>praecipuis</strong></span> <span class='ocrx_word' id='word_1_760' title='bbox 2434 5014 2448 5037; x_wconf 92' lang='lat'><strong>,</strong></span> <span class='ocrx_word' id='word_1_761' title='bbox 2480 4988 2599 5043; x_wconf 74' lang='lat' dir='ltr'><strong>qua:</strong></span> <span class='ocrx_word' id='word_1_762' title='bbox 2624 4974 2689 5029; x_wconf 93' lang='lat' dir='ltr'><strong>ad</strong></span> <span class='ocrx_word' id='word_1_763' title='bbox 2718 4976 2880 5030; x_wconf 86' lang='lat' dir='ltr'><strong>vitam</strong></span> <span class='ocrx_word' id='word_1_764' title='bbox 2905 4986 3143 5034; x_wconf 83' lang='lat' dir='ltr'><strong>nostram</strong></span> <span class='ocrx_word' id='word_1_765' title='bbox 3173 4989 3228 5036; x_wconf 81' lang='lat' dir='ltr'><strong>et</strong></span> <span class='ocrx_word' id='word_1_766' title='bbox 3260 4980 3327 5037; x_wconf 88' lang='lat' dir='ltr'><strong>ad</strong></span> <span class='ocrx_word' id='word_1_767' title='bbox 3359 4983 3530 5053; x_wconf 80' lang='lat' dir='ltr'><strong>ipsam</strong></span> 
     </span>
    </p>
   </div>
   <div class='ocr_carea' id='block_1_103' title="bbox 1944 5060 3533 5137">
    <p class='ocr_par' dir='ltr' id='par_1_103' title="bbox 1944 5060 3533 5137">
     <span class='ocr_line' id='line_1_103' title="bbox 1944 5060 3533 5137; baseline 0.011 -23"><span class='ocrx_word' id='word_1_768' title='bbox 1944 5060 2374 5130; x_wconf 69' lang='lat' dir='ltr'><strong>medicationem</strong></span> <span class='ocrx_word' id='word_1_769' title='bbox 2400 5064 2651 5119; x_wconf 88' lang='lat' dir='ltr'><strong>tuendam</strong></span> <span class='ocrx_word' id='word_1_770' title='bbox 2674 5067 2973 5137; x_wconf 87' lang='lat' dir='ltr'><strong>pertinent,</strong></span> <span class='ocrx_word' id='word_1_771' title='bbox 3002 5070 3206 5126; x_wconf 83' lang='lat' dir='ltr'><strong>nultum</strong></span> <span class='ocrx_word' id='word_1_772' title='bbox 3231 5087 3416 5129; x_wconf 88' lang='lat' dir='ltr'><strong>eorum</strong></span> <span class='ocrx_word' id='word_1_773' title='bbox 3437 5089 3533 5131; x_wconf 85' lang='lat' dir='ltr'><strong>us-</strong></span> 
     </span>
    </p>
   </div>
   <div class='ocr_carea' id='block_1_104' title="bbox 1943 5153 3529 5233">
    <p class='ocr_par' dir='ltr' id='par_1_104' title="bbox 1943 5153 3529 5233">
     <span class='ocr_line' id='line_1_104' title="bbox 1943 5153 3529 5233; baseline 0.012 -28"><span class='ocrx_word' id='word_1_774' title='bbox 1943 5153 2084 5221; x_wconf 88' lang='lat' dir='ltr'><strong>piam</strong></span> <span class='ocrx_word' id='word_1_775' title='bbox 2113 5154 2183 5209; x_wconf 92' lang='lat' dir='ltr'><strong>ab</strong></span> <span class='ocrx_word' id='word_1_776' title='bbox 2225 5155 2347 5211; x_wconf 90' lang='lat' dir='ltr'><strong>aliis</strong></span> <span class='ocrx_word' id='word_1_777' title='bbox 2387 5156 2471 5211; x_wconf 91' lang='lat' dir='ltr'><strong>vel</strong></span> <span class='ocrx_word' id='word_1_778' title='bbox 2520 5157 2798 5214; x_wconf 86' lang='lat' dir='ltr'><strong>minimum</strong></span> <span class='ocrx_word' id='word_1_779' title='bbox 2849 5160 3135 5219; x_wconf 89' lang='lat' dir='ltr'><strong>dissentire</strong></span> <span class='ocrx_word' id='word_1_780' title='bbox 3175 5164 3529 5233; x_wconf 86' lang='lat' dir='ltr'><strong>deprehendi.</strong></span> 
     </span>
    </p>
   </div>
   <div class='ocr_carea' id='block_1_105' title="bbox 1941 5241 3526 5320">
    <p class='ocr_par' dir='ltr' id='par_1_105' title="bbox 1941 5241 3526 5320">
     <span class='ocr_line' id='line_1_105' title="bbox 1941 5241 3526 5320; baseline 0.012 -24"><span class='ocrx_word' id='word_1_781' title='bbox 1941 5241 2195 5310; x_wconf 78' lang='lat' dir='ltr'><strong>Quzenam</strong></span> <span class='ocrx_word' id='word_1_782' title='bbox 2226 5253 2404 5301; x_wconf 87' lang='lat' dir='ltr'><strong>autem</strong></span> <span class='ocrx_word' id='word_1_783' title='bbox 2436 5247 2524 5302; x_wconf 88' lang='lat' dir='ltr'><strong>illa</strong></span> <span class='ocrx_word' id='word_1_784' title='bbox 2554 5249 2818 5320; x_wconf 67' lang='lat' dir='ltr'><strong>praecipua</strong></span> <span class='ocrx_word' id='word_1_785' title='bbox 2849 5252 3012 5307; x_wconf 75' lang='lat' dir='ltr'><strong>sunt?</strong></span> <span class='ocrx_word' id='word_1_786' title='bbox 3041 5251 3210 5309; x_wconf 91' lang='lat' dir='ltr'><strong>Deum</strong></span> <span class='ocrx_word' id='word_1_787' title='bbox 3250 5254 3526 5314; x_wconf 85' lang='lat' dir='ltr'><strong>hominem</strong></span> 
     </span>
    </p>
   </div>
   <div class='ocr_carea' id='block_1_106' title="bbox 1940 5333 3527 5419">
    <p class='ocr_par' dir='ltr' id='par_1_106' title="bbox 1940 5333 3527 5419">
     <span class='ocr_line' id='line_1_106' title="bbox 1940 5333 3527 5419; baseline 0.01 -32"><span class='ocrx_word' id='word_1_788' title='bbox 1940 5333 2138 5390; x_wconf 89' lang='lat' dir='ltr'><strong>factum</strong></span> <span class='ocrx_word' id='word_1_789' title='bbox 2169 5352 2308 5404; x_wconf 78' lang='lat' dir='ltr'><strong>esse,</strong></span> <span class='ocrx_word' id='word_1_790' title='bbox 2348 5340 2607 5396; x_wconf 90' lang='lat' dir='ltr'><strong>miracula</strong></span> <span class='ocrx_word' id='word_1_791' title='bbox 2636 5341 2886 5410; x_wconf 89' lang='lat' dir='ltr'><strong>edidisse,</strong></span> <span class='ocrx_word' id='word_1_792' title='bbox 2917 5344 3229 5402; x_wconf 79' lang='lat' dir='ltr'><strong>cruciﬁxum</strong></span> <span class='ocrx_word' id='word_1_793' title='bbox 3250 5363 3315 5404; x_wconf 88' lang='lat' dir='ltr'><strong>ac</strong></span> <span class='ocrx_word' id='word_1_794' title='bbox 3343 5351 3527 5419; x_wconf 87' lang='lat' dir='ltr'><strong>sepul-</strong></span> 
     </span>
    </p>
   </div>
   <div class='ocr_carea' id='block_1_107' title="bbox 1946 5429 3525 5515">
    <p class='ocr_par' dir='ltr' id='par_1_107' title="bbox 1946 5429 3525 5515">
     <span class='ocr_line' id='line_1_107' title="bbox 1946 5429 3525 5515; baseline 0.008 -28"><span class='ocrx_word' id='word_1_795' title='bbox 1946 5439 2059 5487; x_wconf 76' lang='lat' dir='ltr'><strong>tum</strong></span> <span class='ocrx_word' id='word_1_796' title='bbox 2086 5429 2285 5500; x_wconf 78' lang='lat' dir='ltr'><strong>fuisse,</strong></span> <span class='ocrx_word' id='word_1_797' title='bbox 2313 5436 2707 5504; x_wconf 83' lang='lat' dir='ltr'><strong>resurrexisse,</strong></span> <span class='ocrx_word' id='word_1_798' title='bbox 2737 5437 2790 5494; x_wconf 81' lang='lat' dir='ltr'><strong>in</strong></span> <span class='ocrx_word' id='word_1_799' title='bbox 2833 5440 3023 5497; x_wconf 85' lang='lat' dir='ltr'><strong>caelum</strong></span> <span class='ocrx_word' id='word_1_800' title='bbox 3067 5442 3409 5511; x_wconf 83' lang='lat' dir='ltr'><strong>ascendisse,</strong></span> <span class='ocrx_word' id='word_1_801' title='bbox 3433 5444 3525 5515; x_wconf 86' lang='lat' dir='ltr'><strong>ju-</strong></span> 
     </span>
    </p>
   </div>
   <div class='ocr_carea' id='block_1_108' title="bbox 1939 5522 3524 5605">
    <p class='ocr_par' dir='ltr' id='par_1_108' title="bbox 1939 5522 3524 5605">
     <span class='ocr_line' id='line_1_108' title="bbox 1939 5522 3524 5605; baseline 0.008 -28"><span class='ocrx_word' id='word_1_802' title='bbox 1939 5522 2240 5579; x_wconf 86' lang='lat' dir='ltr'><strong>dicaturum</strong></span> <span class='ocrx_word' id='word_1_803' title='bbox 2265 5539 2420 5593; x_wconf 88' lang='lat' dir='ltr'><strong>esse,</strong></span> <span class='ocrx_word' id='word_1_804' title='bbox 2463 5528 2714 5584; x_wconf 84' lang='lat' dir='ltr'><strong>salutaria</strong></span> <span class='ocrx_word' id='word_1_805' title='bbox 2757 5530 2973 5589; x_wconf 85' lang='lat' dir='ltr'><strong>dedisse</strong></span> <span class='ocrx_word' id='word_1_806' title='bbox 3018 5542 3322 5603; x_wconf 67' lang='lat' dir='ltr'><strong>praecepta,</strong></span> <span class='ocrx_word' id='word_1_807' title='bbox 3350 5535 3524 5605; x_wconf 84' lang='lat' dir='ltr'><strong>legem</strong></span> 
     </span>
    </p>
   </div>
   <div class='ocr_carea' id='block_1_109' title="bbox 1937 5616 3517 5693">
    <p class='ocr_par' dir='ltr' id='par_1_109' title="bbox 1937 5616 3517 5693">
     <span class='ocr_line' id='line_1_109' title="bbox 1937 5616 3517 5693; baseline 0.009 -25"><span class='ocrx_word' id='word_1_808' title='bbox 1937 5616 2104 5670; x_wconf 83' lang='lat' dir='ltr'><strong>veteri</strong></span> <span class='ocrx_word' id='word_1_809' title='bbox 2136 5630 2241 5671; x_wconf 88' lang='lat' dir='ltr'><strong>non</strong></span> <span class='ocrx_word' id='word_1_810' title='bbox 2270 5618 2590 5675; x_wconf 87' lang='lat' dir='ltr'><strong>contrariam</strong></span> <span class='ocrx_word' id='word_1_811' title='bbox 2623 5620 2930 5677; x_wconf 76' lang='lat' dir='ltr'><strong>induxisse:</strong></span> <span class='ocrx_word' id='word_1_812' title='bbox 2963 5623 3134 5693; x_wconf 89' lang='lat' dir='ltr'><strong>ipsum</strong></span> <span class='ocrx_word' id='word_1_813' title='bbox 3154 5623 3347 5679; x_wconf 83' lang='lat' dir='ltr'><strong>Filium</strong></span> <span class='ocrx_word' id='word_1_814' title='bbox 3365 5638 3517 5692; x_wconf 86' lang='lat' dir='ltr'><strong>esse,</strong></span> 
     </span>
    </p>
   </div>
   <div class='ocr_carea' id='block_1_110' title="bbox 1937 5705 3520 5784">
    <p class='ocr_par' dir='ltr' id='par_1_110' title="bbox 1937 5705 3520 5784">
     <span class='ocr_line' id='line_1_110' title="bbox 1937 5705 3520 5784; baseline 0.007 -20"><span class='ocrx_word' id='word_1_815' title='bbox 1937 5705 2297 5779; x_wconf 76' lang='lat' dir='ltr'><strong>Unigenitum,</strong></span> <span class='ocrx_word' id='word_1_816' title='bbox 2331 5712 2640 5784; x_wconf 84' lang='lat' dir='ltr'><strong>genuinum,</strong></span> <span class='ocrx_word' id='word_1_817' title='bbox 2670 5714 2909 5784; x_wconf 84' lang='lat' dir='ltr'><strong>ejusdem</strong></span> <span class='ocrx_word' id='word_1_818' title='bbox 2935 5730 3056 5771; x_wconf 83' lang='lat' dir='ltr'><strong>cum</strong></span> <span class='ocrx_word' id='word_1_819' title='bbox 3086 5716 3242 5775; x_wconf 83' lang='lat' dir='ltr'><strong>Patre</strong></span> <span class='ocrx_word' id='word_1_820' title='bbox 3269 5717 3520 5777; x_wconf 85' lang='lat' dir='ltr'><strong>substan-</strong></span> 
     </span>
    </p>
   </div>
  </div>
