4058 6204
649 270 712 326 17
1333 271 1389 323 S.
1429 269 1709 323 JUANNIS
1751 271 2240 327 CHRYSOSTOMI
2282 269 2600 325 AllCIHEl’.
2644 262 3188 323 CONSTANTINOI'.
3820 263 3878 318 18

640 367 721 414 tiae
755 381 766 416 :
793 351 843 416 et
879 361 960 413 his
987 359 1197 414 similia.
1229 357 1379 411 Circa
1413 355 1597 409 isthmc
1623 354 1763 416 enim
1795 371 2037 422 magnam
2071 356 2214 406 inve-

639 454 842 503 niemus
865 451 1001 502 inter
1029 448 1172 516 ipsos
1192 445 1616 500 consonantiam.
1641 445 1694 498 Si
1724 459 1846 519 vero
1871 445 1920 495 iu
1946 443 2215 496 miraculis

636 560 740 595 non
764 539 948 594 omnes
972 541 1146 593 omnia
1174 539 1458 602 dixerunt,
1483 538 1573 592 sed
1600 537 1734 590 alius
1764 535 1875 588 lucc
1899 575 1914 600 ,
1945 534 2078 589 alius
2105 535 2212 600 illa,

637 649 700 685 ne
747 632 864 685 ideo
911 630 1171 694 turbcris;
1225 644 1347 682 nam
1374 628 1416 682 si
1450 643 1585 682 unus
1617 626 1791 680 omnia
1828 610 2091 684 dixisset,
2122 638 2214 678 sn-

636 722 869 790 pcrﬂuus
893 730 1036 776 esset
1061 721 1385 790 reliquorum
1416 733 1698 781 numerus;
1728 715 1810 770 sin
1836 707 2218 768 omnes’diver-

634 831 687 865 sa
718 814 731 844 ¹
760 822 813 866 et
859 828 992 866 nova
1025 811 1394 880 scripsissent,
1442 808 1644 862 nullum
1692 815 2001 875 suppeteret
2026 818 2215 858 conso-

634 905 829 976 nantia:
864 915 1253 971 argumentum.
1300 901 1423 954 Ideo
1452 899 1616 952 multa
1645 900 1664 929 ³
1697 898 1875 968 plures
1902 895 2058 950 simul
2091 909 2215 948 nar-

634 984 837 1061 rarunt,
863 1006 916 1048 et
942 993 1129 1062 singuli
1152 992 1417 1063 quidpiam
1449 990 1546 1043 sibi
1571 988 1841 1058 proprium
1871 985 2210 1041 scribendum

637 1083 1021 1154 Susceperunt,
1068 1100 1134 1137 ne
1163 1083 1287 1153 quid
1331 1082 1654 1150 superllnum
1688 1079 1774 1134 vcl'
1802 1088 2001 1132 temere
2033 1077 2212 1146 proje-

633 1164 777 1229 ctum
804 1176 1000 1228 dixisse
1022 1173 1320 1237 videamur,
1350 1181 1509 1242 utque
1532 1170 1768 1225 veritatis
1791 1177 2094 1224 accuratam
2119 1183 2213 1222 no-

635 1267 716 1318 bis
738 1265 1098 1334 probationem
1126 1263 1397 1319 oﬂ‘errcnt.

643 1467 647 1470 ’
704 1482 757 1536 ’5.
789 1478 960 1552 Lucas
981 1476 1139 1546 igitur
1161 1475 1319 1529 etiam
1347 1484 1562 1525 causam
1592 1466 1744 1520 nobis
1772 1462 1993 1534 profert,
2021 1475 2123 1530 qua
2147 1458 2212 1512 ad

629 1559 969 1628 scribendum
999 1567 1248 1622 inductus
1276 1573 1391 1618 est:
1449 1561 1514 1615 Ut
1545 1558 1728 1611 habeas
1751 1598 1763 1620 ,
1798 1552 2002 1624 inquit,
2043 1565 2214 1605 eorum

632 1662 925 1728 uerborum,
960 1661 1020 1712 de
1058 1658 1236 1727 quibus
1275 1654 1526 1708 institutus
1565 1667 1646 1712 es,
1695 1649 1952 1719 ueritatem
1976 1643 2135 1714 (Luc.
2163 1643 2213 1694 l.

633 1755 701 1824 4)
727 1771 739 1817 ;
771 1751 821 1805 id
852 1760 934 1805 est
955 1793 968 1816 ,
998 1748 1065 1805 Ut
1095 1764 1237 1817 s-.epe
1265 1742 1622 1813 commonitus
1648 1751 1825 1793 certus
1849 1737 1922 1790 sis
1946 1776 1961 1800 ,
1995 1749 2214 1802 persua-

632 1861 829 1914 susque
847 1857 1085 1896 maneas.
1111 1839 1342 1893 Joannes
1358 1849 1484 1888 vero
1501 1846 1711 1887 causam
1737 1826 1999 1882 scribendi
2021 1825 2174 1879 tacuit
2197 1838 2214 1887 ;

635 1949 692 1990 ut
731 1945 907 1990 autem
935 1935 1044 2002 jam
1073 1931 1200 1984 olim
1226 1945 1255 1983 a
1302 1926 1591 1996 majoribus
1621 1934 1676 1978 et
1719 1920 1957 1990 patribus
2003 1917 2216 1984 accepi-

634 2042 752 2081 mus
771 2065 789 2089 ,
815 2040 918 2078 non
942 2024 1057 2076 sine
1083 2035 1238 2075 causa
1259 2019 1324 2073 ad
1348 2015 1688 2072 scribendum
1716 2013 1951 2066 animum
1971 2009 2174 2078 appulit
2200 2024 2212 2061 :

633 2118 727 2174 sed
758 2117 877 2186 quia
907 2115 1139 2185 priorum
1170 2113 1326 2166 trium
1360 2110 1441 2162 hic
1474 2121 1666 2178 scepus
1714 2104 1920 2166 fuerat,
1953 2112 2010 2156 ut
2038 2100 2102 2155 de
2129 2115 2216 2154 as-

636 2217 844 2277 sumpta
867 2223 1026 2262 carne
1046 2205 1284 2276 pluribus
1305 2209 1543 2272 agerent,
1568 2198 1970 2271 periculumque
1991 2202 2127 2260 crat,
2152 2208 2218 2246 ne

637 2300 928 2354 divinitatis
971 2298 1216 2366 dogmata
1249 2301 1549 2348 lacerentur
1573 2331 1590 2356 ,
1616 2289 1830 2344 Christo
1857 2286 2069 2339 demum
2099 2298 2218 2335 mo-

637 2400 791 2446 vente
827 2389 892 2444 ad
925 2386 1269 2456 Evangelium
1298 2381 1637 2438 scribendum
1682 2378 1928 2432 inductus
1953 2384 2053 2430 est.
2087 2372 2217 2426 Illud

639 2497 767 2537 vero
796 2480 967 2550 palam
993 2489 1075 2535 est
1105 2494 1170 2532 ex
1200 2477 1312 2547 ipsa
1340 2473 1563 2528 historia
1593 2480 1646 2528 et
1672 2486 1734 2526 ex
1769 2466 2040 2537 Evangelii
2067 2480 2220 2519 exor-

641 2579 746 2632 dio.
795 2578 973 2646 Neque
1019 2576 1159 2630 enim
1209 2571 1427 2642 perinde
1457 2577 1616 2638 atque
1643 2566 1729 2620 alii
1774 2563 1840 2617 ab
1885 2558 2220 2614 inferioribus
2274 2576 2281 2582 '

639 2671 829 2738 coepit;
854 2669 947 2724 sed
970 2684 997 2720 a
1021 2665 1383 2736 superioribus
1401 2705 1416 2728 ,
1448 2661 1498 2716 id
1520 2658 1659 2731 quod
1686 2657 1784 2714 sibi
1811 2657 1860 2710 in
1889 2669 2053 2724 scopo
2082 2661 2213 2708 erat.

634 2763 868 2832 ideoque
887 2771 1050 2816 totum
1066 2760 1258 2814 librum
1276 2757 1458 2811 edidit.
1479 2755 1660 2823 Neque
1678 2759 1878 2805 tantum
1907 2750 1956 2802 in
1977 2746 2212 2808 exordio,

641 2858 732 2911 sed
762 2858 919 2911 etiam
944 2856 992 2907 in
1022 2862 1132 2907 toto
1164 2849 1436 2918 Evangelii
1460 2847 1684 2901 decursu
1709 2841 1921 2900 Ctlllet'is
1944 2837 2218 2893 sublimior

640 2961 739 3005 est.
771 2950 1026 3003 Narratur
1055 2959 1212 3014 porro
1239 2935 1542 2996 Matthmum
1568 2979 1582 3006 ,
1615 2933 1992 2991 accedentibus
2021 2944 2217 2997 rogan-

641 3044 888 3110 tibusqne
913 3037 1110 3093 Juda-is
1135 3035 1223 3104 qui
1256 3031 1628 3093 crediderant,
1660 3041 1722 3080 ea
1745 3040 1863 3093 quin
1896 3021 2068 3076 verbis
2101 3033 2232 3088 pro»~

642 3133 834 3187 tulerat
860 3129 1024 3184 literis
1045 3126 1306 3194 descripta
1336 3121 1523 3178 iisdem
1548 3117 1827 3186 reliquisse
1848 3156 1860 3180 ,
1885 3123 1938 3168 et
1963 3110 2219 3167 chraice

643 3221 990 3290 Evangelium
1023 3217 1300 3288 scripsisse
1328 3233 1340 3268 :
1374 3212 1605 3266 Marcum
1627 3209 1754 3264 item
1781 3207 1832 3260 in
1855 3204 2086 3274 Egypto
2129 3216 2221 3255 r0-

642 3325 765 3385 gatu
791 3311 1173 3380 discipulorum
1198 3307 1424 3375 idipsum
1457 3303 1664 3356 fecisse.
1689 3299 1892 3353 Idcirco
1917 3295 2220 3358 Matthtcus,

645 3383 825 3476 utpote
853 3403 942 3474 qui
974 3401 1213 3456 Hebraeis
1251 3397 1539 3458 scriberet,
1575 3391 1704 3446 nihil
1749 3388 1891 3444 aliud
1939 3383 2224 3442 ostendere

644 3498 874 3560 studuit,
919 3509 1079 3565 quam
1108 3491 1248 3563 quod
1277 3490 1344 3544 ab
1374 3487 1677 3543 Abrahamo
1702 3492 1758 3539 et
1801 3478 1998 3536 Davide
2047 3487 2225 3533 ortum

647 3591 900 3645 duceret:
947 3587 1118 3640 Lucas
1144 3598 1276 3638 vero
1297 3623 1311 3646 ,
1341 3580 1538 3651 quippe
1564 3576 1653 3646 qui
1685 3573 1930 3629 omnibus
1960 3568 2118 3627 simul
2149 3568 2243 3621 10--

646 3690 936 3752 queretur,
968 3677 1128 3730 altius
1151 3687 1453 3728 sermonem
1483 3667 1753 3728 extendit,
1786 3675 1838 3719 et
1867 3664 1932 3718 ad
1962 3661 2225 3716 Adamnm

649 3751 815 3844 usque
857 3769 1210 3843 progreditur.
1265 3765 1355 3820 Ille
1399 3762 1611 3832 quidem
1642 3776 1668 3811 a
1699 3755 2039 3828 generatione
2081 3751 2227 3805 ducit

647 3865 923 3922 exordium
957 3879 971 3915 :
1013 3859 1144 3914 nihil
1171 3859 1368 3928 quippe
1397 3865 1500 3908 tam
1532 3851 1717 3908 Judaro
1746 3849 1956 3917 placere
1982 3849 2223 3913 poterat,

647 3973 805 4028 quam
837 3956 880 4010 si
923 3952 1196 4007 Christum
1245 3945 1474 4002 Abt-aha:
1503 3951 1560 3999 et
1600 3940 1809 3994 Davidis
1852 3937 2080 3991 disceret
2108 3947 2228 3986 esse

613 4059 617 4062 ’
650 4057 897 4119 nepotem
922 4062 936 4112 ;
967 4045 1052 4098 hic
1080 4056 1207 4096 vero
1232 4053 1428 4101 secus;
1463 4049 1584 4090 nam
1612 4032 1790 4088 multis
1821 4029 1966 4097 prius
1994 4037 2228 4079 comme-

649 4140 890 4205 moratis,
912 4135 978 4192 ad
997 4131 1364 4206 genealogiam
1384 4126 1574 4183 deinde
1597 4121 1849 4194 procedit.
1875 4119 2088 4174 Illorum
2109 4127 2231 4183 por-

651 4251 709 4286 ro
739 4205 1124 4290 concordiam,
1154 4225 1284 4278 orbe
1318 4229 1430 4276 toto
1458 4227 1592 4273 teste
1622 4213 1994 4284 probabimus,
2028 4208 2116 4278 qui
2145 4205 2230 4258 illa

651 4323 916 4390 suscepit;
949 4319 1054 4372 imo
1077 4323 1242 4370 testes
1262 4311 1488 4366 aderunt
1510 4307 1608 4374 ipsi
1638 4304 1876 4359 veritatis
1900 4299 2117 4354 inimici.
2147 4297 2230 4351 εἰν

651 4416 864 4486 quidem
896 4410 1076 4464 multa:
1115 4413 1234 4473 post
1272 4403 1389 4455 illos
1426 4398 1660 4451 haereses
1707 4392 2070 4463 pullularunt,
2099 4405 2255 4442 conv

654 4479 812 4559 traria
836 4503 899 4555 iis
922 4512 1039 4568 qua:
1064 4496 1200 4550 dicta
1227 4499 1352 4547 sunt
1375 4489 1654 4558 opinantes
1681 4527 1695 4547 ,
1734 4496 1958 4552 quarum
1982 4479 2098 4532 alia:
2118 4493 2232 4530 om-

656 4600 738 4651 nia
781 4608 898 4665 quat
937 4591 1130 4658 scripta
1167 4591 1293 4640 sunt
1329 4585 1692 4649 acceperunt;
1734 4574 1854 4628 aliae
1891 4585 2018 4624 vero
2059 4577 2234 4636 partes

656 4661 858 4745 tantum
899 4681 1153 4755 quasdam
1176 4676 1538 4738 admiserunt,
1568 4679 1624 4724 et
1643 4665 1781 4736 apud
1804 4679 1862 4718 se
1887 4661 2098 4716 mutilas
2117 4672 2231 4711 ser-

656 4792 798 4838 vant.
841 4753 992 4846 Quod
1023 4776 1066 4830 si
1100 4787 1270 4842 pugna
1314 4768 1488 4834 aliqua
1517 4765 1567 4818 in
1598 4763 1752 4816 dictis
1782 4765 1958 4818 esset,
1991 4753 2093 4807 illa:
2117 4764 2234 4818 qua:

655 4891 720 4930 ex
746 4873 969 4927 adverso
999 4869 1284 4935 loquuntur
1306 4862 1536 4915 luerescs
1559 4871 1662 4910 non
1686 4851 1860 4907 omnia
1885 4848 2232 4919 recepissent,

657 4959 754 5022 sed
797 4964 938 5017 illam
979 4965 1183 5013 tantum
1214 4962 1414 5024 partem
1444 4965 1561 5021 qua:
1591 4947 1689 5002 sibi
1723 4944 1899 4999 favere
1927 4940 2232 5003 videretur;

665 5069 838 5124 neque
855 5052 961 5105 illa:
983 5065 1105 5118 qua:
1126 5054 1330 5115 partem
1359 5043 1706 5106 acceperunt,
1725 5031 1792 5084 ab
1820 5028 1908 5082 illa
1932 5031 2082 5095 parte
2106 5034 2237 5118 con-

663 5107 1043 5199 vincerentur,
1071 5107 1291 5203 propter
1335 5128 1579 5197 ipsorum
1628 5121 2053 5189 fragmentorum
2095 5107 2236 5164 noti-

668 5227 980 5299 tiam,quasi
1001 5220 1394 5281 clamitantium
1423 5231 1577 5272 suam
1603 5227 1724 5267 eum
1750 5218 1860 5261 toto
1877 5204 1994 5259 libri
2015 5211 2240 5268 corpore

727 5478 742 5508 ί
769 5471 851 5522 Sic
872 5443 1024 5517 Savil.
1049 5467 1099 5512 et
1119 5472 1296 5522 omnes
1311 5469 1440 5522 pene
1479 5455 1588 5501 Mss.
1611 5456 1759 5514 atque
1784 5449 1848 5498 ita
1874 5450 1997 5509 legit
2023 5445 2237 5497 Atrianus

663 5517 1047 5584 recteahlorelq
1071 5522 1146 5584 sin
1166 5517 1327 5570 omnia
1348 5517 1591 5584 diverso.”
1877 5578 1887 5584 _
2020 5570 2049 5584 ,Α
2112 5570 2124 5584 1
2203 5566 2213 5575 _

728 5570 1177 5643 i'it'a'i'ééfé'stivii.
1204 5575 1592 5643 ctrinanuscripti
1613 5586 1816 5631 omnes;
1844 5578 1994 5643 atque
2018 5570 2084 5643 ita
2112 5570 2240 5631 legit

652 5661 692 5710 Α
715 5632 1109 5702 adiudicat-Ei;
1133 5657 1251 5692 vero
1271 5639 1412 5700 legit,
1436 5632 1615 5694 omnia,
1644 5648 1747 5695 pro,
1774 5632 1924 5681 multo.
1948 5645 1959 5688 ;
1984 5633 2124 5680 male.

2341 364 2770 421 consensionem.
2807 360 3269 428 Quemadmodum
3298 359 3341 414 si
3383 373 3444 412 ex
3481 359 3643 413 latere
3663 359 3877 430 .aliquat

2342 467 2548 526 partem
2572 471 2777 520 sumas,
2806 454 2858 507 in
2881 454 2966 506 illa
2988 460 3140 521 parte
3161 466 3222 504 ea
3243 451 3431 504 omnia
3452 451 3694 505 invenies
3717 468 3776 507 ex
3803 469 3874 522 qu

2343 552 2442 603 bus
2455 556 2666 604 constat
2685 557 2853 600 totum
2869 544 3878 609 animal,nervos,venas,ossa,arteria:

2341 639 2679 710 sanguinem,
2703 646 2756 692 et
2788 635 2972 700 totius,
2997 644 3055 688 ut
3091 635 3161 689 ita
3205 635 3402 698 dicam,
3429 649 3624 688 massae
3651 633 3878 688 iudiciut

2341 729 2796 783 etdocumentum
2827 745 2839 779 :
2870 727 2948 779 sic
2979 725 3143 779 etiam
3182 726 3232 778 in
3269 723 3564 793 Scripturis
3588 725 3770 777 videre
3793 734 3877 778 est

2342 816 2692 885 conspicuam
2724 814 2969 867 videlicet
2986 812 3322 882 singulorum
3357 812 3624 866 dictorum
3647 827 3773 865 cum
3805 821 3878 866 tot

2341 908 2676 963 allinitatem.
2705 904 2759 959 Si
2779 914 2958 958 autem
2984 905 3459 968 dissonarcnt,non
3485 902 3878 972 deprehenderr

2325 1007 2489 1053 “retur
2510 999 2621 1052 haec
2640 993 3299 1063 aﬂinitas,totumquejam
3319 994 3446 1047 olim
3466 993 3660 1063 dogma
3675 994 3878 1048 solutut

2327 1089 2555 1154 fuisset;
2583 1104 2705 1142 nam
2735 1088 2900 1142 Omne
2922 1099 3160 1156 regnum,
3187 1084 3380 1155 inquit,
3405 1086 3458 1138 in
3483 1101 3538 1139 se
3555 1083 3786 1138 divisum
3815 1101 3878 1137 uo

2342 1180 2502 1236 stabit
2517 1178 2668 1248 (Luc.
2687 1181 2709 1233 i
2724 1179 2890 1249 1.17).
2909 1178 3064 1232 Nunc
3079 1187 3262 1232 autem
3284 1176 3338 1230 in
3359 1176 3458 1230 hac
3477 1174 3592 1245 ipsa
3607 1191 3667 1230 re
3693 1175 3877 1245 spiritr

2339 1271 2514 1325 virtus
2543 1271 2739 1334 elucet,
2773 1269 3010 1325 suadens
3038 1267 3369 1332 hominibus,
3399 1276 3457 1320 ut
3494 1267 3640 1321 eirea
3682 1266 3773 1320 illa
3806 1279 3878 1317 m:

2342 1359 2424 1430 gis
2460 1359 2768 1415 necessaria
2804 1367 2857 1414 et
2893 1357 3138 1429 urgentia
3187 1365 3501 1422 versantes,
3547 1356 3684 1412 nihil
3725 1356 3794 1410 ab
3837 1356 3866 1407 h

2343 1449 2570 1504 minutis
2601 1449 2864 1502 laedantur
2899 1447 2998 1519 (a).

2409 1622 2460 1675 4.
2495 1615 2928 1688 Evangelistarum
2972 1610 3230 1666 consensio
3285 1606 3586 1662 vindicatur.
3626 1603 3878 1656 Piscatori

2337 1721 2384 1764 et
2407 1709 2634 1763 illiterati
2665 1723 2763 1759 non
2791 1706 2890 1758 nisi
2917 1705 3096 1756 virtute
3114 1702 3283 1754 divina
3315 1710 3520 1769 potuere
3542 1695 3874 1766 philosopher

2337 1797 2569 1851 Platonis
2591 1795 2807 1848 ridicula
2826 1791 3126 1860 respublica.
3155 1819 3227 1829 —
3248 1789 3471 1842 Ubinam
3498 1795 3674 1840 autem
3707 1785 3878 1837 illorut

2335 1887 2524 1956 singuli
2577 1883 2920 1954 scripserint,
2952 1896 3059 1935 non
3093 1887 3176 1935 est
3210 1877 3350 1948 quod
3381 1877 3614 1930 multum
3647 1875 3878 1944 disquira

2337 1994 2492 2033 mus:
2525 1975 2666 2048 quod
2719 1984 2895 2030 autem
2938 1989 3042 2028 non
3087 1974 3222 2027 alius
3269 1970 3524 2026 adversus
3570 1969 3732 2023 alium
3778 1968 3878 2022 scri

2337 2070 2521 2140 pserit,
2558 2069 2606 2123 id
2647 2085 2740 2139 per
2785 2075 2950 2122 totum
2995 2065 3170 2136 operis
3218 2064 3499 2117 decursum
3549 2061 3878 2114 demonstrat

2335 2164 2663 2218 conabimur.
2697 2162 2775 2215 Tu
2807 2175 2934 2214 vero
2965 2159 3051 2228 qui
3097 2155 3476 2211 dissonantiam
3515 2153 3657 2207 illam
3688 2151 3878 2220 objicis

2337 2256 2553 2326 perinde
2576 2254 2775 2308 facisac
2791 2254 2834 2306 si
2857 2251 3043 2307 eadem
3071 2250 3182 2318 ipsa
3206 2249 3386 2309 verba,
3411 2244 3631 2300 eosdem
3661 2243 3878 2310 loquem

2336 2345 2523 2401 modos
2562 2342 2800 2414 proferre
2838 2341 3074 2410 juberes.
3106 2337 3338 2393 Necdum
3367 2335 3560 2397 dicam,
3613 2347 3708 2386 eos
3733 2333 3824 2401 qui
3854 2331 3878 2384 ι]

2338 2438 2600 2492 rhetorica
2628 2443 2682 2490 et
2707 2435 2774 2489 de
2799 2431 3130 2503 philosophia
3148 2427 3431 2484 admodum
3454 2426 3766 2497 gloriantur,
3803 2441 3870 2492 qn

2338 2545 2439 2599 que
2470 2530 2664 2582 multos
2695 2526 2858 2580 libros
2899 2523 3084 2578 iisdem
3111 2523 3180 2577 de
3205 2521 3366 2576 rebus
3413 2518 3778 2588 scripserunt,
3814 2533 3878 2568 no

2340 2619 2497 2673 modo
2515 2631 2696 2672 mutuo
2727 2617 3076 2684 discrepasse,
3105 2611 3207 2667 sed
3225 2611 3384 2665 etiam
3405 2609 3672 2664 contraria
3689 2607 3878 2662 dixissc

2338 2709 2468 2764 Nam
2497 2707 2637 2762 aliud
2670 2697 2752 2762 est
2776 2706 2985 2761 diverse
3028 2703 3191 2773 loqui,
3218 2700 3361 2756 aliud
3390 2700 3674 2770 pugnantia
3711 2699 3877 2753 dicen

2339 2802 2406 2855 At
2436 2799 2565 2853 nihil
2591 2799 2780 2852 horum
2809 2797 2929 2850 dico
2959 2813 2972 2849 :
3005 2795 3142 2849 absit
3163 2794 3303 2847 enim
3335 2807 3402 2847 ne
3425 2791 3635 2846 illorum
3659 2790 3878 2859 insipien

2340 2893 2411 2944 tia
2441 2899 2558 2944 utar
2588 2888 2654 2943 ad
2699 2887 2986 2958 parandam
3031 2883 3437 2948 defensionem;
3461 2897 3632 2952 neque
3659 2881 3798 2934 enim
3833 2897 3877 2930 ν(

2339 2982 2428 3037 lim
2447 2997 2510 3037 ex
2541 2979 2816 3035 mendacio
2846 2978 3122 3033 veritatem
3157 2975 3366 3029 firmare
3396 2992 3409 3028 :
3445 2975 3538 3027 sed
3569 2971 3696 3026 illud
3727 2986 3878 3036 rogar

2339 3071 2519 3135 velim,
2554 3071 2820 3139 quomodo
2865 3069 3021 3124 ﬁdem
3065 3069 3382 3124 meruissent
3409 3079 3470 3121 ea
3514 3080 3632 3135 qum
3672 3064 3878 3117 dissona

2340 3163 2494 3214 r'ent?
2531 3175 2636 3230 quo
2665 3170 2819 3230 pacto
2856 3160 3234 3229 superassent?
3263 3155 3530 3227 quomodo
3555 3156 3598 3210 si
3628 3155 3878 3225 pugnanti

2341 3251 2540 3320 loquuti
2570 3236 2808 3317 fuissent,
2839 3250 3263 3315 admirationem,
3291 3247 3446 3301 fidem
3469 3255 3521 3300 et
3551 3245 3878 3301 celebritate:

2340 3347 2543 3394 tantam
2583 3355 2680 3410 per
2725 3349 2893 3394 totmn
2938 3338 3120 3394 orbem
3163 3334 3738 3405 obtinuissent?Atqui
3769 3334 3876 3387 tnul

2341 3442 2494 3487 erant
2520 3431 2783 3488 dictorum
2817 3441 3000 3497 testes,
3031 3438 3160 3485 utet
3188 3430 3334 3483 multi
3369 3427 3565 3482 inimici
3587 3435 3640 3480 et
3668 3425 3877 3479 advers

2343 3525 2427 3578 rii.
2461 3518 2643 3594 Neque
2671 3525 2815 3578 enim
2857 3525 2971 3577 haec
3009 3523 3065 3575 in
3112 3520 3304 3590 angulo
3343 3519 3538 3585 scripta
3580 3515 3872 3570 defoderun

2341 3614 2437 3668 sed
2467 3614 2659 3683 ubique
2681 3623 2942 3668 terrarum
2967 3620 3021 3666 et
3042 3611 3266 3664 marium
3311 3608 3560 3662 omnibus
3585 3605 3876 3661 audientiln

2343 3706 2676 3774 publicarunt
2723 3722 2735 3757 :
2770 3703 2998 3758 inimicis
3033 3701 3381 3772 prresentibus
3429 3701 3544 3754 haec
3588 3699 3877 3768 legebantur

2341 3795 2784 3865 quemadmodum
2811 3803 2862 3848 et
2892 3793 3078 3856 hodie;
3109 3800 3161 3847 et
3191 3792 3456 3845 neminem
3479 3805 3727 3859 umquam
3754 3790 3877 3843 offer

2342 3886 2564 3950 derunt,
2593 3886 2751 3956 idque
2786 3885 2906 3954 jure
2932 3883 3142 3939 merito.
3178 3881 3362 3936 Divina
3391 3879 3586 3951 quippe
3613 3883 3779 3933 virtus
3807 3895 3878 3932 er:

2346 3990 2465 4044 quae
2497 3974 2613 4030 hzec
2647 3975 2823 4029 omnia
2848 3973 3169 4044 Operabatur
3196 3970 3334 4040 apud
3380 3971 3680 4025 universos.
3715 3969 3878 4021 Eteni:

2346 4069 2388 4120 si
2436 4083 2540 4122 non
2584 4067 2653 4121 ita
2684 4081 2742 4121 se
2789 4082 2876 4121 res
2925 4061 3218 4126 habuisset,
3268 4060 3536 4132 quomodo
3593 4060 3872 4130 pnblicanu

2350 4161 2582 4228 piscator
2609 4167 2664 4214 et
2706 4158 2987 4213 illiteratus
3029 4156 3142 4210 hate
3187 4154 3482 4225 potuissent
3524 4148 3878 4221 philosophari

2349 4252 2476 4320 Qua:
2507 4253 2648 4308 enim
2693 4267 2759 4306 ne
2788 4265 2883 4320 per
2911 4249 3173 4303 somnium
3205 4244 3415 4316 quidem
3455 4241 3621 4296 exteri
3652 4240 3878 4309 imagina

2350 4354 2650 4412 potuerant,
2684 4344 2797 4395 lucc
2825 4355 2944 4394 cum
2973 4337 3287 4391 auctoritate
3318 4346 3503 4401 magna
3531 4330 3585 4384 hi
3615 4331 3877 4384 annuntia

2349 4441 2404 4486 et
2449 4432 2696 4497 suadent,
2744 4430 2904 4498 idque
2949 4444 3053 4484 non
3089 4425 3249 4481 modo
3275 4425 3328 4478 in
3367 4424 3501 4477 vivis
3547 4434 3782 4492 agentes,
3834 4438 3878 4477 St

2351 4524 2509 4575 etiam
2559 4519 2792 4575 defuncti
2827 4537 2839 4571 :
2869 4534 2972 4574 non
3002 4515 3206 4572 duobus
3246 4515 3325 4570 vel
3369 4513 3553 4582 viginti
3602 4512 3871 4567 hominibu

2351 4628 2457 4666 non
2507 4613 2747 4667 centenis
2777 4612 2859 4666 vel
2917 4607 3174 4672 millenis,
3207 4605 3287 4661 vel
3326 4605 3505 4660 decies
3550 4604 3802 4668 millenis;
3834 4619 3878 4656 δι

2352 4703 2589 4768 urbibus,
2637 4702 2905 4772 gentibus,
2948 4698 3189 4769 populis,
3246 4705 3420 4758 terrm,
3479 4695 3632 4758 mari,
3685 4693 3878 4748 Grtecia

2355 4795 2707 4849 barbarormn
2747 4791 3073 4861 regionibus,
3105 4788 3220 4843 orbi
3260 4798 3314 4842 et
3339 4786 3599 4849 desertis;
3634 4783 3787 4851 idque
3807 4799 3872 4836 cu

2354 4887 2421 4941 de
2447 4887 2658 4955 scriptis
2686 4893 2930 4954 ageretur
2954 4893 3194 4938 naturam
3213 4889 3447 4936 nostram
3471 4877 3750 4932 admodum
3771 4890 3878 4930 exs:

2356 4977 2681 5048 pcrantibus.
2721 4975 2851 5030 Nam
2901 4976 3061 5038 missa
3113 4984 3276 5039 terra,
3316 4973 3384 5027 de
3409 4969 3711 5025 cariestibus
3755 4982 3878 5020 omn

2354 5070 2652 5124 cdisserunt
2682 5085 2694 5122 :
2728 5068 2886 5122 aliam
2935 5067 3088 5122 nobis
3118 5067 3428 5120 indecentes
3456 5063 3621 5131 vitam
3647 5071 3699 5114 et
3723 5060 3876 5114 viven

2356 5159 2638 5224 rationem,
2669 5159 2798 5212 alias
2820 5157 3050 5220 divitias,
3079 5157 3233 5210 aliam
3265 5161 3629 5224 paupertatem
3657 5193 3671 5218 ,
3705 5151 3878 5206 liberti

2359 5261 2486 5316 tem,
2519 5251 2853 5316 servitutem,
2883 5250 3037 5303 aliam
3067 5248 3230 5303 vitam
3261 5254 3418 5314 atque
3463 5253 3687 5300 mortem
3709 5284 3726 5306 ,
3771 5242 3874 5296 alin

2393 5549 2505 5621 ._(a)
2538 5548 2890 5621 argumentum
2912 5549 2987 5598 lue
3013 5547 3259 5598 evolutum
3295 5545 3460 5596 multis
3483 5544 3672 5597 videtur
3689 5543 3877 5594 diilicult

2371 5610 2500 5661 tibus
2522 5610 2799 5660 obnoxium.
