4058 6208
303 357 373 414 l9

293 464 577 533 mundum,
603 464 749 523 aliud
796 463 1097 523 institutum
1125 505 1141 533 ,
1173 463 1352 520 omnia
1392 463 1627 534 denique
1653 473 1875 519 mutata.

292 555 411 611 Non
437 556 576 613 sicut
620 558 793 625 Plato,
844 557 937 629 qui
986 556 1263 613 ridiculam
1319 556 1461 617 illam
1490 555 1877 626 rempublicam

302 647 554 715 instituit,
591 663 696 705 non
730 648 869 705 sicut
893 647 1041 705 Zeno
1063 646 1175 721 (a).
1201 654 1257 703 et
1292 647 1339 702 si
1372 645 1463 718 qui
1492 644 1585 701 alii
1622 645 1691 701 de
1719 659 1877 713 repu-

293 735 432 793 blica
463 739 746 808 scripsere,
776 740 1028 811 legesque
1054 738 1291 795 edidere.
1321 736 1595 807 Siquidem
1621 736 1703 792 vel
1731 751 1795 790 ex
1822 749 1880 790 re

291 820 405 887 ipsa
429 822 776 891 conspicuum
794 822 911 888 fuit,
938 824 1226 893 malignum
1256 824 1519 895 spiritum,
1547 825 1873 880 daemonem-

288 925 396 981 quc
421 913 729 983 quempiam
757 912 950 979 ferum,
981 923 1184 968 natura:
1208 924 1403 969 nostra:
1428 913 1673 973 hostem.
1708 916 1873 970 casu-

289 1001 415 1056 tatis
443 1002 737 1070 inimicum,
769 1001 1063 1058 honestatis
1091 1001 1459 1058 adversarium
1481 1044 1497 1069 ,
1540 1005 1717 1061 omnia
1749 1018 1873 1058 sus-

289 1090 465 1161 deque
507 1099 853 1159 vertentem,
904 1094 1019 1147 haec
1066 1092 1277 1147 illorum
1321 1094 1514 1148 animis
1557 1093 1865 1149 inseruisse.

287 1181 426 1237 Cum
451 1183 595 1238 enim
614 1198 810 1239 uxores
840 1183 1087 1238 omnibus
1110 1197 1421 1238 communes
1451 1182 1666 1251 faciant,
1698 1184 1872 1240 nudas

290 1273 524 1343 virgines
552 1273 618 1328 ad
662 1274 1026 1343 spectaculum
1069 1274 1305 1328 virorum
1350 1274 1403 1327 in
1441 1273 1744 1344 palaestram
1768 1274 1870 1330 du-

286 1374 435 1431 cant,
485 1360 847 1419 clandestinas
889 1364 1101 1435 nuptias
1154 1373 1437 1434 apparent,
1484 1366 1663 1419 omnia
1713 1363 1870 1421 simul

281 1457 698 1511 commisceutes
725 1463 782 1511 et
808 1456 1228 1520 conturbantes,
1263 1463 1570 1526 natumque
1612 1457 1872 1513 terminos

281 1555 606 1612 «avertentes,
640 1546 768 1616 quid
796 1546 939 1601 aliud
964 1546 1033 1601 de
1062 1546 1169 1600 illis
1196 1545 1302 1600 dici
1321 1546 1529 1615 possit?
1549 1546 1702 1611 Quod
1726 1545 1870 1601 enim

286 1637 403 1691 haec
430 1637 610 1694 omnia
653 1637 763 1691 siut
802 1638 1103 1691 dtemonum
1134 1637 1348 1691 inventa
1391 1649 1449 1692 et
1476 1646 1680 1692 natura:
1708 1653 1872 1708 repu-

280 1729 522 1797 guantia,
554 1730 666 1798 ipsa
693 1738 841 1784 certe
871 1738 1056 1784 natura
1089 1730 1405 1784 testiﬁcatur
1426 1770 1441 1796 ,
1471 1746 1592 1800 quae
1618 1740 1674 1786 et
1700 1747 1863 1801 supra

281 1818 441 1873 dictis
466 1819 722 1874 abhorret
762 1827 861 1875 :et
906 1821 993 1874 illa
1024 1835 1130 1874 non
1179 1835 1300 1874 cum
1340 1821 1865 1890 persequutionibus,

282 1926 391 1964 non
408 1924 529 1964 cum
558 1910 810 1980 periculis
828 1912 913 1965 vel
944 1911 1162 1980 praeliis,
1190 1909 1283 1965 sed
1303 1925 1423 1965 cum
1456 1911 1703 1968 libertate
1718 1915 1865 1969 omni

275 2008 335 2055 ct
364 2000 652 2056 securitate
675 2001 1044 2066 scribentium,
1092 2010 1147 2056 et
1171 2010 1360 2056 ornatu
1403 2003 1668 2057 sermonis
1694 2004 1865 2060 multo

280 2102 426 2159 smpe
479 2091 738 2145 utentium
773 2131 789 2158 ,
835 2089 1054 2164 [emissa
1107 2090 1277 2163 sunt.]
1332 2092 1531 2147 Contra
1564 2107 1690 2148 vero
1735 2094 1853 2150 haec

277 2197 397 2249 quae
424 2181 712 2252 praedicata
736 2191 861 2237 sunt
885 2198 913 2236 a
938 2183 1311 2252 piscatoribus,
1336 2184 1522 2254 pulsis,
1549 2185 1863 2242 verberibus

273 2271 451 2337 exesis,
481 2271 618 2327 inter
645 2273 877 2342 pericula
910 2274 1249 2329 versantibus
1270 2316 1285 2340 ,
1318 2274 1568 2331 ineruditi
1601 2315 1615 2339 .
1647 2280 1861 2348 sapien-

279 2371 379 2427 tes,
407 2363 570 2428 servi,
599 2363 770 2431 liberi,
791 2379 965 2435 reges,
991 2366 1204 2434 milites,
1239 2366 1471 2438 barbari,
1499 2371 1693 2441 Graeci,
1730 2390 1853 2433 cum

273 2453 422 2508 omni
442 2454 812 2510 benevolentia
833 2471 1112 2525 excepere.

237 2670 246 2681 '
337 2670 391 2724 5.
420 2670 604 2741 Neque
630 2687 759 2727 vero
777 2673 956 2730 dicere
986 2678 1160 2745 possis
1183 2719 1196 2743 ,
1223 2678 1371 2748 lucc,
1399 2687 1540 2754 Quod
1571 2702 1734 2757 parva
1763 2707 1847 2748 cs-

266 2769 384 2815 sent
415 2771 472 2817 ct
504 2762 722 2818 humilia
747 2805 762 2828 ,
793 2763 945 2821 facile
971 2782 1000 2820 a
1025 2772 1234 2826 cunctis
1276 2786 1522 2845 suscepta
1555 2778 1736 2835 fuisse.
1762 2784 1847 2839 Si-

264 2852 481 2922 quidem
512 2854 626 2911 lirec
655 2856 825 2911 multo
870 2859 1181 2917 sublimiora
1209 2875 1333 2920 sunt
1361 2868 1486 2923 illis.
1516 2869 1843 2940 Virginitatis

262 2945 406 3005 enim
437 2944 511 2998 illi
540 2961 607 3002 ne
637 2962 831 3003 nomen
859 2950 1073 3019 quidem
1110 2955 1220 3009 vel-
1241 2973 1337 3027 per
1360 2962 1624 3016 somnium
1652 2964 1837 3036 imagi-

262 3034 373 3089 nati
412 3046 556 3101 sunt,
598 3053 703 3092 non
750 3050 1115 3111 paupertatem
1142 3087 1157 3112 ,
1205 3063 1312 3103 non
1351 3050 1633 3121 jejunium,
1670 3034 1841 3126 neque

262 3127 565 3196 quampiam
622 3130 781 3186 aliam
833 3148 1012 3188 rerum
1060 3137 1391 3196 sublimium.
1437 3142 1671 3215 Magistri
1715 3165 1841 3205 vero

261 3219 431 3272 nostri
481 3234 589 3274 non
634 3223 794 3277 modo
839 3228 1325 3297 concupiscentiam
1383 3235 1683 3305 eliminant,
1732 3258 1837 3296 non

260 3308 421 3364 modo
473 3312 669 3365 malum
720 3328 855 3383 opus
894 3317 1178 3388 castigant,
1224 3322 1318 3378 sed
1364 3325 1523 3380 etiam
1567 3338 1839 3396 aspectum

263 3401 610 3472 impudicum,
638 3407 798 3461 verba
820 3411 1228 3478 contumeliosa,
1254 3415 1418 3471 risum
1440 3418 1838 3493 immodestum,

259 3493 524 3563 habitum,
558 3497 845 3564 incessum,
877 3501 1190 3571 clamorem,
1224 3518 1277 3561 et
1305 3523 1473 3578 usque
1512 3512 1578 3566 ad
1622 3516 1839 3573 minima

258 3597 561 3641 accuratam
592 3589 930 3659 disciplinam
975 3596 1271 3650 extendunt
1297 3639 1311 3662 ,
1341 3608 1501 3674 atque
1532 3604 1839 3662 universum

254 3677 441 3732 orbem
472 3679 788 3749 virginitatis
833 3686 1075 3753 germine
1103 3689 1463 3757 repleverunt.
1499 3694 1572 3749 De
1603 3696 1711 3751 Deo
1749 3714 1842 3754 au—

256 3776 365 3823 tem
391 3769 564 3840 deque
609 3773 910 3830 czelestibus
940 3791 1002 3831 ea
1044 3778 1408 3851 philosophari
1447 3786 1693 3856 suadent,
1722 3805 1839 3861 qum

257 3861 390 3916 nulli
420 3877 610 3917 eorum
649 3880 895 3934 umquam
924 3868 975 3921 in
1023 3881 1256 3926 mentem
1307 3876 1493 3932 venire
1531 3887 1837 3946 potuerunt.

254 3944 537 4012 Quomodo
558 3948 703 4002 enim
731 3948 845 4004 hmc
871 3952 1193 4021 cogitassent
1218 3957 1306 4026 qui
1329 3944 1585 4029 ferarum,
1614 3977 1839 4033 serpen-

255 4039 388 4093 tium
418 4039 753 4109 aliorumque
778 4041 1020 4098 viliorum
1044 4045 1300 4116 imagines
1331 4051 1381 4104 in
1403 4050 1625 4107 deorum
1648 4072 1839 4112 nume-

255 4142 372 4182 rum
395 4128 672 4183 retulere?
697 4131 947 4187 Attamen
980 4132 1095 4189 hare
1120 4136 1364 4191 sublimia
1387 4140 1633 4212 dogmata
1658 4159 1838 4201 susce-

255 4236 343 4297 pta
371 4235 426 4283 et
462 4228 662 4283 credita
683 4239 805 4283 sunt
830 4231 881 4284 in
904 4229 1127 4302 diesque
1167 4232 1531 4306 llorentatque
1547 4251 1834 4305 crescunt;

254 4318 467 4373 illorum
494 4334 623 4374 vero
661 4321 833 4375 cultus
868 4321 976 4376 abit
1015 4331 1068 4377 et
1116 4326 1287 4393 perit,
1316 4335 1476 4397 atque
1519 4343 1834 4388 aranearum

255 4408 378 4465 telis
414 4409 625 4465 facilius
671 4413 960 4467 evanescit.
1005 4413 1241 4486 llludque
1282 4418 1517 4473 merito:
1563 4418 1838 4479 daemones

256 4501 398 4556 enirn
453 4502 568 4558 haec
612 4504 971 4572 przedicarunt
1015 4524 1028 4560 :
1077 4519 1401 4579 quapmpter
1447 4527 1567 4568 cum
1613 4514 1831 4571 lascivia

254 4592 473 4646 multam
496 4592 693 4648 habent
718 4594 992 4665 caliginem
1016 4598 1377 4670 majoremque
1405 4601 1664 4660 laborem.
1694 4606 1833 4674 Quid

252 4683 393 4736 enim
439 4684 609 4754 magis
659 4684 941 4740 ridiculum
978 4686 1177 4756 fuerit,
1209 4708 1366 4763 quam
1410 4693 1690 4766 disciplina
1722 4700 1831 4768 illa,

252 4774 360 4841 ubi,
392 4784 589 4844 praeter
635 4792 696 4832 ea
744 4794 864 4847 qua:
910 4780 1050 4835 dicta
1098 4793 1242 4849 sunt,
1272 4785 1565 4844 innumeris
1614 4791 1834 4860 prolatis

254 4864 500 4919 versibus
530 4866 877 4935 philosophus
899 4912 912 4935 ,
953 4881 1010 4925 ut
1036 4873 1160 4941 quid
1193 4875 1262 4928 sit
1289 4876 1493 4944 justum
1543 4882 1832 4952 ostendat,

244 4965 387 5013 tanta
417 4958 738 5030 loquacitate
766 4972 820 5018 et
845 4964 1167 5022 obscuritate
1190 4969 1331 5024 dicta
1354 4986 1448 5027 sua
1473 4978 1667 5044 replet,
1703 4990 1760 5034 ut
1788 4980 1833 5036 si

244 5047 367 5115 quid
397 5049 561 5105 etiam
592 5052 714 5107 boui
765 5053 1026 5110 haberent
1050 5100 1065 5122 ,
1096 5056 1381 5116 admodum
1416 5074 1593 5120 tamen
1626 5068 1830 5127 inutilia

242 5148 421 5195 essent
464 5142 740 5199 hominum
763 5147 926 5202 vitaz?
949 5148 1004 5203 Si
1030 5150 1174 5205 enim
1210 5154 1463 5223 agricola,
1498 5158 1581 5213 vel
1607 5165 1830 5220 terarius

242 5227 390 5285 faber
430 5231 513 5287 vel
558 5236 900 5302 architectus,
950 5250 1044 5296 aut
1083 5244 1432 5313 gubernator,
1482 5259 1573 5305 aut
1615 5254 1658 5307 si
1706 5259 1826 5326 quis

237 5320 371 5376 alius
399 5337 612 5392 eorum,
641 5328 730 5397 qui
777 5329 972 5386 diurno
1001 5349 1254 5391 manuum
1291 5353 1456 5408 opere
1483 5343 1681 5399 victum
1723 5320 1821 5417 pa-

238 5422 375 5483 rant,
397 5417 559 5475 vellet
585 5419 654 5474 ab
681 5431 797 5477 arte
822 5437 916 5477 sua
938 5424 1193 5497 justeque
1223 5428 1410 5487 labore
1451 5433 1745 5507 abstinuere,
1767 5441 1819 5497 in

298 5648 375 5712 (a)
410 5652 559 5719 l_’lal.ot
579 5653 621 5719 is
641 5652 980 5719 {lettepubtica
1002 5668 1125 5717 opus
1147 5656 1337 5718 ignorat
1356 5671 1519 5711 nemo.
1532 5660 1610 5714 De
1632 5668 1824 5719 Zenone

242 5711 362 5762 vero
386 5711 555 5764 Eleate
581 5714 691 5766 vide
712 5711 985 5778 Diogenem
1006 5711 1264 5769 tiaertiﬁm.

1466 353 1533 408 ια
1572 316 1988 409 mutuitanti
2050 353 2284 409 nouis.
2325 360 2367 424 ι,

3479 368 3552 425 20

1972 484 2144 540 eaque
2187 486 2248 527 re
2289 472 2487 528 multos
2504 486 2677 529 annos
2701 473 3007 543 absumere,
3039 478 3243 547 utquid
3271 480 3341 535 sit
3354 481 3560 550 justum

1969 559 2236 617 edisceret
2267 581 2278 616 :
2314 577 2459 633 stupe
2512 564 2821 635 priusquam
2855 567 2987 621 illud
3037 568 3383 638 edidicisset,
3416 572 3561 631 fame

1968 664 2337 722 consumptus,
2384 653 2560 708 abiret
2611 655 2741 723 justi
2797 656 3037 712 discendi
3073 675 3254 727 causa,
3304 671 3362 717 et
3409 663 3559 719 nulla

1967 754 2272 813 comparata
2302 744 2417 798 utili
2445 744 2751 815 disciplina,
2786 748 3073 805 violentam
3095 760 3321 808 mortem
3354 755 3553 810 obiret.

1969 833 2158 889 Nostra
2189 851 2318 890 vero
2347 851 2451 890 non
2480 836 2787 905 hujusmodi
2809 850 2965 905 sunt;
2994 842 3087 896 sed
3113 843 3315 911 justum
3338 887 3353 911 ,
3382 847 3555 902 boue-

1964 936 2127 994 slum,
2161 928 2311 992 utile,
2339 930 2669 999 virtutesque
2707 946 2915 999 omnes,
2946 934 3128 1001 paucis
3157 936 3325 1006 iisque
3345 939 3555 1007 perSpi-

1965 1021 2080 1074 cuis
2110 1020 2285 1076 verbis
2305 1020 2549 1077 Christus
2571 1038 2668 1077 nos
2690 1022 2899 1079 edocuit
2921 1025 3312 1083 mododiceus:
3340 1028 3404 1083 In
3421 1031 3554 1083 dum

1965 1111 2054 1166 but
2080 1113 2333 1167 nrandatis
2360 1114 2443 1167 (ea:
2467 1123 2511 1168 et
2542 1115 2802 1184 propheta:
2826 1116 3042 1185 pendent
3065 1117 3282 1187 (Matth.
3304 1120 3396 1175 22.
3416 1121 3507 1192 $0)
3533 1140 3555 1189 ;‘

1964 1202 2134 1267 idest,
2173 1204 2337 1258 ichi
2369 1213 2423 1259 et
2446 1206 2671 1275 proximi
2710 1207 2973 1268 caritate;
3006 1207 3294 1278 aliquando
3334 1222 3548 1269 autem:

1967 1292 2306 1365 Quwcumque
2334 1296 2483 1350 vultis
2523 1307 2577 1350 ut
2623 1298 2811 1369 faciant
2840 1298 2978 1354 vobis
3006 1300 3256 1369 homines,
3288 1313 3333 1357 et
3359 1320 3445 1359 vos
3469 1311 3554 1376 fa-

1962 1385 2058 1438 cite
2077 1385 2200 1440 illis.
2226 1385 2355 1440 llwc
2379 1397 2451 1441 est
2474 1388 2608 1441 enim
2633 1389 2716 1442 lex
2751 1399 2799 1443 et
2836 1389 3095 1459 propheta:
3121 1390 3330 1461 (Matth.
3359 1396 3409 1447 7.
3438 1396 3547 1466 l2).

1961 1475 2091 1543 Qua:
2114 1486 2169 1532 et
2207 1479 2474 1548 agricola),
2517 1490 2571 1535 et
2596 1496 2773 1546 servo,
2803 1491 2857 1536 et
2881 1482 3085 1548 viduae,
3113 1493 3169 1539 ct
3198 1502 3386 1555 puero,
3440 1490 3553 1545 imo

1961 1564 2122 1619 etiam
2143 1567 2196 1622 ei
2220 1567 2307 1635 qui
2337 1567 2625 1623 admodum
2660 1570 2858 1625 bardus
2881 1585 3001 1627 esse
3033 1573 3294 1640 videatur,
3327 1577 3547 1634 intelle-

1960 1664 2051 1708 ctu
2079 1654 2257 1710 facilia
2287 1658 2506 1713 omnino
2544 1668 2688 1715 sunt.
2720 1660 2847 1716 ilice
2872 1671 2954 1717 est
2974 1664 3116 1718 enim
3147 1666 3388 1723 veritatis
3415 1683 3549 1723 con-

1958 1742 2112 1799 ditio.
2163 1745 2292 1802 Illud
2347 1756 2525 1804 autem
2576 1751 2888 1806 testiﬁcatur
2938 1755 3053 1822 ipse
3113 1770 3294 1811 rerum
3345 1759 3543 1817 exitus.

1957 1833 2229 1904 Siquidem
2261 1851 2451 1894 omnes
2474 1855 2596 1910 qua:
2626 1841 2831 1911 agenda
2872 1854 3028 1899 erant
3068 1844 3392 1914 didicerunt,
3428 1866 3532 1908 nec

1954 1930 2453 1999 didiceruntmodo,
2478 1933 2573 1989 sed
2597 1934 2759 1989 etiam
2787 1935 3008 2005 exsequi
3036 1937 3392 1992 studuerunt:
3421 1954 3532 1994 non

1946 2022 1999 2077 in
2029 2022 2249 2078 urbibus
2273 2031 2500 2092 tantum,
2522 2040 2622 2081 nec
2643 2026 2696 2080 in
2721 2026 2901 2082 medio
2927 2025 3047 2081 foro
3071 2044 3085 2093 ;
3111 2027 3206 2083 sed
3231 2029 3361 2084 etin
3381 2044 3538 2085 mou-

1950 2116 2084 2169 tium
2111 2116 2403 2171 verticibus
2436 2116 2536 2189 (a).
2581 2117 2655 2173 lbi
2706 2120 2851 2173 enim
2893 2119 3115 2175 multam
3147 2119 3328 2176 videas
3357 2122 3532 2191 philo-

1949 2205 2215 2275 sopbiam,
2244 2205 2440 2262 choros
2467 2209 2779 2278 angelorum
2808 2210 2861 2265 in
2889 2210 3123 2266 humano
3152 2226 3379 2281 corpore
3426 2213 3536 2269 ful-

1942 2313 2103 2368 gere,
2138 2307 2193 2354 ct
2219 2299 2520 2355 institutum
2549 2302 2764 2357 cmlesle
2804 2302 3024 2358 micare.
3066 2302 3203 2358 Nam
3232 2305 3530 2360 institutum

1944 2387 2069 2441 vita:
2114 2388 2272 2443 nobis
2306 2390 2606 2458 piscatores
2650 2392 2915 2461 scripsere
2944 2410 2962 2450 :
2994 2407 3103 2448 non
3130 2408 3159 2446 a
3190 2408 3355 2462 puero
3384 2395 3557 2449 iusti»

1945 2480 2019 2533 tui
2070 2480 2323 2548 jubeutes
2369 2492 2427 2536 ut
2455 2482 2527 2537 illi
2558 2484 2899 2554 philosophi,
2934 2500 3038 2542 non
3066 2496 3269 2541 certam
3317 2497 3532 2544 aetatem

1946 2571 2155 2625 virtutis
2183 2571 2428 2628 studioso
2458 2576 2892 2644 prmscrihentes,
2920 2578 3015 2633 sed
3040 2580 3285 2649 quamvis
3311 2590 3526 2637 artatem

1943 2660 2304 2716 institneutes.
2357 2662 2450 2717 Illa
2494 2666 2637 2720 enim
2685 2682 2975 2735 puerorum
3018 2668 3176 2726 ludus
3207 2680 3366 2736 sunt;
3417 2672 3535 2727 hare

1941 2758 2140 2816 autem,
2160 2766 2341 2805 rerum
2384 2753 2600 2808 veritas.
2630 2754 2762 2809 lluic
2797 2755 3043 2811 instituto
3077 2758 3251 2814 locum
3297 2762 3537 2830 assigna-

1941 2855 2069 2896 vcre
2098 2843 2287 2897 czelum
2307 2884 2324 2911 ,
2358 2845 2634 2916 Deumque
2666 2847 2988 2903 induxerunt
3033 2850 3151 2919 ejus
3177 2852 3427 2920 opificem
3470 2869 3535 2909 ae

1943 2931 2118 2999 legum
2146 2933 2373 2990 latorem
2397 2976 2413 3002 ,
2448 2948 2505 2991 ut
2549 2952 2645 3006 par
2674 2939 2893 2994 omnino
2926 2950 3059 2995 erat.
3112 2939 3347 2998 lnstituti
3401 2960 3534 2999 vero

1942 3026 2160 3093 praemia
2183 3065 2198 3089 ,
2230 3040 2336 3079 non
2368 3026 2505 3081 lauri
2555 3027 2699 3095 folia,
2730 3044 2836 3085 non
2880 3031 3096 3087 oleastri
3145 3049 3365 3101 corona,
3416 3052 3526 3090 non

1941 3116 2242 3170 convivium
2278 3118 2331 3172 iu
2383 3118 2650 3190 Prytaneo
2675 3120 2747 3192 (b)
2772 3162 2787 3185 ,
2827 3138 2934 3177 non
2976 3140 3133 3178 aerea:
3162 3133 3373 3191 statum,
3426 3143 3532 3183 nou

1943 3206 2131 3277 frigida
2159 3209 2347 3264 isthmc
2372 3221 2427 3266 et
2451 3212 2627 3266 inania
2658 3229 2674 3266 :
2700 3213 2796 3267 sed
2823 3214 2928 3268 vita
2950 3215 3109 3270 tinem
3137 3232 3243 3271 non
3265 3218 3532 3286 habitura,

1941 3301 2129 3358 collata
2178 3303 2407 3358 ﬁliorum
2442 3305 2534 3360 Dei
2582 3306 2838 3373 conditio,
2888 3308 3101 3365 chorea:
3147 3324 3271 3365 cum
3327 3315 3535 3382 angelis

1942 3402 2095 3457 actae,
2126 3403 2252 3450 ante
2292 3395 2483 3449 solium
2515 3397 2716 3467 regium
2747 3399 3048 3469 prmsentia,
3070 3412 3385 3472 perpetuum
3408 3419 3530 3460 cum

1941 3483 2153 3540 Christo
2181 3488 2533 3542 consortium.

2012 3683 2066 3739 ﬁ.
2098 3682 2267 3753 Hujus
2298 3697 2461 3754 porro
2497 3682 2725 3739 instituti
2761 3682 3013 3740 doctores
3053 3692 3180 3741 sunt
3222 3685 3529 3757 publicani,
3560 3746 3571 3751 ,

1941 3782 2235 3853 piscatores
2274 3788 2331 3833 et
2357 3774 2706 3834 tentoriorum
2744 3779 2996 3849 opiﬁces,
3038 3796 3142 3837 non
3182 3784 3270 3853 qui
3318 3786 3528 3840 modico

1941 3882 2180 3940 tempore
2207 3868 2455 3935 vixerint,
2478 3868 2573 3924 sed
2594 3869 2681 3939 qui
2706 3879 2960 3925 aeternam
2983 3880 3145 3941 agant
3167 3875 3350 3927 vitam.
3378 3875 3528 3929 Ideo.

1937 3975 2041 4030 que
2059 3962 2218 4016 etiam
2239 3968 2357 4030 post
2378 3967 2605 4015 mortem
2625 3960 2851 4015 instituti
2878 3970 3169 4016 sectatores
3185 3964 3372 4031 juvare
3400 3982 3527 4034 pos-

1938 4051 2063 4105 sint.
2113 4050 2249 4105 Huic
2288 4049 2535 4104 instituto
2582 4049 2779 4105 bellum
2823 4060 2922 4113 est,
2976 4067 3081 4105 non
3125 4052 3381 4107 adversus
3424 4055 3524 4107 ho-

1939 4144 2145 4207 mines,
2191 4142 2285 4197 sed
2333 4140 2589 4195 adversus
2625 4140 2896 4193 daemones
2935 4148 2989 4193 et
3034 4141 3377 4211 incorporeas
3408 4144 3525 4200 illas

1943 4238 2254 4299 potestates.
2290 4230 2520 4299 Ideoque
2545 4229 2653 4284 dux
2687 4228 2789 4283 illis
2810 4239 2914 4295 est,
2947 4245 3051 4284 nou
3082 4230 3264 4297 homo,
3300 4248 3403 4286 non
3426 4249 3521 4288 an-

1944 4328 2214 4400 gelus,sei|
2235 4330 2346 4397 ipse
2362 4328 2520 4383 Deus.
2535 4330 2699 4383 Arma
2713 4344 2840 4383 vero
2854 4327 3070 4385 illorum
3091 4328 3321 4383 militum
3336 4330 3400 4385 ad
3420 4332 3489 4386 hu

1938 4420 2032 4493 jus
2083 4422 2206 4476 belli
2245 4421 2509 4476 rationem
2549 4422 2825 4492 quadrant
2860 4438 2875 4476 :
2915 4436 3091 4492 neque
3130 4423 3275 4476 enim
3311 4438 3373 4477 ex
3413 4426 3520 4493 pcl-

1934 4530 2068 4581 libus
2086 4536 2341 4597 parantur
2361 4535 2453 4581 aut
2480 4525 2643 4593 ferro,
2668 4526 2760 4581 sed
2787 4542 2851 4582 cx
2880 4527 3371 4594 veritate,'justitia,
3395 4526 3522 4594 ﬁde,

1935 4618 2375 4689 philosophiaque
2413 4619 2578 4673 omni.
2610 4619 2869 4686 Quoniam
2920 4620 3080 4689 igitur
3105 4618 3174 4673 dc
3219 4618 3522 4688 hujusmodi

1935 4712 2216 4783 disciplina
2232 4712 2317 4767 hic
2339 4713 2469 4767 liber
2486 4722 2564 4767 est
2584 4712 2943 4781 conscriptus,
2966 4712 3031 4766 de
3048 4726 3150 4781 qua
3168 4709 3323 4764 nobis
3342 4710 3523 4767 dicere

1932 4804 2266 4874 propositum
2298 4802 2413 4867 est,
2447 4802 2751 4858 blatthznum
2779 4812 2983 4857 attente
3014 4802 3295 4857 audiamus
3333 4804 3400 4859 de
3426 4803 3519 4859 illa

1931 4895 2209 4966 perspicue
2235 4896 2587 4950 disserentem
2613 4911 2629 4948 ι
2653 4910 2757 4949 non
2780 4893 2920 4947 enim
2948 4894 3062 4964 ejus
3084 4903 3208 4948 sunt
3233 4894 3395 4964 dicta,
3423 4896 3519 4951 sed

1930 4988 2148 5053 Christi,
2178 4988 2266 5057 qui
2294 4987 2432 5042 hanc
2456 4987 2790 5057 disciplinam
2828 4985 3075 5041 instituit.
3111 4988 3361 5042 Animum
3386 5004 3517 5057 ergo

1930 5081 2299 5146 adhibeamus,
2332 5090 2389 5135 ut
2416 5081 2468 5134 in
2500 5079 2590 5134 illa
2614 5094 2914 5134 mereamur
2941 5080 3194 5148 adscribi,
3223 5096 3286 5136 ac
3315 5080 3520 5151 fulgere

1930 5191 2048 5229 eum
2087 5176 2150 5229 iis
2180 5174 2268 5244 qui
2300 5175 2399 5227 hoc
2428 5172 2727 5227 institutum
2771 5172 2973 5227 emensi
3027 5173 3358 5229 immortales
3399 5175 3519 5230 illas

1928 5280 2185 5335 accepere
2228 5279 2476 5320 coronas.
2525 5264 2703 5319 .‘llultis
2734 5274 2879 5319 certe
2909 5265 3026 5320 have
3068 5263 3241 5319 facilia
3273 5264 3521 5319 videntur

1929 5372 2077 5420 esse,
2112 5356 2488 5426 prophetarum
2523 5371 2656 5411 vero
2697 5355 2837 5410 dicta
2876 5355 3104 5409 multum
3144 5355 3342 5409 habere
3379 5354 3517 5407 difﬁ-

1927 5446 2160 5502 cultatis.
2196 5445 2391 5502 Verum
2424 5444 2496 5500 ita
2535 5446 2843 5501 existimant
2886 5445 2959 5513 ii,
2997 5445 3088 5515 qui
3131 5444 3515 5500 sententiarum

1978 5600 2051 5723 Eu)
2086 5601 2162 5651 De
2179 5604 2425 5654 monachis
2449 5606 2495 5654 in
2519 5613 2684 5656 monte
2706 5606 3006 5667 degentibus
3029 5608 3260 5670 loquitur.

2001 5663 2051 5723 ὁ)
2085 5671 2368 5723 Prytaneum
2384 5666 2517 5716 locus
2533 5676 2639 5717 erat
2662 5668 2744 5715 ubi
2769 5682 3053 5721 communes
3077 5669 3239 5723 epulae
3262 5670 3501 5723 dabantur
3550 5676 3562 5723 l

2001 5663 2051 5724 ὁ)
2068 5671 2368 5735 .t’rytaneum
2384 5666 2517 5735 locus
2533 5676 2639 5717 erat
2662 5668 2744 5715 ubi
2769 5663 3053 5721 communes
3077 5663 3239 5732 epulae
3262 5670 3501 5723 dabantur

1914 5723 1976 5772 iis
1998 5723 2079 5789 qui
2103 5723 2168 5777 de
2191 5726 2385 5791 publico
2408 5729 2537 5779 bene
2561 5737 2863 5780 meruerant.
