4058 6204
663 382 728 438 2i

653 502 722 554 ibi
749 495 1143 554 reconditarum
1171 490 1586 561 profunditatem
1611 486 1875 555 ignorant.
1907 480 2238 547 QuaprOpter

651 605 803 659 rogo,
819 602 917 643 nos
932 602 1054 642 cum
1068 598 1260 654 magno
1275 581 1452 635 studio
1465 575 1783 645 sequamini,
1802 579 1860 626 ut
1873 569 2085 624 Christo
2098 568 2232 621 duce

652 685 705 738 in
733 683 835 737 hoc
858 680 1178 749 scriptorum
1204 675 1419 746 pelagus
1440 669 1641 740 ingredi
1666 669 1959 721 valeamus.
1984 664 2055 719 Ut
2077 675 2234 732 porro

654 774 862 829 facilius
893 771 1005 826 han
1032 768 1309 822 addiscere
1338 763 1552 834 possitis
1575 801 1588 821 ,
1621 772 1869 827 rogamus
1900 764 1953 808 et
1979 755 2235 807 obsecra-

655 881 796 930 mus,
814 864 864 918 id
881 860 1021 932 quod
1036 857 1264 914 etiamin
1281 854 1401 908 aliis
1417 851 1813 919 Scripturarum
1833 845 1982 899 libris
1995 840 2240 908 fecimus,

658 966 719 1011 ut
734 956 877 1011 illam
898 952 1185 1021 Scriptura:
1201 944 1492 1001 clausulam
1509 982 1524 1007 ,
1546 954 1705 1011 quam
1724 934 2122 1006 interpretaturi
2151 948 2211 986 su
2228 965 2241 973 -

657 1056 801 1107 mus,
828 1040 1139 1111 prielibetis,
1164 1048 1221 1089 ut
1249 1036 1409 1089 lectio
1433 1034 1790 1102 cognitionem
1814 1027 2075 1098 pra'cedat
2106 1029 2123 1057 ί
2143 1044 2158 1091 ;
2182 1026 2235 1081 id

655 1133 799 1204 quod
831 1134 883 1187 iu
912 1130 1161 1187 eunucho
1185 1126 1440 1196 contigit,
1473 1127 1722 1195 quodque
1756 1123 1975 1176 multam
2006 1121 2240 1190 praebeat

660 1227 988 1282 facilitatem.
1019 1222 1354 1291 Qumstiones
1395 1220 1536 1275 enim
1581 1217 1823 1288 plurima:
1857 1224 1911 1270 et
1941 1214 2242 1284 frequentes

659 1325 971 1372 occurrunt.
991 1313 1369 1369 Animadverte
1391 1325 1519 1380 ergo
1544 1310 1724 1363 statim
1752 1308 1805 1361 iu
1828 1306 1946 1376 ipso
1968 1304 2239 1373 Evnngelii

662 1406 905 1471 exordio,
938 1415 1068 1475 quot
1094 1413 1149 1460 et
1175 1411 1369 1474 quanta
1398 1398 1682 1471 quaerenda
1708 1405 2011 1452 occurrant.
2040 1395 2240 1460 Primo,

662 1514 757 1553 cur
777 1495 994 1565 .losephi
1018 1494 1327 1566 genealogia
1357 1492 1603 1557 ducatur,
1634 1489 1723 1560 qui
1745 1487 1938 1543 Christi
1968 1494 2116 1555 pater
2140 1499 2244 1537 non

664 1598 801 1643 erat.
828 1588 1097 1652 Secundo,
1122 1584 1390 1656 quomodo
1410 1584 1623 1652 planum
1652 1581 1755 1635 erit
1775 1581 1949 1649 ipsum
1967 1592 2033 1632 ex
2052 1578 2248 1631 Davide

665 1679 929 1748 originem
958 1677 1174 1741 ducere,
1206 1690 1325 1729 cum
1365 1675 1638 1744 ignoretur
1666 1670 1882 1740 quinam
1926 1668 2104 1722 Maria:
2132 1682 2247 1720 ma-

667 1771 768 1826 tris
793 1771 911 1841 ejus
948 1768 1181 1839 majores
1209 1768 1406 1820 fuerint
1440 1784 1452 1817 :
1495 1778 1665 1833 neque
1713 1762 1854 1817 enim
1900 1760 2125 1828 Virginis
2152 1774 2247 1826 ge-

667 1864 906 1933 nealogia
937 1862 1202 1929 descripta
1230 1859 1345 1912 fuit.
1376 1857 1577 1920 Tertio,
1606 1869 1700 1907 cur
1726 1851 1966 1921 Josephi,
1995 1850 2084 1918 qui
2118 1848 2246 1901 nihil

667 1958 732 2010 ad
759 1953 1156 2023 generationem
1190 1947 1434 2011 contulit,
1463 1944 1772 2017 genealogia
1798 1946 2024 1997 ducatur
2044 1982 2059 2007 ,
2089 1940 2251 2008 Virgo

668 2056 847 2099 autem
873 2058 993 2113 quae
1022 2051 1192 2095 mater
1220 2050 1323 2103 est,
1356 2052 1462 2106 quo
1491 2046 1663 2106 patre,
1695 2050 1794 2089 avo
1823 2043 1876 2088 et
1921 2032 2090 2085 abavo
2136 2038 2249 2084 orta

672 2139 741 2192 sit
782 2150 887 2190 non
921 2142 1185 2188 narretur.
1219 2132 1298 2186 Ad
1330 2134 1443 2184 hinc
1472 2128 1602 2183 illud
1641 2128 1800 2182 etiam
1851 2125 2119 2193 inquirere
2161 2137 2255 2190 par

671 2237 776 2292 est,
826 2243 921 2282 cur
952 2226 1182 2279 virorum
1223 2221 1584 2293 genealogiam
1629 2232 1970 2289 persequt'ns,
2004 2214 2255 2269 mulieres

676 2331 850 2374 tamen
897 2315 1338 2372 commemoravit
1368 2332 1381 2367 :
1417 2322 1472 2367 et
1496 2311 1708 2381 quando
1735 2308 1784 2362 id
1829 2310 1898 2361 ita
1944 2307 2045 2376 ipsi
2085 2307 2255 2358 visum

676 2420 782 2475 est,
813 2424 909 2463 cur
939 2423 1044 2462 non
1072 2421 1261 2461 omnes
1303 2404 1552 2458 mulieres
1583 2399 1908 2464 nominavit,
1940 2396 2033 2450 sed
2082 2396 2256 2450 missis

679 2504 747 2557 iis
776 2516 895 2570 quae
923 2500 992 2554 ob
1019 2498 1336 2568 probitatem
1361 2494 1599 2550 celebres
1618 2498 1805 2559 erant,
1831 2500 1889 2545 ut
1913 2490 2041 2545 Sara
2069 2497 2124 2545 et
2152 2488 2253 2543 Rea

682 2596 865 2659 bocca,
900 2604 955 2649 et
982 2590 1265 2657 similibus,
1297 2590 1416 2644 illas
1443 2594 1646 2642 tantum
1676 2586 1729 2639 in
1759 2584 1990 2639 medium
2017 2582 2257 2654 protulit,

682 2704 800 2758 quae.
825 2688 1005 2756 aliquo
1032 2684 1160 2739 vitio
1190 2683 1430 2739 celebres
1458 2689 1613 2735 erant
1642 2695 1655 2731 :
1682 2678 1724 2733 si
1751 2694 1854 2749 qua
1886 2676 2127 2731 videlicet
2156 2675 2252 2728 l'or-

685 2780 884 2835 nicaria
912 2787 1003 2832 aut
1031 2776 1267 2831 adultera
1293 2783 1455 2839 esset,
1481 2782 1535 2828 et
1554 2772 1597 2826 si
1625 2787 1727 2841 qua
1754 2781 2002 2825 extranea
2031 2779 2116 2821 aut
2147 2769 2261 2820 har-

683 2867 983 2924 bara.Na'm
1017 2884 1238 2922 uxorem
1266 2866 1404 2920 Uria:
1435 2875 1488 2920 et
1510 2864 1809 2917 Thamar-et
1832 2863 2085 2915 lialuabct
2110 2859 2253 2910 llutlt

684 2959 1129 3014 commemoravit
1150 2975 1165 3023 ;
1187 2972 1417 3027 quarum
1436 2956 1539 3009 alia
1554 2954 1855 3021 alienigena
1873 2949 2122 3014 erat,alia
2144 2963 2251 3000 me-

685 3049 874 3112 retrix,
890 3048 998 3100 alia
1010 3063 1040 3100 a
1055 3061 1245 3100 socero
1261 3046 1447 3099 vitiata
1462 3043 1584 3109 fuit,
1611 3056 1717 3095 nou
1737 3043 1849 3109 lege
1866 3037 2146 3097 connubii,
2165 3034 2260 3090 scd

688 3143 865 3193 iurata
893 3138 1238 3192 concubitum
1277 3148 1330 3189 et
1388 3134 1689 3189 meretricis
1728 3139 2005 3198 assumpta
2045 3127 2257 3197 specie:

685 3230 830 3301 quod
854 3238 1062 3298 spectat
1080 3236 1256 3281 autem
1278 3224 1418 3280 Uria:
1441 3223 1905 3292 uxorem,ignorat
1922 3232 2079 3272 nemo
2096 3216 2165 3270 ob
2189 3214 2267 3267 fa-

684 3316 1374 3387 cinorisconspicuitatem.
1389 3316 1644 3369 Attamen
1660 3310 1976 3366 missis-aliis
1990 3306 2265 3371 omnibus,

692 3423 850 3470 hasce
884 3423 1087 3466 tantum
1117 3412 1168 3465 in
1196 3410 1501 3480 genealogia
1532 3410 1725 3480 posuit.
1758 3411 1915 3478 Atqui
1945 3409 1988 3462 si
2020 3408 2273 3462 mulieres

689 3518 1122 3560 commemorare
1151 3504 1421 3573 oportuit,
1450 3518 1636 3557 omnes
1667 3516 1951 3557 recensere
1989 3515 2085 3570 par
2123 3508 2275 3563 erat;

685 3597 730 3650 si
763 3611 868 3651 non
896 3610 1107 3660 omnes,
1138 3603 1285 3650 certe
1309 3594 1498 3664 aliquae
1523 3609 1703 3648 earum
1738 3591 2073 3663 proferenda:
2101 3600 2275 3654 erant,

687 3702 807 3757 qua:
838 3688 1035 3742 virtute
1078 3686 1371 3740 floruerant
1392 3727 1405 3748 ,
1437 3700 1541 3739 non
1574 3700 1757 3738 earum
1801 3698 2028 3752 quarum
2064 3690 2277 3750 peccata

688 3788 815 3835 sunt
846 3777 1148 3833 manifesta.
1179 3776 1367 3832 Videte
1396 3787 1589 3846 quanta
1623 3776 1777 3831 nobis
1802 3775 2096 3830 attentione
2116 3774 2197 3829 vel
2225 3774 2277 3829 in

690 3870 913 3926 exordio
934 3870 1003 3924 sit
1017 3884 1174 3939 opus,
1196 3870 1403 3924 etiamsi
1423 3868 1525 3925 hoc
1542 3868 1819 3922 exordium
1833 3867 2043 3921 caeteris
2059 3866 2276 3931 clarius,

688 3960 796 4017 imo
828 3960 1052 4015 fortasse
1074 3959 1314 4030 plurimis
1343 3958 1670 4028 superlluum
1694 3973 1816 4013 esse
1858 3957 2120 4021 videatur,
2154 3957 2277 4025 quia

688 4054 904 4107 nomina
921 4062 1123 4108 tantum
1152 4053 1376 4124 plurima
1399 4051 1791 4121 complectitur.
1818 4050 1944 4104 Post
1968 4050 2082 4103 hate
2100 4058 2278 4102 autem
2312 4058 2315 4059 '

693 4144 820 4199 illud
852 4145 1124 4214 inquirere
1151 4159 1245 4213 par
1272 4153 1375 4209 est,
1405 4158 1501 4197 cur
1531 4154 1639 4197 tres
1672 4157 1825 4212 reges
1854 4140 2116 4195 omiserit.
2147 4139 2279 4195 Nam

688 4238 731 4289 si
778 4251 963 4290 eorum
1017 4244 1200 4305 utpote
1246 4235 1530 4290 admodum
1588 4234 1870 4303 impiorum
1926 4232 2139 4286 nomina
2199 4240 2277 4284 ta-

689 4329 829 4390 cuit,
858 4343 1031 4395 neque
1066 4327 1203 4380 alios
1231 4327 1361 4394 ipsis
1409 4326 1611 4380 similes
1657 4339 2079 4379 commemorare
2123 4337 2282 4391 Opor-

696 4416 811 4469 tuit.
845 4415 959 4467 Alia
992 4415 1118 4468 item
1160 4414 1385 4483 qumstio
1414 4412 1673 4480 exsurgit.
1702 4412 1836 4466 Cum
1877 4411 2279 4479 quatuordecim

691 4522 811 4559 esse
837 4506 1213 4573 generationes
1236 4504 1480 4569 dixisset,
1515 4504 1567 4558 in
1616 4504 1767 4558 tertia
1796 4503 1968 4556 classe
2013 4501 2153 4554 hunc
2184 4516 2279 4553 uu-

691 4597 1027 4675 merum'nou
1060 4597 1311 4653 servavit.
1343 4594 1582 4665 Itemque
1610 4610 1705 4650 cur
1732 4594 1904 4654 Lucas
1932 4593 2036 4648 alia
2064 4592 2278 4647 nomina

689 4692 983 4757 recensuit,
1015 4699 1069 4745 et
1094 4705 1191 4745 cur
1219 4704 1325 4744 non
1357 4689 1529 4743 solum
1561 4702 1665 4743 non
1696 4687 1914 4742 eosdem
1945 4700 2153 4748 onmes,
2185 4685 2279 4739 sed

690 4784 852 4841 etiam
886 4784 1051 4837 multo
1084 4782 1264 4852 plures
1299 4780 1743 4837 commemoravit
1772 4797 1785 4833 :
1830 4778 2112 4831 Matthzeus
2152 4790 2278 4831 vero

697 4884 751 4930 et
780 4875 912 4927 alios
941 4884 993 4929 et
1019 4874 1291 4938 diversos,
1320 4872 1528 4928 etiamsi
1575 4871 1688 4940 ipse
1724 4870 1774 4924 in
1816 4867 2107 4936 .loseplmm
2151 4865 2276 4920 des-

689 4966 839 5029 ierit,
874 4965 926 5019 in
982 4979 1094 5034 quo
1137 4976 1190 5021 et
1236 4965 1406 5019 Lucas
1458 4963 1616 5017 finem
1667 4960 1809 5015 fecit.
1843 4959 2030 5014 Videte
2069 4957 2281 5027 quantis

689 5055 845 5120 nobis
885 5055 957 5108 sit
982 5070 1117 5123 opus
1148 5055 1341 5123 vngiliis
1371 5068 1477 5108 non
1507 5052 1572 5106 ad
1605 5050 1924 5106 solvendum
1958 5047 2116 5102 modo
2137 5087 2151 5110 ,
2186 5045 2280 5101 sed

688 5146 848 5209 etiam
891 5146 957 5199 ad
998 5146 1312 5200 discendum
1354 5161 1596 5214 quamam
1638 5143 1745 5197 sint
1782 5140 2054 5197 solvenda.
2097 5139 2281 5208 Neque

690 5254 881 5309 parum
923 5249 1094 5293 estea
1130 5238 1369 5300 invenire
1410 5253 1529 5306 qua:
1561 5245 1782 5305 possunt
1836 5235 1888 5290 in
1935 5232 2152 5288 dubium
2190 5246 2281 5285 vo-

688 5331 837 5397 cari;
871 5346 993 5393 nam
1024 5330 1154 5384 illud
1202 5344 1411 5398 quoque
1440 5328 1491 5381 in
1540 5327 1715 5382 dubiis
1761 5334 2104 5386 numeratur,
2150 5336 2280 5391 quo-

688 5423 849 5477 modo
874 5419 1111 5476 Elisabet
1138 5436 1201 5473 cx
1232 5419 1460 5472 Levitica
1484 5417 1644 5483 tribu,
1674 5426 1896 5493 cognata
1921 5416 1989 5470 sit
2010 5414 2205 5470 Mariic.

760 5756 781 5795 ι
813 5752 1000 5815 »οι-οι..
1028 5758 1075 5804 ut
1103 5748 1237 5801 lectio
1262 5745 1508 5797 lectionem
1530 5747 1801 5806 prwccdat.

1366 377 1423 429 δ.
1460 370 1741 428 .IOANVIS
1778 364 2264 424 CHRYSOSTOMI
2302 363 2619 422 ARCHIEP.
2658 355 3231 417 CONSTANTINOP.-

2426 473 2477 525 7.
2506 469 2773 523 Conclusio
2800 466 3006 520 moralis
3030 481 3048 519 :
3075 462 3329 518 auditores
3368 456 3731 529 a'spectaculis
3769 471 3852 507 tm

2353 566 2578 617 studium
2622 562 2756 616 uerbi
2803 560 2961 634 divini
3003 560 3057 612 in
3093 557 3164 610 eis
3205 555 3426 609 excitare
3468 560 3702 605 conatur.
3733 546 3852 597 -ε

2353 673 2418 711 ne
2437 656 2599 709 multa
2624 654 2780 708 simul
2803 659 3151 721 congerentes
3168 646 3479 702 memoriam
3498 653 3737 697 vestram
3761 639 3851 693 ob:

2351 762 2471 802 mus
2518 747 2603 801 hic
2622 743 2870 815 loquendi
2895 742 3054 797 ﬁnem
3084 740 3357 795 faciemus.
3386 734 3593 790 Sufficit
3617 732 3765 787 enim
3793 744 3852 782 vc

2358 847 2414 891 ut
2444 835 2747 890 excltemini
2771 876 2785 899 ,
2819 833 2862 886 si
2893 832 3214 902 quarstioncs
3254 828 3378 882 'illas
3405 826 3677 880 ediscatis.
3710 822 3768 878 Si
3808 838 3852 876 vi

2353 928 2669 982 solutionem
2697 923 3031 987 desideratis,
3055 932 3109 977 et
3138 920 3268 975 illud
3298 932 3510 988 quoque
3534 917 3618 971 vel
3649 924 3851 983 antequ

2354 1018 2654 1087 loquamur,
2689 1016 2739 1069 in
2768 1024 2943 1069 vestra
2974 1014 3075 1067 erit
3106 1019 3369 1081 potestate
3402 1009 3585 1062 situm.
3618 1006 3675 1059 Si
3708 1021 3852 1059 namt

2355 1124 2447 1163 vos
2470 1108 2729 1162 excitatos
2754 1115 2807 1159 et
2828 1104 3067 1159 discendi
3092 1101 3312 1171 cupidos
3340 1099 3586 1163 viderim,
3611 1097 3851 1151 solution

2354 1199 2505 1252 vobis
2535 1196 2728 1251 aﬂ‘crre
2752 1195 3003 1256 tentabo;
3034 1194 3115 1246 sin
3155 1191 3449 1245 oscitantes
3478 1195 3534 1242 et
3564 1202 3669 1240 non
3703 1194 3852 1238 atten

2356 1303 2720 1359 conspexero,
2749 1295 2803 1342 et
2828 1285 3150 1355 qumstiones
3176 1290 3230 1336 et
3255 1280 3574 1335 solutionem
3604 1277 3821 1330 illarum

2356 1381 2601 1444 cultabo,
2631 1378 2825 1433 divinae
2847 1377 3149 1444 obsequens
3179 1372 3277 1441 legi
3308 1388 3322 1425 :
3356 1369 3550 1432 Nolite,
3583 1367 3795 1436 inquit,
3828 1382 3852 1417 δ

2360 1482 2494 1523 ctum
2520 1470 2643 1522 dare
2671 1468 2899 1531 canibus,
2929 1480 3087 1534 neque
3113 1461 3391 1533 proficiatis
3421 1458 3725 1528 margaritas
3754 1471 3852 1507 neat

2359 1572 2474 1614 ante
2494 1575 2691 1629 porcos,
2711 1574 2772 1610 ne
2801 1561 2931 1627 forte
2950 1552 3240 1608 conculccnt
3262 1568 3344 1604 eas
3363 1550 3569 1618 pedibus
3596 1548 3701 1601 suis
3725 1545 3806 1615 (Μ
3816 1564 3847 1596 α

2361 1653 2410 1705 7.
2445 1650 2518 1723 6).
2565 1650 2696 1717 Quis
2722 1658 2803 1703 est
2830 1658 3005 1701 autem
3048 1645 3135 1714 qui
3177 1642 3492 1698 conculcat?
3532 1640 3633 1704 Qui
3675 1639 3789 1691 lucc
3844 1653 3852 1690 l

2364 1745 2593 1811 pretiosa
2622 1753 2673 1795 et
2700 1741 2904 1793 honore
2930 1737 3087 1807 digna
3109 1750 3229 1789 esse
3249 1742 3454 1788 censet.
3480 1729 3693 1800 Ecquis,
3717 1730 3844 1797 inqu

2363 1834 2432 1886 ita
2463 1833 2625 1885 miser
2653 1840 2755 1893 est,
2788 1839 2843 1883 ut
2873 1829 2987 1881 haec
3016 1842 3120 1880 non
3152 1826 3356 1879 honore
3381 1824 3558 1893 digna,
3591 1837 3690 1875 nec
3709 1820 3852 1874 omni

2363 1922 2741 1992 pretiosissima
2772 1934 2892 1974 esse
2915 1916 3118 1971 ducat?
3147 1916 3193 1969 ls
3216 1916 3305 1983 qui
3335 1929 3442 1968 non
3466 1912 3573 1965 illis
3601 1921 3809 1964 tantum
3836 1925 3852 1964 ε

2360 2015 2506 2069 diutn
2534 2012 2775 2077 adhibet,
2826 2017 3083 2080 quantum
3135 2005 3509 2061 meretricibus
3553 2003 3852 2057 mulieriqu

2334 2103 2613 2159 'satanicis
2647 2101 2889 2157 theatris.
2938 2100 3011 2154 lbi
3040 2098 3182 2153 enim
3214 2096 3439 2167 plurimi
3462 2104 3602 2150 totos
3626 2094 3741 2148 dies
3772 2104 3850 2146 tra

2364 2199 2539 2267 igunt,
2597 2195 2868 2262 multaque
2916 2194 2967 2246 in
2998 2207 3057 2246 re
3086 2190 3381 2245 domestica
3426 2188 3719 2257 negligunt,
3764 2186 3836 2238 ob

2366 2288 2733 2359 tempestivam
2765 2287 2906 2339 illam
2949 2283 3351 2352 occupationem
3374 2322 3387 2345 ,
3423 2280 3816 2347 diligenterque

2366 2384 2621 2447 retinent,
2654 2394 2774 2450 qua:
2802 2378 2995 2433 ibidem
3023 2374 3282 2439 audiunt,
3314 2373 3509 2439 illaque
3536 2371 3587 2423 in
3619 2369 3814 2423 anima:
3850 2386 3851 2414 ι

2366 2474 2655 2545 perniciem
2679 2479 3023 2526 conservant.
3056 2465 3150 2521 llic
3177 2474 3353 2518 autem
3389 2463 3503 2530 ipso
3534 2461 3647 2514 Deo
3677 2459 3851 2527 Inque

2368 2583 2435 2621 ne
2466 2564 2743 2619 minimum
2772 2559 2988 2630 quidem
3017 2556 3274 2625 temporis
3308 2566 3531 2607 manere
3560 2551 3768 2604 volunt.
3802 2547 3852 2602 ιε

2368 2674 2471 2728 que
2520 2654 2653 2709 nihil
2680 2665 2966 2707 commune
3008 2649 3264 2701 habemus
3294 2660 3415 2699 cum
3457 2643 3589 2697 czclo
3621 2658 3636 2694 :
3666 2640 3761 2696 sed
3793 2656 3852 2693 vc

2376 2760 2531 2802 tenus
2571 2748 2690 2799 vitae
2722 2744 3021 2797 institutum
3070 2747 3310 2792 nostrum
3348 2734 3637 2805 peragitur.
3682 2730 3843 2785 Certe

2374 2840 2605 2893 bennam
2636 2835 2837 2889 ideirco
2866 2834 3004 2886 Deus
3031 2828 3387 2884 comminatus
3409 2834 3512 2888 est,
3537 2838 3644 2877 non
3668 2832 3727 2876 ut
3758 2822 3808 2875 in
3840 2838 3852 2873 ε

2379 2945 2478 2983 nos
2499 2926 2793 2995 conjiciat;
2834 2926 2922 2978 sed
2948 2934 3004 2976 ut
3038 2924 3194 2977 nobis
3230 2922 3550 2989 persuadeat
3592 2922 3852 2990 pernicios

2380 3021 2524 3073 illam
2579 3016 2917 3088 tyrannidem
2956 3018 2976 3046 ³
3020 3014 3225 3085 fugere.
3272 3013 3380 3069 Nos
3424 3030 3550 3068 vero
3592 3030 3622 3068 e
3674 3022 3852 3068 contra

2378 3112 2617 3182 agimus;
2666 3108 2939 3171 audimus,
2985 3117 3040 3162 et
3079 3107 3320 3176 qumidie
3365 3106 3429 3160 ad
3476 3107 3614 3160 viam
3660 3121 3781 3176 quae
3824 3106 3852 3158 il

2377 3202 2527 3256 ducit
2557 3199 2896 3254 accurrimus
2926 3216 2937 3250 :
2972 3197 3184 3265 Deoque
3221 3197 3447 3265 jubeute
3485 3212 3595 3251 non
3636 3197 3811 3251 solum

2378 3289 2513 3351 dire,
2538 3287 2630 3342 scd
2654 3287 2815 3339 etiam
2840 3285 2983 3339 dicta
3008 3286 3251 3354 exsequi,
3281 3299 3382 3339 nos
3422 3300 3488 3339 ne
3511 3287 3726 3354 quidem
3764 3303 3847 3339 alii

2379 3379 2730 3434 sustinemus.
2772 3375 3124 3441 Quiandonam
3172 3375 3336 3443 igitur
3376 3391 3457 3440 ea,
3492 3392 3611 3445 qua:
3648 3376 3852 3443 jubemi

2379 3496 2597 3545 agemus
2621 3522 2636 3546 ,
2663 3493 2716 3535 et
2757 3480 3007 3551 cperibus
3053 3495 3269 3535 manum
3302 3479 3723 3545 admovebimus,
3752 3498 3852 3552 qua

2379 3588 2521 3643 mgre
2549 3585 2602 3628 et
2633 3572 2849 3643 indigne
2880 3572 3102 3627 ferimus
3133 3586 3329 3635 moras,
3368 3573 3453 3626 hic
3482 3573 3549 3627 ad
3586 3573 3851 3628 brevissin‘

2382 3665 2640 3735 temporis
2665 3665 2895 3735 Spatium
2928 3667 3205 3734 prolatas?
3232 3665 3391 3735 Atqui
3422 3680 3522 3721 nos
3564 3681 3684 3721 cum
3713 3666 3781 3721 de
3806 3683 3852 3721 re

2379 3758 2579 3812 frivolis
2606 3757 2765 3812 verba
2795 3757 3073 3822 facientes,
3104 3773 3198 3812 eos
3223 3760 3311 3827 qui
3345 3759 3618 3813 nobiscum
3649 3759 3831 3813 sedent

2377 3849 2654 3903 attendere
2720 3850 3080 3915 advertimus,
3133 3850 3185 3903 id
3230 3850 3568 3904 contumelia:
3627 3851 3743 3905 loco
3800 3852 3851 3904 lt;

2380 3957 2548 4006 mus;
2602 3942 2766 3995 Deum
2824 3957 2951 3995 vero
3004 3956 3112 3995 non
3181 3949 3427 4010 putamus
3499 3956 3597 3994 nos
3647 3942 3851 3996 offendi

2380 4034 2593 4105 quando
2639 4036 2789 4089 illttm
2837 4035 2903 4090 de
2958 4035 3120 4090 tantis
3169 4035 3328 4087 rebus
3377 4034 3683 4102 loquentem
3737 4034 3851 4102 dest

2382 4140 2500 4180 mus
2545 4126 2733 4180 etalio
2779 4125 2967 4181 oculos
2999 4122 3401 4179 convertimus?
3439 4122 3601 4178 Certe
3645 4138 3810 4178 senex
3850 4153 3851 4167 ι

2378 4218 2458 4274 vis
2503 4233 2748 4289 magnam
2794 4231 3044 4272 emensus
3084 4225 3238 4271 terra:
3285 4224 3509 4285 partem,
3539 4215 3830 4270 stadiorum

2378 4326 2607 4373 merum,
2654 4309 2865 4363 urbium
2914 4307 3232 4376 positionem
3272 4316 3326 4360 et
3374 4304 3623 4369 formam,
3677 4317 3852 4374 portus

2376 4398 2550 4453 forum
2576 4398 2985 4467 diligentissime
3012 4397 3166 4450 nobis
3185 4396 3439 4451 describit
3464 4413 3477 4449 :
3504 4407 3559 4449 at
3586 4411 3683 4451 nos
3708 4412 3773 4451 ne
3795 4413 3852 4466 qu

2377 4499 2488 4542 tum
2517 4488 2732 4556 quidem
2767 4487 2947 4556 procul
2979 4487 3149 4541 simus
3194 4486 3263 4539 ab
3293 4487 3379 4541 illa
3409 4488 3608 4542 caelesti
3653 4488 3782 4542 urbe
3813 4504 3851 4541 ut

2376 4592 2524 4644 mus;
2553 4577 2785 4647 alioquin
2813 4587 2991 4631 autem
3018 4577 3115 4632 viae
3136 4577 3519 4647 longitudinem
3542 4581 3785 4633 minuere
3810 4596 3852 4634 Cl

2376 4669 2659 4735 vissemns,
2686 4669 2729 4723 si
2759 4684 2950 4737 nempe
2981 4669 3125 4722 illam
3156 4668 3462 4724 distantiam
3486 4680 3808 4724 teneremus.
3841 4670 3852 4724 Ι

2375 4761 2517 4817 enim
2567 4768 2769 4815 tantum
2819 4759 3098 4814 dumtaxat
3139 4774 3170 4813 a
3198 4760 3354 4815 nobis
3397 4761 3559 4815 distat
3599 4761 3790 4816 civitas
3834 4764 3844 4814 i

2373 4862 2632 4924 quantum
2659 4861 2741 4907 est
2770 4853 2911 4907 inter
2931 4851 3120 4906 cmlum
3146 4862 3199 4906 et
3223 4863 3417 4907 terram
3452 4853 3788 4908 interstitium
3812 4871 3827 4920 ;

2374 4945 2544 4999 tuttlto
2587 4944 2775 5014 magis,
2808 4944 2851 4997 si
2884 4944 3251 5014 ncgligamus;
3279 4952 3340 4999 ut
3367 4960 3397 4999 e
3440 4946 3741 5009 contrario,
3770 4946 3810 4999 si
3840 4959 3852 4997 ε

2372 5037 2507 5092 tliosi
2531 5036 2721 5103 simus,
2753 5036 2803 5089 in
2829 5045 3099 5091 momento
3127 5036 3383 5105 temporis
3408 5035 3473 5090 ad
3496 5034 3811 5104 ejnsjanuas
3835 5051 3851 5102 ι

2373 5131 2554 5185 venire
2578 5128 2891 5199 poterimus.
2914 5127 3029 5183 Non
3054 5130 3196 5184 enim
3228 5130 3464 5183 locorum
3490 5126 3833 5197 longitudine,

2372 5222 2612 5277 instituto
2634 5239 2839 5277 mormn
2872 5223 2987 5278 haec
3013 5224 3181 5294 spatia
3212 5222 3479 5278 metienda
3510 5230 3653 5275 sunt.

2442 5316 2495 5370 8.
2524 5314 2603 5369 Tu
2636 5330 2762 5370 vero
2792 5317 3069 5385 praesentis
3099 5316 3221 5369 vitm
3253 5329 3340 5369 res
3369 5313 3650 5384 diligenter
3698 5312 3852 5375 nosti,

2372 5424 2507 5464 nova
2558 5410 2852 5478 ctautiqur.
2900 5420 2951 5463 et
2988 5419 3206 5471 vetera,
3256 5406 3629 5476 principesque
3673 5418 3852 5459 numer

2458 5746 2473 5772 2
2508 5737 2731 5801 Quidam,
2755 5732 3157 5786 consuetudinem.
