4058 6208
392 241 455 298 ει
1542 238 1608 294 1N
1648 211 2064 294 mam-mum
2133 239 2356 294 IIOMIL.
2406 241 2444 294 I.
2871 289 2875 293 _
3565 251 3637 302 εξ

384 333 522 431 μξτίὶ
571 331 772 431 πολλῇς
817 330 1218 431 ἡμῖν-ἕπεσθαι
1264 330 1360 431 τῆς
1393 330 1835 431 σπουξῆςςλδξστε
1871 332 1949 428 είξ
2071 349 2206 403 Οὐδὲ
2230 349 2339 420 γὰρ
2365 349 2521 403 τοῦτο
2557 352 2768 422 μικρὸν,
2816 354 2878 406 16
2922 354 2987 408 τὰ
3019 353 3434 427 ’διαπορούμενα
3477 359 3638 431 δυνη-

380 421 517 476 αὐτὸ
559 422 622 476 16
657 423 890 491 πέλαγος
917 422 1026 474 τῶν
1071 419 1467 491 γεγραμμένων
1519 420 1807 481 εἰσελθεῖν,
1854 419 1948 471 τοῦ

379 515 622 586 Χριστου
675 514 1081 585 προηγουμένου
1137 512 1343 584 ταύτης
1394 515 1525 584 ἡμῖν
1568 515 1667 584 τῆς
1717 511 1945 564 εἰσόδου.

384 608 546 660 Ὥστε
581 607 636 660 δὲ
670 607 1068 676 εὐμαθέστερον
1100 606 1350 674 γενέσθαι
1391 606 1486 659 16v
1513 605 1688 674 λόγον,
1719 604 1948 674 δεόμεθα

379 698 474 750 καὶ
504 696 926 768 παρακαλοῦμεν
977 698 1133 768 (ὅπερ
1161 698 1256 750 καὶ
1282 697 1372 749 ἐπὶ
1401 696 1507 750 τῶν
1528 696 1700 751 ἄλλων
1720 693 1948 765 Γραφῶν

380 777 828 859 πεποιήκαμεν),
877 789 1283 860 προλαμϐάνειν
1338 791 1436 860 τὴν
1495 786 1797 860 περικοπὴν
1849 784 1949 855 τῆς

382 886 622 958 Γραφῆς,
658 891 724 959 ἦν
753 889 818 943 ἂν
853 891 1132 962 μέλλωμεν
1165 890 1494 961 ἐξηγεῖσθαι,
1535 892 1621 944 ἵνα
1651 895 1713 962 τῇ
1746 888 1948 960 γνῶσει

379 978 413 1046 ή
464 977 763 1046 ἀνάγνωσις
811 982 1236 1053 προοδοποιοῦσα
1327 981 1393 1045 ³⁸,
1444 981 1472 1033 ὃ
1502 983 1593 1035 καὶ
1629 982 1721 1034 ἐπὶ
1746 981 1839 1035 τοῦ
1869 983 1942 1034 εὐο

335 1065 570 1136 “νούχου
599 1068 810 1137 γέγονε,
847 1071 942 1123 καὶ
974 1071 1172 1141 πολλὴν
1212 1071 1470 1140 παράσχῃ
1494 1070 1539 1102 ⁸ο
1572 1071 1671 1141 τὴν
1700 1071 1948 1124 εὐκολίαν

377 1154 530 1222 ἡμῖν.
566 1155 676 1208 Καὶ
708 1157 816 1228 γάρ
859 1159 927 1211 τὰ
971 1158 1278 1229 ζητούμενα
1330 1159 1498 1213 πολλά
1526 1160 1620 1212 καὶ
1650 1159 1942 1230 ἐπάλληλα.

379 1242 525 1313 Ὅρα
559 1244 689 1311 γοῦν
718 1247 916 1310 εὐθέως
956 1249 1014 1301 ἐν
1038 1248 1342 1318 προοιμίοις
1373 1245 1474 1301 τοῦί
1497 1249 1828 1317 Εὐαγγελίου
1854 1249 1949 1300 αὐ-

375 1333 491 1394 τοῦ,
552 1335 689 1389 πόσα
740 1337 804 1390 ἄν
835 1355 919 1400 τις
949 1340 1341 1410 ὲπαπορήσειε.
1376 1341 1597 1410 Πρῶτον
1631 1340 1753 1409 μὲν,
1804 1338 1946 1400 τίνος

375 1424 559 1479 ἕνεκεν
595 1429 623 1479 ὁ
665 1429 860 1500 Ἰωσὴφ
889 1432 1309 1500 γενεαλογεῖται,
1353 1433 1453 1485 οὐκ
1479 1431 1553 1483 ὢν
1593 1431 1685 1484 τοῦ
1712 1429 1948 1502 Χριστοῦ

377 1519 581 1588 πατήρ.
606 1519 868 1590 Δεύτερον
887 1522 965 1582 δέ,
1001 1522 1162 1574 πόθεν
1195 1522 1347 1574 ἔσται
1384 1522 1539 1590 δῆλος
1566 1523 1697 1591 ἡμῖν
1723 1519 1830 1574 ἀπὸ
1853 1518 1948 1572 τοῦ

375 1609 540 1662 Δαυῒδ
578 1613 831 1680 κατάγων
857 1613 915 1665 τὸ
937 1613 1111 1682 γένος,
1131 1615 1230 1683 τῆς
1255 1613 1490 1683 Μαρίας,
1523 1615 1612 1681 ἀφ’
1643 1607 1711 1683 ἦς
1731 1611 1946 1680 ἐτέχθη.

375 1701 486 1755 τῶν
520 1704 797 1773 προγόνων
819 1704 1198 1772 ἀγνοουμένων
1219 1721 1231 1734 ε
1264 1702 1383 1754 οὐδὲ
1417 1701 1525 1773 γὰρ
1547 1701 1944 1771 ἐγενεαλογήθη

378 1793 412 1860 ἡ
453 1793 746 1863 Παρθένος.
787 1793 1000 1863 Τρίτον,
1054 1794 1194 1857 τίνος
1228 1794 1414 1846 ἐνεκεν
1445 1795 1474 1846 6
1521 1795 1618 1863 μὲν
1657 1793 1874 1863 Ἰωσὴφ,
1919 1795 1949 1845 6

378 1883 546 1951 μηδὲν
570 1884 836 1937 συντελῶν
863 1885 999 1955 πρὸς
1025 1884 1120 1955 τὴν
1139 1885 1409 1956 γέννησιν,
1441 1884 1864 1953 γενεαλογεῖται·
1909 1885 1942 1953 ή

373 1971 432 2023 δὲ
464 1973 756 2044 Παρθένος,
789 1977 822 2046 ή
861 1977 952 2028 καὶ
983 1977 1164 2047 μήτηρ
1201 1976 1467 2046 γενομένη
1501 2017 1515 2040 ,
1561 1977 1621 2029 οὐ
1671 1976 1946 2030 δείκνυται

372 2060 534 2115 τίνων
581 2065 832 2134 πατέρων
877 2066 971 2119 καὶ
1012 2067 1251 2120 πάππων
1284 2068 1379 2120 καὶ
1422 2067 1703 2138 προγόνων
1729 2067 1772 2098 δ’
1807 2067 1942 2118 ἐστί.

376 2150 532 2203 Μετὰ
556 2152 761 2205 τούτων
782 2155 928 2220 ἄξιον
964 2157 1184 2209 κάκεῖνο
1225 2155 1339 2228 [14]
1371 2158 1622 2228 ζητῆσαι,
1658 2157 1710 2210 τί
1746 2156 1946 2224 δήποτε

371 2239 459 2292 διὰ
484 2241 592 2294 τῶν
623 2243 830 2313 ἀνδρῶν
858 2247 1114 2315 προάγων
1145 2248 1244 2317 τὴν
1273 2249 1646 2317 γενεαλογίαν,
1697 2247 1942 2317 ἐμνήσθη

372 2332 467 2383 καὶ
501 2333 792 2399 γυναικῶν.
824 2337 933 2388 Καὶ
970 2337 1154 2406 ἐπειδὴ
1184 2336 1342 2391 τοῦτο
1371 2339 1416 2370 δ’
1447 2337 1593 2408 αὐτῷ
1615 2338 1809 2404 ἔδοξεν,
1827 2337 1947 2390 οὐδὲ

373 2423 554 2484 πάσας
584 2423 793 2477 τέθεικε
818 2425 916 2489 τὰς
960 2432 1243 2494 γυναῖκας,
1291 2429 1428 2482 ἀλλά
1474 2430 1572 2493 τὰς
1629 2429 1945 2500 εὐδοκίμους

373 2511 767 2584 παραδραμὼν,
804 2509 914 2567 οἷον
946 2516 1045 2586 τὴν
1075 2518 1310 2589 Σάρραν,
1357 2520 1455 2589 τὴν
1490 2519 1808 2583 Ῥεϐέκκαν,
1853 2518 1946 2570 καὶ

373 2600 494 2653 ὅσαι
518 2600 786 2665 τοιαῦται,
835 2603 934 2668 τὰς
973 2605 1066 2659 ἐπὶ
1119 2607 1289 2678 κακίᾳ
1345 2607 1701 2678 βεδοημένας,
1740 2607 1944 2672 ταύτας

372 2690 454 2752 εἰς
489 2690 652 2760 μέσον
691 2693 864 2764 ήγαγε
892 2694 1052 2765 μόνον
1073 2713 1084 2724 ·
1118 2691 1231 2751 οἷον
1263 2699 1314 2750 εῖ
1343 2716 1427 2762 τις
1455 2699 1628 2770 πόρνη
1678 2699 1770 2752 καὶ
1823 2716 1944 2769 μοι·

373 2779 547 2849 χαλὶς,
583 2780 735 2846 εἴτις
763 2785 826 2837 ὲκ
861 2786 1189 2856 παρανόμων
1211 2789 1426 2856 γάμων,
1459 2787 1617 2851 εἴτις
1651 2788 1946 2858 ἀλλόφυλος

373 2869 468 2922 καὶ
506 2869 778 2941 βάρϐαρος
803 2867 890 2943 ἦν.
927 2874 1035 2925 Καὶ
1069 2873 1177 2945 γὰρ
1202 2876 1300 2945 τῆς
1328 2874 1420 2927 τοῦ
1460 2877 1680 2947 Οὐρίου,
1726 2878 1818 2930 καὶ
1845 2877 1951 2948 τῆς,

372 2961 588 3032 Θάμαρ,
619 2963 708 3016 καὶ
738 2966 835 3034 τῆς
868 2965 1034 3018 Ῥαὰϐ
1057 2966 1124 3031 ⁸⁸,
1169 2967 1260 3020 καὶ
1289 2967 1388 3035 τῆς
1430 2967 1586 3022 Ῥούθ
1616 2969 1944 3040 ὲμνημόνευ⁴

374 3069 492 3104 σενα
543 3046 616 3106 ὧν
654 3056 687 3125 ἡ
723 3056 819 3125 μὲν
850 3054 1140 3127 ἀλλογενὴς
1172 3052 1261 3128 ἦν,
1299 3060 1331 3127 ἡ
1374 3059 1431 3112 δὲ
1484 3059 1678 3130 πόρνη,
1714 3063 1746 3130 ή
1777 3061 1832 3114 δὲ
1867 3059 1946 3130 τῷ

373 3141 605 3213 κηδεστῇ
665 3146 1024 3218 προσεφθάρη
1060 3164 1074 3175 ·
1149 3148 1242 3200 καὶ
1296 3148 1414 3200 οὐδέ
1466 3148 1642 3220 τούτῳ
1689 3150 1737 3182 ’⁸⁸
1795 3151 1946 3222 νόμῳ

372 3231 573 3299 γάμου,
616 3233 751 3287 ἀλλά
789 3235 1036 3306 κλέψασα
1073 3237 1172 3308 τὴν
1225 3239 1393 3308 μίξιν,
1443 3241 1537 3295 καὶ
1589 3242 1796 3314 πόρνης
1849 3261 1974 3297 πε-·

379 3321 630 3395 ριθεμένη
681 3330 1022 3397 προσωπεῖον
1073 3330 1271 3401 ἑαυτῇ’
1310 3330 1406 3383 καὶ
1452 3331 1551 3400 τὴν
1597 3331 1691 3384 τού
1745 3331 1945 3404 Οὐρίου

371 3427 426 3480 δὲ
458 3428 634 3491 οὐδεὶς
687 3429 874 3495 ἀγνοεῖ
920 3428 1011 3481 διὰ
1065 3429 1164 3499 τὴν
1217 3427 1574 3499 περιφάνειαν
1612 3428 1704 3481 τοῦ
1735 3429 1925 3499 τολμήο

376 3535 560 3588 ματος.
628 3519 764 3571 Ἀλλ’
821 3521 970 3589 ὅμως
1030 3519 1205 3581 πάσας
1287 3518 1386 3582 τὰς
1458 3519 1622 3581 ἄλλας
1692 3520 1850 3588 ἀφεὶς
1909 3520 1940 3572 6

373 3605 781 3676 εύαγγελιστὴς,
814 3607 1013 3670 ταύτας
1041 3606 1264 3676 ἐνέθηκε
1288 3610 1354 3676 τῇ
1389 3608 1704 3678 γενεαλογίᾳ
1751 3608 1935 3678 μόνας.

373 3698 561 3751 Καίτοι
588 3701 634 3751 εἰ
673 3698 975 3769 μνησθῆναι
1018 3699 1293 3766 γυναικῶν
1328 3698 1454 3760 ἔδει,
1509 3698 1696 3751 πασῶν
1732 3700 1895 3769 ἐχρῆν
1921 3716 1934 3729 ·

374 3790 422 3840 εἰ
453 3788 510 3840 δὲ
545 3787 619 3859 μὴ
643 3789 853 3850 πασῶν,
880 3788 992 3841 ἀλλ’
1015 3789 1190 3853 ἐνίων,
1210 3790 1317 3842 τῶν
1343 3791 1400 3843 ἐν
1423 3789 1614 3860 ἀρετῇ,
1645 3789 1704 3841 οὐ
1739 3788 1846 3841 τῶν
1881 3791 1938 3842 ἐν

375 3882 726 3951 ἁμαρτήμασι
787 3879 1150 3951 βεϐοημένων.
1207 3880 1388 3932 Εῖδετε
1459 3881 1630 3950 πόσης
1681 3882 1812 3950 ήμῖν
1860 3879 1940 3932 δεῖ

301 3951 308 3956 ’
374 3971 642 4040 προσοχῆς
688 3971 746 4022 ἐν
772 3972 885 4032 τοῖς
916 3969 1221 4039 προοιμίοις
1261 3968 1480 4031 εὐθέως.
1508 3970 1764 4036 Καίτοιγε
1794 3969 1941 4021 δοκεῖ

376 4061 703 4130 σαφέστερον
731 4058 867 4112 εἶναι
900 4058 1006 4111 τῶν
1059 4058 1233 4112 ἀλλων
1269 4059 1331 4111 16
1370 4059 1672 4128 προοίμιον,
1718 4060 1858 4128 τάχα
1883 4059 1939 4112 δὲ

375 4153 584 4216 πολλοῖς
617 4151 713 4205 καὶ
743 4151 1017 4221 περισσὸν,
1051 4148 1137 4201 διὰ
1164 4149 1223 4201 τὸ
1248 4149 1522 4218 ὀνομάτων
1547 4149 1777 4219 ἀριθμὸν
1800 4145 1939 4201 εἶναι

377 4242 552 4311 μόνον.
607 4240 763 4294 Μετὰ
794 4240 951 4293 τοῦτο
1001 4240 1219 4292 κάκεῖνο
1275 4237 1422 4303 ἄξιον
1479 4237 1744 4308 ζητῆσαι,
1799 4235 1941 4299 τίνος

371 4331 553 4384 ἕνεκεν
574 4334 723 4400 τρεῖς
755 4330 1071 4402 παρέδραμε
1110 4329 1364 4399 βασιλεῖς.
1392 4329 1455 4384 Εἰ
1479 4329 1586 4400 γὰρ
1611 4330 1685 4391 ὡς
1737 4327 1940 4398 σφόδρα

370 4423 580 4477 ἀσεϐῶν
643 4421 996 4492 ἀπεσιώπησε
1046 4423 1145 4490 τὴν
1194 4420 1606 4491 προσηγορίαν,
1667 4419 1786 4472 οὐδὲ
1831 4417 1941 4472 τῶν

368 4512 540 4566 ἄλλων
585 4511 694 4564 τῶν
734 4510 990 4564 τοιούτων
1039 4509 1342 4581 μνησθῆναι
1395 4508 1520 4562 ἔδει.
1571 4509 1683 4562 Καὶ
1707 4508 1814 4578 γάρ
1847 4506 1940 4560 καὶ

367 4603 524 4657 τοῦτο
557 4601 742 4673 ἔτερόν
773 4603 887 4654 ἐστι
921 4600 1158 4671 ζήτημα.
1189 4599 1602 4669 Δεκατέσσαρας
1635 4599 1742 4668 γὰρ
1771 4595 1938 4648 εἰπὼν

370 4695 580 4764 γενεὰς,
607 4697 666 4747 ἐν
707 4695 771 4763 τῇ
813 4692 966 4766 τρίτῃ
1004 4692 1178 4762 μερίδι
1207 4691 1298 4743 16v
1329 4690 1560 4760 ἀριθμὸν
1604 4689 1664 4741 οὐ
1690 4688 1937 4742 διέσωσε.

369 4788 478 4839 Καὶ
507 4788 648 4849 τίνος
676 4786 861 4838 ἕνεκεν
893 4787 920 4837 6
950 4784 1049 4854 μὲν
1073 4784 1284 4844 Λουκᾶς
1308 4782 1508 4853 ἐτέρων
1540 4780 1942 4851 ἐμνημόνευσεν

367 4875 664 4944 ὀνομάτων,
722 4875 817 4928 καὶ⁴
850 4875 912 4926 οὐ
964 4873 1123 4943 μόνον
1174 4873 1233 4924 οὐ
1287 4873 1395 4925 τῶν
1439 4871 1620 4924 αὐτῶν
1660 4871 1937 4934 ἀπάντων,

369 4965 501 5020 ἀλλὰ
529 4967 624 5020 καὶ
657 4964 835 5034 πολλῷ
868 4963 1154 5018 πλειόνωνο
1187 4964 1214 5014 6
1241 4963 1297 5016 δὲ
1326 4962 1597 5024 Ματθαῖος
1619 5003 1632 5025 ,
1670 4961 1763 5014 καὶ
1787 4961 1942 5015 ἐλατ-

367 5059 574 5122 τόνων,
624 5057 718 5110 καὶ
756 5056 978 5126 ἐτέρων,
1027 5054 1268 5121 καίτοιγε
1326 5055 1405 5116 εἰς
1461 5053 1552 5105 τὸν
1612 5051 1808 5122 Ἰωσὴφ
1848 5055 1943 5106 καὶ

370 5150 527 5212 αὐτὸς
564 5148 916 5218 τελευτήσας,
951 5146 1031 5207 εἰς
1073 5143 1132 5196 ὃν
1181 5144 1274 5195 καὶ
1307 5143 1334 5193 6
1372 5143 1584 5205 Λουκᾶς
1625 5143 1938 5213 κατέληξεν.

370 5239 482 5310 115i]
534 5240 728 5309 Ὁρᾶτε
758 5240 890 5307 ὅσης
915 5235 1220 5305 ἀγρυπνίας
1251 5236 1382 5305 ἡμῖν
1417 5235 1604 5304 χρεία,
1638 5236 1737 5287 οὐκ
1767 5236 1848 5296 εἰς
1884 5235 1945 5288 16

370 5331 526 5385 λῦσαι
559 5333 738 5399 μόνον,
762 5329 897 5384 ἀλλά
925 5328 1018 5381 καὶ
1038 5329 1116 5391 εἰς
1149 5327 1210 5379 16
1236 5326 1444 5396 μαθεῖν,
1472 5325 1591 5378 τίνα
1625 5325 1730 5396 χρὴ
1758 5325 1941 5395 λύσαι.

463 5449 508 5481 ³⁵³
538 5450 572 5524 ἦ
611 5459 817 5526 οῐ-ιηοιι
846 5449 940 5526 καί
972 5457 1099 5526 auge
1123 5447 1325 5526 πολλήν
1354 5443 1758 5526 om.“An.”Sav:
1797 5442 1889 5523 καὶ
1927 5456 1943 5526 ς

2064 5440 2214 5526 ιξλξ.
2239 5439 2299 5494 C.
2339 5518 2349 5526 ⁸
2392 5439 2454 5520 ,⁸ο
2487 5449 2619 5519 παρς

897 5520 941 5550 ⁸⁸
973 5515 1154 5587 τοῦτο]
1187 5520 1225 5560 +
1252 5509 1423 5586 δήπου
1601 5513 1647 5587 ξ³
1675 5514 1768 5587 καὶ
1800 5512 1898 5587 τῆς
1937 5511 1943 5529 ⁴

2064 5509 2128 5587 ι6ζ
2155 5510 2356 5587 dpsun}
2390 5509 2443 5587 ἰι]
2473 5509 2751 5587 om_nibus.

395 5590 527 5660 Περὶ
555 5587 649 5660 τοῦ
680 5589 824 5660 μετά
849 5587 1062 5660 νήψεως
1097 5573 1549 5660 κάξ-προσεχείας-
1574 5583 1671 5660 τῂν
1700 5573 1960 5660 ἀκρόασιν
1987 5580 2256 5660 ποιεῖσθαι
2288 5581 2386 5647 τῆς
2415 5580 2723 5660 διηγήρεως
2754 5578 2825 5660 Αζ
2893 5575 2940 5660 ξ
2963 5575 3161 5660 166m.

1778 5652 1823 5682 ⁵³
1852 5649 2164 5776 τυραννίδῆ
2191 5649 2284 5702 Sic
2313 5643 2449 5701 ahn.
2477 5643 2765 5716 συνήθειαν
2797 5645 2859 5698 Α.
2892 5645 2952 5696 Ε.
2991 5643 3096 5719 ΛῐιΣ

1778 5729 1920 5776 rsum
1951 5721 2006 5774 in
2036 5721 2094 5774 Β.
2163 5721 2195 5773 1.
2248 5720 2309 5773 1).
2341 5719 2443 5773 Au.
2473 5718 2623 5772 Arm.
2658 5731 2780 5769 mox
2807 5722 2931 5776 post
2954 5728 3096 5764 ποιοι

395 5720 558 5795 ιιιιὶςο
591 5727 788 5795 legitur
814 5727 863 5780 6.
914 5720 987 5779 ὧν
1010 5725 1301 5796 ἀκούομεν,
1373 5741 1493 5796 qua:
1522 5722 1688 5778 verba
1723 5721 1920 5777 desum
1951 5721 2006 5774 in
2036 5721 2094 5774 Β.

391 5520 631 5574 πάππων
661 5520 796 5572 Edd.

398 5653 532 5727 μόνα
671 5653 1071 5727 ἐνταῦθα’βάά.
1129 5725 1136 5727 _
1175 5657 1218 5688 ’⁸⁸
1247 5653 1363 5710 δότε
1398 5653 1470 5707 Β.
1510 5653 1570 5708 C.
1609 5654 1669 5727 1.).

398 5813 528 5866 υμεν
551 5811 742 5850 omnes
778 5807 971 5864 praeter
1003 5795 1067 5850 A.
1098 5795 1202 5847 An.

2073 441 2230 511 θῆναι
2273 442 2481 510 εὐρείν·
2529 444 2621 496 καὶ
2669 444 2776 514 γὰρ
2825 448 2917 498 καὶ
2968 449 3142 500 ἐκεῖνο
3191 449 3411 517 ἄπορον,
3457 451 3571 512 πῶς
3611 455 3638 521 ή

2081 528 2362 582 Ἐλισάϐετ
2403 531 2510 583 ἀπὸ
2551 532 2650 600 τῆς
2690 534 2976 605 Λευῖτικῆς
2997 537 3169 607 φυλῆς
3189 533 3342 600 οὖσα,
3375 541 3640 610 συγγενὴς

2068 614 2136 690 ἦν
2168 620 2267 688 τῆς
2296 620 2532 690 Μαρίας.

2141 709 2204 772 ζ’.
2230 710 2276 741 ⁸⁵
2315 711 2450 762 Ἀλλ’
2471 711 2558 764 ἵνα
2583 713 2656 782 μὴ
2682 715 3083 787 καταχῶσωμεν
3107 718 3258 787 ὐμῶν
3285 718 3382 790 τὴν
3415 723 3641 792 μνήμην

2068 800 2235 852 πολλὰ
2257 801 2612 868 συνείροντες,
2631 804 2861 857 ἐνταῦθα
2877 805 3013 869 τέως
3029 808 3118 859 τὸν
3144 808 3298 876 λόγον
3327 812 3633 880 στήσωμεν.

2081 891 2264 964 Ἀρκεῖ
2313 892 2418 962 γὰρ
2454 887 2580 960 ὑμῖν
2613 895 2693 956 εἰς
2738 895 3190 967 τδ·διεγερθῆναι
3249 901 3344 953 καὶ
3393 901 3451 954 16
3474 903 3520 932 ‘°
3565 905 3635 958 τά

2068 980 2370 1051 ζητούμενα
2422 981 2579 1052 μόνον
2605 982 2647 1014 ⁸⁷
2682 983 2894 1052 μαθεῖν.
2948 987 3011 1038 El
3049 985 3106 1038 δὲ
3138 989 3232 1042 καὶ
3277 989 3378 1058 τῆς
3426 991 3632 1055 λύσεως

2073 1063 2233 1132 ἐρᾶτε
2257 1101 2272 1124 ,
2330 1067 2424 1114 καὶ
2481 1064 2674 1116 τούτου
2709 1067 2814 1136 πρὸ
2847 1067 2957 1119 τῶν
2991 1069 3162 1134 λόγων
3203 1071 3312 1123 τῶν
3361 1071 3644 1141 ἡμετέρων

2071 1152 2228 1220 ὑμεῖς
2260 1151 2460 1221 κύριοι.
2484 1155 2579 1206 Ἂν
2613 1155 2712 1224 μὲν
2735 1156 2845 1225 γάρ
2879 1157 2975 1210 ἴδω
3004 1158 3378 1228 διεγερθέντας
3401 1162 3496 1215 καὶ
3518 1164 3641 1215 ἐπιο-

2071 1239 2372 1309 θυμοῦντας
2397 1242 2608 1312 μαθεῖν,
2646 1247 2978 1315 πειράσομαι
3015 1248 3108 1300 καὶ
3135 1248 3233 1319 τὴν
3261 1248 3411 1301 λύσιν
3441 1251 3643 1318 ἐπαγα-

2071 1332 2216 1395 γεῖν·
2251 1331 2315 1384 ἂν
2341 1331 2397 1384 δὲ
2416 1335 2810 1403 χασμωμένους
2843 1337 2937 1389 καὶ
2974 1337 3048 1408 μὴ
3083 1338 3469 1408 προσέχοντας,
3499 1341 3636 1392 ἀπο-

2070 1419 2346 1489 κρύψομαι
2375 1423 2471 1474 καὶ
2501 1424 2568 1476 τὰ
2600 1422 2886 1495 ζητήματα
2917 1427 3009 1480 καὶ
3027 1428 3122 1498 τὴν
3154 1427 3327 1491 λύσιν,
3353 1429 3478 1499 θείῳ
3494 1430 3640 1499 νόμῳ

2070 1511 2423 1580 πειθόμενος’
2474 1515 2570 1581 Μὴ
2615 1514 2761 1569 δῶτε
2790 1518 2836 1548 ⁴⁸
2864 1517 2993 1588 γάρ,
3035 1521 3190 1589 φησὶ,
3239 1520 3311 1572 τὰ
3337 1520 3474 1587 ἅγια
3519 1521 3636 1587 τοῖς

2070 1601 2236 1665 κυσὶ,
2266 1603 2421 1670 μηδὲ
2439 1604 2660 1672 ρίψητε
2691 1606 2833 1672 τοὺς
2855 1612 3223 1678 μαργαρίτας
3243 1611 3408 1679 ὑμῶν
3428 1613 3643 1680 ἔμπρο-

2069 1696 2216 1746 σθεν
2245 1692 2365 1746 τῶν
2406 1697 2660 1762 χοίρων,
2708 1699 2810 1750 ἵνα
2861 1700 2946 1767 μὴ
3000 1699 3467 1768 καταπατήσωσι
3517 1705 3642 1768 τοῖς

2068 1782 2256 1836 ποσὶν
2271 1782 2489 1838 αὐτῶν.
2505 1787 2600 1850 Τίς
2624 1787 2680 1839 δέ
2699 1790 2887 1842 ἐστινό
2917 1793 3272 1856 καταπατῶνς
3307 1795 3363 1845 Ὀ
3388 1795 3460 1864 μὴ
3487 1795 3642 1864 τίμια
3679 1810 3685 1816 ·

2065 1871 2238 1925 ταῦτα
2261 1873 2560 1944 ἡγούμενος
2605 1876 2698 1930 καὶ
2735 1881 2926 1947 σεμνά.
2961 1884 3073 1934 Καὶ
3100 1883 3184 1947 τίς
3217 1884 3391 1948 οὕτως
3430 1886 3633 1949 ἄθλιος,

2067 1964 2250 2032 φησὶν,
2300 1965 2375 2028 ὼς
2412 1965 2488 2036 μὴ
2540 1968 2712 2037 σεμνὰ
2753 1969 2928 2025 ταῦτα
2973 1973 3068 2025 καὶ
3123 1973 3338 2027 πάντων
3387 1977 3640 2045 ἡγεῖσθαι

2065 2053 2398 2126 τιμιώτερα;
2466 2059 2526 2111 Ὀ
2584 2061 2719 2130 μηδὲ
2794 2062 3092 2132 τοσαύτην·
3138 2067 3394 2135 παρέχων
3449 2069 3639 2132 αὐτοῖς

2070 2146 2284 2216 σχολὴν,
2319 2149 2450 2219 ὅσην
2496 2153 2615 2214 ταῖς
2645 2154 2872 2224 πόρναις
2912 2155 3156 2222 γυναιξὶν
3198 2158 3258 2209 ἐν
3286 2161 3400 2220 τοῖς
3430 2175 3641 2212 σατανιο

2067 2238 2184 2297 κοῖς
2204 2235 2472 2306 θεάτροις.
2509 2238 2657 2293 Ἐκεῖ
2712 2243 2810 2311 μὲν
2858 2245 2964 2315 γὰρ
3009 2245 3102 2298 καὶ
3151 2247 3564 2318 διημερεύουσιν
3585 2252 3639 2302 οἰ

2067 2325 2271 2388 πολλοὶ,
2308 2328 2402 2380 καὶ⁹
2426 2329 2596 2383 πολλά
2621 2331 2732 2384 τῶν
2757 2334 2850 2386 ἐπὶ
2890 2336 2989 2405 τῆς
3019 2336 3196 2400 οἰκίας
3215 2338 3520 2408 προδιδόασι
3551 2340 3639 2392 διά

2062 2415 2159 2484 τήν
2207 2416 2431 2487 ἄκαιρον
2484 2419 2740 2490 ἀσχολίαν
2769 2423 2993 2494 ταύτην,
3051 2428 3145 2479 καὶ
3180 2429 3315 2496 μετά
3353 2427 3662 2499 ἀκριὸεἰας

2065 2507 2201 2576 ὅπερ
2221 2507 2286 2559 ἂν
2316 2509 2588 2562 ἀκούσωσι
2612 2513 2919 2583 κατέχουσι,
2947 2519 3042 2570 καὶ
3061 2517 3228 2571 ταῦτα
3246 2520 3338 2571 ἐπὶ
3370 2517 3522 2592 λύμῃ¹
3539 2523 3640 2591 τῆς

2065 2595 2269 2648 ἑαυτῶν
2311 2598 2488 2668 ψυχῆς
2528 2601 2899 2667 φυλάττοντες.
2960 2607 3222 2661 Ἐνταῦθα
3266 2610 3323 2661 δὲ
3353 2612 3446 2664 τοῦ
3499 2612 3633 2665 Θεοῦ

2065 2683 2455 2753 φθεγγομένου,
2479 2688 2600 2740 οὐδὲ
2632 2693 2825 2761 μικρὸν
2849 2694 3128 2763 ἀνέχονται
3151 2702 3482 2767 παραμεῖναι
3509 2703 3634 2770 χρό-

2063 2790 2170 2826 νον.
2202 2775 2302 2828 Διά
2322 2793 2403 2828 τοι
2419 2777 2576 2831 τοῦτο
2588 2779 2738 2832 οὐδὲν
2767 2783 2941 2836 κοινὸν
2972 2783 3168 2854 ἔχομεν
3196 2786 3332 2855 πρὸς
3349 2789 3438 2840 τὸν
3467 2791 3632 2860 οὐρα-

2064 2867 2174 2931 νὸν,
2207 2868 2340 2922 ἀλλὰ
2377 2870 2536 2942 μέχρι
2571 2872 2828 2942 ῥημάτων
2864 2877 2995 2944 ἡμῖν
3018 2878 3051 2946 ἡ
3081 2877 3340 2933 πολιτεία.
3375 2881 3633 2949 Καίτοιγε

2063 2960 2156 3011 καὶ
2172 2959 2394 3026 γέενναν
2423 2960 2511 3013 διὰ
2529 2961 2684 3015 τοῦτο
2728 2963 3019 3034 ἠπείλησεν
3062 2969 3090 3019 6
3123 2966 3272 3030 Θεὸς,
3303 2970 3400 3039 οὐχ
3435 2971 3519 3024 ἵνα
3537 2973 3652 3041 ἐμ-.

2064 3048 2224 3111 ϐάλῃ,
2255 3048 2371 3120 [16]
2396 3049 2511 3103 ἀλλ’
2561 3052 2645 3104 ἵνα
2671 3053 2830 3124 πείσῃ
2854 3058 3039 3122 φυγεῖν
3056 3055 3150 3126 τὴν
3177 3058 3416 3128 χαλεπὴν
3438 3077 3634 3129 τυραν-

2062 3142 2176 3197 νίδα
2189 3145 2234 3175 ⁸³
2266 3144 2468 3215 ταύτην
2491 3147 2557 3200 ⁸⁸.
2592 3148 2782 3217 Ἡμεῖς
2810 3149 2862 3201 δὲ
2905 3151 3202 3204 τούναντίον
3232 3155 3508 3224 ποιοῦμεν,
3539 3158 3632 3210 καὶ

2062 3235 2183 3287 καθ’
2213 3236 2447 3307 ἑκάστην
2493 3237 2704 3308 ἡμέραν
2745 3239 2879 3310 πρὸς
2923 3241 3020 3312 τὴν
3055 3243 3170 3294 ἐκεῖ
3215 3243 3482 3313 φέρουσαν
3514 3246 3632 3299 ὁδὸν

2061 3325 2346 3395 τρέχομεν’
2375 3328 2470 3380 καὶ
2495 3327 2588 3381 τοῦ
2611 3329 2742 3381 Θεοῦ
2772 3329 3085 3393 κελεύοντος
3119 3331 3192 3404 μὴ
3217 3334 3374 3403 μόνον
3391 3336 3629 3400 ἀκούειν,

2063 3415 2198 3468 ἀλλά
2231 3418 2323 3468 καὶ
2355 3421 2524 3470 ποιεῖν
2572 3419 2642 3471 τὰ
2686 3421 2972 3492 λεγόμενα,
3022 3424 3142 3476 οὐδὲ
3185 3424 3414 3479 ἀκοῦσαι
3450 3419 3648 3498 ἁνεχόέ

2065 3504 2224 3574 μεθα.
2262 3507 2399 3559 Πότε
2428 3504 2521 3561 οὖν
2553 3510 2850 3581 πράξομεν,
2892 3513 3013 3565 εἰπέ
3053 3531 3161 3583 μοι,
3192 3515 3257 3568 τὰ
3282 3517 3628 3586 κελευόμενα,

2058 3596 2270 3648 καὶτῶν
2301 3597 2474 3669 ἔργων
2502 3600 2768 3672 ἁψώμεθα,
2796 3603 2923 3655 ὅταν
2954 3604 3085 3674 μηδὲ
3112 3607 3235 3668 τοὺς
3269 3607 3407 3678 ὑπὲρ
3429 3611 3632 3661 τούτων

2053 3686 2244 3754 λόγους
2291 3690 2508 3743 ἀκούειν
2561 3691 2902 3762 ἀνεχὼμεθα,
2955 3694 3088 3748 ἀλλά
3143 3697 3494 3765 ἀσχάλλωμεν
3540 3701 3631 3752 καὶ

2063 3776 2315 3850 ἀλύωμεν
2358 3780 2494 3851 πρὸς
2537 3778 2646 3850 τὴν
2691 3783 2922 3837 ἐνταῦθα
2969 3785 3268 3858 διατριϐὴν,
3293 3789 3470 3841 καίτοι
3502 3787 3654 3860 βρα-’

2060 3870 2212 3936 χεῖαν
2249 3864 2412 3923 οὖσαν
2464 3871 2704 3942 σφόδρα;
2740 3871 2870 3926 Εἶτα
2925 3877 3082 3945 ἡμεῖς
3117 3877 3213 3946 μὲν
3245 3880 3372 3947 περὶ
3414 3879 3639 3948 ψυχρῶν

2063 3959 2429 4030 διαλεγόμενοι
2452 3966 2809 4034 πραγμάτων,
2847 3966 2911 4020 ἂν
2943 3968 3065 4029 τοὺς
3089 3969 3532 4037 συγκαθημένους
3562 3971 3640 4039 μὴ

2065 4050 2427 4120 προσέχοντας
2460 4053 2676 4121 ἴδωμεν,
2709 4053 2864 4123 ὕϐριν
2906 4055 2966 4106 16
2998 4057 3231 4126 πρᾶγμά
3275 4074 3472 4125 φαμεν.
3533 4059 3637 4112 Τὸν

2063 4140 2197 4192 Θεὸν
2227 4141 2283 4192 δὲ
2317 4143 2414 4211 οὐχ
2450 4142 2730 4212 ἡγούμεθα
2759 4143 3099 4216 παροξύνειν,
3129 4146 3254 4198 ὅταν
3285 4147 3448 4200 αὐτοῦ
3510 4150 3638 4219 περὶ

2061 4229 2315 4283 τοιούτων
2361 4231 2766 4301 διαλεγομένου,
2811 4234 3318 4304 καταφρονήσαντες
3347 4233 3453 4287 τῶν
3479 4235 3637 4302 λεγο-

2065 4319 2260 4390 μένων,
2299 4321 2533 4392 ἑτέρωσε
2570 4322 2890 4394 βλέπωμεν;
2946 4323 3084 4394 Ἀλλ’
3123 4326 3150 4378 6
3182 4325 3278 4396 μὲν
3313 4325 3638 4397 γεγηρακὼς

2061 4413 2154 4464 καὶ
2204 4413 2403 4484 πολλὴν
2426 4413 2668 4466 ἐπελθὼν
2703 4417 2826 4486 γῆν,
2860 4416 2954 4469 καὶ
3000 4417 3226 4469 σταδίων
3248 4417 3499 4489 ἀριθμὸν,
3544 4417 3638 4470 κα)⁸

2061 4505 2270 4557 πόλεων
2294 4505 2488 4570 θέσεις,
2518 4506 2611 4560 καὶ
2645 4509 2899 4578 σχήματα
2927 4509 3020 4561 καὶ
3065 4508 3288 4578 λιμένας
3318 4510 3411 4562 καὶ
3433 4509 3638 4582 ἀγορὰς

2063 4597 2200 4668 μετὰ
2222 4599 2506 4670 ἀκριϐείας
2531 4601 2660 4670 ἡμῖν
2692 4600 3024 4668 ἀπαγγέλλει
3063 4601 3260 4670 πάσης·
3293 4602 3444 4654 αὐτοὶ
3470 4603 3525 4654 δὲ
3549 4604 3640 4654 ού-

2058 4687 2116 4740 δέ
2141 4689 2262 4741 ὅσον
2286 4688 2562 4760 ἀπέχομεν
2593 4691 2692 4761 τῆς
2714 4693 2773 4744 ὲν
2801 4693 2914 4754 τοῖς
2939 4692 3186 4758 οὐρανοῖς
3222 4692 3424 4754 πόλεως
3460 4692 3636 4762 ἴσμενο

2059 4772 2095 4847 ἦ
2130 4778 2238 4848 γὰρ
2263 4778 2328 4831 ἂν
2353 4781 2446 4832 καὶ
2471 4780 2884 4849 ἐσπουδάσαμεν
2928 4781 3208 4850 ἐπιτεμεῖν
3248 4779 3305 4832 τὸ
3344 4780 3538 4848 μῆκος,
3590 4785 3639 4836 εί

2059 4872 2120 4923 16
2159 4872 2432 4943 διάστημα
2478 4872 2746 4942 ἔγνωμεν.
2795 4873 2869 4926 Οὐ
2911 4872 3018 4944 γὰρ
3049 4871 3300 4926 τοσοῦτον
3332 4872 3487 4942 ἡμῶν
3531 4874 3639 4944 ἀφ-

2062 4961 2290 5032 έστηκεν
2316 4964 2349 5034 ἡ
2379 4963 2530 5025 πόλις
2561 4963 2762 5034 ἐκείνη,
2796 4964 2917 5016 ὅσον
2968 4962 3196 5033 οὐρανοῦ
3234 4965 3371 5036 πρὸς
3398 4965 3495 5036 τὴν
3535 4965 3639 5035 γῆν

2058 5053 2116 5106 16
2149 5055 2331 5124 μέσον,
2387 5054 2522 5108 άλλά
2568 5055 2665 5107 καὶ
2718 5055 2896 5126 πολλῷ
2945 5055 3126 5124 πλέον,
3178 5057 3272 5110 ἐὰν
3325 5058 3635 5128 ἀμελῶμενο

2057 5143 2249 5216 ῶσπερ
2275 5141 2367 5198 οὖν
2409 5145 2502 5198 ἐὰν
2538 5145 2947 5218 σπουδάζωμεν,
2984 5149 3078 5201 καὶ
3127 5149 3186 5201 ἐν
3232 5149 3432 5220 ἀκαρεῖ
3463 5149 3637 5218 χρόνῳ

2059 5238 2150 5290 ἐπὶ
2183 5237 2282 5301 τὰς
2311 5237 2483 5301 πύλας
2525 5239 2692 5309 αὐτῆς
2732 5240 2954 5310 ἥξομεν.
2987 5240 3059 5294 Οὐ
3086 5239 3196 5311 γὰρ
3241 5241 3404 5311 μήκει
3435 5239 3636 5300 τόπων,

2056 5327 2193 5381 ἀλλά
2222 5323 2414 5396 γνώμῃ
2450 5325 2666 5399 τρόπων
2691 5325 2760 5378 τὰ
2789 5325 3136 5395 διαστήματα
3168 5323 3339 5375 ταῦτα
3373 5321 3622 5390 ὥρισται.

2410 5438 2454 5470 ’⁸ο
2487 5438 2761 5509 παράσχοι
2862 5437 3001 5516 Edd:
3085 5437 3125 5468 “
3165 5431 3470 5506 προγόνωνῖ
3509 5437 3626 5517 ἑπι-

2412 5526 2443 5559 n
2473 5509 2751 5559 omnibus.
2832 5506 2875 5536 "‘
2908 5523 3064 5558 τουτο
3093 5504 3154 5559 C.
3261 5505 3304 5534 ⁸⁵
3335 5503 3619 5557 ΗΘΙΚΟΙΝ.

2908 5523 3064 5558 τουτο
3093 5523 3154 5559 ιι.
3261 5523 3304 5534 νυ
3335 5523 3619 5557 ιιθιιιυη.

2908 5578 2940 5605 ’⁸
2963 5575 3022 5626 τό
3052 5588 3161 5624 om.
3196 5573 3257 5624 E.
3287 5641 3296 5642 ἡ
3355 5572 3398 5602 ⁸⁷
3440 5572 3623 5642 μόνον]

3081 5679 3102 5719 1
3198 5642 3243 5672 ⁵⁸³
3277 5641 3404 5723 ᾨρει
3423 5643 3630 5723 ταύτην

2163 5721 2195 5773 1.
2248 5720 2309 5773 D.
2341 5719 2443 5773 Au.
2473 5710 2623 5772 Arni.
2658 5731 2780 5769 mox
2805 5722 2931 5782 post
2954 5711 3213 5780 ποιοῦμεν
3240 5710 3448 5766 addunt
3469 5710 3628 5765 ἀκού-
