4058 6208
357 234 430 289 25
1137 242 1195 302 ε.
1234 243 1511 302 murus
1544 239 1948 300 cnnvsosm

2068 240 2377 300 ARCIIIEP.
2414 243 2951 303 CONSTANTINOP.
3564 244 3638 306 ει

426 354 498 421 η’.
530 349 604 406 Σὺ
624 349 679 404 δέ
706 348 777 404 τά
801 347 900 421 μὲν
920 347 1015 403 τοῦ
1040 347 1155 418 βίου
1175 348 1475 419 πράγματα
1502 344 1639 418 μετά
1659 343 1943 418 ἀκριϐείας

356 436 529 505 οἶδας,
560 442 656 495 καὶ
684 442 753 496 τά
798 440 897 495 νέα
929 442 1024 495 καὶ
1036 440 1104 495 τά
1150 441 1355 511 ἀρχαῖα
1400 440 1495 494 καὶ
1535 436 1603 492 τά
1636 437 1681 470 ⁸⁸
1710 436 1941 503 παλαιὰ,

361 532 459 586 καὶ
487 534 754 605 ἄρχοντας
786 532 1038 604 ἀριθμεῖν
1076 530 1320 596 δύνασαι,
1362 525 1443 593 οἷς
1472 529 1821 601 ἐστρατεύσω
1849 527 1942 583 τὸν

363 623 673 694 ἔμπροσθεν
696 624 904 693 χρόνον,
931 623 1024 675 καὶ
1046 621 1408 691 ἀγωνοθέτην,
1422 620 1518 672 καὶ⁵
1530 618 1860 689 ἀθλοφόρους
1870 618 1937 684 ⁶²,

364 712 460 767 καὶ
479 714 840 785 στρατηγοὺς,
862 712 932 765 τά
957 711 1123 782 μηδέν
1146 710 1260 782 [l7]
1289 727 1370 763 σοι
1401 708 1746 779 διαφέροντα·
1777 709 1863 772 τίς
1885 708 1942 761 δὲ

362 802 548 877 ἄρχων
580 804 640 856 ἐν
668 806 734 874 τῇ
773 801 926 856 πόλει
950 802 1121 871 ταύτῃ
1152 800 1392 869 γέγονεν,
1422 799 1455 868 ἢ
1489 798 1726 870 πρῶτος,
1756 796 1793 867 ῆ
1821 796 1945 851 δεύ-
2003 813 2015 825 ·

362 909 539 963 τερος,
566 896 599 963 ἢ
633 892 835 963 τρίτος,
862 891 894 960 ἢ
933 891 1096 945 πόσον
1112 890 1338 952 ἕκαστος
1361 890 1568 960 χρόνον,
1608 888 1707 957 ἢτί
1738 903 1936 958 κατορο

362 982 544 1045 θώσας
566 983 662 1037 καὶ
695 979 1227 1052 ἐργασάμενος,ούδὲ
1257 978 1391 1049 δναρ
1413 977 1754 1049 ἐφαντάσθης
1782 976 1935 1035 ποτέ.

359 1072 561 1142 Νόμων
584 1072 642 1125 δὲ
671 1070 783 1123 τῶν
811 1070 870 1121 ἐν
892 1071 959 1139 τῇ
984 1067 1136 1120 πόλει
1159 1066 1328 1138 ταύτῃ
1345 1066 1631 1137 κειμένων,
1665 1066 1785 1121 ούδέ
1818 1066 1938 1120 ἐτέ-

362 1180 473 1234 ρων
487 1162 755 1230 λεγόντων
784 1159 1014 1213 ἀκοῦσαι
1048 1159 1142 1213 καλ⁵
1171 1158 1456 1231 προσέχειν
1486 1155 1939 1227 ύπομένεις.Πῶς

360 1251 476 1319 οὖν,
512 1253 634 1306 εἰπέ
664 1270 776 1322 μοι,
817 1252 1121 1323 προσδοκᾷς
1151 1249 1439 1317 τεύξασθαι
1468 1250 1516 1282 ³³
1533 1248 1643 1304 τῶν
1673 1247 1941 1320 ἐπηγγελ-

364 1341 542 1412 μένων
564 1341 804 1409 ἀγαθῶν,
830 1342 964 1412 μηδὲ
979 1345 1089 1404 τοῖς
1116 1341 1425 1412 λεγομένοις
1444 1338 1756 1411 προσέχων;
1799 1339 1939 1392 Ἀλλ’

362 1434 412 1485 εί
451 1433 544 1485 καὶ
576 1432 651 1503 μὴ
689 1433 973 1505 πρότερον,
1006 1433 1101 1487 νῦν
1142 1433 1272 1503 γοῦν
1317 1432 1476 1487 τοῦτο
1519 1433 1784 1503 ποιῶμεν.
1824 1434 1937 1486 Καὶ

361 1522 471 1594 γὰρ
492 1525 572 1588 είς
596 1524 751 1577 πόλιν
774 1523 1038 1594 μέλλομεν
1062 1524 1307 1587 εἰσιέναι,
1328 1523 1422 1577 ἐὰν
1446 1522 1621 1586 όΘεδς
1647 1524 1937 1595 ἐπιτρέπῃ,

362 1616 591 1685 χρυσῆν,
624 1616 718 1668 καὶ
748 1614 948 1685 χρυσοῦ
980 1616 1182 1679 παντὸς
1206 1614 1558 1687 τιμιωτέραν.
1590 1614 1939 1685 Καταμάθω-

362 1719 466 1772 μεν
517 1698 612 1756 οὖν
668 1702 841 1772 αὐτῆς
888 1702 958 1755 τά
1007 1703 1254 1773 θεμέλια,
1300 1704 1398 1766 τὰς
1456 1702 1635 1765 πύλας
1686 1702 1786 1765 τάς
1831 1703 1940 1755 ἀπὸ

361 1793 669 1866 σαπφείρου
714 1795 809 1846 καὶ
858 1793 1212 1863 μαργαριτῶν
1255 1792 1637 1861 συγκειμένας·
1695 1792 1789 1845 καὶ
1830 1792 1939 1865 γάρ

364 1885 561 1955 ἔχομεν
593 1885 816 1954 άριστον
845 1883 1185 1954 χειραγωγὸν
1218 1883 1310 1936 τὸν
1347 1883 1645 1937 Ματθαῖον.
1682 1884 1782 1937 Διά
1830 1885 1939 1955 7&9

362 1976 463 2045 τῆς
512 1974 676 2027 αὐτοῦ
710 1973 885 2045 πύλης
941 1974 1150 2043 εἴσιμεν
1191 1973 1306 2039 νῦν,
1341 1975 1435 2028 καὶ
1468 1973 1548 2027 δεῖ
1581 1973 1781 2044 πολλῆς
1810 1976 1940 2044 ἡμῖν

364 2067 464 2136 τῆς
489 2064 746 2134 σπουδῆς.
780 2066 883 2117 Ἂν
911 2064 1020 2136 γὰρ
1055 2064 1138 2135 ίδῃ
1171 2064 1296 2118 τινὰ
1350 2064 1424 2136 μή
1463 2066 1819 2136 προσέχοντα,
1849 2065 1941 2117 ἐκ·-

370 2155 556 2209 ϐάλλει
587 2157 685 2224 τῆς
731 2155 959 2218 πόλεως.
1013 2156 1121 2208 Καὶ
1154 2156 1263 2225 γάρ
1293 2157 1409 2209 ἐστι
1450 2154 1850 2227 βασιλικωτάτη
1905 2157 1939 2227 ἡ

369 2248 525 2311 πόλις
552 2246 647 2300 καὶ
691 2247 1015 2317 περιφανής·
1046 2246 1143 2316 ούχ
1179 2245 1366 2316 ῶσπερ
1396 2246 1452 2298 αί
1502 2247 1631 2317 παρ’
1667 2247 1818 2316 ήμῖν,
1862 2248 1941 2309 είς

369 2337 577 2405 ἀγορὰν
609 2337 705 2389 καὶ
747 2335 991 2406 βασίλεια
1019 2336 1342 2408 διῃρημένη·
1391 2336 1528 2392 ἀλλά
1572 2337 1751 2391 πάντα
1784 2336 1938 2407 βασί-

369 2428 489 2481 λεια
514 2427 582 2480 τά
612 2427 749 2481 ἐκεῖ.
790 2426 1244 2497 ’Δναπετάσωμεν
1283 2426 1463 2480 τοίνυν
1498 2426 1599 2491 τὰς
1646 2427 1818 2491 πύλας
1842 2427 1942 2497 τῆς

369 2518 628 2581 διανοίας,
658 2518 1087 2589 ἀναπετάσωμεν
1114 2519 1215 2589 τὴν
1248 2518 1436 2589 ἀκοὴν,
1464 2518 1559 2572 καὶ
1577 2519 1715 2589 μετά
1741 2519 1942 2591 φρίκης

370 2609 572 2679 πολλῆς
606 2608 888 2679 μέλλοντες
910 2608 1209 2661 ἐπιϐαίνειν
1239 2607 1348 2661 τῶν
1367 2607 1675 2679 προθύρων,
1706 2625 1944 2678 προσκυ-

368 2701 621 2771 νήσωμεν
671 2701 765 2753 τὸν
806 2702 865 2754 ἐν
914 2701 1053 2771 αὐτῇ
1097 2699 1339 2770 βασιλέα·
1394 2701 1485 2753 καὶ
1530 2700 1638 2770 γὰρ
1684 2698 1941 2770 εύθέωςῆ

370 2790 564 2863 πρώτη
599 2789 874 2864 προσϐολὴ
928 2790 1276 2861 καταπλῆξαι
1329 2789 1549 2845 δύναται
1578 2792 1667 2844 τὸν
1723 2791 1941 2855 θεατήν.

2065 348 2467 421 Κεκλεισμέναι
2504 351 2601 421 μὲν
2625 351 2719 406 νῦν
2749 352 2798 387 ⁸⁵
2822 352 2958 407 είσιν
2980 351 3111 423 ἡμῖν
3134 350 3191 406 αί
3217 348 3405 404 πύλαι·
3430 346 3560 409 ὅταν
3576 353 3637 405 δὲ

2066 439 2265 511 ῖδωμεν
2286 441 2456 506 αύτάς
2477 442 2942 509 ἀναπετασθείσας
2974 441 3152 509 (τοῦτο
3172 442 3279 515 γάρ
3306 442 3455 495 ἐστιν
3479 443 3513 511 η
3531 442 3638 495 τῶν

2064 528 2392 601 ζητημάτων
2426 532 2623 605 λύσις),
2660 534 2780 587 τότε
2810 534 3053 606 ὀψόμεθα
3102 530 3301 607 πολλὴν
3332 529 3483 589 ἔνδον
3539 529 3639 601 τὴν

2063 623 2368 695 ἀστραπήν.
2400 626 2510 678 Καὶ
2536 626 2642 696 7&9
2669 628 2781 689 τοῖς
2809 626 2902 678 τοῦ
2936 625 3242 695 πνεύματος
3278 625 3643 695 ὁδηγούμενος

2063 713 2379 785 ὀφθαλμοῖς,
2402 715 2579 769 πάντα
2594 732 2675 768 σοι
2703 715 3094 783 ἐπαγγέλλεται
3123 714 3393 768 δεικνῦναι
3419 717 3447 768 6
3469 713 3637 767 τελώ-

2063 821 2160 874 νης
2191 796 2366 869 οὗτος·
2399 804 2502 859 ποῦ
2546 804 2645 877 μὲν
2686 808 2716 859 ὁ
2748 805 2999 875 βασιλεὺς
3019 806 3271 876 κάθηται·
3298 806 3394 859 καὶ
3411 807 3557 869 τίνες
3589 806 3636 837 ⁵⁸

2063 895 2212 965 αὐτῷ
2240 896 2349 950 τῶν
2386 897 2809 968 στρατευμάτων
2829 898 3224 968 παρεστήκασι·
3253 898 3349 950 καὶ
3379 897 3480 950 ποῦ
3538 897 3635 968 μὲν

2062 982 2300 1050 ἄγγελοι,
2334 984 2438 1037 ποῦ
2464 985 2521 1038 δὲ
2548 986 2873 1055 ἀρχάγγελοι
2891 1002 2905 1016 ο
2937 987 3032 1039 καὶ
3075 987 3159 1048 τίς
3178 990 3289 1049 τοῖς
3314 987 3455 1050 νέοις
3492 988 3643 1039 11.01!-

2061 1088 2182 1134 ταις
2215 1073 2273 1124 ἐν
2299 1074 2364 1143 τῇ
2393 1072 2546 1125 πόλει
2583 1071 2754 1143 ταύτῃ
2797 1072 2915 1143 [18]
2946 1074 3110 1137 τόπος
3168 1073 3507 1145 ἀφώρισται,
3544 1075 3640 1127 καὶ

2065 1161 2194 1214 ποία
2222 1162 2256 1232 ή
2289 1162 2406 1215 ἐκεῖ
2424 1163 2666 1233 φέρουσα
2717 1162 2855 1226 ὁδός·
2912 1164 3007 1215 καὶ
3036 1164 3159 1217 τίνα
3187 1164 3377 1217 ἔλαϐον
3401 1163 3553 1233 λῆξιν
3588 1166 3639 1216 οί

2066 1251 2279 1321 πρῶτον
2300 1251 2745 1323 πολιτευσάμενοι
2767 1253 2902 1317 ἐκεῖ,
2935 1255 3029 1307 καὶ
3043 1256 3093 1307 οί
3117 1254 3233 1325 μετ’
3254 1255 3513 1320 ἐκείνους,
3545 1254 3641 1307 καὶ

2062 1343 2112 1394 οί
2148 1342 2287 1412 μετά
2329 1342 2570 1407 τούτους·
2609 1343 2707 1397 καὶ
2755 1344 2855 1397 ὅσα
2901 1343 3012 1398 τῶν
3068 1344 3257 1415 δήμων
3304 1345 3529 1398 ἐκείνων
3574 1345 3645 1398 τὰ

2063 1433 2337 1502 τάγματα,
2372 1434 2466 1486 καὶ
2485 1434 2584 1486 ὅσα
2611 1432 2711 1502 τῆς
2750 1433 2967 1504 βουλῆς,
2990 1434 3088 1488 καὶ
3115 1434 3277 1488 πόσαι
3315 1433 3645 1504 ἀξιωμάτων

2064 1523 2336 1593 διαφοραί.
2371 1524 2464 1595 Μὴ
2495 1524 2674 1577 τοίνυν
2713 1526 2850 1595 μετά
2875 1524 3104 1596 θορύϐου
3137 1524 3231 1578 καὶ
3256 1526 3500 1596 ταραχῆς
3539 1526 3647 1578 είσ-

2068 1611 2256 1683 ίωμεν,
2294 1613 2431 1667 ἀλλά
2473 1614 2612 1683 μετὰ
2647 1615 2804 1685 σιγῆς
2834 1616 3118 1687 μυστικῆς.
3152 1616 3215 1668 EE
3247 1614 3357 1685 7&9
3385 1615 3478 1667 ἐπὶ
3515 1614 3646 1667 θεάο

2066 1721 2194 1774 τρου
2227 1706 2382 1776 σιγῆς
2413 1705 2613 1777 πολλῆς
2642 1706 2956 1777 γενομένης,
2987 1708 3106 1760 τότε
3137 1707 3206 1760 τά
3244 1707 3338 1759 τοῦ
3381 1706 3647 1776 βασιλέως

2064 1789 2497 1858 ἀναγινώσκεται
2518 1793 2843 1863 γράμματα,
2864 1793 3040 1862 πολλῷ
3077 1794 3276 1863 μᾶλλον
3302 1794 3395 1844 ἐπὶ
3423 1793 3520 1859 τῆς
3545 1792 3635 1845 πό-

2068 1879 2203 1942 λεως
2235 1879 2437 1950 ταύτης
2468 1880 2712 1946 ἅπαντας
2738 1884 2819 1937 δεῖ
2843 1883 3335 1947 κατεστάλθαι,καὶ
3367 1881 3555 1953 ὀρθαῖς
3585 1882 3636 1914 ³⁸

2067 1972 2185 2033 ταῖς
2202 1969 2400 2041 ψυχαῖς
2430 1974 2525 2024 καὶ
2538 1975 2655 2036 ταῖς
2674 1973 2864 2037 ἀκοαῖς
2890 1974 3127 2028 ἑστάναι.
3159 1972 3233 2026 Οὐ
3255 1972 3361 2043 γὰρ
3390 1972 3637 2040 ἐπιγείου

2065 2061 2229 2127 τινὸς,
2268 2060 2405 2117 ἀλλά
2419 2061 2513 2115 τοῦ
2532 2062 2641 2116 τῶν
2663 2063 2911 2133 ἀγγέλων
2938 2064 3209 2117 Δεσπότου
3236 2064 3305 2118 τὰ
3335 2062 3635 2135 γράμματα

2062 2149 2532 2219 ἀναγινώσκεσθαι
2569 2151 2771 2222 μέλλει.
2814 2154 2911 2205 Ἂν
2964 2152 3135 2215 οὕτως
3169 2153 3394 2215 ἑαυτοὺς
3436 2150 3636 2221 ῥυθμί-

2063 2258 2267 2311 σωμεν,
2300 2242 2395 2294 καὶ
2432 2241 2571 2313 αὑτὴ
2622 2241 2715 2295 τοῦ
2756 2242 3073 2312 Πνεύματος
3114 2245 3148 2313 η
3181 2244 3337 2313 χάρις
3381 2242 3636 2313 ὁδηγήσει

2063 2333 2201 2404 μετά
2232 2332 2430 2404 πολλῆς
2458 2333 2740 2405 ἀκριϐείας
2760 2335 2929 2406 ἡμᾶς,
2953 2334 3046 2387 καίΙ
3077 2333 3212 2405 πρὸς
3238 2333 3399 2386 αὐτὸν
3433 2331 3637 2403 ἥξομεν

2057 2426 2151 2481 τὸν
2186 2426 2375 2497 θρόνον
2399 2427 2492 2482 τὸν
2543 2426 2839 2498 βασιλικὸν,
2874 2427 2967 2481 καὶ
2999 2428 3217 2480 πάντων
3244 2423 3634 2495 ἐπιτευξόμεθα

2063 2524 2172 2577 τῶν
2228 2521 2468 2590 ἀγαθῶν,
2502 2521 2685 2593 χάριτι
2738 2520 2832 2574 καὶ
2872 2517 3249 2601 φιλανθρωπίς.
3291 2515 3383 2570 τοῦ
3425 2515 3633 2586 Κυρίου

2062 2613 2221 2684 ἡμῶν
2266 2612 2442 2684 Ἰησοῦ
2475 2612 2731 2685 Χριστοῦ,
2758 2605 2803 2680 ᾧ
2833 2613 2867 2683 ἠ
2899 2611 3025 2676 δόξα
3057 2611 3152 2665 καὶ
3178 2612 3240 2665 τὸ
3265 2610 3486 2681 κράτος,
3515 2608 3632 2677 ἀμα

2061 2704 2139 2774 τῷ
2160 2705 2334 2775 Πατρὶ
2350 2705 2444 2757 καὶ
2460 2702 2537 2787 τῷ
2576 2702 2713 2773 ἁγίῳ
2738 2701 3031 2773 Πνεύματι,
3058 2700 3153 2754 νῦν
3183 2699 3276 2754 καὶ
3304 2699 3391 2755 ἀεὶ
3428 2697 3523 2751 καὶ
3543 2695 3626 2758 είς

2063 2796 2187 2859 τοὺς
2211 2796 2412 2860 αἰῶνας
2438 2795 2547 2849 τῶν
2574 2794 2804 2850 αίώνων.
2837 2793 3028 2863 Ἀμήν.

445 2921 489 2952 ⁵⁸
519 2922 587 2993 τά
619 2936 729 2993 qm.
882 2920 946 2993 _"
973 2914 1329 2993 ἀθλοφόρους]
1367 2922 1730 2993 θαλλοφόρους
1756 2924 1816 2981 Β.
1844 2925 1907 2979 C.
1937 2926 1948 2979 1

2075 2926 2124 2959 ⁸³
2152 2925 2440 2992 τεύξεσθαι
2475 2926 2540 2983 Ε.
2569 2934 2623 2979 et
2645 2938 2792 2978 corr.
2814 2920 3020 2993 ,C._D._»
3067 2918 3113 2951 "
3151 2916 3250 2988 μέν
3277 2930 3387 2993 οηηι.
3420 2914 3487 2969 Α.
3516 2911 3616 2967 νῦν

378 3004 487 3043 om.
521 2990 580 3043 Β.
622 2991 685 3046 C.
760 2990 808 3022 ⁸⁸
840 2989 961 3042 τίνα
996 2984 1133 3044 Ειίιί.
1161 2984 1357 3059 ῥτωιὲι·
1386 2984 1681 3048 Μυτ.’Μύχ
1712 2984 1944 3063 στρατευ

2068 3014 2156 3050 ρων
2180 2984 2325 3051 οοιῖτ.
2356 2997 2417 3051 C.
2494 2996 2541 3028 “
2575 2993 2770 3066 ὀρθούς
2796 2992 2861 3045 Α.
2894 2990 2956 3045 Β.
2991 2989 3054 3042 ι).
3089 2984 3255 3057 ρι’ριδ.
3288 2984 3352 3039 C.

401 3148 728 3160 —————.-.

1832 3251 2071 3305 ΟΜῙΛΙᾹ
2111 3252 2182 3306 η’.

378 3391 600 3455 Βίϐλος
648 3381 939 3456 γενέσεως
992 3377 1218 3456 ΔἸῃοςοιξ
1253 3373 1531 3456 Χριστοῦ,
1582 3370 1714 3425 vim")
1758 3369 1958 3437 Δαυῒδ,

942 3450 1079 3507 υίοῦ
1126 3449 1395 3517 Ἁϐραάμ.

450 3567 523 3631 a'.
553 3563 701 3637 'Apa
739 3562 1015 3635 μέμνησθε
1047 3563 1146 3632 τῆς
1181 3556 1572 3632 παραγγελίας,
1612 3555 1677 3625 ῆν
1699 3554 1742 3586 ⁸⁷
1772 3550 1962 3622 πρώην

384 3657 765 3730 ἐποιησάμεθα
789 3656 925 3729 πρὸς
952 3655 1117 3724 ὑμᾶς,
1151 3649 1594 3723 παρακαλοῦντες
1635 3644 1773 3716 μετὰ
1803 3644 1961 3713 σιγῆς

383 3751 605 3820 ἀπάσης
638 3747 734 3801 καὶ
781 3743 1048 3815 μυστικῆς
1078 3742 1307 3814 ήσυχίας
1347 3738 1564 3794 ἀκούειν
1587 3737 1695 3790 τῶν
1731 3734 1960 3805 λεγομέ-

385 3858 494 3896 νων
529 3840 804 3902 ἀπάντων;
822 3836 933 3891 Καὶ
962 3835 1069 3907 γάρ
1103 3834 1149 3866 ⁸⁸
1170 3832 1431 3904 μέλλομεν
1461 3828 1571 3882 τῶν
1598 3827 1758 3899 ίερῶν
1792 3826 1962 3897 σήμε-

388 3948 483 4005 ρον
518 3930 819 3984 ἐπιϐαίνειν
850 3925 1138 3998 προθύρων
1159 3938 1173 3953 ·
1209 3922 1288 3977 διὸ
1316 3922 1412 3976 καὶ
1452 3919 1550 3992 τῆς
1586 3916 1961 3990 παραγγελίας

386 4020 685 4093 ἁνὲμνησα.
716 4020 782 4075 El
804 4018 913 4091 7&9
963 4017 1206 4072 Ἰουδαῖοι
1228 4013 1551 4085 κεκαυμένῳ
1569 4011 1705 4081 ὄρει,
1734 4010 1827 4064 καὶ
1855 4025 1958 4063 πυ-

388 4112 466 4190 ρὶ,
497 4114 590 4167 καὶ
619 4112 824 4182 γνόφῳ,
846 4111 939 4165 καὶ
978 4110 1171 4181 σκότῳ,
1205 4108 1299 4162 καὶ
1318 4105 1511 4177 θυέλλῃ
1541 4102 1819 4175 προσιέναι
1844 4098 1959 4173 [19]

391 4203 695 4278 μέλλοντες,
731 4203 930 4273 μᾶλλον
953 4202 1009 4255 δὲ
1032 4201 1153 4254 οὐδὲ
1182 4200 1483 4271 προσιέναι,
1512 4195 1649 4251 ἀλλά
1678 4193 1961 4268 πόρρωθεν

387 4295 560 4353 ταῦτα
588 4294 683 4347 καὶ
714 4294 850 4361 όρᾷν
897 4290 990 4343 καὶ
1014 4289 1253 4348 ἀκούειν,
1277 4287 1383 4357 πρὸ
1405 4285 1568 4358 τριῶν
1585 4284 1805 4355 ήμερῶν
1840 4284 1962 4335 ἐκε-

389 4383 607 4436 λεύοντο
618 4381 869 4450 γυναικὸς
889 4377 1207 4447 ἀπέχεσθαι,
1227 4374 1395 4428 καλ.τά
1412 4376 1428 4425 ί
1436 4374 1601 4443 μάτια
1630 4370 1956 4431 ἀποπλῦναι,

389 4473 485 4531 καὶ
522 4475 579 4526 ἐν
600 4471 787 4542 τρόμῳ
830 4466 972 4540 ἦσαν
997 4469 1090 4520 καὶ
1135 4466 1305 4537 φόϐῳ,
1356 4464 1453 4517 καὶ
1484 4460 1659 4525 αὐτοὶ,
1698 4461 1792 4512 καὶ
1842 4457 1958 4527 μετ’

387 4565 613 4621 ἐκείνων
640 4562 899 4632 Μωῦσῆς·
937 4558 1118 4629 πολλῷ
1160 4556 1358 4629 μᾶλλον
1379 4555 1525 4625 ἡμᾶς
1546 4552 1802 4607 τοιούτων
1828 4546 1960 4619 μέλ-

387 4655 579 4720 κοντας
627 4652 955 4708 ἀκούσεσθαι
983 4652 1028 4684 ⁸⁸
1090 4650 1285 4717 λόγων,
1320 4648 1415 4701 καὶ
1459 4645 1521 4698 οὐ
1564 4643 1752 4712 πόρρω
1798 4641 1958 4708 ὅρους

383 4737 606 4791 ἑστάναι
639 4734 1056 4806 καπνιζομένου,
1115 4731 1231 4786 ἀλλ’
1278 4731 1358 4794 είς
1404 4728 1565 4783 αὑτὸν
1594 4729 1817 4783 είσιέναι
1860 4729 1953 4783 τὸν

368 4813 635 4898 ὀύρανδν,
681 4824 901 4879 πλείονα
920 4825 1027 4895 χρὴ
1060 4820 1460 4876 ἐπιδείκνυσθαι
1490 4818 1822 4888 φιλοσοφίαν,
1853 4821 1953 4891 οὐχ

386 4918 579 4988 ίμάτια
609 4915 1037 4979 ἀποπλύνοντας,
1070 4913 1207 4967 ἀλλά
1251 4913 1350 4981 τὴν
1397 4910 1587 4980 στολὴν
1630 4909 1732 4978 τῆς
1775 4910 1953 4982 ψυχῆς

382 5010 822 5081 ἀποσμήχοντας,
858 5006 952 5059 καὶ
1007 5006 1185 5074 πάσης
1233 5003 1491 5075 βιωτικῆς
1542 5002 1953 5073 ἀπαλλαττομέ-

382 5119 506 5166 νους
538 5100 758 5172 μίξεως.
810 5098 887 5152 Οὐ
925 5097 1034 5168 γάρ
1061 5096 1258 5165 γνόφον
1288 5093 1503 5163 ὄψεσθε,
1541 5094 1663 5148 οὐδὲ
1725 5094 1952 5159 καπνὸν,

380 5194 502 5249 ούδέ
536 5190 784 5246 θύελλαν·
819 5189 933 5244 ἀλλ’
963 5188 1125 5242 αὐτὸν
1151 5186 1244 5241 τὸν
1264 5185 1497 5239 Βασιλέα
1527 5185 1836 5257 καθήμενον
1861 5185 1954 5241 ἐπὶ

378 5284 475 5341 τοῦ
506 5284 697 5356 θρόνου
724 5282 823 5354 τῆς
865 5281 1174 5353 ἀπορρήτου
1213 5276 1368 5347 δόξης
1402 5276 1634 5349 ἐκείνης,
1668 5278 1761 5331 καὶ
1789 5277 1956 5347 ἀγγέ-

378 5375 504 5439 λους
559 5373 652 5427 καλ⁸
699 5370 1071 5444 ἀρχαγγέλους
1102 5367 1452 5441 παρεστῶτας
1478 5367 1648 5435 αὐτῷ,
1689 5367 1783 5421 καὶ
1827 5368 1954 5431 τοὺς

377 5465 585 5535 δήμους
606 5462 715 5517 τῶν
738 5463 907 5532 ἀγίων
931 5460 1069 5532 μετά
1100 5459 1209 5513 τῶν
1245 5457 1486 5531 ἀπείρων
1514 5458 1786 5531 μυριάδων
1808 5457 1949 5511 ἐκεί-

379 5574 507 5611 νων.
537 5556 772 5629 Τοιαύτη
794 5555 903 5627 γάρ
925 5554 961 5625 ἡ
994 5551 1089 5606 τοῦ
1112 5551 1246 5606 Θεοῦ
1281 5551 1457 5616 πόλις,
1485 5555 1584 5623 τήν
1631 5549 1951 5621 Ἐκκλησίαν

380 5648 577 5719 ἔχουσα
607 5647 717 5701 τῶν
755 5647 1136 5719 πρωτοτόκων,
1160 5645 1230 5699 τά
1269 5643 1547 5713 πνεύματα
1574 5641 1682 5696 τῶν
1706 5642 1950 5710 δικαίων,

950 5745 1021 5765 *ρ

471 5778 519 5853 '_'
553 5772 620 5853 ἧς
656 5779 729 5853 A._
769 5778 969 5853 ,δειλίαι
998 5779 1130 5853 γὰρ]
1161 5783 1254 5835 και
1276 5780 1383 5853 7&9
1404 5781 1583 5853 mw.
1624 5783 1715 5836 καὶ
1743 5782 1839 5853 νῦν
1860 5781 1948 5837 Ed.

2091 5782 2135 5815 "
2161 5784 2382 5836 ἀκούειν
2414 5782 2548 5838 Edd.
2626 5784 2672 5815 ⁶⁰
2700 5784 2729 5835 6
2758 5798 2867 5838 om.
2900 5786 2960 5841 C.
2987 5786 3048 5840 D.

2073 3367 2173 3460 τὴν
2192 3370 2515 3460 -πανήγυριν
2540 3377 2648 3432 τῶν
2671 3378 2941 3447 ἀγγέλων,
2970 3380 3031 3434 τὸ
3049 3376 3187 3453 αἷμα
3211 3382 3305 3439 τοῦ
3321 3386 3641 3460 ῥαντισμοῦ,

2069 3457 2135 3511 δι’
2162 3451 2223 3512 οὗ
2253 3460 2321 3513 τὰ
2346 3462 2519 3515 πάντα
2551 3468 2816 3538 συνήφθη,
2842 3471 2935 3524 καὶ
2960 3473 2987 3524 6
3015 3474 3059 3504 ⁶⁰
3094 3451 3558 3545 ούραώςνέδέξατο
3575 3451 3646 3537 τά

2069 3549 2177 3641 άπδ
2201 3549 2311 3641 γῆς
2337 3550 2405 3614 ⁸¹,
2433 3553 2526 3605 καὶ
2550 3553 2622 3624 γῆ
2650 3556 2716 3609 τὰ
2740 3558 2847 3611 ἀπὸ
2884 3560 2977 3613 τοῦ
3000 3562 3253 3634 ούρανοῦ,
3286 3570 3381 3623 καὶ
3406 3574 3439 3641 ή
3474 3571 3641 3627 πάλαι

2074 3636 2382 3733 ποθουμένη
2404 3641 2497 3733 καὶ
2528 3642 2779 3733 ἀγγέλοις
2799 3650 2890 3701 καὶ
2916 3651 3089 3719 ἁγίοις
3114 3636 3483 3727 παραγέγονεν
3497 3663 3644 3733 είρής-

2077 3741 2167 3821 νη.
2198 3726 2287 3779 Ἐν
2317 3727 2486 3821 ταύτῃ
2509 3732 2569 3785 τὸ
2595 3736 2851 3804 τρόπαιον
2880 3740 3010 3812 ἔστη
3042 3744 3136 3797 τοῦ
3167 3726 3401 3815 σταυροῦ
3429 3748 3490 3802 τὸ
3507 3726 3651 3821 λαμ-

2078 3819 2216 3911 πρὸν
2267 3820 2361 3873 καὶ
2414 3828 2728 3894 περιφανὲς,
2781 3831 2851 3885 τά
2901 3833 3116 3907 λάφυρα
3154 3837 3249 3891 τοῦ
3284 3819 3652 3911 Χριστοῦ,τά

2075 3910 2357 3981 ἀκροθίνια
2410 3914 2511 3984 τῆς
2542 3917 2755 3986 φύσεως
2796 3926 2894 3995 τῆς
2921 3926 3213 3999 ἡμετέρας,
3257 3910 3530 3985 τάσκῦλα
3555 3934 3650 3986 τοῦ

2075 4001 2347 4094 Βασιλέως
2378 4006 2558 4077 ήμῶν·
2592 4011 2764 4067 ταῦτα
2790 4014 2899 4087 γὰρ
2942 4017 3156 4073 ἅπαντα
3185 4021 3294 4076 ἀπὸ
3326 4024 3436 4077 τῶν
3474 4025 3654 4094 Εὐαγ-

2074 4090 2268 4183 γελίων
2296 4095 2551 4166 εἰσόμεθα
2574 4100 2713 4170 μετά
2732 4104 3032 4176 ἀκριϐείας.
3052 4109 3168 4163 Κάν
3195 4110 3493 4181 ἀκολουθῇς
3515 4090 3651 4183 μετά

2075 4182 2303 4255 ἡσυχίας
2328 4187 2427 4257 τῆς
2453 4193 2854 4263 προσηκούσης,
2893 4197 3234 4267 δυνησόμεθά
3280 4216 3339 4251 σε
3381 4216 3651 4269 περιαγα-

2074 4274 2191 4339 γεῖν
2232 4278 2530 4345 πανταχοῦ,
2583 4282 2677 4332 καλ⁸
2722 4282 2912 4347 δεῖξαι,
2965 4283 3068 4336 ποῦ
3106 4285 3205 4353 μὲν
3235 4288 3264 4340 ό
3294 4287 3520 4351 θάνατος
3558 4291 3653 4344 άν-

2079 4361 2534 4451 εσκολοπι-σμένος
2560 4371 2756 4421 κεῖται·
2779 4370 2885 4422 ποῦ
2912 4373 2969 4426 δὲ
2990 4375 3023 4444 ἡ
3045 4375 3283 4445 ἁμαρτία
3302 4379 3647 4451 κρεμαμένη·

2077 4444 2179 4498 ποῦ
2210 4446 2267 4538 δὲ
2290 4448 2358 4538 τά
2378 4450 2548 4505 πολλὰ
2570 4456 2665 4508 καὶ
2704 4459 2981 4529 παράδοξα
3016 4444 3125 4516 ἀπὸ
3147 4444 3240 4518 τοῦ
3273 4444 3507 4538 πολέμού
3529 4444 3653 4523 τού-

2074 4549 2191 4631 του,
2214 4536 2323 4631 ἀπὸ
2353 4538 2398 4631 ’ξ
2445 4541 2545 4611 τῆς
2592 4545 2773 4617 μάχης
2797 4550 3001 4624 ταύτης
3029 4554 3353 4627 ἀναθήματα
3394 4536 3460 4613 δ’.
3492 4562 3652 4631 Ὀψει

2075 4628 2170 4677 καὶ
2208 4627 2302 4682 τὸν
2330 4630 2591 4701 τύραννον
2622 4638 2852 4693 ἐνταῦθα
2881 4642 3179 4717 δεδεμένον,
3224 4651 3318 4704 καὶ
3347 4651 3455 4705 τῶν
3485 4627 3651 4725 αἰχ-μ-

2070 4715 2295 4817 αλώτων
2324 4722 2384 4817 τδ
2418 4723 2617 4794 πλῆθος
2647 4730 2931 4801 ἑπόμενον,
2956 4715 3050 4791 καὶ
3082 4739 3181 4812 τὴν
3206 4743 3525 4815 ἀκρόπολιν,
3544 4715 3652 4817 ,ἀφ’

2069 4802 2137 4911 ᾖς
2163 4812 2190 4863 ὁ
2224 4816 2419 4911 μιαρὸς
2450 4818 2657 4911 δαίμων
2685 4826 2889 4893 ἐκεῖνος
2939 4802 3157 4888 ἅπαντα
3209 4802 3525 4911 κατέδραμεν
3559 4802 3650 4895 τόν

2069 4898 2380 4996 ἔμπροσθεν
2409 4908 2619 4977 χρόνον·
2651 4912 2772 4983 ὄψει
2826 4918 2921 4972 τοῦ·
2950 4921 3147 4996 λῃστοῦ
3189 4925 3285 4990 τὰς
3326 4898 3651 4993 κάταδύσεις

2070 4992 2165 5047 καὶ
2217 4994 2286 5049 τά
2314 4999 2575 5090 σπήλαια,
2628 5004 2961 5079 διερρωγότα
2986 4992 3191 5071 ⁷λοιπὸν
3240 5016 3356 5090 [‘20]
3384 5021 3476 5074 καὶ
3512 4992 3645 5075 ἀναέ

2069 5088 2413 5179 πεπταμένα·
2434 5093 2528 5146 καὶ
2551 5095 2660 5169 7&9
2680 5099 2773 5153 καὶ
2804 5102 2921 5157 ἐκεῖ
2956 5088 3287 5179 παρεγένετο
3314 5088 3643 5176 όΒασιλεύς.

2081 5173 2241 5271 Ἀλλά
2371 5181 2687 5259 ἀποκάμῃς,
2738 5190 3008 5265 ἀγαπητέ·
3036 5173 3176 5251 *ού-δέ
3202 5198 3311 5270 γάρ
3337 5202 3385 5253 εί
3409 5173 3645 5271 πόλεμόν

2068 5283 2151 5364 τις
2171 5267 2427 5364 αίσθητδν
2454 5273 2714 5346 διηγεῖτο,
2752 5284 2846 5338 καὶ
2872 5287 3130 5357 τρόπαια,
3160 5290 3255 5343 καὶ
3274 5267 3452 5357 νίκας,
3484 5267 3646 5364 >όνρον

2067 5356 2258 5455 ἔλαϐες
2286 5360 2351 5414 ἄν
2368 5362 2414 5393 ⁸⁵
2435 5380 2449 5394 ·
2491 5366 2608 5420 ἀλλ’
2629 5370 2750 5424 οὐδὲ
2781 5356 2947 5428 σιτίον
2970 5377 3089 5431 οὐδὲ
3120 5378 3280 5433 ποτὸν
3315 5382 3422 5447 πρὸ
3442 5356 3645 5455 ταύτης

2068 5448 2134 5503 ἂν
2159 5451 2286 5551 ἔθου
2305 5455 2405 5551 τῆς
2432 5458 2691 5551 ἱστορίας.
2733 5466 2797 5520 El
2829 5467 2885 5519 δὲ
2919 5470 3099 5542 ἐκείνη
3141 5472 3347 5543 ποθητί·
3392 5448 3643 5551 ἠδιήγη-

2071 5543 2380 5636 αις-πολλῷ
2409 5550 2609 5619 μᾶλλον
2629 5552 2788 5625 αῦτη.
2840 5559 3121 5632 Ἐννόησον
3147 5564 3257 5635 γάρ
3280 5543 3467 5636 ἡλίκον
3497 5543 3643 5622 ἐστίν

2068 5632 2319 5705 ἀκοῦσαι,
2349 5640 2465 5706 πῶς
2497 5645 2597 5714 μὲν
2649 5647 2713 5700 ἐκ
2746 5646 2854 5702 τῶν
2892 5651 3135 5725 οὐρανῶν
3178 5657 3270 5710 καὶ
3308 5657 3415 5711 τῶν
3437 5658 3642 5727 θρόνων

3159 5790 3325 5865 θεῆς
3361 5792 3465 5865 γῆς
3493 5791 3629 5849 Edd-

399 5847 443 5881 ⁶¹
473 5847 608 5921 ἀπό]
636 5849 730 5903 καί
753 5849 820 5916 ᾼ.
857 5849 919 5905 Ε.
996 5853 1038 5885 ⁸³
1070 5847 1252 5926 ἀναθ]
1278 5847 1537 5909 τά’ἀναθ.
1573 5852 1636 5907 Δ.
1684 5853 1745 5908 C.
1779 5850 1841 5908 E.
1919 5853 1962 5885 “
1992 5848 2369 5924 ἐλάμϐανεςει
2407 5868 2534 5907 mox
2570 5853 2753 5912 σιτίων
2788 5855 2905 5909 οὐδὲ
2945 5858 3121 5914 ποτῶν
3149 5850 3283 5916 Εόό.
