4058 6208
299 300 373 369 25
1451 277 1516 333 ΙΝ
1554 268 1920 332 ΜΤῚἪΑΕΗ

2039 264 2251 325 ιοωιι.
2312 261 2378 318 ιι.
3517 263 3591 319 ει

309 420 486 482 rietes,
502 407 603 467 sub
620 406 813 480 quibus
832 399 1101 476 prteterito
1130 408 1369 469 tempore
1394 393 1635 450 militasti
1664 410 1680 448 :
1706 392 1898 447 etiam-

307 518 417 575 que
437 499 834 575 agonothetam,
864 506 1185 548 coronarum
1213 487 1612 550 distributores,
1635 493 1690 538 et
1708 482 1894 546 duces,

309 570 433 665 (λειω
463 570 551 649 res
581 588 712 646 nihil
744 586 836 641 tibi
870 582 1125 655 prodesse
1151 580 1348 634 valent.
1380 578 1510 646 Quis
1537 590 1666 630 vero
1691 574 1798 627 dux
1830 570 1900 625 sit

307 686 364 741 iu
392 685 491 739 hac
515 682 582 737 de
607 693 706 751 qua
730 675 998 747 loquimur
1017 672 1252 737 civitate,
1278 669 1398 740 quis
1420 659 1643 738 primus,
1667 664 1786 734 quis
1811 676 1898 717 sc-

304 769 532 833 cundus,
560 768 679 838 quis
704 765 913 829 tertius,
944 763 1029 818 vel
1049 769 1246 833 quanto
1268 760 1490 830 quisque
1512 768 1751 828 tempore
1776 770 1890 810 me-

306 863 496 929 ruerit,
537 859 732 932 quidve
778 857 1033 929 praeclare
1077 854 1325 925 gesserit,
1370 867 1439 907 ne
1482 866 1577 921 per
1623 848 1889 904 somnium

308 954 527 1026 quidem
557 949 823 1022 cogitasti.
856 950 929 1003 De
963 946 1174 1019 legibus
1217 959 1347 998 vero
1384 942 1542 1012 hujus
1567 940 1796 996 civitatis
1826 954 1894 995 ne

309 1050 446 1106 alios
490 1048 703 1119 quidem
752 1045 1031 1115 loquentes
1078 1040 1312 1095 sustines
1358 1036 1566 1091 audire.
1614 1033 1895 1103 Quomodo

310 1143 495 1215 igitur,
543 1140 629 1196 die
675 1137 827 1202 mihi,
874 1134 1136 1207 promissa
1178 1131 1321 1186 bona
1350 1136 1404 1184 te
1440 1134 1895 1196 consequutnrum

311 1249 521 1306 speras,
551 1232 641 1302 qui
674 1244 771 1284 nec
795 1227 955 1282 dictis
997 1223 1063 1279 ad
1091 1223 1179 1277 illa
1205 1219 1569 1291 spectantibus
1613 1215 1900 1272 attendas?

316 1325 517 1381 Verum
543 1323 588 1378 si
634 1320 686 1374 id
716 1332 821 1373 non
848 1324 974 1370 ante
1022 1312 1370 1384 prastitimus
1391 1350 1407 1375 ,
1436 1308 1521 1363 vel
1550 1322 1692 1362 nunc
1724 1306 1901 1362 iacere

314 1430 584 1474 curemus.
615 1413 829 1469 Etenim
856 1409 901 1463 si
926 1408 1068 1463 Deus
1099 1404 1150 1459 id
1177 1401 1536 1468 concesserit,
1569 1398 1755 1454 urbem
1783 1398 1903 1452 adi-

320 1508 426 1563 turi
473 1518 661 1561 sumus
707 1514 957 1564 auream,
988 1506 1042 1551 et
1086 1493 1277 1564 quovis
1324 1504 1458 1545 auro
1506 1487 1902 1559 pretiosiorem.

320 1602 449 1672 Ejus
476 1614 603 1669 ergo
630 1595 974 1651 fundamenta
1004 1589 1275 1644 discamus
1295 1625 1311 1650 ,
1343 1584 1460 1653 ejus
1483 1592 1666 1654 portas
1693 1596 1761 1636 ex
1785 1595 1908 1651 sap-

321 1670 478 1764 phiro
505 1698 562 1745 et
588 1683 893 1755 margaritis
921 1688 1154 1735 structas
1184 1695 1198 1731 :
1222 1676 1500 1731 ductorem
1539 1673 1738 1743 quippe
1767 1670 1910 1738 opti-

324 1798 474 1847 mum
501 1780 763 1835 habemus
784 1772 1109 1829 Matthaaum.
1140 1768 1243 1821 Per
1266 1766 1431 1835 ipsius
1452 1777 1680 1831 namque
1703 1771 1909 1830 portam

324 1891 472 1933 nunc
502 1876 780 1932 intramus,
809 1866 1088 1933 multoque
1114 1859 1269 1913 nobis
1297 1855 1475 1912 studio
1497 1862 1581 1909 est
1601 1867 1755 1923 opus.
1777 1850 1911 1906 Nam

327 1971 374 2026 si
399 1965 702 2039 quempiam
744 1958 937 2014 viderit
977 1969 1084 2010 non
1137 1959 1435 2012 attentum,
1465 1946 1644 2017 ejiciet
1687 1960 1753 1998 ex
1780 1942 1916 1998 civi-

330 2035 464 2115 tate.
494 2056 589 2111 Est
627 2053 826 2124 quippe
856 2047 983 2103 urbs
1009 2046 1097 2100 illa
1140 2042 1371 2097 maxime
1398 2038 1544 2108 regia
1573 2045 1628 2092 et
1655 2035 1875 2090 illustris
1896 2074 1913 2100 ,

331 2164 507 2220 neque
536 2158 595 2202 ut
641 2144 802 2200 urbes
832 2149 1030 2196 nostra:
1050 2180 1064 2203 ,
1095 2137 1148 2190 in
1178 2135 1351 2189 lorum
1394 2140 1449 2187 et
1477 2131 1677 2201 regiam
1723 2127 1915 2181 distin-

331 2244 511 2316 guitur
539 2260 555 2296 :
586 2239 681 2293 sed
714 2236 785 2291 ibi
815 2233 993 2290 omnia
1024 2230 1171 2300 regia
1221 2235 1365 2283 sunt.
1396 2226 1715 2295 Aperiamus
1743 2222 1921 2292 itaque

335 2333 529 2389 mentis
566 2330 795 2400 jannas,
840 2323 1144 2394 aperiamus
1189 2330 1383 2381 aures,
1425 2323 1481 2371 et
1516 2329 1639 2368 cum
1689 2320 1922 2367 tremore

336 2420 763 2499 plurimolimina
777 2411 1187 2485 transgressuri,
1212 2409 1411 2480 Regem
1434 2406 1583 2461 illum
1605 2402 1923 2458 adoremus:

333 2494 461 2573 nam
505 2514 592 2571 vel
634 2512 839 2583 primus
879 2517 1207 2575 congressus
1250 2498 1500 2556 sectatori
1538 2505 1798 2551 terrorem
1848 2494 1928 2547 in-

338 2623 521 2670 cutere
553 2607 716 2663 valet.
745 2602 902 2659 Modo
928 2597 1143 2673 quidem
1173 2604 1340 2666 portae
1370 2593 1485 2648 ista:
1514 2589 1671 2646 nobis
1699 2586 1929 2642 occlusa:

2009 386 2165 432 sunt:
2187 375 2402 446 quando
2426 381 2605 428 autem
2630 370 2760 429 istas
2780 378 2992 443 apertas
3017 370 3320 427 videbimus
3349 371 3488 439 (lucc
3509 382 3595 428 est

2007 469 2153 522 enim
2197 466 2551 537 quaestionum
2599 462 2857 534 solutio),
2893 472 3017 518 tunc
3046 462 3269 537 multum
3318 463 3461 517 intus
3487 462 3593 516 ful-

2007 573 2191 628 gorem
2223 554 2635 625 conspiciemus.
2665 552 2898 623 Spiritus
2921 554 3062 608 enim
3089 530 3259 607 oculis
3278 553 3471 607 ductus
3494 568 3594 622 pu-

2010 650 2255 705 blicanus
2283 646 2391 714 hic,
2420 646 2600 700 omnia
2630 645 2811 724 se_tibi
2853 654 3193 700 ostensurum
3222 658 3343 699 esse
3371 643 3593 713 pollice«

2010 752 2097 794 tur
2127 758 2140 793 :
2169 739 2384 792 ubinam
2411 737 2525 791 Rex
2551 736 2736 789 sedi-at
2754 777 2769 801 ,
2795 737 3013 805 quinam
3045 736 3111 789 de
3137 735 3492 789 excercitilms
3522 733 3597 788 illi

2016 834 2226 900 adsint;
2256 829 2471 887 ubinam
2501 828 2610 883 sint
2640 827 2837 896 angeli,
2864 825 2957 879 ubi
2984 823 3289 893 archangeli
3314 841 3329 877 :
3355 821 3474 891 quis
3504 834 3601 875 no-

2016 930 2096 983 vis
2141 928 2293 981 istius
2326 923 2473 979 urbis
2503 921 2708 977 civibus
2745 921 2815 974 sit
2856 919 3143 988 deputatus
3183 917 3359 980 locus;
3387 929 3505 985 qua:
3531 913 3599 968 sit

2020 1021 2103 1074 via
2122 1020 2260 1074 istuc
2285 1016 2522 1081 ducens;
2551 1028 2707 1083 quam
2729 1020 2928 1066 sortem
2952 1008 3258 1077 acceperint
3286 1006 3342 1071 ii,
3366 1004 3453 1075 qui
3478 1011 3602 1059 sunt

2019 1110 2249 1181 primum
2280 1108 2401 1161 istic
2433 1106 2577 1160 cives
2602 1101 2858 1165 admissi,
2891 1107 2945 1154 et
2988 1105 3107 1167 post
3150 1096 3248 1150 bos
3272 1096 3511 1161 secundi,
3540 1108 3603 1147 ac

2019 1198 2211 1255 deinde
2242 1196 2380 1252 tertii
2407 1212 2421 1247 :
2454 1201 2585 1264 quot
2608 1191 2716 1246 sint
2744 1190 2957 1244 illorum
2988 1187 3181 1242 civium
3212 1186 3449 1251 ordines,
3474 1192 3606 1254 quot

2018 1297 2264 1345 senatum
2292 1284 2644 1347 constituant,
2668 1278 3132 1352 quotdignitatum
3163 1275 3494 1329 discrimina.
3524 1273 3604 1328 Ne

2021 1380 2201 1445 itaque
2226 1393 2346 1433 cum
2374 1376 2602 1430 tumultu
2624 1382 2678 1429 et
2701 1372 2928 1441 strepitu
2957 1366 3341 1439 ingrediamur,
3368 1365 3462 1420 sed
3484 1379 3607 1420 cum

2022 1470 2237 1524 silentio
2264 1469 2513 1539 mystico.
2543 1466 2599 1520 Si
2635 1464 2779 1520 enim
2810 1463 2863 1518 in
2890 1462 3103 1517 theatro
3143 1475 3264 1513 cum
3309 1472 3502 1527 magno
3530 1456 3605 1510 si-

2025 1561 2193 1616 lentio
2220 1556 2563 1627 Imperatoris
2602 1556 2773 1609 literae
2817 1554 3070 1622 leguntur
3099 1567 3116 1606 ;
3148 1552 3315 1604 multo
3359 1549 3528 1619 magis
3557 1551 3608 1604 in

2027 1651 2127 1705 hac
2158 1651 2285 1705 urbe
2309 1648 2487 1703 omnia
2522 1646 2697 1701 sedari
2722 1653 2951 1714 oportet,
2979 1651 3143 1711 atque
3167 1641 3389 1695 arrectis
3415 1640 3610 1697 animis

2022 1746 2075 1791 et
2096 1737 2312 1790 auribus
2336 1737 2585 1790 standum
2611 1745 2697 1792 est
2714 1738 2753 1790 ⁸.
2777 1735 2892 1790 Νοη
2913 1735 3054 1791 enim
3077 1734 3277 1791 terreni
3302 1734 3599 1805 cujuspiam

2018 1826 2182 1896 regis,
2210 1827 2305 1881 sed
2332 1827 2641 1896 angelorum
2668 1826 2876 1880 Domini
2900 1827 3094 1895 scripta
3121 1826 3347 1895 legenda
3374 1836 3516 1880 sunt.
3543 1824 3601 1879 Si

2021 1915 2092 1970 ita
2138 1930 2237 1971 nos
2260 1932 2585 1986 componere
2630 1915 2988 1982 voluerimus,
3021 1916 3137 1985 ipsa
3165 1916 3397 1985 Spiritus
3434 1915 3602 1985 gratia

2020 2022 2141 2061 cum
2169 2022 2356 2078 magna
2384 2007 2656 2078 diligentia
2685 2022 2783 2063 nos
2812 2007 3043 2062 deducet
3067 2048 3082 2074 ,
3113 2006 3178 2060 ad
3210 2007 3491 2076 ipsumque
3519 2020 3605 2059 re-

2020 2100 2164 2170 gium
2195 2100 2387 2155 solium
2429 2099 2765 2165 accedemus,
2795 2098 3039 2168 bonaque
3078 2098 3255 2152 omnia
3302 2111 3605 2165 conseque‘

2023 2205 2161 2252 mur,
2186 2189 2355 2258 gratia
2377 2199 2431 2244 et
2450 2188 2779 2258 benignitate
2806 2188 3014 2243 Domini
3041 2188 3208 2241 nostri
3232 2187 3358 2242 Jesu
3380 2186 3604 2251 Christi,

2022 2281 2106 2333 cui
2133 2281 2304 2350 gloria
2345 2290 2400 2335 et
2436 2282 2717 2351 imperium
2745 2295 2866 2335 cum
2898 2281 3053 2355 Patre
3081 2290 3136 2335 et
3163 2291 3349 2335 sancto
3379 2279 3604 2349 Spiritu,

2025 2387 2167 2426 nunc
2190 2381 2245 2427 et
2269 2388 2501 2442 semper,
2533 2382 2589 2428 et
2612 2374 2664 2427 in
2689 2374 2883 2427 smcula
2914 2374 3253 2429 saeculorum.
3285 2374 3477 2427 Amen.

2092 2570 2108 2602 ι
2144 2567 2331 2630 Morel.,
2354 2570 2558 2619 arrectis
2580 2569 2779 2622 auribus
2799 2573 3024 2623 standum
3045 2579 3133 2626 est.

1852 2866 3597 2903 MM

1743 3077 2099 3141 HOMILIA
2142 3075 2224 3137 ll.

342 3339 464 3394 Car.
500 3338 539 3390 l.
564 3336 692 3389 v.1.
720 3332 869 3386 Liber
890 3336 1223 3400 generationis
1251 3324 1377 3379 Iesu
1399 3322 1586 3378 Christi
1615 3322 1709 3391 [itit
1735 3317 1923 3384 David,

937 3417 1034 3487 ﬁlii
1055 3416 1328 3469 Abraham.
1377 3461 1380 3464 ,

420 3560 472 3614 1.
516 3555 801 3612 Attentione
868 3550 1180 3604 audientium
1242 3545 1493 3610 excitata,
1541 3540 1929 3609 descriptionem

349 3650 488 3721 regni
498 3646 709 3702 caelatis
729 3642 977 3697 adoritur.
996 3669 1067 3681 —-
1080 3640 1160 3692 An
1175 3634 1488 3691 meministis
1512 3630 1888 3687 admonitionis
1910 3669 1929 3696 ,

353 3755 454 3810 qua
479 3752 646 3807 nuper
670 3750 768 3789 vos
793 3732 986 3787 hortati
1017 3744 1223 3792 sumus,
1250 3736 1304 3781 ut
1333 3741 1452 3780 cum
1476 3724 1619 3778 omni
1645 3721 1858 3776 silentio
1879 3729 1935 3778 et

354 3832 571 3903 mystica
588 3827 769 3899 quiete
791 3825 929 3879 dicta
955 3822 1132 3879 omnia
1160 3819 1446 3874 audiretis?
1474 3816 1623 3872 Nunc
1650 3825 1830 3868 autem
1851 3827 1938 3867 sa-

354 3939 445 3978 cra
475 3923 653 3976 limina
680 3919 839 3974 hodie
858 3914 1047 3971 adituri
1079 3924 1297 3976 sumus;
1322 3910 1548 3977 ideoque
1572 3907 1722 3962 vobis
1741 3906 1937 3960 adhor-

358 4013 611 4068 tationem
641 4011 783 4066 illam
816 4009 870 4063 in
893 4013 1127 4061 mentem
1154 4001 1417 4059 revocavi.
1446 3999 1579 4054 Nam
1607 3998 1651 4053 si
1673 3996 1841 4053 Judati
1871 3995 1936 4050 ad

357 4114 593 4164 montem
619 4102 919 4165 ardentem,
942 4098 1009 4151 ad
1039 4097 1235 4164 ignem,
1276 4092 1343 4147 ad
1365 4090 1662 4160 caliginem,
1685 4087 1753 4142 ad
1784 4096 1936 4140 tene-

359 4197 483 4254 bras
511 4204 565 4249 et
584 4191 867 4264 procellam
896 4185 1163 4244 accessuri
1187 4201 1203 4251 ;
1234 4184 1341 4238 imo
1364 4196 1468 4236 non
1497 4178 1766 4234 accessuri
1790 4217 1806 4241 ,
1842 4176 1935 4230 sed

360 4303 424 4343 ea
452 4285 682 4341 audituri
714 4283 922 4338 eminus
957 4286 1013 4334 et
1056 4275 1219 4331 visuri
1248 4315 1264 4341 ,
1297 4272 1465 4328 tribus
1500 4279 1623 4323 ante
1652 4267 1841 4322 diebus
1875 4264 1946 4320 ab

364 4376 617 4433 uxoribus
654 4374 919 4429 abstinere
954 4366 1312 4438 jubebantur,
1358 4371 1639 4428 vestesque
1682 4356 1944 4422 abluere;

364 4478 523 4540 atque
550 4484 601 4522 tn
634 4466 824 4519 timore
851 4478 911 4516 ac
940 4469 1171 4515 tremore
1195 4455 1477 4526 degebant,
1495 4442 1811 4522 MoySesque
1828 4463 1947 4504 cum

366 4559 536 4629 ipsis:
567 4558 734 4611 multo
760 4555 927 4624 magis
952 4565 1051 4606 nos
1077 4548 1201 4604 talia
1227 4544 1457 4602 audituri
1483 4543 1668 4607 verba,
1690 4556 1797 4598 non
1827 4554 1950 4611 pro-

367 4628 456 4703 cul
494 4664 523 4701 a
560 4656 741 4702 monte
779 4644 1013 4697 fumante
1041 4648 1279 4702 stantes,
1321 4635 1417 4691 sed
1456 4635 1626 4703 ipsum
1656 4628 1950 4702 ingressuri

368 4739 556 4793 caelum
581 4778 598 4803 ,
648 4735 905 4805 majorem
947 4733 1200 4787 debemus
1233 4731 1488 4787 exhibere
1518 4729 1905 4799 philosophiam
1927 4768 1946 4795 ,

367 4844 475 4884 non
504 4828 818 4885 vestimenta
849 4826 1146 4889 abluentes,
1174 4823 1269 4880 sed
1298 4825 1491 4878 anima:
1522 4823 1711 4877 stolam
1738 4822 1948 4875 abster-

364 4932 589 4994 gentes,
636 4931 692 4977 et
729 4920 797 4975 ab
822 4919 965 4973 omni
996 4917 1330 4973 saecularium
1373 4930 1553 4970 rerum
1577 4914 1955 4969 commixtione

373 5014 545 5070 liberi.
590 5010 709 5068 Non
737 5010 879 5066 enim
908 5009 1188 5078 caliginem
1230 5006 1521 5071 videbitis,
1564 5021 1669 5059 non
1714 5004 1950 5071 fumum,

374 5123 480 5163 non
520 5105 849 5177 procellam;
879 5102 972 5157 sed
1001 5102 1172 5171 ipsum
1203 5099 1398 5169 Regem
1428 5098 1703 5154 sedentem
1734 5101 1788 5153 in
1824 5098 1961 5154 solio

373 5198 660 5257 ineﬂabilis
683 5198 825 5253 illius
849 5195 1050 5265 glorite,
1069 5192 1393 5263 augelosque
1412 5199 1463 5245 et
1484 5190 1831 5258 archangelos
1860 5188 1961 5258 ipsi

379 5293 674 5357 adstantes,
706 5299 1116 5355 sanctorumque
1162 5282 1384 5353 populos
1427 5297 1546 5336 cum
1588 5280 1958 5334 innumerabili

381 5384 594 5438 illorum
622 5390 786 5437 casto.
812 5379 957 5434 Talis
985 5377 1179 5448 quippe
1206 5383 1289 5429 est
1316 5373 1502 5427 civitas
1526 5372 1639 5436 Dei,
1674 5370 1962 5427 Ecclesium

382 5475 784 5546 primitivorum
816 5470 1017 5525 habens
1037 5510 1053 5535 ,
1083 5466 1299 5538 spiritus
1320 5463 1582 5534 justorum
1604 5504 1620 5530 ,
1657 5462 1966 5532 angelorum

387 5565 775 5637 frequentiam,
801 5560 1112 5630 sanguinem
1141 5555 1465 5627 aspersionis
1488 5593 1504 5620 ,
1531 5568 1640 5625 quo
1667 5552 1844 5608 omnia
1873 5566 1965 5606 oo-

394 5660 665 5731 putantur,
696 5655 885 5714 ctnlum
916 5662 1124 5710 terrena
1154 5647 1408 5720 suscepit,
1436 5654 1492 5704 et
1521 5653 1660 5703 terra
1686 5642 1916 5701 ccelcstia
1951 5661 1966 5697 :

2032 3347 2084 3392 et
2111 3336 2218 3404 jam
2251 3330 2378 3387 olim
2408 3326 2705 3384 desiderata
2735 3338 2833 3394 pax
2857 3319 3059 3389 angelis
3100 3325 3260 3386 atque
3286 3310 3483 3368 sanctis
3508 3308 3611 3361 do-

2035 3402 2160 3485 nata
2189 3434 2290 3481 est.
2320 3424 2378 3478 In
2407 3423 2507 3477 hac
2533 3418 2665 3474 urbe
2689 3414 2864 3472 erucis
2892 3422 3147 3483 trepaaum
3173 3408 3382 3463 illustre
3410 3402 3535 3458 illud
3561 3411 3618 3459 et

2036 3520 2380 3589 conspicuum
2410 3522 2646 3570 erectum
2678 3521 2762 3566 est
2796 3527 2811 3564 :
2838 3508 3007 3578 spolia
3030 3505 3243 3559 Christo
3270 3509 3415 3570 parta
3440 3538 3452 3559 .
3484 3511 3616 3552 exu-

2040 3617 2137 3670 vire
2167 3623 2371 3664 natura:
2394 3613 2610 3667 nostm,
2645 3600 2905 3654 mannhize
2933 3596 3092 3666 Regis
3119 3591 3285 3647 nostri
3320 3607 3333 3642 :
3361 3602 3480 3657 quae
3505 3601 3620 3638 οων

2049 3710 2136 3762 nia
2162 3721 2228 3761 ex
2262 3698 2550 3771 evangeliis
2593 3703 2840 3751 accurate
2883 3690 3167 3746 discemus.
3215 3684 3273 3741 Si
3320 3699 3442 3738 cum
3492 3695 3626 3735 con-

2048 3797 2255 3869 gruenti
2284 3795 2462 3865 quiete
2486 3788 2748 3862 sequaris,
2782 3784 3079 3856 poterimus
3104 3791 3156 3853 te
3187 3794 3281 3850 per
3305 3787 3495 3832 cuncta
3518 3774 3629 3829 cir-

2052 3888 2409 3950 cumducere,
2459 3881 2851 3948 ostendereqne
2893 3874 2987 3930 tibi
3027 3874 3241 3927 ubinam
3291 3881 3436 3922 mors
3478 3864 3651 3918 allisa

2047 3981 2255 4051 jaceat,
2286 3979 2371 4033 ubi
2415 3984 2690 4046 peccatum
2717 3982 3036 4039 suspensum
3066 3965 3155 4029 sit,
3189 3962 3274 4015 ubi
3308 3960 3548 4029 plurima:
3574 3971 3638 4010 ae

2055 4044 2327 4127 mirabiles
2353 4044 2429 4121 exi
2449 4066 2552 4119 hoc
2593 4061 2768 4124 bello,
2797 4074 2861 4112 ex
2903 4057 3003 4109 hae
3033 4066 3203 4122 pugna
3232 4049 3514 4102 manubiae.
3544 4044 3640 4099 Vi-

2053 4162 2207 4218 debis
2232 4169 2286 4217 et
2313 4169 2596 4230 tyrannum
2626 4153 2862 4206 vinetum
2888 4160 3009 4202 cum
3041 4141 3377 4197 multitudine
3402 4137 3642 4207 captivo-

2058 4268 2175 4307 rum
2203 4257 2484 4320 sequente,
2500 4255 2557 4301 et
2583 4257 2785 4306 arcem,
2814 4255 2879 4294 ex
2907 4250 3009 4307 qua
3039 4235 3275 4303 impurus
3296 4232 3385 4286 ille
3407 4230 3661 4295 daemon,

2059 4344 2327 4415 pneterito
2350 4352 2613 4409 tempore,
2644 4336 2890 4390 incursus
2914 4332 2966 4386 in
2996 4328 3176 4387 omnia
3206 4325 3432 4381 faciebat
3460 4341 3472 4377 :
3503 4322 3647 4376 vidc«

2059 4412 2143 4493 bis
2163 4436 2323 4491 etiam
2351 4432 2483 4487 luris
2512 4427 2731 4484 latibula
2761 4432 2814 4480 et
2842 4422 3147 4493 speluncas,
3171 4418 3410 4487 diruptas
3431 4412 3648 4485 quidem

2060 4536 2114 4584 et
2141 4525 2427 4596 patelactas
2455 4540 2469 4576 :
2498 4535 2621 4575 nam
2652 4517 2724 4572 ibi
2753 4529 2965 4585 quoque
2993 4512 3104 4566 Rex
3130 4509 3316 4564 adfuit.
3353 4506 3549 4561 Verum
3580 4520 3649 4557 ne

2062 4618 2295 4683 fatiseas,
2318 4614 2513 4669 dilecte
2542 4630 2555 4665 :
2591 4623 2767 4679 neque
2791 4605 2935 4660 enim
2963 4604 3007 4657 si
3030 4602 3149 4671 quis
3179 4600 3376 4654 bellum
3404 4598 3504 4652 sub
3526 4611 3649 4650 sen~

2062 4727 2182 4766 sum
2207 4710 2405 4766 cadens
2430 4712 2738 4766 enarraret,
2787 4700 2831 4753 si
2866 4708 3062 4766 tropcca
3092 4735 3105 4757 ,
3147 4694 3190 4746 si
3222 4691 3468 4745 victorias
3490 4729 3505 4756 ,
3539 4688 3656 4742 ha-o

2068 4984 2329 5050 narratio,
2357 4980 2526 5037 multo
2548 4975 2716 5045 magis
2744 4973 2857 5026 haec
2882 4969 3005 5025 erit.
3027 4963 3303 5035 Perpende
3323 4966 3466 5018 enim
3488 4975 3661 5030 quan-

2074 5088 2184 5134 tum
2212 5074 2341 5131 illud
2372 5073 2441 5127 sit
2463 5066 2649 5123 audire
2669 5106 2684 5131 ,
2722 5059 2993 5133 quomodo
3030 5057 3171 5113 Deus
3200 5054 3267 5110 de
3288 5054 3420 5109 caelo
3439 5092 3454 5117 ,
3487 5052 3661 5120 deque

2071 5169 2220 5240 regio
2245 5165 2381 5221 solio
2408 5172 2649 5231 surgens,
2683 5158 2733 5210 in
2757 5163 2978 5218 terram,
3004 5151 3162 5219 inque
3186 5149 3358 5217 ipsum
3387 5144 3656 5200 infernum

2073 5233 2331 5326 eruperit,
2371 5261 2427 5308 et
2455 5252 2510 5306 in
2528 5249 2643 5302 acie
2667 5243 2909 5302 steterit:
2931 5237 3199 5311 quomodo
3221 5236 3465 5291 diabolus
3493 5233 3662 5287 aciem

2076 5361 2131 5407 et
2159 5352 2273 5419 ipse
2299 5361 2449 5401 suam
2479 5353 2663 5398 contra
2692 5339 2858 5393 Deum
2889 5329 3225 5394 instruxerit;
3253 5328 3364 5383 imo
3403 5339 3508 5379 non
3535 5338 3665 5377 eon-

2079 5453 2162 5500 tra
2181 5414 2368 5498 Deum
2398 5436 2598 5494 nudum
2618 5475 2634 5501 ,
2664 5432 2759 5488 sed
2790 5431 2953 5484 Deum
2987 5426 3040 5480 in
3080 5430 3266 5477 natura
3292 5414 3663 5473 absconditum

2080 5537 2330 5590 humana.
2359 5530 2618 5599 Quodque
2647 5520 2891 5579 mirabile
2912 5527 3013 5582 est,
3045 5521 3271 5568 mortem
3314 5517 3488 5563 morte
3514 5506 3664 5561 soln-

2080 5639 2189 5689 tam
2211 5626 2449 5690 videbis,
2490 5631 2541 5680 et
2573 5615 2921 5679 maledictum
2960 5604 3243 5664 maledicto
3266 5601 3568 5663 sublatum;
3614 5612 3668 5661 ει
