4058 6204
581 271 662 329 ’25

573 395 667 451 per
690 395 806 451 qtre
833 376 1076 433 diabolus
1101 385 1224 432 ante
1246 375 1482 441 valebat,
1519 389 1612 442 per
1638 373 1821 429 eadem
1849 376 1964 445 ejus
2001 382 2148 434 solu-

578 490 684 532 tam
713 475 1067 547 tyrannidem.
1097 475 1454 543 Exsurgamus
1480 470 1668 540 igitur,
1702 479 1756 524 et
1784 485 2030 525 somnum
2075 471 2166 539 de-

575 571 847 639 pellamus
872 587 886 623 :
913 584 1034 624 ecce
1062 577 1240 636 portas
1266 566 1419 618 video
1447 564 1600 617 nobis
1637 571 1849 632 apertas
1874 581 1888 629 ;
1917 562 2011 618 sed
2043 579 2163 617 emn

576 664 722 717 omni
770 661 1031 716 modestia
1071 674 1131 712 ac
1173 669 1408 712 tremore
1441 656 1804 726 ingrediantur
1830 698 1845 722 ,
1888 656 2068 711 statim
2100 655 2165 708 li-

578 752 721 805 mina
752 760 1012 821 petentes.
1044 749 1172 815 Quae
1213 759 1338 801 sunt
1366 747 1550 801 istltarc
1594 747 1810 801 limina?
1841 745 1987 800 Liber
2015 764 2169 816 gene-

577 846 787 898 rationis
810 843 934 896 Jesu
960 841 1143 896 Christi
1188 840 1283 899 ﬁlii
1317 837 1482 893 David
1515 881 1530 905 ,
1575 840 1672 907 ﬁlii
1714 839 1990 894 Abraham.
2034 835 2170 905 Quid

580 937 756 992 dicis?
781 935 849 990 de
881 934 1150 1004 unigenito
1177 933 1270 986 Dei
1302 932 1439 986 Filio
1468 940 1517 986 te
1545 931 1883 1000 loquuturum
1911 946 2029 985 esse
2062 931 2173 1000 pol-

580 1027 847 1092 licebaris,
881 1034 935 1078 et
964 1023 1220 1078 Davidem
1249 1037 1514 1077 memoras
1540 1063 1554 1086 ,
1586 1022 1854 1076 hominem
1883 1030 2004 1090 post
2026 1019 2170 1076 mille

580 1119 961 1188 generationes
985 1123 1187 1177 natum,
1218 1114 1495 1182 ipsumque
1521 1111 1653 1166 dicis
1675 1126 1794 1166 esse
1815 1120 1866 1167 et
1887 1120 2088 1180 patrem
2118 1118 2172 1165 et

580 1207 879 1278 proavum?
905 1206 1186 1273 Exspecta,
1203 1219 1270 1257 ne
1295 1203 1452 1257 simul
1480 1203 1656 1255 omnia
1674 1202 1911 1256 ediscere
1931 1216 2174 1270 quaeras;

583 1299 682 1354 sed
730 1298 929 1352 sensim
975 1306 1133 1365 atque
1161 1295 1433 1364 paulatim.
1479 1293 1536 1347 ln
1583 1292 1764 1346 limine
1823 1291 1995 1344 solum
2026 1299 2174 1357 stas,

584 1391 759 1445 adhuc
788 1389 839 1442 in
869 1389 984 1455 ipso
1011 1387 1180 1450 ostio;
1214 1385 1336 1455 quid
1368 1384 1586 1439 festinas
1613 1384 1678 1438 ad
1701 1382 1998 1444 interiora?
2027 1381 2174 1436 Non-

586 1481 712 1534 dum
739 1478 1002 1532 exteriora
1032 1476 1208 1530 omnia
1252 1475 1418 1544 probe
1443 1474 1731 1542 explorasti
1768 1491 1781 1525 :
1817 1489 1988 1541 neque
2030 1473 2174 1526 enim

587 1570 732 1624 illam
764 1566 857 1622 tibi
883 1566 1279 1636 generationem
1332 1564 1503 1617 adhuc
1542 1577 1829 1626 recenseo;
1864 1561 1970 1616 imo
2010 1577 2181 1629 neque

589 1661 731 1714 illam
762 1674 879 1728 qua:
919 1665 1037 1725 post
1065 1657 1343 1724 sequitur,
1391 1671 1506 1724 quze
1557 1653 1840 1708 ineﬂ'abilis
1879 1662 1932 1707 et
1979 1667 2172 1706 arcana

589 1758 690 1804 est.
729 1748 943 1816 Hocque
971 1746 1065 1800 tibi
1094 1755 1218 1799 ante
1249 1759 1337 1798 me
1367 1744 1527 1797 lsaias
1564 1743 1824 1811 pI‘OIlllCla
1856 1741 2132 1796 denuntiat
2163 1756 2178 1794 :

595 1838 858 1908 siquidem
903 1839 1017 1906 ejus
1047 1835 1348 1905 paSsionem
1377 1833 1673 1902 prmtlicans
1694 1876 1706 1896 ,
1741 1833 2010 1901 ipsiuSquc
2039 1833 2181 1886 circa

591 1932 773 1984 orbem
808 1939 1072 1983 terrarum
1104 1925 1490 1996 providentiam
1520 1927 1534 1956 ί
1575 1944 1587 1977 :
1618 1925 1885 1979 admirans
1915 1924 2034 1992 quis
2059 1940 2178 1981 cum

592 2029 734 2073 esset
763 2018 889 2088 quid
934 2017 1102 2072 factus
1121 2018 1228 2080 sit,
1283 2031 1454 2086 quove
1495 2015 1862 2080 descenderit,
1910 2030 2096 2084 magna
2128 2022 2185 2070 et

592 2113 733 2164 clara
765 2125 895 2165 voce
924 2107 1270 2163 cxclamando
1297 2107 1429 2161 dixit
1463 2125 1474 2159 :
1511 2104 1894 2159 Getwrationem
1937 2106 2044 2175 ejus
2070 2105 2184 2174 quis

593 2202 843 2254 enarrabit
870 2199 1027 2269 (lsai.
1051 2199 1138 2250 5'5.
1167 2196 1222 2255 8i
1249 2197 1272 2250 ?

664 2390 719 2442 2.
755 2387 1047 2442 Incarnatio
1071 2395 1313 2457 quantum
1341 2386 1621 2455 stupenda;
1652 2385 1900 2450 quomodo
1923 2400 2015 2439 nos
2041 2384 2183 2439 exal-

598 2491 685 2536 tet.
708 2479 936 2536 Christus
962 2477 1111 2532 Vetus
1139 2476 1510 2532 Testamentum
1537 2475 1682 2528 Novo
1704 2476 1958 2545 adjunxit.
1988 2473 2054 2526 In
2092 2474 2187 2529 Ve-

599 2583 694 2632 teri
722 2575 1034 2628 Testamento
1062 2573 1248 2644 ﬁgura,
1267 2571 1319 2625 in
1339 2569 1486 2624 N'ovo
1513 2569 1793 2624 veritas.—
1821 2566 1940 2622 Non
1969 2583 2096 2637 ergo
2117 2565 2184 2623 de

599 2668 687 2722 illa
714 2665 1058 2737 generatione
1086 2664 1240 2718 nobis
1260 2676 1438 2717 sermo
1464 2669 1566 2723 est,
1593 2659 1687 2713 sed
1713 2658 1778 2714 de
1806 2659 1907 2713 hac
1930 2657 2184 2712 inferiore

597 2767 653 2813 et
683 2766 888 2811 terrena
911 2795 926 2822 ,
967 2769 1084 2824 qua:
1115 2754 1423 2806 innumeros
1449 2751 1532 2805 sui
1567 2759 1731 2804 testes
1761 2749 1940 2803 habet.
1987 2748 2061 2802 De
2087 2746 2186 2801 hac

598 2865 759 2932 porro
786 2864 881 2919 pro
918 2848 1056 2902 virili
1089 2857 1271 2902 nostra
1301 2845 1597 2900 secundum
1642 2853 1914 2912 acceptam
1958 2841 2186 2912 Spiritus

603 2926 831 3012 gratiam
857 2981 870 3006 ,
915 2940 992 2994 sic
1039 2952 1344 2993 sermonem
1388 2936 1750 2990 instituemus.
1790 2934 1972 3004 Neque
2010 2943 2186 2988 tamen

601 3033 741 3086 hanc
767 3047 888 3085 cum
934 3031 1077 3084 omni
1120 3028 1498 3098 perspicuitate
1540 3027 1805 3096 explicare
1853 3040 2136 3096 possumus
2170 3043 2184 3078 :

602 3138 726 3178 nam
769 3131 824 3176 et
857 3121 970 3191 ipsa
1001 3133 1213 3190 quoque
1241 3117 1528 3173 admodum
1559 3119 1818 3186 stupenda
1848 3124 1949 3171 est.
1978 3115 2056 3170 Ne
2085 3117 2188 3169 ita-

603 3229 708 3284 que
735 3213 922 3282 exigua
953 3219 1005 3265 te
1030 3209 1216 3264 audire
1246 3218 1398 3279 putes
1420 3250 1435 3275 ,
1468 3208 1594 3262 dum
1620 3207 1758 3262 hanc
1784 3207 1936 3262 audis
1959 3221 2188 3277 genera-

604 3308 839 3370 tionem;
871 3303 966 3359 sed
1005 3313 1238 3358 mentem
1284 3302 1477 3366 excita,
1525 3309 1582 3356 et
1610 3301 1788 3356 statim
1817 3300 2145 3356 exhorresce
2170 3338 2185 3365 ,

606 3399 776 3452 Deutn
805 3397 856 3450 in
888 3404 1083 3450 terram
1112 3395 1319 3448 venisse
1345 3392 1587 3447 audiens.
1622 3392 1751 3446 Illud
1796 3391 1941 3446 enim
1987 3391 2064 3445 sic
2092 3388 2192 3444 ad-

606 3485 908 3540 mirandum
928 3525 943 3550 ,
975 3484 1054 3538 sic
1085 3484 1504 3552 inexspectatum
1530 3490 1678 3548 erat,
1709 3489 1767 3534 ut
1786 3480 1956 3550 angeli
1983 3480 2037 3533 in
2061 3478 2193 3533 cho-

609 3592 728 3631 rum
758 3576 963 3632 collecti
991 3590 1152 3644 super
1179 3575 1277 3630 hac
1305 3590 1364 3630 re
1390 3589 1486 3644 pro
1515 3582 1628 3628 toto
1670 3573 1798 3627 orbe
1841 3572 2048 3626 laudem
2078 3571 2193 3640 glo-

606 3670 848 3735 riamque
875 3666 1250 3730 concinerent,
1297 3675 1351 3718 et
1388 3665 1665 3733 propheta:
1690 3664 1798 3733 jam
1830 3663 1961 3717 olim
1989 3661 2057 3716 de
2095 3661 2196 3718 hac

609 3773 669 3814 re
694 3758 1132 3827 obstupescerent
1153 3799 1168 3822 ,
1197 3756 1336 3825 quod
1366 3757 1416 3809 in
1451 3765 1591 3810 terra
1611 3757 1755 3810 visus
1785 3765 1838 3810 et
1865 3769 1984 3809 cum
2016 3752 2194 3807 homi-

610 3851 766 3906 nibus
782 3857 1124 3905 conversatus
1139 3849 1206 3902 sit
1218 3847 1464 3918 (Buruch.
1482 3848 1534 3901 5.
1559 3846 1672 3914 58).
1687 3845 1896 3900 Etenim
1909 3845 2195 3900 admodum

610 3940 931 4010 stupendum
960 3949 1038 3994 est
1068 3939 1284 4005 audire,
1321 3939 1485 3993 Deum
1533 3936 1850 3993 inell‘abilem
1876 3979 1891 4004 ,
1924 3935 2200 3991 inenarra-

611 4032 790 4096 bilem,
823 4029 1434 4100 incomprehensibiletn,
1470 4028 1610 4084 Patri
1635 4028 1892 4099 aequalem
1917 4069 1933 4093 ,
1962 4043 2057 4097 per
2086 4029 2198 4083 vir-

611 4137 822 4193 gineam
852 4122 1063 4177 venisse
1088 4122 1321 4187 vulvam,
1345 4129 1398 4175 et
1421 4135 1491 4175 ex
1522 4119 1744 4174 muliere
1763 4121 1908 4175 nasci
1924 4118 2197 4190 dignatum

611 4229 754 4279 esse,
781 4213 1228 4281 avosquehabere
1249 4211 1499 4265 Davidem
1512 4219 1567 4265 et
1585 4210 1968 4266 Abrahamum.
1991 4211 2056 4265 Et
2073 4210 2199 4280 quid

613 4305 734 4360 dico
765 4302 1022 4357 Davidem
1042 4311 1096 4355 et
1118 4300 1513 4354 Abrahamum?
1541 4299 1672 4354 Nam
1699 4300 1841 4369 quod
1872 4301 2197 4367 horribilius,

616 4393 776 4448 etiam
814 4391 1066 4446 mulieres
1094 4390 1211 4444 illas
1254 4389 1567 4444 meretrices
1597 4391 1650 4454 ',
1699 4404 1831 4458 quas
1876 4391 2034 4459 paulo
2079 4400 2202 4444 ante

618 4483 930 4539 memoravi.
957 4482 1082 4536 Haec
1113 4481 1360 4547 audiens,
1391 4480 1627 4534 animum
1649 4482 1828 4550 erige,
1860 4490 1914 4534 et
1940 4481 2068 4534 nihil
2097 4482 2203 4536 vile

619 4573 905 4646 suspiceris
934 4591 947 4626 :
980 4571 1216 4643 illudque
1245 4572 1478 4627 maxime
1500 4572 1716 4639 mirare,
1742 4573 1881 4643 quod
1913 4573 2078 4628 Filius
2102 4615 2118 4639 ,
2149 4583 2204 4627 et

621 4665 884 4735 genuinus
904 4664 1071 4720 Filius
1093 4663 1184 4718 Dei
1202 4663 1319 4718 sine
1340 4661 1600 4732 principio
1620 4660 2016 4720 exsistentis'se
2039 4665 2204 4718 tilium

623 4757 836 4812 Davidis
861 4757 1047 4813 audire
1089 4772 1276 4827 passus
1319 4757 1426 4825 sit,
1473 4765 1530 4811 ut
1558 4765 1608 4813 te
1639 4756 1839 4813 faceret
1870 4758 1959 4813 Dei
1988 4758 2154 4812 lilium
2187 4776 2202 4813 :

622 4864 812 4920 passus
836 4857 918 4904 est
945 4864 1003 4903 se
1029 4861 1230 4918 patrem
1254 4849 1451 4904 habere
1475 4863 1710 4914 servum,
1735 4859 1792 4904 ut
1819 4849 1912 4903 tibi
1939 4864 2095 4904 servo
2116 4865 2211 4919 pa-

627 4950 760 4995 trem
807 4938 1006 4994 laceret
1050 4939 1351 4994 Dominum.
1407 4939 1591 4995 Videu’
1635 4941 1816 4996 statim
1863 4955 1891 4996 a
1942 4941 2208 5011 principio

625 5044 866 5100 quamam
897 5029 1005 5086 sint
1027 5029 1342 5097 evangelia?
1371 5029 1520 5096 Quod
1551 5031 1596 5085 si
1627 5031 1693 5085 de
1723 5031 1826 5085 tuis
1855 5030 2068 5085 dubitas
2091 5073 2105 5095 ,
2141 5030 2209 5086 ab

628 5123 692 5177 iis
719 5136 837 5192 qua:
877 5119 947 5175 ad
987 5120 1159 5189 ipsum
1187 5127 1432 5188 spectant
1468 5121 1583 5175 lucc
1621 5130 1678 5176 ut
1705 5123 1891 5178 credas
1919 5122 2206 5178 inducaris.

628 5216 807 5286 Longe
831 5214 972 5270 enim
1003 5211 1276 5268 difﬁcilius
1303 5223 1406 5278 est,
1436 5221 1690 5282 quantum
1716 5215 1781 5269 ad
1809 5215 2097 5271 humanum
2127 5215 2210 5269 in-

630 5311 896 5366 tellectum
925 5323 1006 5378 pet
1019 5307 1171 5372 tinet,
1203 5307 1370 5361 Deum
1404 5305 1671 5362 hominem
1698 5309 1833 5374 ﬁeri,
1862 5325 2016 5379 quam
2037 5309 2211 5364 homi-

695 5496 1291 5563 1_Alii.misericordiant.
1462 5555 1500 5563 __
1864 5551 1872 5563 ι
1944 5551 1953 5559 ,
2013 5549 2021 5558 ,

698 5561 722 5596 ⁸
751 5551 867 5624 l'ox,
894 5556 1189 5622 meretrices,
1216 5560 1358 5608 deest
1387 5570 1433 5606 in
1462 5551 1802 5614 Manuscriptis
1829 5551 2067 5612 plurimis.

1288 268 1344 325 S.
1382 269 1664 326 IOANNIS
1703 264 2189 324 ClIRYSOSTOMI
2231 266 2541 331 ARCHIEP.
2579 267 3123 330 CONSTANTINOP.
3830 261 3842 314 ε

2254 405 2376 444 nent
2417 389 2509 443 Del
2545 387 2714 441 lilium
2741 401 2880 441 esse.
2909 385 3048 439 Cum
3085 383 3250 452 igitur
3295 379 3450 434 audis
3499 375 3746 431 Filium
3792 375 3842 428 D

2254 481 2422 536 ﬁlium
2457 497 2577 535 esse
2609 477 2825 531 Davidis
2852 486 2906 531 et
2932 475 3184 536 Abt-aha),
3212 469 3611 538 dubitat‘ejam
3642 468 3835 523 desiit

2254 584 2306 627 te
2335 575 2505 626 lilium
2540 556 2668 627 Adii:
2695 571 2864 624 [ilium
2903 570 2993 622 Dei
3025 567 3268 621 futurum
3297 578 3438 618 esse.
3471 561 3690 629 Neque
3719 559 3828 613 eui

2253 665 2458 719 frustra
2479 673 2533 718 et
2560 665 2833 718 incassum
2862 660 3099 728 seipsum
3125 659 3196 712 ita
3216 655 3589 715 httmiliasset,
3620 649 3752 704 nisi
3783 667 3842 702 Η(

2254 759 2592 811 exaltaturus
2611 762 2775 808 esset.
2805 752 2976 805 Natus
2996 761 3079 806 est
3098 751 3242 803 enim
3268 746 3577 802 secundum
3606 758 3842 798 care-en

2271 842 2328 891 ut
2355 848 2406 891 tu
2434 837 2729 892 nascereris
2756 836 3044 891 secundum
3059 837 3301 906 Spiritum
3332 854 3343 889 :
3377 846 3532 890 natus
3548 845 3648 891 est
3667 851 3743 891 ex
3775 852 3836 888 ιιι

2270 928 2422 994 liere,
2476 938 2532 983 ut
2581 937 2635 981 tu
2672 927 2948 983 desineres
2995 927 3134 981 ﬁlius
3163 943 3281 983 esse
3327 929 3604 984 mulieris.
3654 928 3841 996 ldeoq

2272 1018 2466 1089 duplex
2490 1019 2761 1088 generatio
2785 1018 2900 1081 luit,
2931 1027 2983 1071 et
3013 1034 3132 1088 quae
3161 1019 3349 1072 similis
3378 1029 3585 1072 noslrte
3620 1028 3814 1080 esset,

2273 1125 2392 1179 qua:
2422 1120 2660 1163 nostram
2691 1109 2711 1140 ³
2738 1117 3101 1178 exsuperaret.
3126 1109 3333 1163 Etenim
3369 1126 3429 1163 ex
3465 1109 3720 1164 muliere
3752 1126 3842 1162 na:

2277 1201 2433 1267 nobis
2462 1201 2736 1270 competit;
2767 1201 2909 1254 nasci
2932 1211 3107 1256 autem
3133 1217 3239 1255 non
3265 1217 3328 1254 ex
3359 1201 3658 1270 sanguine,
3694 1217 3817 1257 non

2277 1295 2547 1348 voluntate
2575 1294 2669 1346 viri
2703 1303 2755 1348 et
2779 1295 2977 1359 carnis,
3006 1293 3100 1347 sed
3121 1309 3187 1348 ex
3218 1293 3416 1362 Spiritu
3447 1305 3652 1348 saneto
3676 1337 3692 1358 ,
3726 1310 3841 1363 gen

2280 1388 2542 1441 rationem
2571 1403 2667 1440 nos
2708 1397 3116 1455 exsuperantem
3148 1396 3202 1441 et
3249 1385 3478 1440 futuram
3513 1387 3842 1455 prtenuntia

2278 1496 2398 1549 qua:
2422 1495 2486 1532 ex
2516 1477 2717 1546 Spiritu
2763 1479 2914 1532 nobis
2941 1476 3281 1532 concedenda
3311 1490 3446 1532 erat.
3475 1477 3626 1542 Quin
3677 1487 3737 1530 et
3790 1496 3836 1530 ος

2281 1581 2395 1626 tera
2433 1586 2649 1639 quoque
2704 1570 2880 1623 omnia
2932 1568 3236 1639 hujusmodi
3284 1578 3455 1623 erant.
3501 1568 3738 1622 Etenim
3795 1577 3842 1620 ta

2281 1673 2396 1719 erat
2424 1673 2478 1718 et
2507 1664 2775 1717 lavacrum
2797 1681 2809 1716 :
2830 1663 3098 1731 quidpiam
3129 1663 3272 1716 enim
3298 1677 3364 1716 ex
3389 1661 3584 1723 veteri,
3609 1661 3747 1730 quid
3758 1661 3842 1730 pia

2281 1755 2442 1809 etiam
2475 1769 2544 1808 ex
2587 1768 2723 1807 novo
2752 1752 3002 1807 habebat.
3035 1751 3163 1806 Nam
3210 1767 3240 1805 a
3285 1752 3543 1821 prOpheta
3576 1751 3840 1821 baptiza’r

2281 1861 2379 1916 per
2407 1844 2536 1901 illud
2564 1854 2716 1898 vetus
2745 1843 3142 1913 exprimebatur
3169 1860 3182 1896 :
3211 1843 3469 1911 Spiritum
3516 1852 3713 1897 autem
3769 1859 3841 1895 szn

2284 1951 2428 1993 ctum
2446 1936 2793 2001 descendere,
2813 1950 3005 1989 novum
3025 1933 3408 1988 subindicabat.
3428 1933 3504 1988 Ae
3521 1933 3832 2003 quemadm

2286 2029 2413 2084 dum
2441 2029 2483 2082 si
2511 2029 2630 2097 quis
2661 2029 2711 2080 in
2761 2025 2937 2081 medio
2976 2035 3157 2092 stans,
3200 2025 3332 2078 duos
3381 2027 3514 2079 alios
3564 2024 3842 2094 sejuncte:

2287 2119 2536 2189 expansis
2564 2118 2674 2171 suis
2703 2117 3041 2186 arreptisque
3069 2115 3280 2169 illorum
3326 2117 3574 2184 utrinque
3598 2113 3842 2168 manihu:

2288 2210 2629 2279 conjunxerit
2667 2209 2779 2261 :ita
2829 2217 2884 2262 et
2929 2208 3021 2262 ille
3065 2206 3221 2268 fecit,
3272 2205 3433 2259 Vetus
3474 2205 3836 2258 Testamento

2290 2302 2437 2356 Novo
2479 2299 2810 2370 adiungens,
2860 2305 3100 2351 naturam
3155 2295 3383 2350 divinam
3437 2295 3739 2358 humanm,
3793 2309 3838 2344 Sl

2291 2392 2508 2447 nostris.
2541 2389 2723 2444 Viden’
2747 2388 2892 2442 urbis
2938 2387 3158 2456 hujusce
3187 2385 3481 2456 fulgorem,
3511 2393 3839 2454 quantumqt

2296 2495 2345 2539 te
2388 2499 2417 2537 a
2459 2481 2718 2552 principio
2767 2478 3194 2533 collustraverit?
3245 2476 3512 2544 quomodo
3563 2475 3658 2528 tibi
3709 2491 3836 2541 rege

2295 2578 2473 2632 statim
2503 2572 2735 2630 ostendit
2761 2574 2813 2626 in
2849 2583 2936 2626 tua
2967 2571 3145 2639 specie
3169 2609 3186 2635 ,
3216 2570 3366 2639 quasi
3395 2569 3445 2621 in
3477 2567 3658 2620 medio
3689 2582 3842 2620 exert

2298 2671 2389 2725 tu?
2417 2657 2598 2737 Neque
2627 2667 2768 2721 enim
2810 2665 2882 2718 ibi
2911 2679 3003 2718 rex
3035 2677 3248 2731 semper
3275 2661 3586 2730 dignitatem
3612 2674 3766 2712 suam
3803 2677 3842 2708 ως

2301 2763 2487 2828 tendit,
2516 2758 2610 2815 sed
2649 2759 2810 2812 missa
2850 2772 3082 2826 purpura
3111 2765 3164 2807 et
3206 2753 3506 2806 diademate
3538 2791 3552 2812 ,
3601 2750 3841 2804 militare

2302 2869 2444 2923 stupe
2469 2859 2674 2905 vestem
2706 2847 2898 2902 induit.
2938 2844 3043 2900 Sed
3073 2844 3142 2897 ibi
3171 2842 3384 2912 quidem
3407 2883 3422 2908 ,
3456 2856 3522 2895 ne
3568 2848 3726 2893 notus
3767 2854 3831 2890 cn

2303 2946 2392 3011 sit,
2424 2943 2608 2998 hostes
2635 2940 2700 2994 ad
2729 2954 2788 2994 se
2813 2935 3080 2999 attrahat;
3119 2933 3204 2988 hic
3229 2941 3416 2987 contra
3439 2972 3453 2993 .
3487 2947 3554 2984 tte
3581 2938 3737 2982 notus
3767 2945 3832 2981 ett

2309 3044 2398 3108 sit,
2420 3041 2630 3096 hostem
2651 3056 2717 3094 ex
2745 3037 3024 3093 conﬂictus
3043 3033 3234 3086 timore
3259 3030 3312 3083 in
3343 3027 3516 3096 fugam
3537 3031 3728 3088 vertat,
3757 3037 3842 3075 net

2310 3148 2436 3188 suos
2459 3133 2742 3188 conturbet
2771 3129 3030 3184 :salutem
3077 3125 3219 3178 enim
3263 3121 3430 3190 ipsis,
3474 3133 3576 3171 non
3627 3125 3842 3170 terrm-et

2311 3222 2502 3279 all'erre
2531 3224 2728 3276 studet.
2763 3220 2885 3275 Ideo
2909 3216 3085 3272 statim
3109 3217 3280 3285 ipsum
3300 3213 3391 3265 illo
3413 3209 3626 3263 nomine
3655 3206 3836 3260 vocavi

2311 3329 2504 3383 nempe
2529 3314 2729 3368 Jesutn.
2760 3313 2867 3366 lloc
2886 3311 3082 3380 quippe
3103 3320 3296 3360 nomen
3326 3302 3480 3356 Jesus
3507 3315 3608 3353 non
3636 3307 3716 3352 est
3739 3296 3841 3351 Cra

2309 3420 2454 3471 eum;
2479 3404 2573 3460 sed
2598 3403 2850 3458 llebraica
2876 3400 3048 3470 lingua
3067 3398 3144 3452 sic
3158 3394 3453 3465 appellatur
3477 3391 3648 3451 Jesus;
3677 3388 3725 3442 id
3744 3404 3842 3455 quo

2311 3495 2497 3550 Graec
2518 3494 2800 3563 signiﬁcat,
2828 3501 3010 3561 Σωτὴρ,
3038 3489 3282 3545 Salvator
3309 3503 3323 3539 :
3352 3484 3591 3537 Salvator
3616 3496 3769 3551 porro
3802 3481 3832 3534 d

2309 3588 2468 3656 citur,
2492 3587 2632 3658 quod
2659 3587 2869 3644 salvum
2900 3583 3057 3638 faciat
3081 3579 3332 3652 populum
3355 3591 3532 3631 suum.

2392 3767 2442 3823 5.
2460 3766 2622 3821 Vides
2646 3765 2911 3836 quomodo
2931 3765 3226 3820 auditorem
3251 3763 3440 3826 erexit,
3463 3774 3708 3818 consueto
3737 3777 3842 3818 mor

2319 3857 2480 3912 verba
2507 3857 2727 3924 faciens,
2755 3873 2817 3912 ac
2841 3872 2936 3926 per
2960 3872 3022 3911 ea
3053 3872 3171 3926 quae
3200 3855 3346 3922 dicit,
3376 3855 3463 3909 illa
3491 3871 3604 3924 qua:
3627 3869 3766 3924 spem
3793 3871 3842 3908 sn

2319 3959 2507 4018 perant
2532 3950 2685 4007 nobis
2714 3951 2959 4004 omnibus
2991 3947 3230 4004 indicat?
3257 3947 3387 4001 Nam
3418 3947 3681 4016 utriusque
3709 3948 3842 4000 nomi

2317 4041 2400 4094 nis
2435 4056 2622 4112 magna
2647 4051 2763 4096 erat
2791 4040 2929 4110 apud
2954 4040 3166 4096 Judmos
3205 4039 3453 4108 cognitio.
3489 4037 3611 4106 Quia
3638 4038 3771 4092 enim
3802 4038 3842 4091 in

2313 4130 2618 4201 exspectata
2674 4132 2915 4204 quaedam
2971 4131 3172 4202 agenda
3218 4140 3364 4184 erant
3397 4171 3412 4194 ,
3462 4129 3566 4198 jam
3615 4129 3842 4184 nominum

2317 4224 2500 4293 ﬁgurae
2525 4233 2945 4294 prtecesserant;
2977 4224 3047 4277 ita
3075 4232 3131 4276 ut
3156 4223 3264 4290 jam
3291 4223 3416 4274 olitn
3449 4223 3614 4275 omnis
3639 4221 3842 4276 novitati

2304 4327 2568 4381 tumultus
2583 4333 2879 4394 prmreptus
2895 4329 3056 4376 esset.
3071 4318 3098 4373 J
3104 4335 3226 4373 esus
3243 4333 3385 4372 enim
3403 4318 3842 4389 vocatttrqui,post

2305 4417 2565 4486 Moysem,
2587 4415 2843 4483 populum
2864 4412 2915 4465 in
2938 4419 3138 4464 terram
3161 4409 3534 4478 promissionis
3552 4410 3842 4466 introduxit.

2311 4505 2506 4561 Vidisti
2551 4505 2801 4575 figuram,
2839 4499 2961 4554 vide
3003 4506 3056 4553 et
3101 4499 3401 4555 veritatem.
3447 4499 3537 4553 llle
3574 4499 3621 4552 in
3663 4508 3842 4554 tu'ram

2307 4595 2728 4668 promissionis,
2778 4592 2867 4646 hic
2910 4592 2962 4644 in
3001 4591 3192 4644 cadum
3235 4599 3289 4644 et
3332 4591 3384 4644 in
3424 4590 3643 4646 catlcstia
3681 4590 3842 4644 bona:

2310 4690 2398 4743 ille
2444 4694 2564 4756 post
2623 4693 2848 4739 mortem
2892 4681 3092 4752 Moysis
3119 4721 3132 4746 ,
3178 4683 3266 4736 hic
3311 4689 3589 4752 postquam
3631 4682 3703 4735 lex
3742 4696 3842 4734 ces-

2312 4782 2454 4836 savit
2497 4799 2511 4834 :
2555 4779 2645 4833 ille
2678 4787 2738 4832 ut
2779 4777 2962 4847 populi
3008 4776 3139 4839 dux,
3191 4777 3277 4832 hic
3315 4785 3372 4831 ut
3397 4792 3510 4832 rex.
3556 4774 3646 4830 Sed
3688 4792 3746 4830 ne
3765 4774 3842 4828 Je‘

2313 4886 2433 4927 sum
2473 4869 2695 4924 audiens
2734 4883 2796 4922 ex
2837 4867 3121 4923 nominum
3163 4867 3514 4921 similitudine
3547 4866 3804 4936 decipiaris
3828 4907 3842 4932 ,

2315 4959 2460 5016 aliud
2480 4953 2722 5014 subdidit
2749 4975 2762 5011 :
2790 4956 2920 5013 Jesu
2939 4957 3141 5013 Christi
3165 4958 3267 5025 ﬁlii
3291 4956 3490 5010 David.
3513 4956 3594 5010 llle
3614 4971 3727 5013 vero
3748 4969 3842 5008 non

2315 5069 2381 5108 ex
2411 5050 2630 5116 Davide,
2659 5051 2752 5105 sed
2776 5066 2842 5106 ex
2863 5051 2968 5104 alia
2993 5051 3137 5104 tribu
3165 5057 3302 5105 erat.
3329 5049 3435 5103 Sed
3456 5063 3551 5101 cur
3570 5047 3742 5102 librum
3768 5061 3842 5099 v0-

2321 5150 2409 5198 cat
2433 5143 2804 5214 generationis
2825 5140 2954 5199 .lesu
2979 5142 3203 5207 Christi,
3233 5155 3355 5195 cum
3384 5149 3556 5194 tamen
3581 5137 3838 5192 nonsolam

2381 5370 2402 5401 ³
2426 5375 2576 5425 Savil.
2601 5380 2656 5424 et
2683 5374 3112 5435 Morel.,naturam
3137 5380 3368 5435 nostram.
3395 5373 3494 5423 Sed
3519 5375 3834 5435 regnaturum,

2324 5438 2468 5485 deest
2506 5440 2554 5485 in
2587 5437 2814 5498 omnibus
2837 5429 2965 5498 pene
3004 5433 3366 5498 Manuscriptis,
3399 5448 3488 5482 nec
3509 5429 3834 5498 exprimiturab

2325 5499 2534 5548 Aniano.
2564 5497 2684 5547 Nam
2713 5490 3082 5560 voxfnostram,
3108 5490 3323 5546 relertur
3340 5490 3401 5546 ad
3427 5490 3834 5558 voceni,generatio.

2327 5572 2486 5621 supra.
