4058 6208
304 266 368 319 '23
1043 325 1048 331 η
1445 267 1508 321 ΙΝ
1549 269 1948 325 MATTIIAL'UM
1992 271 2215 328 HOMIL.
2261 276 2320 331 11.
2843 273 2845 276 ’
3507 277 3579 335 2ίί

311 374 548 438 ἀναστὰς
597 377 706 430 τῶν
761 378 1072 448 βασιλικῶν,
1133 379 1226 432 καὶ
1269 378 1347 440 είς
1390 377 1486 447 τὴν
1519 375 1644 444 γῆν,
1683 374 1776 427 καὶ
1806 374 1885 436 εἰς

309 463 474 519 αὑτὸν
506 467 596 520 τὸν
622 468 754 539 ᾃδην
770 470 933 535 ἥλατο
954 471 982 524 6
1010 469 1158 532 Θεὸς,
1188 471 1280 522 καὶ
1302 470 1394 522 ἐπὶ
1407 469 1505 538 τῆς
1529 465 1884 539 παρατάξεως

310 552 464 625 ἐστη-
498 558 611 621 πῶς
641 561 697 613 δὲ
743 560 790 592 ⁸⁸
820 551 1287 631 ἀντιπαρετάξατο
1314 563 1343 613 6
1368 560 1630 626 διάϐολος,
1681 559 1880 630 μᾶλλον

310 644 367 699 δέ
387 649 448 699 ού
471 649 586 721 Θεῷ
617 653 824 723 γυμνῷ,
861 654 994 707 ἀλλά
1028 655 1146 724 Θεῷ
1185 653 1498 724 ἀνθρωπίνῃ
1527 652 1886 724 κρυπτομένῳ

314 734 492 802 φύσει.
545 743 652 794 Καὶ
688 743 749 796 τὸ
796 745 859 815 δὴ
905 744 1233 815 θαυμαστὸν,
1271 745 1352 798 ὅτι
1399 743 1613 815 θανάτῳ
1659 742 1885 796 θάνατον

310 826 428 893 ὕψει
465 828 740 898 λυόμενον,
771 833 861 883 καὶ
904 834 1146 902 κατάραν
1196 831 1594 900 ἀφανιζομένην
1645 831 1878 900 κατάρᾳ,

311 916 403 968 καὶ
423 916 493 969 δι’
515 911 589 971 ὧν
627 922 846 990 ἴσχυσεν
882 925 910 974 6
947 921 1212 985 διάϐολος,
1244 921 1330 974 διὰ
1359 921 1561 973 τούτων
1588 917 1751 972 αὑτοῦ
1785 936 1884 972 κα-

305 1004 641 1078 ταλυομένην
668 1014 768 1080 τὴν
795 1013 1104 1081 τυραννίδα.
1151 1010 1534 1079 Διαναστῶμεν
1562 1010 1758 1075 τοίνυν,
1788 1010 1882 1062 καὶ

309 1096 386 1165 μὴ
417 1098 782 1170 καθεύδωμεν·
823 1103 930 1156 ίδοὺ
975 1103 1082 1173 γὰρ
1110 1102 1218 1172 ὁρῶ
1253 1103 1350 1160 τὰς
1383 1100 1556 1164 πύλας
1575 1103 1707 1170 ἡμῖν
1736 1101 1882 1152 ἀνοι-

308 1188 564 1256 γομένας·
593 1190 707 1243 ἀλλ’
747 1192 1001 1260 εἰσίωμεν
1046 1191 1184 1261 μετά
1221 1189 1474 1254 εὐταξίας
1514 1189 1730 1259 ἀπάσης
1787 1187 1880 1241 καὶ

305 1280 530 1349 τρόμου,
577 1281 684 1334 τῶν
723 1283 1004 1352 προθύρων
1032 1282 1210 1337 αὐτῶν
1249 1282 1452 1344 εὐθέως
1493 1280 1879 1343 ἐπιϐαίνοντες.

308 1369 444 1424 Τίνα
467 1370 523 1422 δέ
558 1372 672 1426 ἐστι
700 1372 871 1426 ταῦτα
900 1374 971 1426 τὰ
1009 1373 1286 1444 πρόθυρα;
1340 1374 1555 1438 Βίϐλος
1592 1372 1882 1442 γενέσεως

326 1461 525 1528 Ἰησού
566 1463 845 1530 Χριστοῦ.
894 1465 1029 1518 vim")
1085 1465 1282 1529 Δαυῒδ,
1319 1465 1454 1519 υἱοῦ
1514 1464 1785 1533 Ἀϐραάμ.
1818 1463 1882 1515 Τί

308 1549 521 1618 λέγεις;
558 1554 687 1622 περὶ
725 1553 819 1605 τοῦ
847 1553 1166 1622 μονογενοῦς
1195 1553 1326 1606 Υἱοῦ
1363 1553 1458 1606 τοῦ
1489 1553 1624 1607 Θεοῦ
1651 1554 1884 1616 διαλέί’;,ε⁸

311 1641 433 1694 σθαι
464 1643 509 1673 ⁶⁶
539 1643 868 1712 ἐπηγγείλω,
913 1644 1009 1696 καὶ
1029 1643 1124 1697 τοῦ
1169 1644 1332 1698 Δαυῒδ
1377 1645 1751 1715 μνημονεύεις,
1788 1645 1884 1697 ἀν-

308 1729 528 1798 θρώπου
564 1733 698 1801 μετὰ
754 1734 952 1804 μυρίας
1002 1735 1194 1802 γενεὰς
1229 1737 1546 1804 γενομένου,
1575 1737 1670 1788 καὶ
1723 1734 1884 1787 αὑτὸν

309 1816 450 1872 εἶναι
487 1822 590 1891 φης
622 1823 713 1874 καὶ
756 1822 962 1891 πατέρα
993 1823 1086 1875 καὶ
1125 1824 1420 1893 πρόγονον;
1484 1824 1760 1894 Ἐπίσχες.
1790 1824 1885 1876 καὶ

311 1911 386 1979 μὴ
445 1913 618 1964 πάντα
666 1911 875 1980 ἀθρόως
926 1911 1079 1982 ζήτει
1133 1913 1344 1983 μαθεῖν,
1384 1913 1497 1966 ἀλλ’
1561 1915 1744 1985 ἡρέμα
1792 1916 1884 1968 καὶ

307 1998 448 2050 κατὰ
493 2001 706 2069 μικρόν.
749 2002 835 2053 Ἐν
884 2003 993 2072 γὰρ
1025 2004 1137 2066 τοῖς
1190 2003 1479 2074 προθύροις
1525 2005 1759 2074 ἕστηκας
1803 2004 1882 2057 ἔτι

311 2089 438 2157 παρ’
490 2089 628 2142 αὐτὰ
676 2091 743 2143 τὰ
781 2091 1111 2161 προπύλαια·
1146 2095 1196 2146 τί
1245 2095 1422 2148 τοίνυν
1469 2095 1714 2158 σπεύδεις
1747 2096 1884 2166 πρὸς

307 2181 374 2232 τὰ
400 2180 568 2234 ἄδυτα
591 2199 605 2247 ;
636 2182 800 2236 Ούπω
828 2183 896 2237 τὰ
919 2183 1022 2248 ἐξω
1039 2185 1217 2248 καλῶς
1233 2187 1622 2250 κατώπτευσας
1647 2188 1878 2242 ἅπαντα.

311 2271 441 2322 Οὐδὲ
477 2272 584 2340 γὰρ
615 2273 829 2342 ἐκείνην
856 2291 939 2326 σοι
982 2275 1120 2338 τέως
1158 2277 1449 2348 διηγοῦμαι
1485 2279 1583 2349 τὴν
1609 2279 1878 2347 γέννησιν·

315 2361 512 2429 μᾶλλον
539 2361 595 2414 δὲ
619 2364 740 2415 ούδέ
764 2363 860 2434 τὴν
887 2365 1024 2434 μετά
1051 2366 1239 2421 ταῦτα·
1269 2369 1638 2438 άνέκφραστος
1659 2371 1767 2441 γὰρ
1789 2373 1882 2423 καὶ

313 2454 640 2524 ἀπόρρητος.
676 2456 786 2508 Kal
831 2456 936 2526 πρὸ
969 2458 1104 2527 ἐμοῦ
1144 2476 1224 2512 σοι
1252 2459 1409 2513 τοῦτο
1436 2462 1464 2512 6
1487 2462 1773 2532 προφήτης
1808 2459 1899 2514 εἷ·-

314 2562 412 2599 πεν
449 2547 696 2611 Ἡσαΐαςο
733 2550 1124 2622 ἀνακηρύττων
1156 2554 1265 2625 γὰρ
1303 2554 1466 2606 αὑτοῦ
1495 2554 1555 2606 τὸ
1587 2554 1758 2617 πάθος
1789 2553 1883 2607 καὶ

311 2635 405 2707 τὴν
449 2638 645 2710 πολλὴν
676 2642 816 2713 ὑπὲρ
863 2647 960 2713 τῆς
1011 2646 1336 2716 οἰκουμένης
1393 2647 1737 2716 κηδεμονίαν,
1791 2648 1883 2700 καὶ

307 2729 739 2801 ἐκπληττόμενος
765 2735 849 2799 τίς
898 2735 972 2789 ὣν
1021 2737 1073 2789 τί
1124 2737 1335 2805 γέγονε,
1370 2739 1463 2790 καὶ
1501 2738 1603 2791 ποῦ
1653 2739 1878 2809 κατέϐη,

297 2819 420 2892 [2!]
453 2823 714 2892 ἀνεϐόησε
759 2828 899 2897 μέγα
933 2829 1026 2882 καὶ
1070 2829 1320 2902 λαμπρὸν
1349 2831 1492 2884 οῦτω
1532 2831 1726 2900 λέγων’
1762 2832 1883 2900 Τὴν

296 2913 516 2980 γενεὰν
536 2916 722 2969 αὐτοῦ
739 2919 829 2983 τίς
864 2919 1209 2988 διηγήσεται
1232 2938 1250 2983 ;

376 3003 440 3071 β’.
461 3005 534 3058 Ού
555 3007 728 3061 τοίνυν
751 3011 878 3080 περὶ
893 3011 1104 3080 ἐκείνης
1118 3014 1248 3083 ἡμῖν
1264 3015 1292 3066 6
1305 3013 1458 3080 λόγος
1474 3013 1591 3077 νῦν,
1608 3013 1742 3066 ἀλλά
1757 3014 1881 3084 περὶ

301 3095 506 3164 ταύτης
536 3098 634 3167 τῆς
666 3099 835 3164 κάτω,
863 3102 962 3170 τῆς
992 3104 1048 3155 ἐν
1080 3105 1145 3172 τῇ
1167 3107 1236 3174 γῇ
1277 3104 1589 3174 γενομένης,
1611 3105 1710 3174 τῆς
1742 3105 1880 3174 μετά

305 3188 518 3256 μυρίων
549 3190 860 3262 μαρτύρων.
892 3194 1000 3246 Kal
1034 3194 1161 3265 περὶ
1185 3193 1387 3263 ταύτης
1405 3195 1482 3258 δέ,
1520 3194 1594 3258 ὡς
1626 3198 1658 3265 ἡ
1669 3197 1759 3265 μίν
1786 3195 1879 3247 δυο

305 3290 468 3345 νατὸν
501 3293 674 3343 εἰπεῖν
710 3289 1022 3360 δεξαμένοις
1069 3289 1166 3359 τήν
1219 3287 1313 3341 τοῦ
1357 3289 1670 3358 Πνεύματος
1700 3287 1878 3356 χάριν,

305 3381 451 3435 οῦτω
476 3380 863 3451 διηγησόμεθα.
886 3379 1020 3432 Οὐδὲ
1051 3379 1159 3448 γὰρ
1185 3378 1389 3447 ταύτην
1427 3376 1563 3447 μετά
1587 3374 1882 3444 σαφηνείας

308 3471 494 3540 πάσης
521 3469 868 3540 παραστῆσαι
900 3468 996 3522 ἔνι·
1022 3469 1142 3522 ἐπεὶ⁵
1163 3470 1258 3522 καὶ
1283 3467 1420 3539 αῦτη
1448 3467 1878 3538 φρικωδεστάτη.

306 3563 402 3633 Μὴ
433 3561 608 3614 τοίνυν
662 3560 833 3632 μικρά
881 3559 1110 3632 νομίσῃς
1162 3557 1399 3622 ἀκούειν,
1443 3556 1646 3624 ταύτην
1668 3553 1882 3607 ἀκούων

307 3654 408 3724 τήν
433 3652 706 3722 γέννησινο
756 3652 870 3706 ἀλλ’
902 3651 1204 3720 ἀνάστησόν
1244 3667 1338 3703 σου
1360 3650 1458 3720 τὴν
1485 3648 1739 3708 διάνοιαν,
1788 3646 1883 3698 καὶ

306 3741 510 3804 εὐθέως
535 3741 742 3812 φρίξον,
773 3741 1012 3804 ἀκούσας
1040 3742 1119 3794 ὅτι
1141 3740 1272 3803 Θεὸς
1293 3740 1384 3791 ἐπὶ
1406 3739 1509 3807 γῆς
1546 3733 1730 3808 ἦλθεν.
1773 3735 1880 3788 Οὖ-

304 3850 384 3886 τω
416 3833 524 3903 γὰρ
551 3834 708 3887 τοῦτο
753 3833 1063 3902 θαυμαστὸν
1105 3833 1198 3885 καὶ
1228 3831 1524 3902 παράδοξον
1569 3825 1658 3898 ἦν,
1679 3829 1754 3891 ὡς
1788 3827 1882 3880 καὶ

305 3925 434 3986 τοὺς
490 3924 754 3992 ἀγγέλους
797 3923 956 3994 χορὸν
1001 3921 1144 3992 ὑπὲρ
1186 3920 1390 3974 τούτων
1442 3921 1740 3988 στήσαντας
1781 3916 1882 3982 τὴν

306 4014 449 4084 ὑπὲρ
498 4013 599 4083 τῆς
650 4013 974 4083 οἰκουμένης
1005 4013 1095 4065 ἐπὶ⁵
1141 4011 1348 4073 τούτοις
1386 4008 1675 4077 ἀναφέρειν
1711 4005 1882 4075 εὐφη-

309 4104 461 4173 μίαν,
503 4106 595 4157 καὶ
632 4105 756 4166 τοὺς
794 4105 1077 4174 προφήτας
1122 4100 1326 4156 ἄνωθεν
1379 4099 1537 4152 τοῦτο
1584 4095 1881 4164 ἐκπλήττε-

309 4196 453 4259 σθαι,
490 4196 573 4248 ὅτι
619 4195 742 4247 Ἐπὶ
771 4193 881 4261 τῆς
904 4193 1016 4262 γῆς
1055 4192 1241 4260 ὤφθη,
1276 4189 1374 4243 καὶ
1402 4187 1526 4253 τοῖς
1553 4183 1884 4252 ἀνθρώποις

306 4286 798 4355 συνανεστράφη.
833 4286 942 4339 Kal
962 4285 1068 4354 γὰρ
1102 4285 1144 4317 ⁸⁷
1167 4284 1372 4353 σφόδρα
1403 4279 1698 4351 παράδοξον
1719 4276 1882 4330 ἀκοῦ-

310 4394 419 4442 σαι,
455 4380 542 4434 ὃτι
562 4381 590 4430 6
620 4378 662 4409 ⁸⁸
695 4377 827 4440 Θεὸς
866 4379 894 4431 6
927 4377 1236 4447 ἀπόρρητος
1269 4375 1334 4438 ⁸³,
1370 4373 1462 4426 καὶ
1491 4371 1879 4442 ἀνέκφραστος,

309 4469 402 4519 καὶ
419 4467 800 4538 ἀπερινόητος,
835 4467 928 4520 καὶ
960 4465 1038 4535 τῷ
1067 4466 1240 4537 Πατρὶ
1262 4464 1389 4528 ἴσος,
1416 4462 1504 4516 διὰ
1521 4463 1732 4533 μήτρας
1751 4455 1880 4530 ἦλθε

309 4558 666 4628 παρθενικῆς,
703 4559 797 4612 καὶ
824 4557 1077 4627 γενέσθαι
1125 4559 1187 4610 ἐκ
1230 4555 1487 4624 γυναικὸς
1536 4550 1880 4617 κατεδέξατο,

309 4651 399 4702 καὶ
430 4653 580 4720 σχεῖν
607 4649 904 4720 προγόνους
933 4649 1022 4703 τὸν
1044 4647 1205 4702 Δαυῒδ
1228 4648 1321 4700 καὶ
1355 4647 1443 4700 τὸν
1485 4641 1752 4714 Ἀϐραάμ.
1772 4643 1882 4696 Kal

308 4741 358 4792 τί
397 4741 546 4809 λέγω
592 4741 682 4796 τὸν
733 4741 893 4794 Δαυῗδ
933 4741 1025 4793 καὶ
1077 4739 1168 4793 τὸν
1224 4737 1504 4808 Ἀϐραάμ,
1554 4736 1628 4788 Τὸ
1675 4734 1784 4808 γὰρ
1819 4734 1883 4806 δή

308 4834 760 4903 φρικωδέστερον,
789 4833 887 4896 τὰς
918 4834 1180 4901 γυναῖκας
1224 4831 1436 4888 ἐκείνας
1475 4829 1542 4891 ⁷ο,
1574 4821 1648 4879 ὧν
1682 4827 1885 4898 ἀρτίως

307 4925 682 4996 ἐμνήσθημεν.
734 4924 916 4976 Ταῦτα
964 4925 1195 4986 ἀκούων,
1240 4920 1521 4991 ἀνάστηθι,
1569 4919 1662 4972 καὶ
1721 4918 1884 4989 μηδὲν

305 5017 561 5079 ταπεινὸν
592 5013 962 5085 ὑποπτεύσῃς,
994 5013 1129 5066 ἀλλά
1175 5013 1268 5065 καὶ
1302 5009 1390 5064 διὰ
1419 5010 1574 5062 τοῦτο
1614 5008 1745 5060 αὐτὸ
1777 5006 1883 5077 μά-

305 5105 464 5159 λιστα
496 5105 795 5176 θαύμασον,
823 5105 903 5157 ὅτι
936 5103 1065 5166 Υἱὸς
1096 5101 1170 5155 ὣν
1199 5101 1293 5154 τοῦ
1333 5100 1570 5170 ἁνάρχον
1599 5098 1756 5161 Θεοῦ,
1792 5099 1884 5150 καὶ

308 5197 532 5266 γνήσιος
564 5197 710 5259 Υἱὸς,
740 5195 998 5264 ἠνέσχετο
1048 5192 1276 5247 ἀκοῦσαι
1310 5192 1404 5244 καὶ
1439 5189 1599 5244 Δαυῒδ
1636 5190 1769 5251 υίὸς,
1798 5190 1885 5242 ἵνα

311 5286 368 5338 σὲ
398 5289 599 5359 ποιήσῃ
631 5287 744 5340 υἱὸν
766 5286 922 5339 Θεοῦ’
948 5285 1204 5354 ἠνέσχετο
1229 5283 1440 5353 πατέρα
1465 5281 1613 5351 αύτῷ
1634 5279 1884 5348 γενέσθαι

305 5377 518 5439 δοῦλον,
544 5379 630 5431 ἵνα
664 5379 747 5431 σοὶ
775 5377 852 5446 τῷ
892 5377 1062 5446 δούλῳ
1097 5374 1315 5444 Πατέρα
1334 5374 1535 5443 ποιήσῃ
1563 5371 1654 5424 τὸν
1680 5369 1885 5422 Δεσπό-

304 5485 427 5538 την.
460 5465 610 5534 Εἶδες
666 5473 729 5523 ἐκ
776 5469 1076 5542 προοιμίων
1108 5466 1308 5530 εὐθέως
1336 5462 1424 5518 οἷα
1465 5465 1532 5518 τὰ
1560 5465 1883 5533 εὑαγγελια;

388 5683 437 5716 σε
473 5681 761 5750 δὲΓί-’Θεῷ
792 5680 851 5733 E.
931 5679 1344 5750 ⁶⁶δια>έςασθαι

1379 5692 1461 5747 pr.
1501 5677 1560 5730 ί).
1592 5674 1934 5747 διαλέγεσθαι
1964 5673 2026 5729 Ε.

2003 379 2071 436 Εἰ
2111 379 2168 434 δὲ
2219 379 2334 452 [22]
2385 378 2740 450 ἀμφιϐάλλεις
2797 380 2920 447 περί
2970 377 3076 429 τῶν
3133 376 3260 433 σῶν.
3305 373 3412 425 ἀπὸ
3458 385 3568 424 των

2002 477 2209 530 ἐκείνου
2233 474 2326 527 καὶ
2361 474 2532 526 ταῦτα
2581 472 2817 525 πίστευε.
2850 471 2986 523 Πολὺ
3014 469 3121 538 γὰρ
3147 463 3566 531 δυσκολώτερον,

2003 570 2123 622 ὅσον
2149 571 2226 631 είς
2255 566 2588 638 ἀνθρώπινον
2618 564 2893 634 λογισμὸν,
2925 562 3056 615 Θεὸν
3099 559 3378 630 ἄνθρωπον
3411 554 3566 622 γενέ-

2005 661 2148 722 σθαι,
2192 660 2225 730 ἢ
2272 657 2554 727 ἄνθρωπον
2579 657 2689 710 υίὸν
2719 654 2852 708 Θεοῦ
2899 649 3247 723 χρηματίσαι,
3277 648 3442 699 Ὀταν
3474 640 3568 696 οὖν

2004 750 2259 820 ἀκούσῃς,
2290 751 2375 800 ὅτι
2407 749 2434 799 6
2462 747 2587 808 Υἱὸς
2608 745 2700 798 τοῦ
2727 745 2859 797 Θεοῦ
2889 744 3000 805 υίὸς
3029 741 3120 794 τοῦ
3149 739 3312 793 Δαυῖδ
3339 739 3451 789 ἐστι
3476 735 3571 787 καὶ

2003 837 2096 892 τοῦ
2125 836 2326 906 Ἀϐραὰ
2337 855 2394 906 μ,
2423 835 2495 906 μὴ
2518 833 2819 904 ἀμφίϐαλλε
2843 832 3045 894 λοιπὸν,
3075 831 3156 882 ὃτι
3178 828 3266 880 καὶ
3298 828 3381 886 σὺ,
3409 827 3436 878 6
3457 823 3572 884 υίὸς

1994 928 2088 980 τοῦ
2135 930 2326 998 Ἀδὰμ,
2361 930 2477 991 υίὸς
2515 928 2612 999 ἔσῃ
2639 925 2732 978 τοῦ
2780 922 2934 976 Θεοῦ.
2978 921 3112 976 Ούδέ
3147 921 3253 989 γάρ
3292 917 3411 986 εἰκῆ
3469 914 3566 968 ml

1996 1016 2171 1085 μάτην
2203 1016 2450 1070 τοσοῦτον
2489 1013 2680 1066 ἑαυτὸν
2725 1009 3105 1068 ἐταπείνωσεν,
3143 1007 3190 1057 εἰ
3236 1004 3309 1074 μὴ
3341 1001 3564 1071 ἔμελλεν

1993 1104 2139 1173 ἡμᾶς
2161 1101 2416 1170 άνυψοῦν.
2459 1097 2750 1168 Ἐγεννήθη
2776 1096 2883 1164 γὰρ
2914 1094 2956 1123 ⁷³
2989 1091 3131 1144 κατά
3161 1091 3356 1158 σάρκα,
3388 1088 3473 1139 ἵνα
3497 1085 3562 1138 σὺ

1990 1192 2257 1261 γεννηθῇς
2302 1193 2445 1245 κατά
2491 1188 2727 1258 πνεῦμα·
2781 1184 3041 1254 ἐγεννήθη
3077 1183 3140 1232 ἐκ
3171 1177 3449 1246 γυναικὸς,
3479 1176 3565 1227 ἴνα

1991 1285 2056 1336 σὺ
2081 1283 2264 1354 παύσῃ
2296 1281 2551 1350 γυναικὸς
2580 1278 2654 1331 ὦν
2681 1277 2809 1339 υἱός.
2855 1275 2952 1328 Διά
2973 1271 3129 1325 τοῦτο
3153 1268 3316 1338 διπλῆ
3341 1267 3563 1334 γέγονεν

1991 1374 2024 1440 ἡ
2051 1373 2322 1443 γέννησις,
2357 1371 2450 1425 καὶ
2478 1371 2690 1422 ἐοικυῖα
2710 1369 2862 1436 ἡμῖν,
2894 1365 2987 1416 καὶ⁵
3017 1359 3417 1432 ὑπερϐαίνουσα
3462 1355 3562 1424 τὴν

1992 1463 2284 1532 ἡμετέραν.
2317 1463 2388 1513 Τὸ
2421 1461 2516 1530 μὲν
2551 1459 2660 1528 γὰρ
2685 1459 2748 1510 ἐκ
2784 1453 3041 1523 γυναικὸς
3082 1449 3405 1519 γεννηθῆναι
3431 1447 3564 1515 ἡμῖν

1994 1553 2288 1628 σννέϐαινε“
2326 1553 2388 1604 τὸ
2415 1551 2473 1604 δέ
2531 1549 2604 1619 μὴ
2627 1547 2686 1612 ἐξ
2717 1548 2966 1616 αἵματος,
3017 1543 3147 1614 μηδέ
3175 1543 3238 1593 ἐκ
3264 1535 3562 1608 θελήματος

1995 1645 2253 1714 σαρκὸςῆ
2287 1643 2496 1712 ἀνδρὸς,
2533 1642 2646 1695 ἀλλ’
2694 1643 2758 1694 ἐκ
2805 1640 2851 1669 ’⁷⁸
2899 1635 3210 1704 Πνεύματος
3249 1631 3424 1700 ἀγίου,
3461 1628 3561 1698 τὴν

1992 1733 2424 1804 ὑπερϐαίνουσαν
2462 1735 2606 1802 ἡμᾶς
2654 1731 2748 1784 καὶ
2772 1729 2868 1799 τὴν
2910 1714 3204 1797 μέλλοῦσαν
3244 1718 3562 1793 προανεφὼ-

1989 1840 2070 1878 νει
2098 1825 2144 1855 ⁷³
2169 1823 2436 1893 γέννησιν,
2461 1823 2527 1891 ἢν
2549 1824 2680 1892 ἡμῖν
2714 1818 2934 1889 ἔμελλεν
2961 1820 3026 1870 ἐκ
3053 1814 3368 1883 Πνεύματος
3399 1809 3562 1881 χαρί-

1989 1913 2192 1978 ζεσθαι.
2213 1915 2324 1967 Kal
2368 1913 2543 1966 πάντα
2570 1913 2625 1965 δὲ
2660 1911 2728 1964 τά
2760 1910 2893 1964 ἄλλα
2926 1906 3150 1961 τοιαῦτα
3191 1900 3281 1974 ἦν.
3319 1901 3426 1955 Kal
3449 1900 3558 1968 γὰρ

1986 2004 2046 2057 τὸ
2067 2004 2288 2074 λουτρὸν
2317 2002 2559 2055 τοιοῦτον
2580 2003 2646 2032 ⁷³⁸
2671 1997 2784 2069 εἶχε
2825 1998 2934 2068 γάρ
2958 2015 3010 2049 τι
3035 1994 3126 2048 τοῦ
3160 1989 3411 2050 παλαιοῦ,
3445 1983 3560 2056 εἶχέ

1988 2111 2037 2149 τι
2068 2095 2162 2148 καὶ
2193 2093 2286 2146 τοῦ
2333 2092 2542 2146 καινοῦ.
2597 2091 2670 2144 Τὸ
2729 2093 2827 2163 μὲν
2859 2089 2968 2161 γὰρ
2993 2085 3098 2138 ὑπὸ
3146 2081 3239 2136 τοῦ
3281 2079 3558 2151 προφήτου

1989 2185 2367 2257 βαπτισθῆναι,
2391 2184 2452 2238 τὸ
2481 2185 2526 2216 ⁷⁸
2558 2184 2780 2238 παλαιὸν
2830 2181 3055 2234 ἐδείκνυ·
3083 2175 3144 2229 τὸ
3165 2175 3221 2228 δέ
3261 2170 3484 2240 Πνεῦμα
3509 2168 3558 2199 ⁷⁸

1985 2278 2285 2339 κατελθεῖν,
2317 2277 2378 2329 τὸ
2403 2276 2520 2329 νέον
2555 2273 2839 2346 ὑπέγραψε
2865 2275 2932 2326 ⁷⁷.
2970 2270 3081 2325 Kal
3102 2265 3352 2335 καθάπερ
3372 2280 3454 2326 τις
3498 2261 3560 2312 ὲν

1989 2369 2293 2441 μεταιχμίῳ
2317 2368 2466 2433 στὰς,
2485 2367 2576 2421 δύο
2592 2367 2751 2420 τινῶν
2777 2363 3019 2433 ἀλλήλων
3051 2355 3428 2427 διεστηκότων,
3453 2355 3560 2419 ἀμ-

1987 2462 2220 2532 φοτέρας
2253 2460 2510 2523 ἁπλώσας
2531 2459 2628 2522 τὰς
2671 2460 2856 2528 χεῖρας
2877 2451 3211 2524 ἑκατέρωθεν
3227 2447 3404 2501 λαϐὼν
3433 2459 3559 2496 συν-

1986 2553 2190 2619 άψειεν·
2224 2551 2364 2604 οὕτω
2390 2551 2482 2603 καὶ
2509 2550 2670 2613 αὑτὸς
2692 2549 2932 2618 ἐποίησε,
2959 2546 3058 2616 τὴν
3080 2539 3310 2596 παλαιὰν
3336 2540 3402 2608 τῇ
3431 2552 3558 2589 και-

1985 2646 2048 2713 νῇ
2078 2643 2380 2706 συνάπτων,
2399 2642 2496 2712 τὴν
2527 2642 2676 2695 θείαν
2703 2641 2860 2709 φύσιν
2893 2641 2956 2709 τῇ
2989 2634 3322 2705 ἀνθρωπίνῃ,
3359 2631 3428 2683 τά
3455 2628 3557 2681 αὑ·-

1985 2733 2078 2787 τοῦ
2105 2736 2216 2796 τοῖς
2241 2734 2546 2804 ἡμετέροις.
2590 2730 2738 2794 Εἶδες
2764 2731 2862 2800 τὴν
2892 2727 3178 2798 ἀστραπὴν
3205 2726 3301 2792 τῆς
3326 2720 3552 2780 πόλεως.

1984 2829 2084 2902 ὅσῃ
2120 2846 2180 2882 σε
2216 2831 2279 2881 ἐκ
2315 2829 2614 2899 προοιμίων
2642 2829 2950 2896 κατηύγασε
2977 2826 3041 2894 τῇ
3071 2819 3405 2892 λαμπηδόνις
3438 2813 3556 2876 πῶς

1987 2937 2068 2973 σοι
2095 2920 2184 2973 τὸν
2226 2919 2460 2972 Βασιλέα
2515 2919 2715 2980 εὐθέως
2743 2916 2942 2980 ἔδειξεν
2972 2916 3029 2966 ἐν
3057 2911 3135 2981 τῷ
3185 2910 3262 2979 σῷ
3289 2907 3551 2978 σχήματι,

1985 3011 2182 3064 ὡσανεὶ¹
2238 3012 2294 3064 ἐν
2326 3010 2700 3081 στρατοπέδῳ;
2751 3007 2882 3061 Οὐδὲ
2937 3005 3044 3075 γὰρ
3090 3003 3205 3056 ἐκεῖ
3226 3000 3323 3070 τὴν
3349 2997 3556 3052 οἰκείαν

1983 3103 2138 3167 ἀξίαν
2171 3103 2421 3173 φαίνεται
2448 3101 2586 3172 έχων
2620 3099 2880 3169 διηνεκῶς
2914 3100 2942 3150 6
2986 3093 3256 3167 βασιλεὺς,
3286 3089 3422 3144 ἀλλὰ
3452 3087 3554 3157 τὴν

1985 3194 2276 3262 ἁλουργίδα
2301 3192 2460 3262 ἀφεὶς
2482 3192 2574 3245 καὶ
2605 3190 2667 3243 τὸ
2693 3189 2950 3259 διάδημα,
2995 3181 3321 3258 στρατιώτου
3368 3177 3554 3249 σχῆμα

1984 3286 2149 3340 ὑπέδυ
2193 3285 2472 3347 πολλάκις.
2503 3282 2641 3336 Ἀλλ’
2676 3282 2792 3335 ἐκεῖ
2826 3280 2944 3350 μὲν,
2980 3279 3067 3332 ἵνα
3101 3275 3173 3347 μὴ
3353 3266 3553 3340 γνώρι-

1989 3393 2086 3446 μος
2103 3375 2388 3445 γενόμενος
2418 3375 2503 3441 ἐφ’
2538 3372 2727 3426 ἐαυτὸν
2757 3369 2958 3440 ἐλκύσῃ
2980 3369 3103 3429 τοὺς
3137 3363 3445 3434 πολεμίους’
3470 3361 3558 3412 ἐνο

1984 3467 2159 3523 ταῦθα
2205 3463 2263 3519 δέ
2319 3465 2644 3527 τούναντίον,
2683 3464 2769 3516 ἵνα
2816 3461 2889 3532 μὴ
2945 3461 3217 3529 γνώριμος
3249 3455 3554 3524 γενόμενος,

1986 3558 2173 3625 φυγεῖν
2196 3553 2586 3626 παρασκευάσῃ
2624 3553 2724 3620 τῆς
2758 3552 2891 3621 πρὸς
2930 3548 3087 3602 αὑτὸν
3119 3541 3437 3615 συμπλοκῆς
3464 3540 3556 3592 τὸν

1984 3647 2197 3719 ἐχθρὸν,
2237 3647 2329 3700 καὶ
2365 3647 2489 3709 τοὺς
2523 3645 2753 3706 οἰκείους
2782 3640 3078 3711 διαταράξῃ
3121 3637 3349 3698 πάντας
3386 3631 3557 3685 σῶσαι

1992 3739 2122 3807 γὰρ,
2161 3738 2261 3790 οὑκ
2285 3736 2570 3806 ἐκπλῆξαι,
2593 3733 2913 3787 ἐσπούδασε.
2933 3733 3031 3785 Διά
3054 3731 3210 3786 τοῦτο
3239 3731 3334 3783 καὶ
3365 3728 3568 3790 εὑθέως

1993 3828 2154 3881 αὑτὸν
2204 3825 2311 3880 ἀπὸ
2333 3824 2535 3895 ταύτης
2568 3824 2791 3877 ἐκάλεσε
2823 3825 2921 3893 τῆς
2952 3821 3340 3893 προσηγορίας,
3359 3819 3566 3890 Ἰησοῦν

1995 3917 2322 3989 προσειπών.
2355 3916 2427 3968 Τὸ
2470 3915 2576 3985 γάρ
2616 3913 2819 3981 Ἰησοῦς
2848 3913 3004 3966 τοῦτο
3051 3913 3219 3981 δνομα
3271 3911 3371 3962 οὑκ
3421 3909 3567 3960 ἔστιν

2008 4009 2338 4080 Ἑλληνικὸν,
2396 4007 2530 4061 ἀλλά
2578 4010 2644 4076 τῇ
2682 4005 2948 4075 Ἐϐραίων
3003 4005 3150 4071 φωνῇ
3182 4000 3322 4051 οῦτω
3349 3998 3565 4064 λέγεται

2009 4098 2233 4170 Ἰησοῦςο
2271 4100 2298 4151 ὅ
2348 4100 2494 4150 ἐστιν
2549 4100 2627 4159 είς
2685 4096 2783 4164 τὴν
2847 4093 3070 4145 Ἐλλάδα
3115 4089 3361 4158 γλῶτταν
3395 4089 3569 4156 ἐρμη-

1997 4190 2299 4258 νευόμενον,
2333 4189 2543 4256 Σωτήρο
2570 4185 2759 4255 Σωτήρ
2791 4184 2868 4247 δὲ,
2901 4181 3010 4236 ἀπὸ
3028 4179 3118 4233 τοῦ
3143 4177 3313 4232 σῶσαι
3335 4179 3424 4231 τὸν
3440 4176 3567 4229 λαὸν

1999 4278 2184 4331 αὑτοῦ.

2069 4375 2136 4436 γ’.
2181 4363 2332 4430 Εἶδες
2373 4365 2487 4430 πῶς
2521 4365 2862 4436 ἀνεπτέρωσε
2886 4363 2976 4416 τὸν
3005 4359 3299 4433 ἀκροατὴν,
3326 4357 3394 4410 τά
3422 4371 3478 4409 τε
3511 4355 3569 4407 ἐν

2002 4457 2260 4528 συνηθείᾳ
2289 4456 2675 4526 φθεγξάμενος,
2701 4454 2795 4508 καὶ
2821 4454 2885 4506 δι’
2913 4452 3088 4506 αὐτῶν
3115 4449 3182 4504 τὰ
3212 4448 3352 4518 ὑπὲρ
3381 4445 3569 4499 ἐλπίδα

2005 4547 2168 4600 πᾶσιν
2199 4548 2331 4616 ήμίν
2365 4546 2651 4616 ἐμ’φήνας;
2683 4545 2794 4598 Kal
2824 4544 2932 4614 γὰρ
2961 4541 3284 4612 ἀμφοτέρων
3317 4537 3426 4590 τῶν
3450 4537 3570 4589 όνο-

2007 4637 2190 4706 μάτων
2223 4636 2426 4689 τούτων
2467 4635 2635 4704 πολλὴ
2670 4635 2930 4705 ήγνῶσις
2964 4631 3114 4702 παρά
3151 4632 3262 4692 τοῖς
3296 4627 3572 4689 Ἰουδαίοις

2001 4726 2069 4800 ἦν
2101 4730 2164 4781 ⁷⁸.
2211 4726 2424 4797 Ἐπειδὴ
2455 4726 2564 4797 γὰρ
2598 4724 2875 4796 παράδοξα
2914 4720 2981 4794 ἦν
3013 4722 3080 4775 τά
3125 4720 3382 4791 μέλλοντα
3422 4717 3570 4785 γίνε-

2007 4821 2148 4880 σθαι,
2179 4819 2272 4872 καὶ
2303 4820 2353 4871 οἱ
2378 4819 2487 4872 τῶν
2518 4816 2795 4887 ὀνομάτων
2824 4814 3165 4886 προέδραμον
3193 4811 3382 4864 τύποιο
3430 4800 3569 4862 ὥστε

2005 4913 2207 4966 ἄνωθεν
2244 4912 2419 4965 πάντα
2448 4907 2794 4977 καινοτομίας
2826 4903 3287 4976 προαναιρεθῆναι
3315 4901 3566 4974 θόρυϐον.

2008 5004 2112 5056 Kal
2149 5001 2258 5072 γὰρ
2293 5000 2498 5071 Ἰησοῦς
2523 5001 2569 5031 ’³³
2603 4999 2631 5050 6
2681 4997 2818 5068 μετά
2859 4995 3098 5050 Μωῡσέα
3144 4993 3452 5060 εἰσαγαγὼν
3485 4991 3578 5043 τὸν

2007 5091 2133 5144 λαὸν
2159 5093 2238 5153 εἰς
2265 5089 2364 5160 τὴν
2391 5088 2494 5158 γῆν
2521 5088 2620 5156 τῆς
2654 5083 2986 5160 ἐπαγγελίας
3029 5081 3267 5148 λέγεται.
3305 5075 3457 5140 Εἶδες
3489 5077 3580 5128 τὸν

2010 5182 2212 5241 τύπον;
2244 5157 2406 5248 βλέπε
2565 5175 2618 5207 ⁸ο
2642 5157 2922 5244 ἀλήθεια-ιο
2964 5173 3200 5232 Ἐκεῖνος
3242 5169 3322 5231 είς
3348 5168 3447 5236 τὴν
3476 5167 3580 5234 γῆν

2010 5269 2106 5338 τῆς
2155 5264 2503 5335 ἐπαγγελίας,
2557 5255 2710 5326 οὗτος
2749 5264 2826 5324 εἰς
2874 5259 2966 5313 τὸν
2998 5257 3226 5330 οὐρανὸν
3259 5257 3354 5309 καὶ
3406 5253 3475 5306 τὰ
3521 5253 3580 5303 ἐν

2009 5361 2120 5420 τοῖς
2152 5359 2399 5428 οὐρανοῖς
2455 5354 2670 5424 ἀγαθάθ
2722 5353 2927 5414 ἐκεῖνος
2978 5349 3118 5422 μετὰ
3155 5348 3217 5401 τὸ
3260 5343 3580 5410 τελευτῆσαι

2014 5445 2270 5512 Μωῦσέα,
2304 5440 2456 5509 οὗτος
2485 5446 2625 5517 μετὰ
2655 5446 2716 5498 τὸ
2746 5441 3059 5498 παύσασθαι
3083 5438 3176 5494 τὸν
3214 5436 3397 5506 νόμον·
3439 5433 3582 5484 ἐκεῖ·

2128 5673 2172 5705 "
2211 5670 2322 5741 Καὶ
2351 5668 2482 5741 γάρῖ
2508 5671 2549 5719 +
2570 5669 2663 5741 κὲιί
2691 5667 2753 5741 Β·
2834 5665 2902 5741 ,⁸⁸
2927 5664 2967 5741 ἑ
2996 5675 3111 5741 οπὶι
3135 5656 3293 5741 (lup:
3322 5653 3563 5741 ιζίΞΡἮ·

321 5723 602 5805 ΕάαῘἪ
634 5723 966 5822 ἆξέῥρἓίτος]
993 5723 1764 5820 361633313."ﬁliiﬁééi
1782 5723 1834 5795 '+'
1853 5723 1882 5796 ὲ

321 5820 510 5857 ραι-»Ιοπί
549 5822 685 5857 ἀλλά
783 5821 828 5852 ⁷³
857 5823 1236 5857 ηνηηηυηηνηυαῗ
1267 5819 1306 5857 R
1353 5820 1448 5857 An,
1551 5816 1595 5848 ⁷⁵
1625 5813 1882 5857 τηιῆῦτονῖ

1995 5723 2182 5814 τόρνας
2215 5723 2374 5794 ida.“
2428 5723 2482 5774 'n'
2505 5741 2612 5808 γάρ
2660 5735 2857 5806 μὲνγά
2927 5734 2986 5784 κ.
3066 5731 3112 5763 τ·
3136 5727 3252 5809 ἀλλ’
3273 5725 3358 5796 εκ]
3379 5725 3471 5779 Sic
3503 5723 3562 5784 ιι.

1995 5812 2040 5857 ἓν
2065 5814 2122 5857 Π-
2202 5813 2246 5844 ⁷⁵
2273 5807 2356 5857 τόἶ
2391 5810 2481 5857 καὶ
2509 5809 2570 5857 τό
2607 5737 2666 5857 IL.
2762 5806 2806 5836 ⁷⁸
2833 5752 2974 5853 166:2
3007 5798 3130 5857 Πν.)
3157 5816 3235 5857 τῳ
3273 5796 3328 5849 δὲ
3373 5813 3468 5851 πν.
3497 5793 3561 5854 c.

320 5820 512 5876 omleri
549 5822 706 5875 ἀλλά.
748 5819 757 5822 ⁷
783 5821 828 5852 ⁷³
857 5819 1236 5886 προαναφωνεί
1267 5819 1324 5871 Β.
1348 5820 1453 5872 An.

1551 5816 1595 5848 ⁷⁵
1625 5807 1953 5885 τοιοῦτον]-ί-
1973 5807 2152 5885 ἦν’Βη
2202 5813 2257 5885 "_
2391 5807 2624 5885 καξι-τ-ρίι

2762 5806 2860 5853 Ἰϐτ

2918 5802 2974 5852 δέ
3007 5798 3130 5860 HV.)
3157 5797 3235 5866 τῷ
3273 5793 3468 5851 δὲ’πν.
3497 5793 3561 5854 0.

323 5866 759 5962 ὺῗζέςῦἕζζῷ)
789 5889 843 5942 δὲ
864 5866 1578 5961 ’ὲὶἒνῖῑξζἿίοτὲξξῇαφε
1606 5866 1761 5941 ιέιωξ
1787 5866 1795 5868 “
1817 5866 1882 5917 τε⁴

1995 5866 2096 5939 ὁιιι.
2130 5883 2189 5936 Α.
2221 5882 2280 5936 (ἰ.
2455 5881 2498 5910 ⁷⁸
2533 5875 2739 5942 Ἰησοῦς
2765 5879 2888 5925 ante
2913 5870 3128 5940 λέγεται
3160 5867 3391 5924 collocat
3417 5866 3480 5919 Δ.
