4058 6208
449 237 518 290 υ
1158 219 1216 275 S.
1254 218 1531 276 JOANNIS
1568 213 2038 272 CIIRYSOSTOMI
2080 214 2395 275 ARCIIIEP.
2435 218 2967 277 CONSTANTINOP.
3663 224 3741 281 28

458 341 548 388 νος
572 322 646 386 ὡς
678 320 1025 393 δημαγωγὸς,
1054 314 1207 384 οὗτος
1237 321 1315 382 ὡς
1350 315 1620 390 βασιλεύς.
1656 312 1795 367 Ἀλλ’
1827 312 1915 365 ἵνα
1946 313 2020 381 μὴ

469 411 678 483 Ἰησοῦν
714 412 953 476 ἀκούσας
983 411 1072 466 διὰ
1109 412 1208 481 τὴν
1248 408 1563 481 ὁμωνυμίαν
1609 403 1908 475 πλανηθῇς,
1932 403 2025 457 ἐπε

458 505 665 573 ήγαγεν
689 516 703 534 ⁸
750 504 953 570 Ἰησοῦ
978 504 1252 573 Χριστοῦ,
1290 501 1423 556 υἱοῦ
1454 498 1653 555 Δαυΐδ.
1689 498 1925 558 Ἐκεῖνος
1966 494 2022 546 δὲ

457 595 557 646 οὐκ
586 588 654 664 ἦν
673 592 767 647 τοῦ
795 593 971 658 Δαυῖδ,
996 590 1111 646 ἀλλ’
1134 592 1324 663 ἑτέρας
1355 590 1547 660 φυλῆς.
1572 588 1727 652 Τίνος
1754 586 1811 640 δέ
1838 587 2023 639 ἕνεκεν

460 684 647 737 Βίϐλον
690 685 858 753 αὐτὴν
887 684 1147 751 γενέσεως
1179 682 1335 736 κα.λεῖ
1367 678 1542 749 Ἰησοῦ
1588 676 1854 749 Χριστοῦ;
1907 675 2028 729 καί·

459 792 607 843 τοιγε
640 775 699 827 οὐ
730 774 886 827 τοῦτο
908 774 1018 843 ἔχει
1053 772 1211 844 μόνον
1237 772 1335 843 τὴν
1362 771 1637 840 γέννησιν,
1685 765 1820 822 ἀλλά
1847 767 2026 818 πᾶσαν

460 865 558 933 τὴν
586 865 911 933 οἰκονομίαν.
940 865 1063 918 Ὀτι
1095 862 1276 931 πάσης
1306 862 1407 931 τῆς
1437 857 1746 924 οἰκονομίας
1771 856 1833 912 τὸ
1857 854 2028 927 κεφά-

462 954 610 1007 λαιον
657 953 839 1011 τοῦτο,
873 952 968 1001 καὶ
1011 951 1153 1019 ἀρχὴ
1201 950 1292 1001 καὶ
1341 951 1465 1020 ῥίζα
1510 951 1727 1005 πάντων
1759 952 1893 1022 ἡμῖν
1920 949 2030 1002 τῶν

458 1041 676 1110 ἀγαθῶν
703 1041 929 1108 γίνεται.
961 1040 1170 1109 ’Ὥσπερ
1192 1034 1283 1092 οὖν
1315 1040 1517 1108 βιϐλίον
1541 1041 1769 1111 ούρανοῦ
1803 1042 1898 1095 καὶ
1926 1041 2029 1110 γῆς

458 1135 615 1189 καλεῖ
645 1133 905 1203 Μωῦσῆς,
957 1133 1196 1201 καίτοιγε
1235 1134 1295 1186 ού
1331 1136 1459 1206 περὶ
1501 1138 1732 1208 ούρανοῦ
1776 1135 1892 1208 [24]
1937 1136 2030 1189 καὶ⁸

456 1225 561 1293 γῆς
592 1222 893 1292 διαλεχθεὶς
948 1223 1125 1293 μόνον,
1167 1223 1303 1278 άλλά
1334 1227 1427 1278 καὶ
1478 1229 1607 1298 περὶ
1638 1228 1746 1281 τῶν
1792 1229 1849 1281 ὲν
1881 1227 2030 1298 μέσῳ

457 1315 700 1368 πάντων·
761 1312 905 1367 οὕτω
951 1315 1047 1368 καὶ
1098 1310 1252 1378 οὗτος
1308 1316 1416 1370 άπὸ
1460 1318 1555 1371 τοῦ
1588 1318 1881 1387 κεφαλαίου
1920 1317 2029 1369 τῶν

456 1402 898 1475 κατορθωμάτων
941 1401 1002 1456 τὸ
1040 1403 1241 1473 βιϐλίον
1273 1405 1516 1463 ἐκάλεσε.
1552 1408 1625 1461 Τὸ
1667 1408 1775 1479 γὰρ
1824 1406 2027 1476 ἐκπλή-

457 1494 593 1559 ξεως
628 1495 797 1564 γέμον
829 1494 919 1547 καὶ
960 1495 1100 1565 ὑπὲρ
1144 1496 1332 1549 ἐλπίδα
1364 1498 1461 1550 καὶ
1511 1498 1835 1570 προσδοκίαν
1884 1499 2028 1553 ᾶπα-

457 1600 577 1649 σαν,
611 1584 894 1656 ἄνθρωπον
921 1584 1171 1653 γενέσθαι
1214 1585 1367 1638 Θεόνο
1398 1586 1588 1641 τούτου
1618 1589 1676 1641 δὲ
1709 1572 2024 1657 γενομένου,

451 1675 521 1727 τὰ
554 1675 691 1744 μετὰ
728 1675 899 1728 ταῦτα
931 1675 1145 1729 ᾶπαντα
1178 1677 1320 1730 κατὰ
1365 1676 1520 1745 λόγον
1567 1679 1662 1733 καὶ
1706 1676 2026 1731 ἀκολουθίαν

448 1764 665 1821 ἕπεται.

517 1856 674 1917 Τίνος
722 1854 777 1908 δέ
822 1856 1007 1908 ’ένεκεν
1055 1856 1155 1909 οὐκ
1201 1854 1373 1922 εἶπεν,
1416 1856 1547 1911 Υίοῦ
1588 1857 1872 1929 Ἀϐραὰμ,
1927 1858 2026 1912 καὶ

447 1944 593 2004 τότε,
630 1943 765 1996 Υἱοῦ
820 1947 1011 2007 Δαυῖδ;
1064 1947 1175 2016 υύχ
1223 1948 1299 2011 ῶς
1332 1966 1475 2011 τινες
1506 1948 1728 2013 οἴονται,
1777 1949 2029 2003 κάτωθεν

445 2034 558 2087 ἀνω
585 2033 904 2105 βουλόμενος
927 2036 1120 2089 ἐλθεῖν·
1158 2038 1279 2091 ἐπεὶ
1305 2038 1556 2110 ἐποίησεν
1582 2039 1668 2103 ἂν,
1702 2040 1842 2111 ὅπερ
1866 2040 2019 2094 xal“

443 2126 479 2177 6
520 2125 752 2188 Λουκᾶςο
812 2125 908 2180 νῦν
954 2126 1010 2179 δὲ
1051 2128 1355 2183 τούναντίον
1396 2131 1557 2182 ποιεῖ.
1606 2130 1761 2194 Τίνος
1789 2125 1882 2184 οὖν
1916 2131 2028 2184 ἓνε-

453 2231 547 2268 κεν
597 2214 692 2268 τοῦ
738 2216 901 2270 Δαυῒδ
950 2219 1395 2289 ἐμνημόνευσεν;
1441 2221 1527 2273 Ἐν
1558 2221 1602 2254 ⁸¹
1643 2223 1756 2285 τοῖς
1806 2222 2025 2276 πάντων

452 2305 717 2376 στόμασιν
761 2308 790 2361 6
822 2307 1107 2378 ἄνθρωπος
1147 2304 1234 2383 ἦν,
1280 2309 1388 2363 ἀπό
1425 2328 1485 2363 τε
1516 2311 1613 2381 τῆς
1645 2312 2022 2383 περιφανείας,

449 2396 559 2449 άπό
585 2414 644 2449 τε
675 2397 770 2451 τοῦ
820 2399 1033 2469 χρόνου·
1064 2400 1124 2452 οὐ
1166 2400 1274 2472 γὰρ
1304 2401 1469 2454 πάλαι
1503 2396 1571 2472 ἦν
1597 2398 2021 2472 τετελευτηκὼς,

449 2486 643 2559 ῶσπερ
671 2491 699 2541 6
740 2489 1010 2560 Ἀϐραάμ.
1061 2492 1123 2544 EE
1153 2491 1209 2544 δὲ
1240 2491 1569 2564 ἀμφοτέροις
1601 2492 1964 2563 ἐπηγγείλατο
1995 2495 2025 2547 6

374 2584 379 2589 ’
444 2578 599 2643 Θεὸς,
624 2580 741 2634 ἀλλ’
769 2582 920 2651 ὅμως
959 2584 1136 2636 ἐκεῖνο
1187 2584 1307 2653 μὲν,
1360 2583 1437 2647 ὼς
1469 2584 1720 2649 παλαιὸν,
1763 2586 1984 2652 ἐσιγάτο
2005 2601 2017 2615 ·

442 2667 600 2743 τρύτο
618 2669 696 2734 δὲ,
724 2670 802 2735 ὡς
834 2671 1144 2745 πρόσφατον
1183 2674 1274 2727 καὶ
1296 2673 1435 2738 νέον,
1472 2674 1578 2727 ὑπὸ
1616 2674 1833 2729 πάντων
1863 2692 2020 2744 περι-

443 2758 687 2830 εφέρετο.
712 2762 873 2815 Λύτοὶ
898 2761 1028 2831 γοῦν
1053 2762 1299 2831 λέγουσιν
1322 2778 1338 2794 ο
1373 2765 1495 2817 Οὐκ
1525 2763 1594 2817 ἐκ
1621 2762 1729 2817 τοῦ
1758 2762 2021 2832 σπέρμαο

440 2869 541 2919 τος
578 2855 761 2908 Δαυῒδ
792 2856 889 2909 καί
915 2857 1034 2911 ἀπὸ
1058 2858 1330 2928 Βηθλεὲμ
1361 2857 1472 2926 τῆς
1501 2857 1722 2926 κώμης,
1748 2859 1903 2913 ὅπου
1939 2855 2020 2927 ἦν

442 2942 643 3010 Δαυῒδ,
676 2943 911 3012 ἔρχεται
950 2948 984 2999 ὀ
1026 2948 1301 3015 Χριστός.
1348 2948 1458 3000 Kal
1508 2947 1683 3010 οὐδεὶς
1712 2948 1875 3001 αὐτὸν
1904 2947 2019 3001 υίδν

456 3032 731 3104 Ἀϐραὰμ,
765 3034 899 3087 ἀλλά
929 3036 1126 3100 πάντες
1153 3038 1268 3090 υἱὸν
1301 3036 1464 3089 Δαυῖδ
1499 3036 1749 3090 ἐκάλουν’
1782 3038 1878 3091 καὶ
1905 3037 2014 3110 γάρ

442 3121 539 3174 καὶ
562 3120 651 3174 διά
674 3122 765 3176 τὸν
793 3123 1002 3194 χρόνον,
1028 3124 1105 3188 ὠς
1145 3123 1313 3197 ἔφθην
1343 3126 1539 3191 εἰπὼν,
1562 3126 1655 3181 καὶ
1676 3126 1765 3180 διὰ
1790 3126 1889 3197 τὴν
1916 3125 2015 3195 βα-

443 3211 669 3279 σιλείαν,
722 3213 919 3283 μᾶλλον
965 3216 1022 3268 ἐν
1064 3217 1251 3286 μνήμῃ
1297 3216 1463 3269 πᾶσιν
1512 3207 1666 3279 οὗτος
1715 3211 1805 3287 ἦν.
1856 3215 2015 3270 Οὕτω

439 3298 570 3366 γοῦν
608 3302 702 3354 καὶ
737 3302 831 3366 οὓς
863 3304 1064 3372 ἐτίμων
1099 3303 1351 3373 βασιλέας
1386 3304 1503 3375 μετ’
1534 3306 1740 3359 ἐκεῖνον
1770 3304 1829 3370 ἐξ
1866 3304 2012 3358 ἐκεί-

451 3405 541 3445 νου
573 3389 816 3453 ἅπαντας
846 3392 1090 3456 ἐκάλουν,
1117 3391 1212 3446 καὶ
1235 3392 1386 3447 αὐτοὶ
1411 3396 1505 3448 καὶ
1530 3397 1559 3449 6
1583 3395 1734 3460 Θεός.
1766 3396 1875 3450 Kal
1902 3396 2011 3467 γὰρ

446 3479 542 3534 καὶ
577 3479 852 3550 Ἰεζεκιὴλ,
886 3482 979 3535 καὶ
1016 3483 1192 3553 ἕτεροι
1216 3483 1272 3537 δὲ
1302 3486 1593 3558 προφῆται,
1621 3486 1870 3556 λέγουσιν
1911 3488 2012 3542 αύ-

445 3570 559 3632 τοϊς
588 3570 982 3640 παραγίνεσθαι
1040 3571 1204 3625 Δαυῒδ
1252 3573 1347 3625 καὶ
1401 3573 1745 3639 ἀνίστασθαι,
1785 3577 1845 3630 ού
1884 3576 2012 3647 περὶ

444 3659 653 3712 ἐκείνου
686 3661 933 3728 λέγοντες
962 3660 1056 3713 τοῦ
1097 3662 1565 3732 τετελευτηκότος,
1600 3664 1738 3717 ἀλλὰ
1778 3665 1886 3717 τῶν
1915 3665 2013 3735 ζη-

445 3748 678 3803 λούντων
712 3752 811 3821 τὴν
835 3751 1033 3822 ἀρετὴν
1064 3753 1161 3823 τὴν
1200 3752 1432 3809 ἐκείνου.
1467 3755 1577 3809 Καὶ
1601 3755 1646 3787 ⁸³
1684 3754 1763 3827 τῷ
1796 3755 2013 3827 Ἐζεκία

447 3841 632 3911 φησίν
678 3841 1041 3908 ’Υπερασπιῶ
1095 3841 1207 3910 τῆς
1256 3846 1487 3909 πόλεως
1536 3846 1758 3913 ταύτης
1804 3846 1877 3899 δι’
1909 3847 2014 3915 ἐμὲ

449 3931 544 3984 καί
576 3930 673 3984 διὰ
711 3930 889 3985 Δαυῒδ
914 3933 1020 3985 τὸν
1048 3933 1230 3988 παῖδά
1262 3952 1402 4004 μου.
1433 3933 1538 3988 Kal
1562 3933 1640 4004 τῷ
1662 3934 1934 4005 Σολομῶνι
1956 3934 2014 3988 δὲ

446 4021 628 4091 ἔλεγεν
669 4023 753 4087 ⁸⁸,
804 4023 885 4077 ὅτι
940 4023 1027 4079 διὰ
1077 4026 1237 4079 Δαυῖδ
1292 4026 1353 4079 ού
1415 4026 1661 4097 διέρρηξε
1711 4026 1755 4057 ⁸⁸
1815 4025 2014 4091 ζῶντος

444 4112 610 4168 αὐτοῦ
670 4115 769 4185 τὴν
818 4114 1109 4186 βασιλείαν.
1164 4117 1340 4187 Πολλὴ
1393 4118 1500 4189 γὰρ
1546 4119 1579 4188 ή
1627 4117 1753 4184 δόξα
1785 4117 1878 4171 τοῦ
1918 4119 2015 4171 άν-

444 4204 571 4276 δρὸς
598 4201 667 4275 ἦν
721 4207 814 4260 καὶ
862 4208 1012 4278 παρὰ
1058 4206 1174 4279 [25]
1212 4208 1331 4279 Θεῷ
1362 4209 1453 4262 καὶ
1491 4209 1641 4281 παρά
1685 4209 2010 4279 ἀνθρώποις.

441 4295 544 4349 Διά
569 4294 727 4349 τοῦτο
775 4297 977 4359 εὐθέως
1018 4298 1081 4350 ἐκ
1106 4298 1197 4350 τοῦ
1237 4301 1658 4370 γνωριμωτέρου
1700 4301 1799 4370 τὴν
1839 4302 2014 4371 ἀρχὴν

442 4391 699 4451 ποιεῖται,
734 4387 826 4440 καὶ
862 4388 980 4440 τότε
1007 4388 1099 4440 ἐπὶ
1131 4389 1220 4441 τὸν
1253 4390 1460 4458 πατέρα
1487 4389 1799 4459 ἀνατρέχει,
1829 4407 2016 4459 περιτ-

444 4478 542 4532 τὸν
578 4478 898 4548 ἡγούμενος,
943 4479 1066 4532 ὅσον
1099 4478 1238 4551 πρὸς
1273 4480 1578 4543 Ἰουδαίους,
1622 4480 1880 4549 ἀνωτέρω
1923 4480 2015 4532 τὸν

445 4568 603 4637 λόγον
638 4570 885 4637 ἀγαγεῖν.
922 4563 1081 4623 Οὗτοι
1109 4570 1218 4637 γάρ
1269 4569 1502 4639 μάλιστα
1532 4566 1672 4641 ἦσαν
1718 4572 1767 4624 οί
1804 4571 2015 4640 θαυμα-

444 4660 662 4731 ζόμενοι
687 4676 700 4692 ⁸
732 4663 761 4715 6
793 4660 915 4731 μὲν,
959 4661 1034 4724 ὡς
1081 4660 1365 4733 προφήτης
1409 4661 1502 4713 καὶ
1552 4659 1838 4731 βασιλεύςο
1873 4661 1902 4712 6
1930 4659 2011 4724 δὲ,

442 4751 521 4815 ὼς
548 4754 891 4823 πατριάρχης
921 4753 1016 4806 καὶ
1049 4753 1354 4824 προφήτης.
1399 4752 1508 4806 Kal
1540 4751 1702 4805 πόθεν
1743 4751 1902 4821 δῆλον
1931 4752 2014 4805 ὃτι

446 4844 511 4895 ἐκ
535 4842 627 4897 τοῦ
659 4843 820 4896 Δαυῖδ
843 4844 989 4908 ἐστι;
1020 4844 1204 4913 φησίν.
1230 4844 1290 4897 Εί
1314 4842 1420 4914 γὰρ
1445 4843 1502 4909 ἐξ
1529 4842 1719 4913 ἀνδρὸς
1745 4843 1845 4895 οὐκ
1873 4843 2016 4911 ἐγεν-

448 4934 602 5005 νήθη,
626 4934 739 4987 ἀλλ’
792 4934 899 4987 ἀπὸ
938 4936 1191 5003 γυναικὸς
1229 4936 1407 5006 μόνον,
1455 4936 1488 5006 ἡ
1540 4935 1597 4987 δὲ
1649 4934 1922 5005 Παρθένος
1952 4935 2014 4987 οὐ

442 5021 865 5091 γενεαλογεῖται,
904 5022 1020 5088 πῶς
1058 5024 1315 5094 είσόμεθα
1345 5025 1427 5076 ὅτι
1469 5024 1563 5076 τοῦ
1592 5023 1754 5076 Δαυῒδ
1796 5023 2015 5091 ἔκγονος

442 5110 542 5186 ἦν;
576 5114 680 5167 Δύο
720 5115 830 5186 γάρ
857 5115 972 5168 ἐστι
1009 5113 1078 5169 τὰ
1114 5114 1418 5185 ζητούμενα
1438 5129 1453 5145 ⁸
1499 5115 1644 5178 τίνος
1669 5132 1728 5167 τε
1760 5114 1945 5168 ἕνεκεν
1977 5117 2010 5185 ή

446 5209 631 5279 μήτηρ
667 5206 729 5259 ού
761 5206 1185 5276 γενεαλογεῖται,
1219 5206 1314 5259 καὶ
1354 5205 1406 5260 τί
1448 5206 1645 5277 δήποτε
1671 5208 1699 5259 6
1733 5207 1953 5278 Ἰωσήφ,
1985 5208 2015 5260 6

646 5273 913 5350 συντελῶν
959 5273 1094 5369 πρὸς
1138 5297 1238 5369 τήν
1288 5273 1559 5367 γέννησιν,
1615 5273 2012 5368 μνημονεύεται

442 5388 573 5459 παρ’
607 5387 808 5440 αὐτῶν·
842 5386 988 5439 δοκεῖ
1019 5387 1126 5457 γάρ
1154 5387 1215 5441 τὸ
1240 5387 1340 5459 μὲν
1372 5387 1621 5458 περιττὸν
1649 5384 1806 5451 εἶναι,
1844 5389 1907 5441 τὸ
1953 5388 2012 5441 δὲ

441 5479 641 5542 ἐνδεές.
685 5479 844 5532 Ποῖον
883 5474 976 5533 οὖν
1020 5479 1281 5550 πρότερον
1315 5480 1609 5547 ἀναγκαῖον
1645 5478 1849 5534 είπείν;
1886 5477 2012 5542 Πῶς

539 5610 587 5681 ι)
613 5607 739 5681 τήν]
759 5608 855 5664 καὶ

880 5607 981 5685 τήν
1008 5607 1169 5685 Egld.“
1239 5609 1283 5643 ⁸³
1315 5609 1453 5685 ᾇπερ
1478 5612 1594 5684 καί]
1624 5612 1713 5685 _Sic
1748 5613 1808 5667 B.
1835 5612 2016 5685 ταξιοτί

2146 5651 2155 5685 ξ
2189 5613 2304 5685 καί·
2380 5614 2426 5646 ⁸¹
2446 5613 2573 5685 Ἐν]
2595 5614 2801 5685 '9“.av
2832 5612 2929 5685 Ep.
2955 5614 3057 5685 An,-

2155 321 2219 371 ἐκ
2246 320 2339 373 τοῦ
2367 318 2527 373 Δαυῖδ
2554 320 2586 387 ή
2617 318 2905 389 Παρθένος.
2952 315 3076 381 Πῶς
3103 311 3195 371 οὖν
3221 316 3480 388 είσόμεθα
3519 316 3603 371 ὅτι
3666 319 3740 368 ἐκ

2154 410 2249 464 τοῦ
2281 410 2442 465 Δαυιδ
2465 426 2481 475 ;
2506 412 2771 465 Ἄκουσον
2789 410 2884 463 τοῦ
2914 408 3050 462 Θεοῦ
3076 410 3326 479 λέγοντος
3351 408 3430 481 τῷ
3458 408 3738 481 Γαϐριὴλ,

2148 502 2401 555 ἀπελθεῖν
2446 503 2603 569 Πρὸς
2647 504 2945 572 παρθένον
2971 504 3018 536 ⁸⁸
3044 503 3579 574 μεμνηστωμένην
3609 500 3734 556 ἀν·-

2146 590 2260 657 δρί,
2288 583 2336 656 ᾧ
2368 590 2552 661 ὄνομα
2579 593 2808 662 Ἰωσὴφ,
2833 594 2903 658 ἐξ
2926 594 3096 647 οἶκου
3127 595 3225 648 καὶ
3250 595 3486 665 πατριάς
3514 590 3733 646 Δαυτε.

2148 686 2213 739 Τί
2242 689 2417 741 τοίνυν
2453 687 2628 757 βούλει
2661 688 2704 720 ⁸⁷
2749 687 2938 741 τούτου
2989 688 3343 759 σαφέστερον,
3377 687 3508 740 ὅταν
3549 682 3734 738 ἀκού-

2150 791 2249 848 σῃς
2284 777 2367 830 ὃτι
2395 777 2455 842 ἐξ
2487 778 2635 831 οίκου
2662 779 2754 832 καὶ
2787 779 3019 849 πατριάς
3048 778 3210 832 Δαυῖδ
3242 774 3311 848 ῆν
3334 780 3367 848 ή
3405 775 3732 846 Παρθένος;

2216 864 2281 920 δ’.
2335 866 2496 920 Ὅθεν
2530 867 2706 938 δῆλον,
2743 868 2823 921 ὅτι
2856 868 2947 921 καὶ
2970 868 3000 920 6
3042 868 3239 939 Ἰωσὴφ
3266 867 3472 921 ἐκεῖθεν
3497 861 3584 936 ἦν.
3607 864 3734 918 Kal

2148 954 2255 1027 γάρ
2270 956 2429 1025 νόμος
2446 952 2513 1026 ἦν
2531 956 2559 1008 6
2576 957 2809 1011 κελεύων
2827 958 2900 1028 μὴ
2921 958 3327 1028 ἐξείναιγαμεῖν
3343 955 3583 1017 ἄλλοθεν,
3602 953 3731 1009 ἀλλ’

2149 1042 2182 1113 ἢ
2218 1046 2281 1097 ἐκ
2307 1044 2404 1113 τῆς
2428 1046 2596 1115 αὐτῆς
2622 1046 2813 1116 φυλῆς.
2854 1045 2959 1099 Καὶ
2993 1047 3023 1099 6
3053 1047 3393 1119 πατριάρχης
3430 1046 3488 1099 δέ
3521 1042 3733 1099 Ἰακὼϐ

2147 1132 2254 1185 ἀπὸ
2276 1133 2374 1201 τῆς
2404 1134 2574 1188 Ἰούδα
2595 1136 2763 1206 φυλῆς
2792 1138 3193 1208 ἀναστήσεσθαι
3220 1137 3379 1190 αὐτὸν
3398 1134 3729 1208 προῦλεγεν,

2145 1220 2288 1275 οὕτω
2316 1222 2509 1292 λέγων⁸
2538 1227 2659 1279 Οὐκ
2700 1226 2973 1294 ἐκλείψει
2999 1226 3201 1296 ἄρχων
3231 1227 3302 1292 ἐξ
3332 1226 3546 1291 Ἰούδα,
3576 1223 3733 1279 οὐδὲ

2146 1313 2476 1381 ἡγούμενος
2501 1314 2570 1368 ἐκ
2618 1314 2739 1368 τῶν
2758 1315 2970 1385 μηρῶν
2995 1317 3202 1382 αὑτοῦ,
3227 1317 3338 1383 ἕως
3374 1316 3452 1371 ἂν
3489 1318 3639 1383 ἔλθῃ
3674 1305 3732 1380 ᾧ

2145 1401 2472 1456 ἀπόκειται·
2508 1404 2606 1458 καί
2645 1405 2827 1468 αὐτὸς
2881 1406 3218 1473 προσδοκία
3249 1405 3459 1461 ἐθνῶν.
3494 1405 3559 1458 Ἦ
3606 1404 3730 1475 γὰρ

2148 1489 2451 1560 προφητεία
2477 1489 2639 1559 αὕτη,
2661 1492 2743 1544 ὅτι
2775 1493 2873 1562 μὲν
2902 1496 2967 1547 ἐκ
2986 1498 3085 1564 τῆς
3110 1494 3282 1566 φυλῆς
3315 1494 3485 1548 Ἰούδα
3506 1494 3726 1561 γέγονε,

2145 1578 2311 1648 δηλοῖ·
2352 1582 2432 1635 ὅτι
2459 1581 2515 1634 δὲ
2541 1582 2633 1635 καὶ
2668 1581 2762 1636 τοῦ
2803 1584 2994 1652 γένους
3022 1587 3203 1651 Δαυῒδ,
3233 1587 3437 1641 οὐκέτι.
3458 1582 3605 1658 τΔρα
3624 1581 3730 1639 οὖν

2147 1674 2214 1742 τῇ
2242 1671 2379 1742 φυλῇ
2413 1671 2582 1725 Ἰούδα
2616 1672 2736 1743 οὐχὶ
2763 1675 2920 1742 γένος
2952 1675 3009 1729 ἓν
3034 1673 3102 1747 ἦν
3139 1678 3296 1747 μόνον
3328 1677 3390 1731 τὸ
3418 1676 3511 1731 τοῦ
3534 1675 3726 1737 Δαυῒδ,

2151 1761 2286 1814 ἀλλά
2313 1762 2406 1814 καὶ
2434 1760 2606 1815 πολλὰ
2639 1762 2821 1834 ἕτερα·
2853 1765 2947 1819 καὶ
2981 1766 3258 1821 συνέϐαινε
3289 1768 3388 1837 τῆς
3419 1766 3517 1837 μὲν
3543 1764 3730 1834 φυλῆς

2151 1850 2289 1910 εἶναι
2322 1855 2415 1908 τοῦ
2450 1855 2638 1920 Ἰούδα,
2682 1856 2866 1910 οὐκέτι
2915 1858 2972 1911 δὲ
3025 1860 3119 1912 καὶ
3154 1858 3245 1911 τοῦ
3281 1858 3471 1927 γένους
3521 1857 3727 1921 Δαυῖδ;

2164 1945 2304 1999 Ἀλλ’
2345 1946 2431 1999 ἵνα
2481 1947 2555 2016 μὴ
2597 1946 2754 2000 τοῦτο
2780 1947 2967 2019 λέγῃς,
2999 1948 3174 2002 ἀνεῖλέ
3199 1966 3294 2001 σου
3335 1947 3433 2019 τὴν
3461 1946 3729 2000 ὑπόνοιαν

2150 2034 2357 2107 ταύτην
2379 2036 2408 2088 6
2443 2035 2855 2105 εὐαγγελιστὴς,
2896 2036 3083 2103 είττὼν,
3119 2039 3201 2091 ὃτι
3233 2038 3292 2104 ἐξ
3317 2038 3465 2091 οίκου
3490 2038 3584 2090 καὶ
3611 2055 3727 2091 πα-

2146 2127 2303 2197 τριᾶς
2331 2124 2444 2196 [9.6]
2466 2120 2534 2195 ἦν
2559 2126 2741 2181 Δαυῖδ.
2769 2127 2831 2179 EE
2860 2126 2918 2179 δὲ
2953 2127 3049 2180 καὶ
3074 2126 3338 2198 ἑτέρωθεν
3359 2126 3535 2195 βούλει
3562 2125 3728 2179 τοῦτο

2149 2215 2358 2286 μαθεῖν,
2389 2215 2510 2268 ούδέ
2541 2216 2732 2287 ἐτέρας
2764 2217 3114 2288 ἀπορήσομεν
3142 2217 3490 2281 ἀποδείξεως’
3517 2217 3577 2270 ού
3608 2216 3721 2286 γὰρ

2144 2304 2209 2377 δὴ
2255 2305 2412 2375 μόνον
2440 2306 2548 2359 ἀπὸ
2574 2306 2747 2377 φυλῆς
2774 2307 2872 2359 οὐκ
2901 2309 3027 2378 ἐξῆν
3060 2307 3276 2376 ἐτέρας,
3316 2307 3430 2361 ἀλλ’
3459 2307 3577 2360 οὐδὲ
3608 2307 3723 2360 ἀπὸ

2147 2398 2380 2468 πατριᾶς
2407 2396 2617 2467 ἐτέρας,
2647 2398 2915 2459 τουτέστι,
2946 2398 3284 2466 συγγενείας,
3307 2400 3526 2467 γαμεῖν.
3554 2397 3721 2449 Ὥστε

2147 2485 2213 2542 ἄν
2249 2504 2309 2540 τε
2344 2489 2409 2558 τῇ
2446 2486 2730 2558 Παρθένῳ,
2760 2487 2819 2540 τὸ
2859 2487 2920 2553 ἐξ
2947 2488 3098 2541 οῐκου
3144 2488 3239 2542 καὶ
3284 2489 3519 2558 πατριάς
3554 2486 3721 2541 Δαυῒδ

2146 2575 2499 2647 ἀρμόσωμεν,
2524 2575 2725 2648 ἕστηκε
2750 2577 2812 2630 τὸ
2852 2576 3161 2648 εἰρημένονο
3200 2577 3266 2631 ἄν
3291 2593 3352 2630 τε
3382 2576 3462 2647 τῷ
3494 2576 3718 2646 Ἰωσὴφ,

2145 2665 2211 2719 δι’
2250 2666 2462 2719 ἐκείνου
2509 2666 2605 2720 καὶ
2646 2666 2801 2721 τοῦτο
2844 2666 3330 2732 κατασκευάζεται.
3382 2668 3444 2720 El
3500 2667 3608 2735 γὰρ
3658 2666 3722 2729 ἐξ

2146 2757 2296 2811 οίκου
2327 2756 2490 2811 Δαυῒδ
2537 2758 2631 2812 καὶ
2680 2760 2913 2829 πατριᾶς
2944 2755 3013 2830 ἦν
3044 2758 3093 2830 [6
3139 2758 3336 2827 Ἰωσὴφ
3368 2756 3462 2827 ⁸⁸].
3503 2758 3604 2809 οὐκ
3651 2756 3719 2809 ἂν

2146 2851 2366 2906 ἄλλοθεν
2392 2850 2551 2903 ἔλαϐε
2580 2849 2679 2921 τὴν
2704 2853 2959 2919 γυναῖκα,
2990 2851 3024 2922 ἢ
3062 2851 3185 2906 ὅθεν
3221 2852 3315 2906 καὶ
3340 2853 3502 2917 αὐτὸς
3529 2849 3617 2925 ἦν.
3645 2854 3712 2902 ’γε

2146 2935 2259 3004 οὖν,
2288 2941 2336 2992 εί
2370 2940 2584 3011 παρέϐη
2620 2941 2709 2993 τὸν
2731 2941 2923 3012 νόμον;
2957 2942 3108 3012 φησί.
3136 2943 3233 2997 Διά
3257 2943 3366 3015 γὰρ
3402 2944 3559 2998 τοῦτο
3585 2964 3712 3016 προ·

2146 3028 2323 3083 λαϐὼν
2362 3031 2759 3105 ἐμαρτύρησεν,
2786 3033 2867 3085 ὅτι
2894 3033 3099 3096 δίκαιος
3129 3029 3196 3104 ἦν
3221 3037 3249 3087 6
3279 3036 3496 3105 Ἰωσὴφ,
3524 3037 3611 3090 ίνα
3637 3035 3710 3106 μὴ

2144 3121 2300 3174 τοῦτο
2330 3121 2515 3194 λέγῃς.
2542 3122 2675 3175 ἀλλὰ
2708 3122 2894 3193 μαθὼν
2919 3123 3081 3176 αὑτοῦ
3112 3125 3209 3195 τὴν
3242 3126 3461 3197 ἀρετὴν,
3493 3128 3710 3181 κάκεῖνο

2144 3213 2309 3281 εἰδῇς,
2340 3213 2423 3266 ὅτι
2472 3213 2571 3267 οὐκ
2606 3214 2673 3268 ἂν
2717 3214 2930 3287 παρέϐη
2970 3215 3060 3269 τὸν
3093 3216 3274 3286 νόμον.
3315 3217 3372 3270 '0
3413 3218 3521 3288 γὰρ
3570 3217 3709 3272 οὕτω

2145 3300 2520 3373 φιλάνθρωπος
2571 3303 2663 3355 καὶ
2717 3302 2923 3366 πάθους
2969 3304 3144 3367 ἐκτὸς,
3181 3304 3257 3368 ὡς
3302 3304 3434 3375 μηδὲ
3478 3306 3709 3375 ὑποψίας

2144 3391 2560 3463 ἀναγκαζούσης
2602 3392 2925 3465 βουληθῆναι
2967 3394 3311 3464 ἐπιχειρῆσαι
3359 3394 3585 3449 κολάσαι
3612 3395 3708 3462 τὴν

2145 3481 2440 3552 Παρθένον,
2478 3483 2595 3546 πῶς
2633 3484 2698 3537 ἂν
2729 3484 2794 3538 δι’
2818 3485 3012 3554 ἡδονὴν
3043 3485 3258 3555 παρέϐη
3284 3486 3374 3540 τὸν
3410 3487 3604 3557 νόμον;
3650 3487 3707 3539 '0

2144 3573 2253 3643 γὰρ
2281 3574 2420 3643 ὑπὲρ
2464 3574 2625 3643 νόμον
2660 3574 3024 3645 φιλοσοφήσας
3070 3578 3187 3645 (καὶ
3236 3577 3340 3649 γὰρ
3385 3578 3445 3631 τὸ
3495 3581 3709 3646 ἀφεῖναι

2150 3662 2242 3713 καὶ
2274 3659 2447 3731 λάθρα
2471 3661 2685 3729 ἀφεῖναι
2703 3664 2769 3725 ⁸⁸,
2797 3665 2937 3734 ὑπὲρ
2964 3665 3125 3735 νόμον
3151 3664 3564 3735 φιλοσοφοῦντος
3596 3662 3708 3736 ἦν),

2150 3750 2266 3814 πῶς
2294 3750 2359 3805 ἂν
2387 3753 2537 3822 παρά
2566 3753 2727 3823 νόμον
2746 3755 2792 3790 ³ο
2818 3755 3017 3825 ἔπραξέ
3049 3774 3124 3818 τι,
3146 3756 3430 3810 καὶταῦτα
3457 3757 3710 3828 οὐδεμιᾶς

2147 3842 2560 3914 ἀναγκαζούσης
2597 3844 2813 3911 αἰτίας;
2857 3845 2993 3899 Ἀλλ’
3037 3847 3119 3901 ὅτι
3160 3849 3258 3917 μέν
3290 3849 3355 3901 ἐκ
3388 3848 3479 3901 τοῦ
3523 3848 3710 3916 γένους

2146 3932 2239 3986 τοῦ
2274 3934 2435 3987 Δαυῖδ
2473 3930 2540 4006 ἦν
2574 3938 2607 4007 ή
2656 3936 2947 4007 Παρθένος,
2990 3940 3054 3991 ἐκ
3094 3939 3299 3992 τούτων
3330 3939 3521 4009 δῆλον⁶
3569 3939 3711 4001 τίνος

2144 4026 2200 4077 δὲ
2230 4024 2414 4079 ἕνεκεν
2443 4026 2610 4098 αὐτήν
2634 4030 2735 4081 οὐκ
2757 4028 3194 4099 ἐγενεαλόγησεν,
3224 4027 3359 4083 άλλά
3386 4028 3476 4081 τὸν
3491 4029 3707 4098 Ἰωσὴφ,

2143 4119 2439 4186 ἀναγκαῖον
2490 4120 2682 4173 εἰπεῖν.
2712 4120 2870 4185 Τίνος
2908 4116 3001 4175 οὖν
3042 4121 3256 4185 ἐνεκεν;
3290 4121 3401 4173 Οὐκ
3440 4116 3508 4190 ἦν
3552 4120 3712 4189 νόμος

2145 4210 2293 4279 παρά
2342 4210 2615 4272 Ἰουδαίοις
2671 4211 3103 4279 γενεαλογεῖσθαι
3161 4213 3443 4277 γυναῖκας.
3473 4211 3569 4261 Ἰν’
3619 4205 3713 4261 οὖν

2145 4300 2242 4353 καὶ
2272 4300 2333 4352 τὸ
2364 4300 2485 4363 ἔθος
2511 4300 2718 4369 φυλάξῃ
2750 4301 2843 4351 καὶ
2895 4300 2968 4369 μὴ
3006 4300 3132 4368 δόξῃ
3168 4300 3603 4369 παραχαράττειν
3646 4301 3712 4351 ἐκ

2144 4386 2467 4455 προοιμίων,
2515 4388 2608 4439 καὶ
2638 4387 2735 4457 τὴν
2764 4389 2931 4458 κόρην
2963 4389 3093 4457 ἡμῖν
3132 4388 3392 4459 γνωρίσῃ,
3427 4389 3513 4443 διὰ
3554 4392 3714 4445 τοῦτο

2144 4475 2269 4537 τοὺς
2289 4473 2585 4543 προγόνους
2617 4474 2786 4544 αὐτῆς
2825 4475 3076 4543 σιγήσας,
3124 4474 3214 4527 τὸν
3258 4475 3453 4545 Ἰωσὴφ
3493 4477 3713 4545 ἐγενεα-

2144 4563 2393 4634 λόγησεν.
2429 4563 2553 4616 Εἴτε
2586 4565 2694 4634 γὰρ
2728 4565 2821 4617 ἐπὶ
2850 4564 2950 4633 τῆς
3000 4565 3279 4635 Παρθένου
3324 4565 3481 4619 τοῦτο
3523 4567 3711 4639 ἐποίηο

2146 4673 2258 4727 σεν,
2290 4655 2463 4720 ἔδοξεν
2487 4656 2552 4708 ἂν
2580 4659 2940 4725 καινοτομεῖνο
2968 4657 3076 4709 εἴτε
3103 4657 3193 4710 τὸν
3208 4658 3405 4729 Ἰωσὴφ
3436 4660 3710 4730 ἐσίγησεν,

2144 4745 2243 4798 οὐκ
2276 4744 2340 4799 ἂν
2374 4744 2617 4815 ἔγνωμεν
2654 4746 2752 4815 τῆς
2797 4745 3073 4817 Παρθένου
3105 4747 3230 4811 τοὺς
3266 4749 3583 4817 προγόνους.
3615 4749 3711 4803 Ἱν’

2144 4832 2236 4889 οὖν
2272 4836 2531 4906 μάθωμεν
2572 4835 2670 4907 τὴν
2717 4836 2954 4907 Μαρίαν,
3007 4836 3122 4910 [9.7]
3172 4838 3257 4901 τίς
3299 4834 3366 4910 ἦν
3405 4841 3497 4893 καὶ
3528 4840 3708 4902 πόθεν,

2146 4928 2237 4981 καὶ
2268 4927 2337 4981 τά
2366 4927 2474 4981 τῶν
2507 4926 2687 4996 νόμων
2715 4928 2947 4999 άκίνητα
2982 4929 3157 5003 μείνῃ,
3185 4930 3274 4985 τὸν
3306 4931 3589 5001 μνηστῆρα
3616 4932 3712 4986 αὐ-

2145 5019 2242 5087 τῆς
2275 5018 2685 5090 ἐγενεαλόγησε,
2732 5020 2826 5073 καὶ
2875 5020 3073 5086 ἔδειξεν
3118 5022 3247 5075 ὄντα
3299 5022 3364 5075 ἐκ
3396 5022 3495 5091 τῆς
3535 5023 3712 5083 οἰκίας

2145 5109 2325 5162 Δαυῖδ.
2358 5110 2559 5163 Τούτου
2585 5110 2692 5183 γάρ
2720 5111 3147 5182 ἀποδειχθέντος,
3186 5113 3404 5165 κάκεῖνο
3430 5112 3712 5165 συναποδέ-

2144 5200 2372 5267 δεικται,
2401 5201 2461 5254 τὸ
2506 5202 2598 5255 καὶ
2646 5204 2743 5273 τὴν
2789 5204 3063 5275 Παρθένον
3094 5203 3299 5257 ἐκεῖθεν
3329 5197 3488 5266 εῖναι,
3530 5204 3616 5257 διὰ
3652 5204 3711 5256 τὸ

2145 5289 2233 5347 τὸν
2266 5291 2471 5345 δίκαιον
2497 5291 2704 5358 τοῦτον,
2738 5293 2986 5364 καθάπερ
3024 5293 3193 5363 ἔφθην
3222 5291 3411 5357 εἰπὼν,
3462 5294 3537 5365 μὴ
3582 5294 3712 5346 ἀνα-

2148 5381 2369 5452 σχέσθαι
2397 5383 2659 5455 ἐτέρωθεν
2702 5385 3005 5453 ἀγαγέσθαι
3050 5386 3302 5452 γυναῖκα.
3328 5386 3483 5438 Ἔστι
3527 5384 3585 5439 δὲ
3617 5384 3711 5440 καὶ

2145 5474 2330 5544 ἕτερον
2357 5473 2512 5545 λόγον
2545 5475 2717 5528 εἰπεῖν
2744 5474 3166 5547 μυστικώτερον,
3195 5476 3261 5529 δι’
3286 5476 3344 5530 ὃν
3377 5477 3710 5548 ἐσιγήθησαν

3154 5609 3199 5641 ⁸³
3226 5612 3334 5666 Καί
3357 5611 3398 5665 -ῐ-
3425 5614 3455 5669 6
3484 5613 3686 5677 Θεδςδέ

463 5677 1013 5769 Μίεπὲἑφησξγὲε
1036 5677 1335 5769 θεῖεν)
1365 5677 1670 5769 λέγετξιξό·
1706 5683 2019 5769 εἵαται

2146 5684 2158 5713 ⁵
2191 5677 2585 5769 διέρρηξελὸἰξ
2619 5682 2685 5769 Βλ
2723 5677 3689 5769 ρηΑὲιιικιίίτιιπιρςνξιοᾼηηςοιιζιριί

461 5748 765 5831 ξιαί),ρήξω;

865 5752 922 5840 '1'.
941 5748 1234 5840 f“&9.‘39"l
1255 5748 1372 5840 Εῆν
1387 5748 1686 5840 ,ῖτάεοένῖνη
1699 5748 1892 5840 ἕαδε..
1929 5752 1985 5840 ,⁸⁷

2022 5752 2221 5823 βούλει]

2321 5750 2514 5828 pugn
2658 5751 2858 5828 βούλει.
2888 5791 2903 5804 .
2933 5751 3239 5828 ἱΑάκούσςῃς]
3257 5750 3679 5828 βούλει-λοιπὸν,

461 5817 707 5880 ἀκούσας
741 5817 800 5870 Ε.
877 5819 922 5851 ⁸⁸
950 5821 979 5871 6
1024 5817 1357 5893 Ἶωσήφῖοιιί.
1384 5820 1445 5879 Β.
1476 5817 1581 5878 λη.
1619 5824 1770 5879 Anu.
1843 5820 1892 5856 "
1918 5822 2019 5893 ἁφὶ

2152 5817 2285 5893 Mbr.
2318 5817 2538 5893 άφιέναι
2562 5817 2690 5875 δαν.
2728 5819 2860 5876 Ben.
2935 5822 2982 5853 ⁹⁰
3010 5817 3322 5891 παράνομον
3355 5820 3416 5875 D.
3450 5821 3511 5875 E.
