4058 6208
288 286 353 343 σιτ
1460 282 1522 338 IN
1559 283 1960 343 iturum:
2001 287 2227 345 noutL.
2268 290 2330 347 n.
3479 290 3548 346 es
3602 260 3606 265 ’

290 390 710 461 generationem,
741 388 831 442 sed
864 394 1025 441 totam
1064 381 1517 452 dispensationem
1547 380 1875 449 complecta-

292 483 422 535 tur?
449 480 583 547 Quia
616 483 717 533 huc
755 479 913 533 totius
939 475 1350 544 dispensationis
1389 480 1548 541 caput
1578 480 1681 539 est,
1714 484 1876 541 alque

289 580 607 650 principium
650 581 800 636 nobis
827 591 882 636 et
918 582 1067 635 radix
1097 581 1332 635 omnium
1365 579 1646 634 bonorum.
1674 576 1863 647 Quem-

286 672 576 727 admodum
627 674 817 728 librum
882 674 996 727 cadi
1047 683 1101 727 et
1154 682 1311 727 terra:
1358 672 1569 725 vocavit
1617 669 1865 739 Moyses,

288 763 497 817 etiamsi
531 779 633 817 non
680 764 746 819 de
789 764 921 819 cazlo
967 774 1021 818 et
1072 773 1209 818 terra
1242 770 1444 816 tantum
1480 761 1744 831 loquatur,
1774 756 1868 812 sed

288 852 355 907 de
387 854 449 907 iis
475 855 634 908 etiam
677 871 795 925 quae
829 856 879 910 in
929 854 1105 910 medio
1148 855 1315 924 posita
1357 862 1511 907 erant
1540 869 1553 905 :
1585 851 1657 905 ita
1700 859 1754 905 et
1785 848 1868 903 hic

289 960 499 1015 quoque
525 962 591 1000 ex
620 948 793 1015 capite
822 947 1085 1001 bonorum
1111 960 1174 1000 ac
1215 944 1467 1013 prmclarc
1496 952 1764 1012 gestorum
1810 940 1870 993 li-

290 1034 443 1087 brum
472 1037 813 1105 nuncupavit.
838 1036 991 1103 Quod
1019 1036 1160 1091 enim
1183 1033 1497 1103 stupendum
1522 1042 1604 1087 est
1629 1045 1871 1085 omnem-

290 1138 392 1192 que
418 1139 569 1194 spem
610 1129 1169 1196 exspectationemque
1207 1135 1422 1193 superat
1444 1166 1458 1189 ,
1491 1132 1573 1179 est
1600 1122 1870 1177 hominem

293 1216 458 1270 Deum
489 1218 602 1272 fieri
635 1237 645 1270 :
675 1236 780 1289 quo
809 1220 948 1273 facto
985 1218 1160 1272 omnia
1203 1215 1493 1271 secundum
1533 1215 1791 1269 rationein
1818 1221 1875 1267 et

292 1311 723 1379 consequentiam
746 1310 1017 1377 eveniunt,

366 1505 579 1560 Davidis
641 1503 900 1573 splendor.
955 1501 1199 1568 Qua'dam
1235 1501 1296 1553 dc
1342 1500 1634 1570 genealogia
1682 1499 1869 1554 Christi

282 1598 590 1667 quaestiones
635 1594 915 1647 solvuntur.
943 1622 1014 1631 -—
1043 1591 1151 1645 Cur
1180 1602 1355 1643 atttetn
1402 1607 1505 1644 non
1552 1590 1717 1654 dixit,
1750 1590 1870 1644 Filii

282 1688 581 1750 Abraham,
611 1695 666 1740 ct
693 1683 1030 1755 postea,Filii
1066 1683 1262 1736 David?
1286 1682 1425 1746 Non,
1453 1693 1510 1736 ut
1530 1683 1741 1752 quidam
1764 1683 1871 1751 opi-

286 1792 507 1846 nantur,
541 1780 608 1833 ab
638 1777 978 1833 inferioribus
1025 1775 1211 1830 volens
1251 1775 1317 1827 ad
1360 1776 1633 1844 superiora
1685 1790 1873 1829 ascen-

283 1873 457 1926 dere:
490 1869 722 1939 alioquin
774 1867 824 1921 id
859 1867 1068 1922 fecisset
1094 1864 1235 1935 quod
1278 1876 1332 1919 et
1367 1865 1569 1929 Lucas;
1599 1882 1739 1921 nunc
1777 1882 1875 1919 au-

283 1974 395 2018 tem
426 1979 457 2016 c
482 1959 747 2015 contrario
777 1958 916 2012 facit.
946 1957 1055 2011 Cur
1084 1972 1210 2024 ergo
1243 1955 1491 2011 Davidem
1520 1958 1873 2011 memoravit?

281 2056 419 2123 Quia
449 2054 534 2108 ille
564 2054 615 2106 in
657 2051 893 2106 omnium
925 2064 1019 2104 ore
1047 2049 1333 2113 ferebatur,
1363 2058 1471 2102 tum
1502 2049 1572 2103 ob
1600 2059 1870 2119 gestorum

281 2145 652 2216 splendorem,
677 2154 785 2197 tum
812 2145 974 2198 etiam
1009 2142 1265 2211 temporis
1287 2155 1467 2207 causa,
1496 2141 1637 2212 quod
1665 2158 1768 2197 non
1798 2152 1876 2197 tot

280 2246 413 2292 ante
445 2237 661 2291 s-.t.-culis
690 2243 930 2288 mortuus
956 2243 1133 2297 esset,
1156 2242 1287 2302 quot
1323 2232 1611 2287 Abraham.
1651 2233 1872 2288 Etiamsi

280 2346 417 2386 vero
448 2330 656 2398 utrique
677 2327 941 2398 pollicitus
962 2326 1031 2380 sit
1061 2326 1217 2393 Deus,
1246 2326 1372 2380 illud
1402 2334 1576 2380 tamen
1598 2327 1747 2397 quasi
1775 2343 1875 2381 an-

281 2425 489 2495 tiquius
553 2422 873 2485 tacebatur;
928 2420 1027 2474 hoc
1071 2428 1247 2473 autem
1275 2459 1291 2484 ,
1324 2428 1505 2489 utpote
1557 2421 1824 2485 recentius
1856 2463 1873 2488 ,

280 2518 528 2573 omnium
577 2528 670 2569 ore
700 2509 1195 2566 circumferebatur.
1228 2510 1327 2579 Ipsi
1378 2526 1605 2580 namque
1643 2511 1825 2565 dicunt
1857 2529 1870 2565 :

284 2608 481 2662 Nonne
522 2622 585 2659 ea:
629 2604 815 2657 semine
844 2601 1011 2654 David
1055 2610 1100 2657 et
1143 2598 1433 2653 Betltleltem
1476 2602 1584 2654 vico
1608 2641 1624 2667 ,
1657 2601 1876 2655 abierat

282 2700 477 2764 David,
493 2697 621 2751 venit
651 2694 877 2749 Christus
899 2694 1079 2761 (Joan.
1103 2693 1155 2746 7.
1183 2691 1311 2762 42)?
1338 2691 1506 2745 Nemo
1533 2692 1681 2745 illum
1710 2691 1876 2746 lilium

281 2788 519 2845 Abs-alta:
546 2828 559 2849 ,
590 2786 681 2840 sed
709 2797 895 2838 omnes
922 2782 1084 2836 lilium
1117 2781 1286 2835 David
1326 2780 1623 2835 vocabant:
1656 2796 1777 2835 nam
1808 2780 1879 2836 ob

286 2879 553 2950 temporis
578 2877 827 2945 spatium,
856 2882 914 2927 ut
941 2872 1068 2938 dixi,
1098 2881 1155 2927 et
1177 2870 1248 2925 ob
1276 2886 1518 2940 regnum,
1544 2871 1595 2925 in
1626 2870 1879 2926 memoria

288 2978 567 3030 hominum
611 2970 780 3041 magis
820 2967 1152 3024 versabatur.
1179 2964 1432 3020 Similiter
1462 2972 1516 3018 ct
1551 2979 1704 3033 reges
1734 2977 1871 3033 quos

284 3064 697 3125 venerabantur,
733 3060 927 3130 quique
954 3066 1074 3129 post
1102 3056 1247 3111 illum
1278 3054 1442 3121 fuere,
1475 3052 1654 3108 abillo
1682 3068 1874 3124 cogno-

285 3154 563 3209 minabaut
586 3193 601 3218 ,
630 3164 729 3205 nec
768 3149 867 3217 ipsi
912 3149 1081 3200 solum
1109 3186 1125 3213 ,
1157 3144 1250 3199 sed
1279 3144 1437 3199 etiam
1471 3144 1627 3199 Deus.
1659 3143 1869 3198 Etenim

287 3243 538 3299 Ezechiel
584 3252 638 3297 et
683 3241 771 3295 alii
805 3240 1075 3309 propheta:
1112 3238 1293 3292 dicunt
1317 3244 1597 3290 venturum
1624 3250 1744 3291 esse
1772 3235 1873 3288 Da-

285 3336 368 3389 vid
398 3344 455 3390 ct
486 3341 907 3390 resurrecturum
948 3343 1068 3385 esse
1087 3370 1101 3393 ,
1130 3344 1235 3382 non
1262 3327 1329 3382 de
1358 3326 1558 3381 Davide
1600 3326 1691 3394 qui
1729 3341 1874 3381 mor-

287 3433 407 3479 tuus
434 3433 555 3479 erat
586 3423 864 3492 loquentes
891 3460 907 3486 ,
938 3418 1031 3475 sed
1059 3418 1127 3473 de
1157 3419 1221 3472 iis
1247 3419 1334 3488 qui
1360 3418 1478 3487 ejus
1510 3418 1757 3473 virtutem
1787 3432 1872 3472 se-

284 3524 580 3572 ctarentur.
606 3514 851 3569 Ezechia:
877 3528 1005 3566 vero
1033 3512 1106 3565 ait
1132 3528 1146 3565 :
1174 3510 1445 3580 Protegam
1471 3509 1716 3563 civitatem
1741 3510 1873 3564 hanc

286 3616 496 3677 prapter
522 3622 601 3659 me
621 3614 668 3657 et
690 3612 892 3673 prapter
912 3600 1077 3655 David
1105 3617 1313 3671 puerum
1338 3616 1502 3653 meum
1538 3599 1610 3669 (4.
1634 3599 1757 3669 Reg.
1779 3599 1868 3656 f9.

287 3697 398 3769 3i).
431 3696 713 3753 Salomoni
744 3710 870 3748 vero
898 3693 1125 3757 diccbat,
1156 3708 1217 3747 se
1248 3699 1464 3761 prOpter
1500 3690 1751 3744 Davidem
1780 3704 1871 3744 re-

284 3804 447 3855 gnum
482 3790 693 3843 vivente
722 3787 839 3858 ipso
868 3781 1199 3856 [Salomone]
1232 3796 1335 3835 non
1363 3780 1605 3835 divisisse
1632 3781 1709 3850 (5.
1737 3778 1871 3849 Reg.

286 3881 375 3935 ll.
403 3881 523 3949 54).
554 3879 739 3949 Magna
777 3877 920 3931 enim
950 3882 1065 3929 erat
1103 3874 1242 3927 illius
1285 3872 1382 3926 viri
1424 3872 1589 3943 gloria
1637 3878 1691 3925 et
1731 3869 1871 3939 apud

287 3973 453 4027 Deum
504 3980 558 4025 et
584 3969 722 4039 apud
753 3968 1016 4022 homines.
1045 3964 1272 4034 Ideoque
1318 3964 1386 4018 ab
1424 3962 1515 4017 illo
1553 3960 1644 4032 qui
1694 3961 1871 4016 n0tior

284 4073 399 4119 erat
439 4062 722 4119 exordium
751 4059 933 4122 ducit,
962 4066 1017 4112 et
1043 4064 1169 4111 tunc
1202 4054 1267 4109 ad
1292 4054 1641 4123 antiquiorem
1672 4067 1870 4122 paren-

285 4164 391 4209 tem
424 4152 696 4217 recurrit,
741 4148 1067 4219 superlluum
1107 4145 1343 4210 ducens,
1386 4152 1639 4213 quantum
1678 4141 1744 4195 ad
1774 4140 1870 4196 Ju—

288 4245 435 4300 d:eos
456 4286 473 4310 ,
507 4245 754 4312 superius
790 4252 1093 4295 sermonem
1143 4235 1329 4291 ordiri.
1362 4234 1426 4290 lli
1455 4234 1599 4289 enim
1643 4232 1873 4287 maxime

285 4337 564 4405 mirabiles
607 4343 759 4388 erant
791 4348 805 4385 :
836 4331 921 4386 hic
944 4370 960 4397 ,
988 4337 1169 4399 utpote
1208 4342 1301 4382 rex
1346 4335 1400 4382 et
1423 4325 1712 4396 propheta;
1747 4324 1869 4391 ille,

284 4437 342 4481 ut
368 4427 671 4497 patriarcha
699 4435 753 4480 et
782 4424 1064 4494 propheta.
1090 4422 1154 4477 Et
1174 4420 1314 4477 unde
1339 4419 1612 4489 probatur,
1636 4416 1868 4487 inquies,

284 4518 438 4575 illum
482 4535 555 4575 ex
596 4517 795 4572 Davide
821 4528 996 4573 artum
1026 4514 1183 4570 esse?
1208 4513 1264 4569 Si
1288 4513 1429 4568 enim
1462 4526 1565 4567 non
1612 4526 1675 4564 ex
1717 4511 1868 4578 viro,

284 4611 380 4666 sed
406 4626 475 4666 ex
508 4609 742 4664 muliere
764 4617 967 4661 tantum
998 4616 1153 4660 natus
1180 4612 1263 4659 est
1286 4642 1306 4673 ,
1333 4602 1551 4672 virginis
1575 4610 1753 4656 autem
1781 4616 1873 4671 ge-

283 4705 529 4775 nealogia
564 4718 670 4757 non
721 4701 959 4767 texitur,
990 4697 1259 4769 quomodo
1307 4695 1539 4750 sciemus
1588 4695 1756 4762 ipsum
1802 4708 1867 4747 ex

283 4795 487 4849 Davide
531 4808 652 4849 esse
680 4791 899 4845 ortum?
930 4789 1055 4843 Dua:
1084 4801 1310 4857 namque
1347 4793 1473 4840 sunt
1501 4783 1821 4853 qnznstiones
1852 4796 1866 4833 :

279 4900 379 4940 cur
404 4884 597 4939 matris
621 4881 927 4952 genealogia
956 4894 1060 4932 non
1094 4878 1307 4943 texitur,
1336 4884 1391 4931 et
1418 4890 1513 4929 cur
1535 4873 1753 4943 Josepb,
1779 4871 1869 4942 qui

283 4978 413 5033 nihil
440 4976 671 5032 contulit
696 4974 763 5027 ad
803 4971 1219 5043 generationem,
1249 4967 1318 5020 ab
1362 4968 1468 5021 illis
1498 4973 1821 5020 memoratur
1851 4978 1866 5017 :

280 5068 497 5124 videtur
526 5066 671 5122 enim
696 5065 796 5118 hoc
823 5060 1143 5125 redundare,
1167 5068 1221 5112 et
1247 5057 1375 5112 illud
1400 5055 1710 5110 desiderari.
1733 5053 1866 5122 Quid

281 5174 411 5228 ergo
453 5159 607 5227 prius
651 5151 1063 5225 perquirendum
1111 5159 1193 5205 est
1218 5150 1242 5203 ’Ξ
1270 5147 1547 5214 Quomodo
1576 5161 1640 5203 ex
1672 5146 1868 5203 Davide

282 5250 446 5320 Virgo
495 5260 617 5303 orta
662 5248 839 5302 fuerit.
861 5246 977 5312 Quo
1005 5251 1160 5313 pacto
1204 5248 1380 5294 autem
1416 5239 1647 5294 sciemus
1671 5253 1738 5293 ex
1766 5238 1883 5292 Da-

278 5340 400 5394 vide
422 5347 603 5394 ortam
625 5352 744 5393 esse
769 5336 792 5389 ?
832 5333 968 5390 Audi
1010 5333 1175 5387 Deum
1199 5327 1433 5386 Gabrieli
1469 5327 1863 5397 praecipientem

285 5442 345 5489 ut
383 5433 570 5488 adiret
606 5430 855 5502 Virginem
891 5431 1247 5500 desponsatam
1287 5428 1428 5495 viro,
1458 5427 1546 5481 cui
1568 5442 1745 5481 nomen
1773 5434 1882 5481 erat

284 5522 509 5594 Ioseph,
541 5523 607 5576 de
634 5523 782 5577 domo
808 5533 856 5576 et
882 5523 1081 5593 familia
1101 5520 1267 5575 David
1290 5521 1309 5592 (
1337 5518 1462 5576 Luc.
1493 5520 1544 5574 1.
1571 5517 1641 5574 27
1671 5518 1711 5587 ).
1739 5516 1877 5586 Quid

284 5614 491 5669 clarius
518 5612 760 5684 postulas
779 5653 795 5678 ,
822 5627 944 5667 cum
984 5612 1137 5669 audis
1172 5612 1238 5670 de
1272 5610 1434 5668 domo
1461 5618 1516 5667 et
1553 5608 1748 5665 familia
1778 5609 1885 5665 Da-

284 5703 376 5759 vid
421 5700 702 5774 Virginem
732 5700 895 5759 fuisse
918 5702 942 5757 ι

2063 398 2116 450 ι.
2150 395 2300 452 Unde
2349 404 2525 467 patet,
2558 395 2757 465 .loscpb
2794 396 2953 451 etiam
2999 396 3122 452 inde
3167 407 3340 453 ortum
3374 401 3556 456 fuisse.

1994 485 2104 541 Lex
2135 488 2328 557 quippe
2355 496 2469 542 erat
2497 504 2613 557 quae
2658 497 2859 542 vetaret
2903 504 3096 546 uxores
3122 489 3351 555 ducere,
3382 490 3482 546 nisi
3511 508 3576 548 ex

1996 577 2204 645 propria
2234 577 2393 630 tribu.
2429 576 2732 630 Patriareba
2759 592 2887 631 vero
2927 576 3093 631 Jacob
3130 579 3277 633 illuni
3324 580 3388 634 ex
3434 579 3577 633 tribu

1991 666 2124 720 Juda
2154 668 2482 721 exoriturum
2514 682 2632 722 esse
2661 669 2903 737 prardixit
2928 686 2940 722 :
2978 668 3097 724 Non
3124 670 3319 741 deficiet
3343 671 3578 741 princeps

1992 758 2055 810 de
2079 758 2219 811 Iuda
2242 800 2257 824 ,
2300 775 2459 827 neque
2484 759 2591 812 dua:
2615 759 2678 812 de
2703 761 2976 830 femoribus
3018 762 3129 831 ejus
3149 802 3165 827 ,
3214 763 3372 816 donec
3417 763 3579 816 veniat

1991 850 2069 900 cui
2098 850 2371 917 repositum
2390 858 2463 902 est
2482 864 2501 902 :
2528 857 2574 902 et
2600 848 2708 918 ipse
2732 852 2825 903 erit
2852 852 3153 919 exspectatio
3179 854 3399 922 gentium
3421 852 3576 923 (Cen.

1989 938 2078 992 49.
2110 939 2219 1008 10).
2250 938 2411 992 Certe
2441 939 2555 992 lucc
2583 940 2860 1009 prophetia
2885 979 2900 1006 ,
2933 941 3073 1009 quod
3114 957 3180 996 ex
3220 944 3358 996 tribu
3410 943 3574 997 David

1992 1028 2170 1092 fuerit,
2193 1028 2425 1083 declarat
2451 1044 2466 1093 ;
2497 1039 2551 1083 at
2579 1046 2682 1083 non
2714 1029 2852 1099 quod
2880 1046 2943 1083 ex
2965 1046 3162 1099 genere
3186 1033 3417 1086 Davidis.
3440 1032 3579 1087 Num

1992 1119 2151 1187 igitur
2187 1120 2240 1173 in
2270 1120 2405 1173 tribu
2427 1119 2559 1173 Juda
2582 1135 2686 1174 non
2718 1118 2859 1173 aliud
2888 1127 3007 1174 erat
3034 1134 3200 1190 genus
3226 1138 3384 1189 quam
3425 1123 3581 1176 Davi-

1991 1210 2114 1263 dis?
2144 1209 2251 1263 lmo
2288 1210 2451 1263 multa
2483 1210 2607 1275 alia,
2639 1220 2693 1263 et
2717 1210 3026 1279 contingere
3052 1212 3220 1278 potuit
3248 1220 3307 1264 ut
3335 1223 3476 1265 esset
3514 1228 3581 1267 ex

1992 1302 2130 1355 tribu
2155 1302 2289 1356 Juda
2312 1341 2329 1370 ,
2358 1302 2483 1372 quin
2519 1310 2661 1356 esset
2686 1318 2751 1356 ex
2776 1317 2971 1371 genere
3012 1301 3247 1355 Davidis.
3284 1302 3482 1357 Verum
3512 1320 3583 1357 ne

1993 1394 2096 1448 hoc
2121 1393 2349 1460 diceres,
2381 1394 2517 1448 hanc
2548 1395 2637 1448 tibi
2665 1394 3023 1463 suspicionem
3057 1394 3192 1448 tollit
3213 1396 3578 1464 evangelista,

1991 1484 2175 1537 dicens
2220 1484 2365 1537 illum
2412 1484 2573 1539 fuisse
2600 1497 2665 1538 ex
2705 1484 2865 1539 domo
2906 1493 2961 1539 et
2986 1484 3181 1537 familia
3212 1484 3394 1538 David.
3427 1485 3582 1551 Quod

1992 1578 2035 1630 si
2066 1577 2117 1630 id
2145 1578 2359 1632 aliunde
2387 1580 2545 1632 etiam
2574 1579 2779 1633 discere
2808 1580 2961 1646 velis,
2995 1594 3102 1635 non
3131 1580 3302 1636 deerit
3324 1579 3429 1637 alia
3458 1597 3582 1651 pro-

1993 1667 2138 1721 batio
2166 1685 2179 1720 :
2209 1684 2312 1721 non
2345 1668 2503 1722 modo
2535 1670 2675 1723 enim
2702 1684 2803 1722 non
2837 1670 3032 1723 licebat
3059 1685 3122 1724 ex
3150 1670 3251 1724 alia
3284 1672 3420 1725 tribu
3450 1688 3581 1725 uxo-

1991 1772 2104 1811 rem
2135 1757 2350 1824 ducere,
2380 1758 2471 1813 sed
2497 1774 2667 1825 neque
2692 1774 2753 1811 ex
2783 1760 2882 1812 alia
2909 1759 3124 1823 familia,
3156 1760 3207 1814 id
3236 1768 3337 1821 est,
3368 1777 3432 1814 ex
3470 1763 3574 1820 alia

1988 1847 2321 1915 Cogitatione.
2347 1847 2527 1917 Itaque
2557 1848 2599 1900 si
2626 1847 2775 1912 illud,
2808 1848 2887 1900 Ea:
2915 1849 3065 1900 domo
3094 1858 3140 1901 et
3168 1850 3366 1919 familia
3386 1848 3579 1914 David,

1992 1935 2190 2004 Virgini
2218 1946 2481 2005 aptemus,
2505 1936 2704 1990 dictum
2734 1936 2861 1991 illud
2890 1939 3152 1992 constabit
3176 1955 3189 2004 ;
3234 1939 3276 1992 si
3304 1938 3575 2008 .Iosepho.

1992 2027 2120 2079 illud
2150 2027 2320 2096 ipsum
2351 2030 2713 2097 consequitur.
2745 2028 2800 2082 Si
2837 2030 2979 2083 enim
3017 2044 3079 2083 ex
3106 2028 3266 2084 domo
3290 2039 3343 2084 et
3371 2030 3573 2085 familia

1988 2119 2148 2172 David
2175 2130 2288 2173 erat
2310 2119 2528 2190 .loseph,
2545 2136 2649 2175 non
2675 2121 2889 2176 aliunde
2915 2123 3119 2193 accepit
3149 2138 3396 2190 uxorem,
3417 2139 3577 2193 quam

1983 2224 2046 2264 ex
2078 2211 2390 2280 cognatione
2413 2226 2527 2265 sua.
2548 2212 2683 2278 Quid
2712 2228 2860 2281 vero,
2888 2213 3113 2283 inquies,
3133 2215 3176 2268 si
3206 2214 3377 2285 legem
3400 2224 3575 2271 trans-

1983 2314 2197 2368 gressus
2224 2300 2339 2354 sit?
2376 2300 2481 2356 Sed
2512 2302 2709 2357 idcirco
2736 2317 3115 2372 praeoccupans
3142 2305 3451 2359 testificatus
3469 2316 3574 2370 est,

1983 2389 2182 2462 Josepb
2230 2391 2393 2447 fuisse
2434 2393 2635 2462 justum
2657 2434 2673 2459 ,
2715 2402 2869 2449 utne
2900 2394 3001 2449 hoc
3027 2395 3237 2450 diceres
3260 2436 3276 2460 ,
3308 2394 3402 2450 sed
3436 2397 3580 2453 iilius

1985 2488 2234 2538 virtutem
2268 2483 2521 2549 edoctus,
2554 2500 2740 2539 nosses
2777 2486 2954 2557 legem
2985 2486 3053 2540 ab
3095 2487 3210 2557 ipso
3252 2504 3359 2543 non
3405 2488 3569 2545 fuisse

1984 2576 2256 2629 violatam.
2286 2574 2385 2639 Qui
2413 2576 2553 2628 enim
2582 2575 2651 2629 ita
2682 2574 2945 2631 humanus
2968 2586 3084 2632 erat
3107 2578 3124 2609 ¹
3149 2586 3201 2632 ει
3225 2594 3254 2632 a
3284 2593 3446 2647 pravo
3472 2578 3570 2633 ho-

1990 2664 2147 2720 minis
2171 2663 2359 2717 all‘ectu
2379 2678 2593 2724 vacuus,
2616 2674 2671 2718 ut
2696 2680 2763 2719 ne
2788 2667 3089 2735 suspicione
3115 2667 3326 2736 quidem
3350 2680 3573 2738 urgente

1990 2753 2150 2806 vellet
2178 2752 2246 2807 de
2274 2752 2492 2822 Virgine
2510 2754 2645 2807 sumi
2677 2755 3017 2823 supplicium,
3046 2755 3315 2824 quomodo
3339 2756 3575 2811 libidinis

1987 2862 2143 2901 causa
2172 2847 2342 2916 legem
2366 2855 2725 2914 transgressus
2753 2846 2943 2901 esset?
2968 2847 3067 2915 Qui
3093 2848 3233 2902 enim
3265 2848 3384 2918 plus
3411 2864 3574 2919 quam

1991 2938 2074 2992 lex
2109 2938 2308 2993 ferebat
2334 2937 2806 3007 philosophabatur
2825 2939 2971 3007 (nam
2992 2937 3261 3011 dimittere
3286 2947 3342 2994 et
3366 2938 3575 2994 occulte

1991 3029 2290 3095 dimittere,
2324 3029 2449 3083 illud
2477 3038 2590 3084 erat
2620 3030 2753 3084 ultra
2781 3031 2950 3100 legem
2980 3030 3364 3100 pltilOSOphari)
3388 3072 3403 3098 ,
3433 3046 3572 3100 quo-

1989 3119 2149 3174 modo
2172 3128 2355 3173 eontra
2386 3118 2557 3187 legem
2584 3118 2789 3187 aliquid
2836 3120 3182 3186 admitteret,
3232 3120 3389 3191 idque
3428 3122 3571 3177 nulla

1983 3219 2209 3281 cogente
2236 3210 2602 3265 necessitate?
2630 3209 2828 3264 Verum
2870 3225 2933 3266 ex
2962 3226 3161 3281 genere
3208 3212 3369 3267 David
3399 3213 3573 3284 Virgi-

1997 3316 2117 3355 nem
2148 3300 2332 3366 fuisse,
2361 3315 2423 3354 ex
2446 3301 2552 3369 jam
2581 3300 2737 3355 dictis
2768 3301 2939 3370 palam
2967 3310 3072 3357 est.
3096 3302 3212 3357 .lam
3238 3319 3364 3356 vero
3393 3320 3573 3373 opera:

1988 3390 2217 3461 pretium
2249 3390 2407 3445 fuerit
2436 3392 2633 3457 dicere,
2668 3408 2763 3446 cur
2787 3407 2891 3446 non
2920 3392 3081 3453 illius.
3111 3394 3203 3447 sed
3230 3393 3447 3465 Josepbi
3478 3410 3571 3465 ge-

1985 3483 2280 3553 nealogiam
2312 3482 2543 3537 duxerit.
2574 3484 2687 3549 Qua
2732 3482 2799 3537 de
2842 3498 3001 3537 causa
3048 3484 3247 3554 igitur?
3292 3485 3408 3540 Non
3452 3496 3569 3541 erat

1982 3587 2098 3627 mos
2127 3571 2264 3642 apud
2303 3572 2515 3627 Juda‘os
2554 3573 2836 3627 mulierum
2881 3574 3215 3644 genealogias
3255 3584 3456 3630 texere.
3499 3576 3570 3632 Ut

1982 3664 2141 3732 igitur
2168 3662 2462 3717 secundum
2503 3678 2703 3718 merent
2730 3673 2948 3733 ageret,
2980 3679 3077 3719 nec
3104 3665 3375 3720 videretur
3414 3666 3567 3722 illum

1981 3756 2049 3810 ab
2076 3754 2225 3808 initio
2245 3754 2561 3823 transgredi,
2590 3763 2748 3823 utque
2769 3755 2925 3809 simul
2964 3755 3117 3810 nobis
3140 3755 3371 3826 Virginis
3394 3773 3569 3828 genus

1982 3845 2239 3900 indicaret
2260 3887 2275 3911 ,
2308 3846 2473 3915 ipsius
2505 3848 2737 3914 majores
2773 3847 3002 3901 reticens
3026 3888 3040 3911 ,
3070 3846 3287 3917 Joscphi
3316 3850 3568 3918 genealo~

1978 3937 2117 4007 giam
2147 3936 2316 3992 duxit.
2348 3937 2402 3992 Si
2446 3937 2587 3991 enim
2617 3936 2666 3989 id
2696 3936 2762 3991 de
2793 3937 3010 4007 Virgine
3039 3938 3252 3993 fecisset
3270 3976 3284 4004 ε
3314 3940 3567 3993 novitatis

1980 4038 2159 4084 notam
2181 4046 2284 4083 non
2309 4028 2578 4098 cll'ugisset
2599 4045 2613 4093 ;
2636 4029 2679 4081 si
2707 4028 2997 4097 Josepbum
3031 4031 3303 4097 tacuisset,
3333 4031 3567 4101 Virginis

1980 4122 2346 4191 progenitores
2376 4136 2479 4173 non
2509 4133 2806 4173 nossemus.
2831 4118 2900 4173 Ut
2941 4119 3117 4188 itaque
3146 4119 3413 4174 discamus
3441 4136 3563 4190 qua:

1978 4221 2120 4267 esset
2145 4211 2327 4273 Maria,
2351 4219 2405 4265 et
2427 4208 2565 4264 unde
2589 4220 2725 4273 orta,
2749 4209 2998 4279 legesque
3020 4209 3229 4265 intacta:
3257 4220 3559 4278 manerent,

1978 4301 2159 4371 sponsi
2192 4301 2307 4367 eius
2333 4299 2693 4381 genealogiam
2716 4302 3011 4368 contexuit,
3042 4308 3097 4355 et
3123 4315 3189 4356 ex
3215 4300 3375 4355 domo
3398 4302 3562 4356 David

1979 4393 2209 4450 ostendit
2240 4408 2380 4449 esse.
2413 4391 2526 4447 [loc
2551 4393 2691 4447 enim
2719 4401 3168 4457 commonstrato,
3202 4392 3331 4447 illud
3353 4409 3566 4463 quoque

1979 4486 2138 4541 simul
2181 4485 2480 4541 ostenditur
2513 4483 2784 4555 Virginem
2825 4486 2987 4540 etiam
3019 4484 3142 4540 inde
3163 4495 3334 4540 ortam
3364 4484 3564 4549 fuisse;

1980 4576 2437 4647 quandoquidem,
2460 4583 2521 4629 ut
2543 4575 2651 4629 dixi
2678 4616 2690 4637 ,
2715 4575 2977 4629 noluisset
3000 4574 3177 4644 justus
3224 4576 3313 4630 ille
3350 4575 3567 4631 aliunde

1982 4682 2202 4721 uxorem
2224 4666 2489 4735 accipere.
2514 4665 2770 4734 Superest
2795 4674 2849 4719 et
2872 4665 2972 4718 alia
2996 4680 3155 4719 causa
3186 4665 3353 4734 magis
3372 4680 3565 4720 arcana

1985 4769 2032 4812 et
2056 4760 2300 4828 mystica,
2323 4774 2417 4812 cur
2440 4757 2669 4826 Virginis
2697 4757 2927 4826 majores
2943 4756 3154 4810 silentio
3178 4756 3322 4811 missi
3348 4756 3565 4824 fuerint,

1973 4870 2131 4926 quam
2157 4855 2244 4911 hic
2272 4856 2481 4926 aperire
2516 4856 2694 4909 minus
2727 4863 3084 4924 opportunum
3109 4865 3272 4922 esset,
3302 4859 3421 4927 quia
3439 4858 3550 4928 jam

1972 4945 2138 4999 multa
2165 4945 2303 5000 dicta
2329 4954 2473 4999 sunt.
2503 4944 2863 5011 Quamobrem
2892 4945 2976 4999 hic
2996 4948 3353 5016 quaestionum
3393 4949 3550 5006 finem

1972 5036 2245 5102 facientes,
2270 5051 2334 5091 ea
2360 5051 2477 5105 qua:
2510 5035 2663 5089 nobis
2701 5035 2961 5105 explicata
2986 5047 3110 5091 sunt
3143 5050 3391 5094 accurate
3420 5042 3553 5094 reti-

1974 5141 2230 5180 neamus:
2263 5140 2454 5193 nempe
2478 5166 2492 5189 ,
2520 5140 2617 5179 cur
2653 5125 2863 5179 Davidis
2900 5127 3102 5181 mentio
3141 5129 3368 5199 primum
3413 5128 3550 5185 facta

1974 5217 2131 5270 fuerit
2147 5232 2160 5279 ;
2176 5230 2271 5270 cur
2288 5216 2479 5269 librum
2496 5215 2764 5270 vocaverit
2779 5215 2967 5270 librum
2984 5219 3365 5286 generationis,
3386 5235 3553 5289 quare
3638 5254 3657 5263 η»

1974 5306 2185 5369 dixerit,
2199 5305 2321 5359 .lcsu
2339 5303 2727 5376 Cliristi;quarc
2754 5307 3030 5376 generatio
3059 5307 3127 5361 sit
3160 5308 3459 5363 communis
3498 5317 3553 5363 et

1974 5418 2078 5458 non
2094 5402 2422 5466 communis;
2440 5400 2703 5455 undenam
2727 5401 2887 5456 Maria
2908 5416 2974 5456 ex
2993 5400 3190 5455 Davide
3202 5410 3317 5455 orta
3334 5414 3453 5455 esse
3471 5414 3553 5453 os-

1975 5493 2251 5560 tendatur;
2272 5507 2367 5549 cur
2389 5492 2530 5549 illius
2553 5492 2843 5564 majoribus
2861 5491 3075 5548 silentio
3089 5489 3289 5559 misais,
3306 5490 3552 5561 genealo-

2053 5715 2069 5743 ί
2108 5711 2222 5773 Alii,
2248 5709 2313 5761 ita
2338 5706 2523 5761 virtutis
2544 5712 2647 5759 erat
2672 5712 2878 5756 amator.
