4058 6208
447 243 453 249 ·
489 215 558 269 29
1143 222 1206 277 Β.
1259 224 1545 278 JOANVIS
1584 224 2062 279 (LIIIIYSUSTUMI

2179 227 2425 282 iClIIEP.
2471 226 3012 283 CONSTANTINOP.
3678 239 3753 294 3ft

477 326 793 396 gianscphi
825 326 980 383 ducta
1012 327 1191 384 fuerit.
1217 328 1271 383 Si
1299 329 1438 391 enim
1464 329 1574 382 lucc
1601 331 1967 391 servaveritis,
1993 333 2058 384 ad

479 421 679 488 reliqua
709 419 936 474 dicenda
967 421 1259 476 alacriores
1283 437 1379 474 nos
1401 421 1633 475 reddetis
1655 439 1669 486 ;
1690 425 1732 476 si
1775 438 1901 477 vero
1947 424 2058 478 lucc

477 511 790 586 reSpueritis
817 521 868 564 et
893 528 960 565 ex
997 513 1259 566 mentibus
1287 512 1444 565 missa
1479 513 1728 576 feceritis,
1762 513 1827 567 ad
1855 524 2048 569 cmtera

479 601 798 670 proferenda
840 603 1113 674 segniores
1159 602 1382 656 erimus.
1423 601 1604 671 Neque
1651 605 1790 658 enim
1827 606 2058 675 agricola

479 700 674 746 terram
699 735 711 756 ,
735 709 852 763 qua:
880 693 1080 747 semina
1111 702 1419 762 corrumpat
1443 735 1456 758 ,
1492 695 1718 749 libenter
1743 697 2056 751 excoluerit.

478 781 866 846 Quamobrem,
895 797 1024 850 rogo
1049 823 1062 842 .
1110 781 1223 834 lucc
1266 793 1445 835 mente
1482 783 1723 836 volvatis.
1759 785 1834 854 Ex
1879 787 2057 838 talium

479 872 676 940 quippe
701 886 877 924 rerum
909 871 1255 925 meditatione
1285 887 1532 940 maguum
1566 873 1832 942 quidpiam
1849 883 1903 928 et
1921 875 2062 929 salu-

483 974 593 1016 tare
621 963 814 1015 bonum
845 963 1038 1016 animae
1063 962 1286 1030 paritur.
1309 962 1439 1016 Nam
1470 973 1522 1017 et
1548 963 1659 1018 Deo
1680 964 1888 1032 placere
1912 975 2061 1033 pote-

476 1057 641 1110 rimus
663 1097 678 1119 ,
707 1056 748 1108 si
778 1055 892 1108 Iure
917 1070 1184 1118 curemus,
1206 1063 1259 1108 et
1287 1071 1378 1110 ora
1401 1064 1579 1110 nostra
1619 1071 1648 1109 a
1683 1058 2019 1112 contumeliis
2041 1098 2059 1124 ,

474 1149 740 1204 obscoenis
768 1150 946 1204 verbis
973 1158 1023 1202 et
1061 1149 1313 1203 conviciis
1363 1165 1490 1209 Dura
1521 1159 1712 1215 erunt,
1746 1151 1870 1204 dum
1897 1152 2059 1220 spiri-

477 1242 709 1294 tualibus
757 1241 1149 1301 exercebuntur
1177 1241 1438 1311 eloquiis;
1487 1242 1922 1313 dacmonibusque
1950 1244 2060 1298 for-

476 1332 757 1386 midabiles
786 1346 904 1386 esse
932 1331 1243 1401 poterimus,
1272 1332 1317 1386 si
1347 1333 1577 1402 linguam
1601 1341 1837 1388 nostram
1869 1336 2061 1390 talibus

478 1423 761 1476 verborum
804 1423 968 1476 armis
1011 1423 1347 1477 muniamus:
1401 1423 1524 1476 hinc
1574 1424 1850 1478 oculorum
1908 1426 2062 1480 nobis

479 1511 857 1580 perspicacitas
888 1522 1128 1581 augetur.
1155 1513 1286 1566 Nam
1316 1521 1370 1566 et
1394 1513 1600 1578 oculos,
1633 1522 1685 1568 et
1708 1529 1788 1579 os,
1823 1523 1878 1569 et
1904 1516 2056 1569 audi-

483 1617 590 1660 tum
621 1605 740 1660 ideo
766 1606 815 1658 in
849 1604 1002 1657 nobis
1034 1606 1225 1672 posuit,
1257 1613 1312 1658 ut
1337 1605 1518 1659 omnia
1550 1606 1648 1674 ipsi
1679 1607 1914 1661 membra
1949 1621 2063 1662 ser-

481 1699 691 1762 virent;
725 1707 780 1751 ut
807 1713 924 1766 quae
954 1698 1119 1768 ipsius
1152 1706 1276 1752 sunt
1304 1699 1618 1766 loquamur,
1653 1707 1709 1752 ut
1748 1715 1866 1767 qua:
1897 1701 2060 1768 ipsius

480 1798 604 1842 sunt
631 1803 933 1856 operemur,
967 1797 1023 1840 ut
1055 1795 1308 1856 perpetuo
1335 1787 1559 1856 hymnos
1586 1787 1685 1854 ipsi
1711 1803 1982 1852 canamus,
2005 1799 2062 1844 ut

480 1880 773 1948 gratiarum
803 1877 1040 1930 actiones
1079 1877 1415 1941 emittamus,
1446 1891 1510 1930 ac
1535 1891 1628 1944 per
1649 1877 1763 1932 haec
1787 1881 2063 1933 cooscicn-

488 1972 610 2022 tiam
644 1978 880 2021 nostram
922 1982 1229 2036 purgemus.
1272 1965 1726 2033 Quemadmodum
1771 1972 1910 2024 enim
1939 1985 2060 2024 coro

480 2078 584 2130 pus
607 2077 751 2131 puro
779 2061 967 2115 fruens
993 2075 1118 2114 aere
1145 2061 1415 2115 valentius
1443 2061 1658 2125 evadet,
1689 2062 1768 2116 sic
1797 2071 1853 2116 et
1877 2061 2060 2116 anima

479 2156 567 2210 his
598 2155 876 2210 exercitiis
918 2153 1204 2217 innutrita,
1237 2153 1596 2222 philosophiae
1630 2155 1802 2224 magis
1841 2153 2064 2209 addicta

483 2243 612 2298 erit.

631 2427 819 2478 Annon
847 2421 998 2477 vides
1040 2421 1282 2490 corporis
1312 2420 1493 2474 oculos
1519 2460 1534 2485 ,
1567 2419 1691 2474 dum
1720 2423 1772 2473 in
1795 2419 1938 2475 fumo
1959 2436 2077 2476 ver-

405 2528 410 2533 '
480 2525 685 2581 santur,
718 2515 980 2584 laerymas
1008 2526 1216 2580 semper
1247 2509 1484 2575 fundere,
1510 2525 1630 2564 cum
1659 2519 1834 2565 autem
1861 2511 1912 2564 in
1944 2525 2076 2580 puro

484 2625 631 2674 aere,
666 2607 716 2662 in
747 2617 920 2678 prato,
952 2608 1003 2661 in
1035 2607 1266 2661 fontibus
1287 2648 1302 2673 ,
1335 2607 1386 2660 in
1422 2607 1608 2672 hortis,
1638 2617 1694 2662 et
1719 2609 2073 2678 perspicacio-

482 2714 567 2752 res
599 2707 651 2752 et
679 2697 919 2752 saniores
941 2696 1099 2752 esse?
1129 2697 1272 2751 Talis
1293 2706 1374 2751 est
1396 2706 1450 2752 et
1475 2698 1666 2752 anima:
1693 2699 1877 2752 oculus
1902 2716 1915 2752 :
1939 2698 1983 2752 si
2015 2699 2069 2750 in

481 2799 632 2858 [rato
654 2789 1005 2856 Spiritualium
1027 2789 1357 2859 eloquiorum
1387 2797 1653 2859 pascatur,
1685 2805 1869 2858 purus,
1894 2789 2068 2844 clarus

481 2891 535 2935 et
562 2881 835 2949 perspicax
858 2879 996 2943 erit;
1025 2881 1106 2934 sin
1150 2879 1349 2934 fumum
1372 2879 1704 2933 saecularium
1735 2880 2069 2949 negotiorum

480 2973 655 3036 adeat,
687 2971 966 3041 plurimum
998 2971 1374 3040 Iacrymabitur
1394 2985 1457 3023 ac
1486 2969 1664 3034 flebit,
1695 2978 1748 3024 ct
1778 2984 1918 3024 nunc
1942 2979 1994 3023 et
2021 2969 2072 3023 in

481 3065 682 3118 futuro.
727 3063 966 3116 Humana
1007 3061 1201 3131 quippe
1263 3061 1472 3130 negotia
1524 3059 1665 3114 fumo
1709 3069 1832 3114 sunt
1861 3059 2071 3115 similia.

480 3153 710 3224 Ideoque
737 3153 950 3208 dicebat
991 3152 1248 3222 quispiam
1275 3170 1285 3205 :
1313 3151 1614 3220 Defererunt
1634 3152 1762 3204 sicut
1782 3151 1950 3219 fumus
1971 3153 2074 3206 dies

484 3248 582 3300 mei
613 3245 782 3317 (Psal.
816 3245 939 3299 101.
971 3244 1052 3312 4).
1093 3242 1197 3298 Sed
1250 3243 1339 3296 ille
1367 3242 1578 3311 quidem
1624 3241 1691 3295 de
1735 3241 1994 3295 brevitate
2021 3251 2073 3295 et

485 3335 553 3390 de
581 3336 696 3405 fuga
725 3334 937 3390 mobilis
966 3335 1064 3388 arvi
1096 3333 1363 3402 loquitur:
1392 3347 1490 3403 ego
1518 3347 1644 3387 vero
1671 3347 1773 3386 non
1803 3318 1868 3386 de
1891 3334 1987 3387 hac
2010 3347 2069 3387 re

486 3437 714 3492 tantum,
747 3426 842 3482 sed
871 3427 1029 3482 etiam
1070 3425 1135 3480 de
1167 3425 1561 3495 perturbatione
1587 3426 1602 3456 ¹
1631 3439 1806 3479 rerum
1837 3439 2072 3494 prtcsens

485 3519 616 3572 timn
641 3519 754 3573 hare
781 3516 1088 3587 accipienda
1109 3531 1232 3572 esse
1256 3505 1472 3571 censeo.
1520 3514 1659 3568 Nihil
1710 3515 1852 3568 enim
1882 3514 2073 3568 mentis

483 3610 695 3663 oculum
726 3612 794 3663 ita
825 3610 962 3663 male
988 3608 1149 3662 afficit
1176 3616 1229 3662 et
1258 3607 1452 3670 turbat,
1480 3615 1536 3658 ιιι
1560 3605 1892 3660 surcularium
1919 3619 2074 3658 cura-

488 3715 605 3753 rum
638 3701 910 3761 tumultus,
937 3708 990 3752 et
1013 3697 1562 3767 concupiscentiarum
1588 3697 1759 3750 turba.
1786 3697 1908 3750 [late
1929 3697 2070 3750 enim

494 3798 619 3843 sunt
667 3789 793 3843 fumi
845 3789 1063 3858 hujusce
1111 3789 1273 3858 ligna.
1304 3788 1380 3842 Ac
1419 3786 1864 3856 quemadmodum
1895 3787 2071 3855 ignis,

485 3897 604 3934 cum
635 3880 906 3939 humidam
931 3880 1204 3935 materiam
1246 3878 1488 3947 corripit,
1517 3878 1739 3932 multum
1769 3878 1963 3932 excitat
1989 3878 2071 3932 fu-

494 3989 672 4025 mum:
703 3973 779 4026 sic
809 3981 861 4028 et
886 3971 1313 4040 concupiscentia
1333 4009 1350 4036 ,
1382 3985 1502 4039 qua:
1547 3970 1756 4023 fervens
1787 3977 1840 4023 et
1870 3969 1979 4038 ipsa
2009 3983 2072 4022 ac

483 4063 628 4134 quasi
655 4064 895 4122 [lanunca
929 4071 1030 4126 est,
1060 4077 1180 4117 cum
1206 4061 1474 4116 humidam
1499 4060 1782 4130 quamdam
1807 4075 1868 4113 ac
1895 4060 2074 4114 disso-

494 4159 654 4206 lutam
682 4152 903 4221 corripit
927 4153 1178 4218 animam,
1213 4152 1437 4207 multum
1463 4161 1516 4207 et
1545 4153 1655 4222 ipsa
1689 4151 1888 4206 fumum
1912 4151 2069 4220 parit.

486 4244 686 4298 Idcirco
721 4258 853 4312 Opus
873 4255 956 4297 est
976 4259 1097 4298 rore
1118 4245 1365 4312 Spiritus,
1391 4254 1443 4298 et
1465 4258 1590 4297 aura
1619 4244 1729 4308 illa,
1754 4257 1874 4313 qua:
1897 4242 2070 4312 ignem

485 4337 822 4402 exstinguat,
849 4348 912 4386 ac
937 4333 1142 4387 fumum
1169 4333 1424 4400 dissipet,
1459 4343 1796 4400 mentemque
1835 4343 2069 4384 nostram

486 4424 756 4476 v..lucrem
787 4421 990 4476 reddat.
1020 4421 1126 4476 Nec
1155 4423 1275 4491 quis
1305 4430 1496 4490 potest,
1526 4436 1624 4475 nec
1651 4429 1822 4490 potest
1849 4421 2028 4487 utique
2051 4459 2066 4482 ,

485 4517 561 4559 tot
587 4506 808 4560 obrutus
835 4505 988 4559 malis
1031 4507 1096 4558 ad
1145 4506 1336 4559 cmlum
1378 4505 1602 4559 volare:
1651 4505 1742 4557 sed
1774 4503 2064 4573 Optandnm

482 4605 582 4660 est,
614 4613 710 4651 nos
736 4597 1009 4666 expeditos
1029 4596 1166 4651 hanc
1193 4612 1348 4666 posse
1367 4611 1584 4666 carpere
1611 4596 1781 4658 viam;
1807 4596 1913 4648 imo
1941 4610 2068 4650 vero

483 4706 550 4745 ne
582 4690 658 4745 sic
702 4691 916 4760 quidem
947 4705 1264 4761 possumus,
1298 4689 1400 4743 nisi
1430 4691 1540 4744 alas
1569 4689 1799 4758 Spiritus
1823 4703 2066 4741 assuma-

484 4798 621 4835 mus.
654 4781 707 4836 Si
741 4783 917 4851 itaque
957 4781 1200 4850 expedita
1251 4789 1460 4841 mente,
1492 4793 1554 4833 ac
1592 4777 1850 4847 Spirituali
1894 4778 2062 4847 gratia

485 4887 619 4943 opus
648 4871 800 4925 nobis
825 4881 906 4926 est
931 4912 942 4934 ,
971 4883 1027 4925 ut
1053 4872 1116 4925 ad
1149 4882 1349 4925 tantam
1379 4869 1756 4924 sublimitatem
1779 4867 2067 4923 ascendere

487 4964 793 5025 valeamus;
834 4977 954 5016 cum
1004 4976 1188 5015 eorum
1228 4961 1383 5024 nihil,
1409 4959 1503 5014 sed
1549 4974 1768 5029 prcrsus
1799 4959 2065 5012 contraria

485 5053 796 5123 pondusque
825 5052 1116 5106 satanicum
1149 5051 1524 5105 contrahamus
1551 5069 1564 5105 :
1597 5066 1702 5118 quo
1733 5060 1885 5120 pacto
1918 5061 2067 5118 pote-

485 5145 654 5197 rimus
678 5143 925 5209 avolare,
960 5149 1106 5196 tanto
1151 5155 1313 5196 onere
1353 5139 1632 5210 depressi?
1678 5139 1732 5194 Si
1781 5139 1899 5209 quis
1925 5139 2066 5194 enim

553 5387 570 5419 ι
608 5383 752 5434 Morel
780 5419 796 5441 ,
821 5382 882 5432 de
914 5380 1191 5444 ﬁ'agilitate.
1232 5379 1291 5444 In
1311 5385 1472 5428 Graeco
1504 5377 1704 5444 legitur,
1733 5382 1954 5444 emtas“,
1975 5387 2068 5436 qua

487 5459 606 5496 voce
633 5459 691 5495 ex
730 5436 924 5494 ι-ίιιιίιιιιἸ
948 5436 1182 5506 fragilitas
1205 5440 1320 5489 telae
1343 5453 1534 5489 aranea:
1553 5436 1581 5496 ξ
1600 5439 1689 5488 sed
1720 5436 1849 5509 nulla
1887 5448 2070 5547 suppe-

489 5516 547 5556 ιιι
578 5519 673 5556 vox
694 5461 836 5556 iatina
860 5518 970 5556 ante
989 5507 1230 5556 coniosam
1259 5503 1382 5552 hanc
1403 5501 1804 5556 staniﬁcationem
1825 5512 1876 5548 ιιι
1898 5510 1956 5547 se
1997 5509 2069 5546 ta-

485 5516 547 5616 st
578 5519 673 5617 {ex
694 5501 836 5558 [atina
860 5518 970 5575 quas
989 5501 1230 5568 copiosam
1259 5503 1382 5552 hanc
1403 5501 1804 5566 Signiﬁcationem
1825 5501 1876 5548 in
1898 5510 1956 5547 se
1980 5501 2069 5547 ha-

523 5580 582 5618 ca

2161 335 2310 400 quasi
2338 332 2566 399 mjnstis
2609 339 2826 385 stateris
2872 330 3133 399 cogitatus
3176 336 3386 384 nostros
3437 329 3761 399 appendere

2161 421 2322 488 velit,
2351 421 2488 474 inter
2517 421 2659 474 mille
2690 421 2880 474 talenta
2917 420 3247 476 szecularium
3271 434 3588 475 sermonum
3618 463 3634 487 ,
3668 423 3761 478 vix

2161 511 2407 566 denarios
2425 521 2636 565 centum
2654 510 3004 580 Spiritualium
3021 510 3301 564 verborum
3323 511 3597 574 Inveniet;
3625 513 3760 578 imo,

2162 617 2230 656 ne
2259 601 2442 656 decem
2468 601 2674 656 obolos.
2705 603 2894 654 Annon
2925 616 3050 671 ergo
3075 610 3225 670 turpe
3253 602 3588 672 omninoque
3618 603 3756 657 ridi-

2162 692 2336 746 culum
2367 700 2448 746 est
2468 733 2482 756 ,
2531 691 2656 745 dum
2704 705 2913 745 servum
2941 690 3213 756 habentes,
3245 691 3336 744 illo
3371 701 3428 745 ut
3456 693 3756 761 plurimum

2163 785 2360 837 utimur
2390 783 2454 837 ad
2489 798 2575 837 res
2600 784 2950 846 necessarias,
2983 797 3082 837 nos
3111 799 3223 846 ore,
3253 784 3498 838 membro
3522 794 3716 838 nostro
3739 829 3756 854 ,

2162 889 2268 928 non
2299 873 2515 943 perinde
2540 874 2614 926 uti
2654 881 2810 942 atque
2841 887 3034 937 servo;
3067 872 3160 926 sed
3192 882 3378 927 contra
3398 916 3412 938 ,
3444 874 3514 928 ad
3543 875 3759 931 inutilia

2162 975 2217 1019 et
2236 965 2498 1034 superflua
2525 965 2772 1035 negotia?
2800 965 2971 1033 Atque
2997 965 3194 1019 utinam
3221 965 3289 1019 ad
3319 967 3594 1035 superflua
3629 980 3752 1022 tan-

2167 1067 2320 1122 tum;
2352 1057 2448 1111 sed
2481 1057 2646 1111 etiam
2679 1055 2771 1110 illo
2813 1058 3022 1109 utimur
3053 1056 3118 1109 ad
3158 1057 3436 1110 contraria
3486 1065 3549 1113 et
3593 1060 3766 1116 noxia

2165 1159 2222 1204 et
2266 1149 2403 1202 nihil
2446 1147 2700 1202 utilitatis
2739 1147 3020 1202 habentia.
3053 1147 3106 1202 Si
3144 1148 3290 1202 enim
3327 1148 3488 1202 nobis
3521 1164 3590 1204 ea
3639 1166 3766 1223 qua:

2165 1241 2448 1311 loquimur
2474 1240 2633 1294 utilia
2658 1249 2863 1299 essent.
2882 1240 3048 1294 etiam
3080 1240 3192 1294 Deo
3219 1241 3410 1310 procul
3434 1240 3615 1297 dubio
3641 1243 3765 1318 pla-

2165 1343 2378 1388 cerent.
2443 1365 2448 1380 ι

2231 1534 2443 1604 Lingua:
2468 1529 2788 1584 moderanda:
2815 1527 2962 1580 ratio.
2979 1557 3048 1566 —
3069 1526 3220 1596 Nunc
3245 1538 3418 1584 autem
3460 1545 3530 1584 ea
3573 1532 3760 1584 omnia

2161 1627 2428 1696 loquimur
2455 1637 2574 1694 quae
2601 1620 2843 1675 diabolus
2883 1620 3233 1688 suggesserit,
3281 1621 3440 1676 modo
3475 1622 3723 1677 ridentes
3743 1663 3761 1686 ,

2164 1717 2324 1771 modo
2352 1715 2550 1770 urbana
2578 1712 2874 1780 loquentes,
2904 1707 3063 1762 modo
3090 1709 3368 1765 maledicta
3393 1721 3447 1766 et
3469 1722 3764 1767 contume-

2166 1805 2264 1860 lias
2293 1803 2643 1873 prolercntes,
2678 1798 2836 1853 modo
2870 1797 3110 1864 jurantes
3133 1838 3149 1864 ,
3200 1800 3526 1855 mentientes
3548 1842 3564 1866 ,
3615 1801 3764 1870 peje-

2165 1903 2372 1960 rantes;
2404 1907 2544 1947 nunc
2572 1891 2915 1959 ferocientes,
2962 1905 3101 1945 nunc
3141 1889 3303 1945 futilia
3333 1900 3385 1945 et
3413 1892 3652 1946 anilibus
3681 1892 3765 1945 fa-

2168 1986 2307 2040 bulis
2334 1985 2530 2039 leviora
2553 2025 2568 2050 ,
2598 1998 2716 2053 qua:
2747 1983 2874 2037 nihil
2904 1985 2967 2039 ad
2997 1998 3094 2038 nos
3134 1983 3393 2048 attinent,
3435 1983 3484 2036 in
3520 1983 3763 2037 medium

2168 2075 2469 2130 afferentes.
2489 2074 2618 2141 Quis
2635 2075 2775 2130 enim
2801 2085 3052 2139 vestrum,
3077 2087 3279 2144 qumso,
3305 2073 3574 2142 psalmum
3596 2089 3763 2126 unum

2169 2169 2397 2222 recitare
2435 2176 2683 2236 rogatus,
2736 2166 2787 2220 id
2815 2166 2992 2222 dicere
3016 2163 3218 2234 possit,
3258 2163 3343 2216 vel
3378 2163 3539 2216 aliam
3569 2178 3762 2231 quam-

2172 2261 2309 2328 piam
2351 2258 2543 2311 divinae
2571 2257 2858 2326 Scripturac
2889 2255 3133 2325 partem?
3170 2253 3337 2308 Nemo
3379 2268 3533 2308 sane.
3576 2252 3762 2321 Neque

2175 2349 2301 2404 illud
2329 2349 2501 2402 solum
2527 2361 2684 2415 grave
2710 2356 2821 2409 est;
2868 2345 2960 2401 sed
2999 2344 3137 2414 quod
3166 2345 3303 2398 circa
3333 2343 3632 2411 spiritualia
3663 2342 3762 2396 de-

2171 2431 2310 2486 sides
2336 2473 2351 2496 ,
2399 2430 2540 2486 circa
2580 2433 2814 2486 satanica
2855 2431 2974 2501 igne
3002 2433 3118 2486 sitis
3146 2431 3516 2487 ferventiores.
3551 2433 3689 2488 Nam
3717 2450 3762 2489 su

2171 2523 2286 2591 quis
2315 2537 2410 2577 vos
2440 2523 2768 2591 interrogare
2811 2522 2937 2577 velit
2976 2523 3043 2576 de
3081 2522 3354 2577 diabolicis
3383 2525 3642 2590 canticis,
3693 2525 3764 2580 de

2172 2615 2485 2668 meretriciis
2527 2624 2581 2669 et
2623 2614 2833 2668 lascivis
2875 2591 3232 2680 carininibus,
3280 2613 3478 2668 multos
3523 2616 3762 2671 inveniet

2170 2704 2254 2770 qui
2290 2702 2403 2757 hanc
2449 2713 2694 2758 accurate
2738 2703 2942 2780 sciant,
2984 2711 3038 2757 et
3084 2719 3203 2758 cum
3251 2705 3521 2774 voluptate
3566 2720 3759 2776 magna

2172 2797 2537 2861 pronuntient.
2567 2796 2668 2850 Sed
2699 2810 2817 2864 qum
2845 2794 3083 2851 defensio
3123 2796 3187 2851 ad
3229 2798 3384 2852 talem
3427 2799 3762 2854 criminatio-

2173 2885 2338 2939 nem?
2369 2885 2481 2939 Non
2513 2902 2662 2949 sum,
2709 2885 2906 2956 inquit,
2950 2886 3270 2953 monachus,
3313 2887 3405 2942 sed
3446 2904 3673 2944 uxorem
3703 2900 3761 2944 et

2173 2975 2308 3029 filios
2342 2976 2534 3039 habeo,
2564 2991 2850 3045 curamque
2878 2975 3186 3031 domestica:
3214 2978 3290 3032 rei
3319 2992 3467 3047 gero.
3496 2980 3666 3050 Atqui
3695 2981 3760 3034 il-

2171 3067 2259 3119 lud
2291 3077 2372 3122 est
2401 3069 2543 3137 quod
2573 3056 2749 3124 omnia
2779 3069 3086 3138 pessumdat
3109 3110 3123 3136 ,
3169 3069 3309 3140 quod
3351 3069 3418 3124 ad
3456 3073 3758 3127 monachos

2170 3157 2340 3210 solum
2374 3159 2567 3226 putetis
2611 3160 2875 3228 pertinere
2911 3160 3194 3216 lectionem
3233 3161 3528 3216 divinarum
3571 3163 3755 3232 Scrip-

2173 3255 2439 3310 turarum,
2484 3263 2603 3302 cum
2652 3250 2818 3303 multo
2863 3250 3028 3318 magis
3065 3267 3220 3320 quam
3252 3249 3355 3306 illis
3376 3248 3450 3305 'sit
3476 3253 3633 3308 vobis
3661 3269 3758 3308 ne»

2169 3337 2422 3392 cessaria.
2457 3337 2532 3392 Illi
2563 3339 2704 3393 enim
2735 3340 2823 3407 qui
2857 3339 2908 3392 in
2941 3339 3116 3393 medio
3146 3351 3444 3405 versantur,
3477 3356 3531 3396 et
3569 3344 3751 3414 quoti-

2171 3426 2256 3481 die
2276 3431 2490 3484 vulnera
2514 3432 2804 3500 excipiunt,
2831 3433 2996 3486 multo
3011 3434 3178 3503 magis
3199 3434 3549 3491 medicamine
3570 3449 3752 3507 egent.

2171 3513 2351 3582 Itaque
2381 3518 2535 3588 longe
2562 3520 2711 3588 pejus
2741 3531 2852 3585 cst,
2876 3536 3031 3589 quam
3064 3538 3168 3576 non
3199 3523 3390 3593 legere,
3424 3527 3750 3596 superfluam

2171 3619 2280 3662 rem
2328 3622 2448 3663 esse
2499 3619 2705 3680 putare.
2757 3611 2880 3666 Ilaec
2910 3614 3104 3684 quippe
3147 3615 3306 3670 verba
3349 3617 3585 3673 satanica
3626 3629 3761 3677 sunt

2170 3708 2490 3752 commenta.

2243 3881 2294 3935 6.
2358 3877 2524 3931 Lectio
2569 3872 2933 3944 evangeliorum
2979 3861 3505 3920 accesserim—Non
3557 3860 3756 3914 auditis

2173 3973 2393 4027 Paulum
2425 3969 2724 4030 dicentem,
2762 3965 2874 4017 haec
2904 3960 3080 4016 omnia
3107 3957 3171 4011 ad
3203 3955 3592 4024 corrcptionem
3625 3968 3756 4008 nos-

2177 4074 2310 4116 tram
2339 4060 2533 4128 scripta
2554 4071 2671 4112 esse
2695 4056 2712 4127 (
2737 4056 2785 4109 I.
2814 4053 2930 4107 Cor.
2963 4050 3046 4105 10.
3077 4050 3135 4102 II
3159 4046 3214 4119 )‘.’
3240 4046 3316 4100 Tu
3339 4061 3486 4108 vero,
3515 4045 3558 4097 si
3587 4045 3759 4097 Evan-

2175 4156 2370 4226 gelium
2402 4152 2562 4208 illotis
2589 4149 2832 4204 manibus
2871 4158 3081 4200 sumere
3123 4147 3426 4208 oporteret,
3476 4136 3526 4188 id
3571 4136 3757 4203 utique

2177 4246 2370 4309 nolles,
2400 4256 2453 4300 et
2484 4254 2660 4297 tamen
2683 4249 2836 4308 putas
2861 4253 2923 4290 ea
2950 4250 3067 4301 quae
3090 4234 3140 4283 in
3168 4231 3258 4283 illo
3283 4228 3621 4281 continentur
3649 4241 3784 4280 non

2177 4353 2296 4392 esse
2325 4335 2608 4389 admodum
2639 4327 2954 4384 necessaria.
2995 4323 3223 4388 Ideoque
3250 4318 3425 4370 omnia
3455 4331 3546 4370 sus
3585 4317 3766 4384 deque

2181 4441 2331 4480 versa
2363 4432 2505 4476 sunt.
2536 4420 2685 4485 Quod
2713 4419 2757 4470 si
2802 4417 3006 4469 discere
3041 4411 3174 4463 velis
3204 4416 3456 4476 quantum
3504 4405 3636 4460 lucri
3678 4422 3768 4461 rc—

2184 4523 2421 4585 portetur
2446 4528 2509 4567 ex
2538 4508 2825 4577 Scripturis
2850 4523 2863 4557 :
2893 4515 2943 4558 te
2965 4503 3133 4571 ipsum
3156 4499 3417 4557 examina.
3444 4513 3548 4567 quo
3570 4513 3785 4568 nempe

2185 4610 2235 4661 in
2263 4608 2367 4661 situ
2394 4613 2448 4660 et
2477 4611 2614 4658 statu
2644 4601 2716 4654 sis
2746 4613 2864 4652 cum
2909 4595 3141 4664 psalmos
3169 4591 3319 4645 audis
3339 4613 3360 4656 ,-
3403 4605 3456 4645 et
3485 4607 3611 4662 quo,
3643 4605 3786 4646 cum

2186 4696 2475 4750 Satanicam
2524 4692 2840 4746 cantilenam
2885 4694 3040 4752 :quo
3080 4683 3269 4737 affectu
3316 4683 3390 4736 sis
3439 4684 3490 4736 itt
3536 4683 3769 4737 ecclesia

2189 4797 2410 4840 versans
2429 4824 2445 4850 ,
2477 4797 2582 4852 quo
2610 4782 2660 4834 in
2693 4781 2901 4833 theatro
2929 4778 3122 4833 sedens
3145 4793 3158 4828 :
3184 4774 3492 4845 videbisque
3517 4772 3782 4844 quantum

2190 4877 2260 4931 sit
2288 4875 2577 4930 discrimen
2609 4873 2746 4925 inter
2777 4869 2912 4924 hanc
2940 4877 2993 4923 et
3033 4868 3174 4920 illam
3223 4867 3474 4930 animam,
3519 4864 3641 4917 licet
3671 4875 3774 4914 una

2192 4967 2482 5035 eademque
2513 4965 2598 5018 sit.
2632 4961 2861 5030 Ideoque
2891 4959 3082 5014 Paulus
3111 4958 3274 5012 dicit:
3303 4954 3640 5023 Corrumpunt
3668 4967 3778 5004 mo-

2195 5074 2273 5112 res
2299 5059 2450 5110 bonos
2478 5054 2726 5122 colloquia
2755 5068 2908 5122 prava
2935 5053 3016 5120 (1.
3047 5049 3165 5104 Cor.
3197 5049 3282 5102 15.
3312 5049 3438 5116 55).
3473 5045 3670 5113 Idcirco
3699 5057 3782 5095 as-

2195 5147 2361 5203 siduis
2384 5146 2608 5215 Spiritus
2632 5143 2798 5198 sancti
2822 5142 3063 5197 cantibus
3083 5154 3319 5209 egemus.
3348 5136 3479 5190 Illud
3520 5135 3661 5188 enim
3697 5139 3780 5184 est

2196 5241 2248 5295 in
2279 5255 2384 5309 quo
2423 5238 2590 5291 brutis
2633 5244 2985 5306 prmstamus,
3038 5233 3162 5286 licet
3203 5231 3255 5284 in
3304 5230 3420 5283 aliis
3461 5224 3776 5298 quihusdam

2199 5333 2354 5401 longe
2387 5331 2513 5400 ipsis
2543 5329 2821 5382 inferiores
2849 5327 3040 5380 simus.
3070 5310 3182 5377 Hoc
3215 5332 3298 5377 est
3323 5322 3634 5375 alimentum
3665 5313 3778 5369 atti-

2200 5439 2331 5486 maa,
2367 5422 2468 5475 hoc
2495 5427 2864 5475 ornamentum
2891 5458 2905 5481 ,
2954 5417 3053 5470 hoc
3091 5414 3384 5474 securitas;
3424 5418 3608 5464 contra
3649 5418 3779 5460 vero

2200 5528 2307 5567 non
2333 5512 2549 5579 audire,
2591 5511 2716 5565 illud
2760 5510 2952 5571 fames,
2993 5505 3122 5558 illud
3160 5502 3429 5571 corruptio
3456 5509 3537 5556 est
3581 5511 3596 5546 :
3639 5495 3789 5550 Dabo
