4058 6208
559 301 619 350 51
1276 318 1331 371 S.
1372 317 1652 373 JOANNIS
1687 318 2169 378 CHRYSOSTOMI
2209 324 2529 385 ARCHIEP.
2568 330 3115 391 CONSTANTINOP.
3740 353 3802 406 59

561 408 678 476 μῶν
707 410 942 475 ἀκούων,
976 411 1057 474 τίς
1098 410 1154 464 δὲ
1200 414 1495 478 σατανικῆς
1525 412 1669 483 ᾠδῆς
1691 432 1703 444 ·
1739 415 1833 467 καὶ
1867 414 1983 479 πῶς
2012 415 2131 471 διά-

450 492 453 499 ’
558 519 739 555 κεισαι
777 504 835 554 ἐν
883 504 1147 576 ἐκκλησίᾳ
1180 504 1489 574 διατρίϐων,
1525 506 1618 558 καὶ
1656 507 1775 571 πῶς
1812 508 1872 562 ἐν
1921 509 2139 582 θεάτρῳ

558 593 869 664 καθήμενος
888 612 901 625 ο
929 596 1021 649 καὶ
1046 596 1166 665 ὄψει
1195 597 1327 649 πολὺ
1352 597 1414 650 τδ
1446 598 1609 667 μέσον
1640 598 1844 668 ταύτης
1872 601 2134 671 κάκείνης

554 694 654 762 τῆς
682 690 893 760 ψυχῆς,
940 689 1185 765 καίτοιγε
1214 692 1343 763 μιᾶς
1369 690 1557 763 οὔσης.
1609 692 1707 745 Διὰ
1736 692 1894 753 τοῦτο
1921 694 2136 757 Παῦλος

561 788 713 855 ἔλεγε
734 807 747 817 ·
773 790 1126 856 Φθείρουσιν
1148 788 1264 856 ἤθη
1287 791 1521 857 χρηστὰ
1556 785 1781 852 ὁμιλίαι
1810 786 1987 837 κακαί
1994 825 2006 838 .
2036 784 2137 837 Διά

562 878 717 930 τοῦτο
764 878 1040 948 συνεχῶν⁸
1075 881 1206 949 ἡμῖν
1245 878 1327 930 δεῖ
1370 876 1480 929 τῶν
1524 875 1634 929 ἀπὸ
1676 872 1769 926 τοῦ
1819 872 2137 942 Πνεύματος

559 967 801 1036 ἐπῳδῶν.
839 970 947 1022 Καὶ
986 968 1095 1039 γὰρ
1119 969 1277 1021 τοῦτό
1309 970 1457 1020 ἐστιν
1500 961 1545 1035 ᾧ
1577 965 1685 1017 τῶν
1717 965 1924 1032 ἀλόγων
1949 964 2139 1017 πλεον-

558 1059 846 1129 εκτοῦμεν,
869 1060 945 1122 ὡς
968 1060 1077 1112 τῶν
1105 1077 1169 1128 γε
1198 1060 1373 1113 ἄλλων
1397 1060 1583 1112 ἕνεκεν
1607 1058 1702 1111 καὶ
1730 1056 1936 1127 σφόδρα
1959 1055 2139 1109 αὐτῶν

560 1150 958 1217 ἐλαττούμεθα.
979 1150 1152 1202 Τοῦτό
1176 1151 1292 1202 ἐστι
1316 1148 1493 1219 τροφὴ
1517 1147 1887 1218 ψυχῆς,τοῦτο
1910 1151 2135 1219 κόσμος,

559 1239 719 1291 τοῦτο
747 1240 1019 1308 ἀσφάλεια
1037 1257 1052 1268 ο
1077 1238 1264 1309 ῶσπερ
1290 1233 1383 1291 οὖν
1407 1238 1467 1290 τὸ
1499 1237 1573 1307 μὴ
1597 1237 1834 1300 ἀκούειν,
1860 1237 2017 1308 λιμὸς
2044 1238 2138 1291 καὶ

563 1328 761 1397 φθορά.
793 1328 961 1381 Δώσω
997 1329 1127 1399 γὰρ,
1164 1328 1346 1397 φησὶν,
1384 1328 1588 1392 αὐτοῖς,
1616 1328 1699 1379 Οὐ
1722 1327 1901 1395 λιμὸν
1930 1327 2135 1395 ἄρτου,

560 1418 703 1471 οὐδὲ
728 1418 918 1485 δίψαν
950 1419 1189 1483 ὕδατος.
1217 1417 1378 1472 ἀλλὰ
1402 1416 1580 1486 λιμόν
1605 1416 1712 1471 τοῦ
1738 1417 1999 1471 ἀκοῦσαι
2035 1416 2138 1471 λό-

558 1526 668 1577 γον
690 1510 928 1575 Κυρίου.
953 1510 1017 1560 Τί
1038 1508 1235 1576 γένοιτ’
1262 1510 1328 1561 ἂν
1358 1504 1452 1561 οῦν
1478 1506 1829 1577 ἀθλιώτερον,
1849 1509 1976 1561 ὅταν
1999 1509 2138 1579 ὅπερ

561 1600 591 1651 ό
631 1599 765 1663 Θεὸς
804 1602 861 1652 ἐν
890 1600 1042 1663 τάξει
1074 1600 1348 1661 κολάσεως
1377 1599 1602 1669 ἀπειλῇ,
1630 1598 1788 1651 τοῦτο
1816 1598 2138 1669 αὐτομάτως

559 1692 624 1743 σὺ
672 1692 810 1744 κατά
836 1694 935 1762 τῆς
985 1690 1099 1762 [51]
1150 1689 1350 1745 σαυτοῦ
1381 1689 1623 1759 κεφαλῆς
1652 1690 1818 1762 ἐλκῃς
1838 1690 1898 1742 τὸ
1943 1688 2137 1752 κακὸν,

557 1781 713 1850 λιμόν
742 1800 864 1836 τινα
889 1783 1123 1853 χαλεπὸν
1167 1782 1474 1849 ἐπεισάγων
1502 1784 1567 1852 τῇ
1593 1783 1759 1852 ψυχῇ,
1791 1782 1887 1834 καὶ
1918 1782 2138 1836 πάντων

555 1875 727 1943 αὐτὴν
771 1875 1169 1944 ἀσθενεστέραν
1221 1874 1427 1938 ποιῶν;
1487 1874 1620 1927 Ἀπὸ
1664 1873 1775 1945 γάρ
1821 1872 1997 1942 λόγων
2043 1875 2140 1927 καὶ

559 1964 878 2035 φθείρεσθαι
913 1967 1005 2018 καὶ
1035 1965 1301 2029 σώζεσθαι
1332 1966 1563 2034 πέφυκε.
1588 1966 1698 2018 Kal
1723 1965 1830 2038 γάρ
1857 1967 1938 2029 είς
1969 1965 2139 2037 ὀργὴν

556 2057 715 2110 τοῦτο
745 2059 913 2129 αὐτὴν
946 2060 1148 2127 ἐξάγει,
1183 2062 1277 2113 καὶ
1303 2060 1536 2131 πραΰνει
1568 2059 1631 2111 τὸ
1674 2058 1805 2111 αὐτὸ
1837 2058 1997 2112 τοῦτο
2032 2059 2139 2112 πά-

558 2150 640 2201 λιν
662 2165 674 2176 ·
720 2152 815 2202 καὶ
854 2151 992 2221 πρὸς
1025 2151 1321 2222 ἐπιθυμίαν
1356 2151 1522 2220 ἐξῆψε
1565 2151 1715 2222 ῥῆμα
1748 2150 1997 2222 αἱσχρδν,
2043 2150 2140 2204 καλ⁵

560 2244 638 2303 εἰς
670 2242 1025 2314 σωφροσύνην
1058 2244 1232 2313 ῆγαγε
1262 2242 1420 2311 λόγος
1470 2242 1797 2312 σεμνότητος
1826 2241 2031 2311 γέμων.
2075 2241 2139 2295 Εἰ

555 2333 614 2384 δέ
663 2332 820 2400 λόγος
868 2335 1052 2397 ἁπλῶς
1080 2335 1347 2404 τοσαύτην
1380 2334 1490 2403 ἔχει
1533 2334 1631 2405 τὴν
1667 2333 1841 2403 ἰσχὺν,
1875 2333 1993 2395 πῶς
2027 2332 2137 2385 τῶν

560 2426 792 2496 Γραφῶν
826 2427 1218 2496 καταφρονεῖς;
1259 2422 1380 2475 εἰπέ
1419 2441 1530 2494 μοι.
1572 2424 1636 2475 Εἰ
1671 2422 1782 2492 γὰρ
1815 2421 2138 2493 παραίνεσις

557 2516 795 2571 τοσαῦτα
824 2517 1067 2577 δύναται,
1104 2514 1284 2585 πολλῷ
1311 2514 1510 2585 μᾶλλον
1542 2514 1669 2566 ὅταν
1700 2511 1837 2584 μετά
1884 2510 2137 2581 Πνεύμα-

556 2625 647 2671 τος
677 2603 811 2661 ὦσιν
832 2608 889 2661 αἱ
918 2607 1290 2678 παραινέσεις.
1324 2606 1434 2659 Kal
1465 2606 1575 2676 γὰρ
1601 2604 1775 2676 πυρὸς
1811 2604 2012 2674 μᾶλλον
2038 2602 2138 2674 τὴν

558 2699 973 2771 πεπωρωμένην
1021 2698 1278 2769 μαλάττει
1330 2697 1541 2767 ψυχὴν,
1594 2697 1688 2751 καὶ
1740 2698 1875 2769 πρὸς
1922 2697 2137 2749 ἅπαντα

555 2790 866 2861 ἐπιτηδείαν
915 2788 1316 2852 κατασκευάζει
1366 2788 1434 2841 τά
1469 2786 1641 2852 καλά,
1690 2787 1848 2857 λόγος
1886 2785 1992 2839 ἀπὸ
2028 2785 2138 2838 τῶν

555 2881 712 2934 θείων
750 2881 1112 2952 ἐνηχούμενος
1154 2882 1409 2952 Γραφῶν.
1455 2880 1612 2933 Οὕτω
1674 2879 1768 2932 xal
1820 2877 2139 2949 Κορινθίους

556 2972 1007 3042 πεφυσιωμένους
1034 2973 1215 3025 λαϐὼν
1244 2976 1272 3025 ὁ
1311 2973 1525 3034 Παῦλος
1558 2971 1651 3023 καὶ
1679 2970 2134 3040 φλεγμαίνοντας,

560 3064 876 3117 κατέστειλε
903 3063 999 3116 καὶ
1028 3064 1471 3132 ἐπιεικεστέρους
1496 3063 1742 3132 ἐποίησε.
1778 3062 1887 3113 Kal
1916 3060 2026 3132 γὰρ
2050 3057 2136 3128 ἐφ’

567 3142 650 3209 οἷς
679 3145 1029 3213 αἰσχύνεσθαι
1058 3145 1165 3199 ἔδει
1192 3147 1285 3200 καὶ
1322 3146 1782 3213 ἐγκαλύπτεσθαι,
1817 3147 1908 3198 ἐπὶ
1934 3145 2141 3206 τούτοις

575 3236 715 3306 μέγα
742 3236 1020 3305 ἐφρόνουν.
1059 3235 1197 3287 Ἀλλ’
1227 3235 1412 3306 ἐπειδὴ
1449 3237 1545 3305 τὴν
1585 3236 1904 3305 Ἐπιστολὴν
1933 3234 2143 3298 ἐδέξαν-

573 3344 654 3387 το,
679 3326 908 3380 ἄκουσον
939 3327 1116 3382 αὐτῶν
1146 3327 1244 3381 τὴν
1284 3327 1584 3398 μεταϐολὴν
1605 3368 1618 3391 ,
1656 3329 1723 3397 ἢν
1751 3327 1913 3390 αὐτὸς
1939 3328 1968 3381 ὁ
1994 3323 2141 3379 διδά-

648 3486 672 3516 ⁸
704 3487 946 3555 συνεχῶς
973 3486 1037 3540 Α.
1071 3488 1177 3541 An.

574 3565 771 3629 pra-fer
804 3558 928 3611 lien.
1023 3559 1063 3589 “
1093 3556 1465 3629 ῥυθμίζομενὶί
1495 3556 1584 3629 εἰς
1603 3557 1673 3629 Β.
1695 3566 1749 3610 ει

579 3695 622 3722 "
652 3700 779 3766 ποιῇ
806 3698 815 3766 |
848 3698 1143 3767 προσίηται
1180 3695 1240 3750 Β.
1318 3697 1363 3727 ⁸⁵
1384 3695 1709 3765 τειχίζωμεν
1739 3698 1804 3748 Α.

585 3849 745 3857 -σ--ο

1049 3849 1258 3859 *—

814 3851 963 3859 ...α-..-

966 3851 1042 3859 .—

1282 3489 1303 3519 ⁹
1337 3487 1605 3557 τὺῙῨτοῦτο
1626 3487 1688 3541 τὸ
1718 3486 1853 3540 Edd.
1886 3485 1997 3557 vid.
2024 3482 2135 3537 Mal

2244 3482 2268 3535 λε
2296 3480 2361 3557 ορ
2386 3482 2544 3557 Ioc._
2606 3480 2660 3557 '_'_
2676 3480 2799 3533 Haec
2822 3480 2982 3557 vorbﬁa
3021 3481 3220 3557 q‘esum
3263 3480 3304 3554 ἱις

1794 3572 1876 3624 pr.
1913 3555 1975 3607 ι).
2029 3570 2135 3607 mox

2244 3551 2455 3624 οιοῦμεν
2718 3558 2772 3601 οι
2814 3550 2989 3624 ιιι-.-0.
3031 3548 3092 3603 ι).
3126 3546 3307 3624 (αξιοιί
3340 3541 3789 3624 ’ῥυθμίζωμενιςι

577 3617 843 3695 ποιῶμεν.
932 3630 974 3659 ¹²
1005 3617 1104 3681 καῖ
1127 3617 1287 3679 1'39.
1437 3628 1526 3678 Sic
1564 3628 1621 3681 Β.
1652 3628 1756 3679 An.
1785 3617 1862 3694 τῷ
1893 3624 1955 3677 Θ.
2031 3663 2045 3677 .
2072 3621 2167 3675 καί
2196 3624 2262 3674 Α.
2290 3617 2370 3673 Ι).’
2391 3620 2452 3674 Ε.
2486 3620 2565 3689 τῷ
2602 3620 2664 3671 Θ.
2695 3635 2754 3685 φ.
2789 3617 3042 3686 γεγόνασι
3082 3620 3175 3671 καὶ
3202 3617 3262 3671 C.

579 3695 622 3722 "
652 3700 779 3763 ποιῇ
806 3698 815 3763 |
848 3646 1240 3763 «pocintaLLli.
1318 3697 1363 3727 "
1384 3696 1709 3763 τειχίζωμεν
1739 3698 1804 3748 Α.
1880 3693 1924 3725 ³⁸
1949 3642 2315 3763 βῖλλωμενΔ.
2342 3690 2489 3744 (LE.
2513 3704 2635 3743 mox
2665 3689 2735 3741 τά
2767 3703 2876 3743 om.
2908 3691 2975 3744 Α.
3007 3688 3072 3743 C.
3100 3689 3163 3755 Ε,
3194 3694 3249 3742 el

2248 418 2442 483 σκαλος
2470 422 2652 486 αὐτοῖς
2687 424 3086 498 ἐμαρτύρησεν,
3110 428 3253 483 οὕτω
3277 429 3451 500 λέγων
3476 448 3491 463 ο
3523 436 3675 488 Αὐτὸ
3701 440 3803 507 γὰρ

2248 508 2351 561 τὸ⁹
2407 511 2554 566 κατὰ
2588 513 2737 566 Θεὸν
2767 519 3111 588 λυπηθῆναι
3149 522 3323 592 ὑμᾶς,
3365 525 3571 591 πόσην
3620 529 3797 597 εἰργά-

2247 615 2398 654 σατο
2432 602 2503 655 ἐν
2530 604 2673 673 ὑμῖν
2710 609 2991 674 σπουδήν
3012 627 3028 643 ·
3073 614 3234 667 ἀλλὰ
3261 614 3615 684 ἀπολογίαν,
3647 617 3796 671 ἀλλὰ

2244 691 2719 767 ἀγανάκτησιν,[
2745 699 2789 730 ¹⁰
2810 700 2970 754 ἀλλὰ
2992 704 3197 766 φόϐον,
3216 704 3378 757 ἀλλὰ
3399 705 3792 778 ἐπιπόθηωκ]

2244 782 2405 836 ἀλλὰ
2420 783 2625 852 ζῆλον,
2642 789 2801 843 ἀλλὰ
2820 791 3153 859 ἐκδίκησιν.
3174 794 3329 847 Οὕτω
3346 795 3439 847 καὶ
3460 796 3690 859 οἰκέτας,
3710 799 3797 850 xal

2246 872 2458 938 παῖδας,
2494 877 2588 929 xal
2612 883 3026 947 γυναῖκας,·καὶ
3052 884 3237 953 φίλους
3266 885 3595 956 ῥυθμίζομεν
3616 887 3677 949 ’⁸,
3711 888 3796 941 καὶ

2243 963 2368 1025 τοὺς
2399 965 2626 1036 ἐχθροὺς
2653 969 2837 1037 φίλους
2874 971 3150 1042 ποιοῦμεν.
3187 973 3344 1027 Οὕτω
3378 976 3471 1026 καὶ
3504 976 3554 1027 οἱ
3584 976 3797 1043 μεγάλοι

2247 1051 2459 1122 ἄνδρες,
2493 1056 2587 1110 καὶ
2616 1059 2695 1129 τῷ
2725 1060 2843 1131 Θεῷ
2872 1063 3014 1131 φίλοι
3032 1066 3100 1127 ’³,
3131 1063 3367 1134 βελτίους
3399 1065 3663 1133 ἐγένοντο.
3698 1068 3798 1120 Kal

2244 1144 2353 1215 γὰρ
2385 1148 2415 1199 ὁ
2441 1148 2607 1201 Δαυῒδ
2634 1154 2774 1221 μετά
2813 1155 2912 1225 τὴν
2955 1156 3251 1228 ἁμαρτίαν,
3281 1157 3466 1227 ἐπειδὴ
3498 1157 3667 1223 λόγων
3698 1159 3796 1210 ἀπ-

2244 1233 2465 1302 ήλαυσε,
2506 1237 2628 1291 τότε
2671 1241 2751 1303 είς
2790 1241 2889 1311 τὴν
2918 1243 3209 1315 καλλίστην
3235 1245 3450 1313 ἐκείνην
3481 1241 3610 1314 ἦλθε
3646 1246 3797 1315 μετά-

2243 1341 2391 1377 νοιαν
2410 1341 2424 1354 ο
2454 1329 2547 1381 καὶ
2578 1333 2625 1382 οί
2666 1331 2948 1385 ἀπόστολοι
2974 1334 3029 1387 δὲ
3060 1334 3204 1387 οὕτω
3228 1336 3517 1403 γεγόνασιν
3548 1338 3680 1406 ὅπερ
3711 1352 3796 1405 γε-

2243 1414 2450 1482 γόνασι,
2488 1421 2581 1474 καὶ
2626 1423 2725 1492 τὴν
2768 1424 3092 1496 οίκουμένην
3142 1425 3359 1479 ἃπασαν
3409 1428 3794 1481 ἐπεσπάσαντο.

2243 1505 2354 1558 Καὶ
2384 1508 2437 1561 τί
2464 1509 2526 1561 τὸ
2552 1512 2744 1582 κέρδος
2762 1551 2777 1576 ,
2810 1514 2994 1583 φησὶν,
3028 1515 3154 1566 ὅταν
3193 1514 3367 1584 ἀκούῃ
3389 1515 3433 1546 ’³
3463 1533 3580 1581 τις,
3608 1515 3701 1567 καὶ
3728 1515 3797 1584 μὴ

2241 1599 2432 1668 ποιῇ¹⁸
2467 1602 2534 1654 τὰ
2562 1601 2860 1674 λεγόμενα;
2886 1603 3001 1676 [52]
3049 1605 3124 1657 Οὐ
3169 1605 3361 1676 μικρὸν
3413 1606 3516 1675 μὲν
3563 1606 3655 1658 xal
3700 1604 3799 1658 ἀπὸ

2240 1687 2340 1757 τῆς
2386 1691 2701 1763 ἀκροάσεως
2731 1695 2882 1749 ἔσται
2911 1696 2973 1748 τὸ
3012 1694 3221 1766 κέρδος.
3252 1696 3361 1750 Καὶ
3389 1695 3500 1765 γάρ
3532 1693 3799 1761 καταγνώ-

2244 1807 2393 1845 σεται
2418 1790 2609 1845 ἐαυτοῦ
2641 1788 2735 1841 καὶ
2773 1787 3038 1852 στενάξει,
3062 1788 3158 1840 καὶ
3185 1786 3302 1857 ἥξει
3336 1786 3466 1840 ποτὲ
3497 1788 3592 1841 καὶ
3633 1788 3722 1839 ἐπὶ
3742 1785 3799 1839 rb

2242 1884 2413 1934 ποιεῖν
2452 1880 2519 1933 τὰ
2555 1879 2839 1949 λεγόμενα.
2872 1878 2931 1930 Ὀ
2964 1877 3022 1931 δὲ
3054 1875 3174 1947 μηδ’
3220 1876 3302 1928 ὅτι
3344 1876 3591 1946 ἥμαρτεν
3628 1875 3796 1937 είδὼς.

2241 1971 2371 2022 πότε
2401 1970 2762 2038 ἀποστήσεται
2805 1966 2899 2019 τοῦ
2948 1965 3317 2037 πλημμελεῖν;
3368 1965 3497 2017 πότε
3530 1951 3799 2033 καταγνώ-

2241 2077 2392 2113 σεται
2421 2059 2649 2123 ἐαυτοῦ;
2686 2058 2776 2132 Μὴ
2799 2058 2980 2111 τοίνυν
3023 2056 3575 2127 ηταφρονῶμενπῆς
3604 2055 3798 2126 ἀκροά-

2240 2165 2378 2212 σεως
2399 2148 2507 2200 τῶν
2531 2147 2691 2201 θείων
2720 2147 2969 2219 Γραφῶν.
3002 2147 3304 2217 Σατανικῆς
3341 2145 3451 2215 γὰρ
3471 2146 3648 2200 ταῦτα
3690 2145 3797 2198 δια-

2238 2239 2423 2302 νοίας,
2452 2239 2553 2290 οὐκ
2584 2238 2837 2307 ἀφιείσης
2867 2238 2957 2289 τὸν
2990 2236 3259 2308 θησαυρὸν
3291 2237 3439 2295 ἰδεῖν.
3484 2237 3573 2289 ἵνα
3605 2237 3676 2307 μὴ
3712 2236 3798 2287 τὸν

2239 2327 2471 2382 πλοῦτον
2493 2327 2859 2398 κερδάνωμεν.
2882 2326 2980 2379 Διά
3007 2325 3166 2379 τοῦτο
3197 2326 3347 2379 οὐδὲν
3375 2322 3518 2378 εἶναί
3548 2343 3674 2395 φησι
3705 2326 3797 2395 τὴν

2239 2420 2500 2488 ἀκρόασιν
2531 2417 2640 2471 τῶν
2670 2417 2830 2472 θείων
2861 2418 3071 2488 νόμων,
3103 2417 3191 2471 ἵνα
3220 2418 3295 2488 μὴ
3332 2418 3430 2488 τὴν
3457 2417 3656 2488 πρᾶξιν
3694 2414 3798 2469 ἀπὸ

2238 2515 2337 2584 τῆς
2365 2514 2679 2585 ἀκροάσεως
2708 2513 2793 2586 ίδῃ
2817 2513 3253 2583 προσγενομένην
3283 2514 3431 2583 ἡμῖν.
3459 2512 3674 2574 Είδότες
3700 2509 3797 2562 τοία

2238 2623 2331 2658 νυν
2373 2605 2472 2675 τὴν
2514 2602 2757 2674 πονηρὰν
2800 2603 3005 2673 ταύτην
3057 2601 3220 2656 αὑτοῦ
3262 2601 3487 2672 τέχνην,
3546 2599 3797 2655 πάντοθεν

2238 2697 2463 2758 ἐαυτοὺς
2506 2692 3023 2764 ἀποτειχίζωμεν¹⁸,
3072 2692 3160 2745 ἵνα
3207 2695 3318 2755 τοῖς
3365 2692 3552 2758 ὅπλοις
3597 2694 3795 2751 τούτοις

2238 2788 2591 2857 φραξάμενοι,
2636 2785 2786 2838 αὐτοί
2830 2801 2888 2837 τε
2933 2784 3201 2837 ἀνάλωτοι
3243 2783 3513 2853 μένωμεν,
3564 2783 3657 2839 καὶ
3702 2781 3796 2851 τὴν

2239 2876 2455 2928 ἐκείνου
2506 2873 2816 2944 βάλωμεν¹⁸
2867 2871 3140 2942 κεφαλήν·
3176 2872 3269 2923 καὶ
3296 2870 3438 2923 οὓτω
3482 2870 3707 2941 λαμπρὰ
3733 2869 3795 2921 τὰ

2238 2963 2529 3036 νικητήρια
2558 2966 2974 3036 ἀναδησάμενοι,
2997 2965 3106 3016 τῶν
3139 2963 3433 3034 μελλόντων
3461 2963 3798 3031 ἐπιτύχωμεν

2240 3058 2481 3126 ἀγαθῶν,
2528 3057 2710 3127 χάριτι
2748 3059 2841 3109 καὶ
2875 3055 3249 3126 φιλανθρωπίᾳ
3280 3054 3372 3106 τοῦ
3414 3054 3623 3126 Κυρίου
3652 3052 3799 3122 ἡμῶν

2252 3145 2428 3217 Ἰησοῦ
2463 3144 2721 3215 Χριστοῦ,
2764 3138 2808 3212 ᾧ
2840 3147 2873 3214 ἠ
2918 3144 3044 3210 δόξα
3078 3145 3171 3197 καὶ⁵
3216 3142 3277 3196 τὸ
3325 3144 3526 3213 κράτος
3565 3145 3643 3205 είς
3679 3140 3797 3200 τοὺς

2241 3238 2438 3299 αίῶνας
2467 3236 2576 3290 τῶν
2610 3236 2840 3291 αἰώνων.
2883 3234 3075 3306 Ἀμήν.

2606 3479 2650 3512 ¹⁶
2676 3478 2799 3533 Haec
2822 3465 2982 3534 \tcrba
3021 3481 3220 3534 desum
3263 3474 3315 3527 in
3355 3471 3513 3527 codd.
3555 3477 3609 3526 et
3645 3466 3779 3522 ΕΜ.

3340 3604 3385 3644 ¹’⁸
3421 3604 3628 3679 ἀκοῦσῂ
3651 3604 3762 3661 Edd
3773 3642 3791 3659 .

2052 3691 2315 3763 λωμενΔ.
2342 3691 2406 3744 (ἶ.
2425 3690 2489 3744 Ε.
2513 3680 2635 3743 ιὶιοχ
2665 3680 2735 3741 τά
2767 3680 2879 3743 oin.
2908 3691 2975 3744 Α.
3007 3688 3072 3743 C.
3100 3689 3163 3755 Ε,
3194 3694 3249 3742 el
3266 3699 3348 3755 pr.
3382 3680 3444 3735 Ι).

1294 3825 3789 3859 _____________________________________.

2009 3927 2108 3981 OM
2116 3926 2255 3982 [AIA
2289 3922 2363 3978 Γ.

565 4120 779 4184 Βίϐλος
815 4116 1109 4188 γενέσεως
1148 4112 1351 4188 Ἰησοῦ
1374 4112 1649 4188 ⁸Χριρντνοῦ
1672 4154 1687 4179 ,
1730 4110 1868 4168 υἱοῦ
1919 4108 2101 4165 Δαυΐὸ
2119 4149 2137 4175 ,

1134 4182 1269 4239 υιοῦ
1303 4182 1570 4253 Ἀϐραάμ.

634 4296 703 4351 a'.
738 4298 867 4349 Ἰδοὺ
891 4296 1046 4365 τρίτη
1064 4293 1315 4359 διάλεξις,
1333 4293 1426 4345 καὶ
1441 4294 1509 4345 τά
1529 4295 1586 4348 ὲν
1605 4296 1908 4366 προοιμίοις
1928 4293 2137 4347 οὐδέπω

563 4381 943 4450 διελυσάμεθα.
999 4380 1112 4431 Οὐκ
1156 4378 1263 4448 ἄρα
1313 4378 1488 4446 μάτην
1522 4378 1726 4445 ἔλεγον,
1766 4380 1849 4431 ὅτι
1898 4380 2033 4431 πολὺ
2074 4379 2136 4429 τὸ

567 4476 729 4546 βάθος
772 4474 883 4543 ἔχει
927 4473 1038 4524 τῶν
1078 4471 1363 4539 νοημάτων
1391 4469 1596 4521 τούτων
1625 4472 1657 4537 ἡ
1691 4468 1871 4535 φύσις.
1907 4468 2042 4537 Φέρε
2067 4466 2132 4537 δὴ

564 4568 632 4620 τὰ
666 4567 959 4634 λειπόμενα
996 4564 1233 4634 σήμερον
1261 4562 1521 4630 είπωμεν.
1558 4560 1624 4613 Τί
1661 4562 1778 4612 ποτ’
1807 4554 1898 4611 οὖν
1924 4559 2038 4610 ἐστι
2071 4557 2134 4609 τὸ

565 4657 892 4728 ζητούμενον
918 4655 1041 4719 νῦν;
1072 4654 1226 4716 Τίνος
1270 4652 1456 4705 ἕνεκεν
1488 4654 1517 4703 ό
1554 4650 1751 4720 Ἰωσὴφ
1789 4648 2133 4718 γενεαλογεῖ-

564 4766 675 4811 ται,
695 4748 846 4800 οὐδὲν
870 4747 1005 4817 πρὸς
1028 4746 1129 4816 τὴν
1148 4743 1401 4815 γέννησιν
1425 4739 1711 4795 συντελῶν.
1740 4740 1847 4794 Kal
1872 4739 2000 4809 μίαν
2027 4737 2128 4808 μὲν

561 4834 741 4887 αἰτίαν
775 4834 1076 4903 εἰρήκαμεν
1098 4832 1196 4904 ἤδη
1215 4848 1231 4864 ⁸
1268 4832 1562 4899 ἀναγκαῖον
1587 4829 1642 4883 δέ
1688 4831 1783 4883 καὶ
1808 4830 1908 4901 τὴν
1939 4831 2131 4903 ἑτέραν

559 4927 734 4977 είπεῖν
754 4963 768 4984 ,
816 4923 912 4993 τὴν
944 4924 1351 4994 μυστικωτέραν
1391 4923 1485 4975 καὶ
1514 4922 1958 4994 ἀπορῤητοτέραν
1989 4924 2131 4977 ἐγεί-

566 5035 673 5089 νης.
694 5017 789 5077 Τίς
810 5011 903 5068 οὖν
930 5017 1075 5067 ἐστιν
1100 5015 1236 5086 αῦτη
1261 5032 1275 5078 ;
1305 5016 1418 5068 Οὐκ
1447 5014 1700 5068 ἐϐούλετο
1725 5018 1838 5078 τοῖς
1854 5014 2130 5077 Ἰουδαίοις

544 5105 696 5161 vlva:
730 5106 886 5174 δῆλον
929 5105 1079 5175 παρὰ
1105 5106 1249 5157 τὸν⁸⁷
1284 5107 1391 5158 τῶν
1423 5106 1628 5159 ὠδίνων
1658 5106 1869 5177 καιρὸν,
1899 5104 2013 5177 153]
2048 5107 2130 5158 ὅτι

545 5216 570 5251 ε
590 5216 623 5252 κ
656 5198 928 5268 Παρθένου
954 5196 1273 5265 γεγέννηται
1304 5196 1347 5228 ¹⁸
1384 5198 1413 5249 ό
1445 5197 1698 5269 Χριστός.
1741 5198 1904 5252 Ἀλλά
1936 5198 2009 5268 μὴ
2043 5197 2130 5250 θο-

561 5290 811 5361 ρυϐεῖσθε
836 5291 969 5360 πρὸς
994 5289 1055 5341 τὸ
1081 5287 1380 5357 παράδοξον
1404 5290 1496 5340 τοῦ
1525 5290 1837 5359 λεγομένου.
1859 5290 1933 5343 Ού
1956 5290 1997 5321 ι’
2020 5288 2129 5358 γὰρ

561 5381 693 5452 ἐμὸς
716 5382 744 5432 ό
774 5382 948 5446 λόγος,
992 5379 1125 5431 ἀλλὰ
1158 5378 1416 5448 Πατέρων
1460 5382 1767 5450 ἡμετέρων,
1799 5380 2128 5449 θαυμαστῶν

560 5473 652 5523 καὶ
687 5471 971 5538 ἑπισῆμσνιν
1010 5469 1236 5538 ἀνδρῶν.
1264 5469 1325 5520 El
1357 5469 1463 5538 γάρ
1494 5470 1659 5522 πολλά
1686 5468 2036 5522 συνεσκίασεν
2069 5469 2129 5532 ἐξ

563 5561 739 5633 ἀρχῆς
760 5598 774 5623 ,
802 5556 930 5610 Υίὺν
972 5552 1261 5619 ἀνθρώπου
1297 5551 1475 5602 καλῶν
1524 5552 1736 5617 ἐαυτὸν,
1769 5550 1864 5603 καὶ
1887 5549 2008 5601 ούδέ
2037 5547 2135 5617 τὴν

570 5652 707 5720 πρὸς
735 5649 824 5702 τὸν
860 5644 1079 5715 Πατέρα
1125 5643 1344 5710 ἰσότητα
1372 5640 1644 5711 πανταχοῦ
1675 5639 1862 5708 σαφῶς
1890 5640 2022 5710 ἡμῖν
2050 5637 2137 5703 ἐξ-

561 5739 817 5805 εκάλυψε·
843 5738 895 5789 τί
923 5732 1240 5803 θαυμάζεις,
1269 5732 1315 5783 εἰ
1339 5732 1430 5784 καὶ
1457 5729 1615 5782 τοῦτο
1637 5727 1954 5781 συνεσκίασε
1978 5725 2134 5789 τέως,

2247 4086 2561 4159 θαυμαστόν
2594 4104 2647 4140 τι
2682 4087 2776 4139 καὶ
2812 4074 2956 4158 μέγα
2996 4088 3326 4159 οίκονομῶνς
3364 4090 3475 4144 Kal
3507 4091 3661 4141 ποῖον
3694 4088 3821 4139 θαυ-

2251 4179 2491 4252 μαστόν;
2545 4179 2698 4251 φησί.
2735 4180 2808 4231 Τὸ
2846 4180 3177 4252 διασωθῆναι
3225 4183 3325 4249 τὴν
3374 4180 3684 4251 Παρθένον,
3737 4175 3823 4230 καὶ

2246 4271 2481 4341 ὑποψίας
2506 4271 2889 4341 ἀπαλλαγῆναι
2920 4273 3179 4341 πονηρᾶς.
3214 4271 3276 4321 Et
3305 4269 3412 4338 γὰρ
3454 4268 3613 4321 τοῦτο
3649 4267 3710 4333 ἐξ
3733 4268 3825 4337 ἀρ-

2246 4364 2345 4430 Χῆς
2372 4363 2481 4422 τοῖς
2520 4360 2793 4421 Ἰουδαίοις
2833 4359 3023 4425 γέγονε
3066 4358 3394 4423 κατάδηλον,
3427 4358 3529 4409 κᾶν
3566 4360 3823 4410 κατέλευο

2249 4465 2349 4500 σαν
2375 4449 2472 4518 τὴν
2502 4449 2780 4517 Παρθένον
2812 4446 3245 4518 κακουργοῦντες
3268 4447 3346 4517 τῷ
3383 4447 3661 4519 λεγομένῳ
3684 4490 3699 4511 ,
3738 4449 3827 4501 καὶ

2252 4538 2499 4607 μοιχείας
2525 4535 2692 4607 αὐτὴν
2720 4536 2939 4607 ἔκριναν
2972 4538 3057 4592 ἄν.
3089 4538 3152 4589 EE
3180 4538 3287 4609 γὰρ
3335 4538 3473 4607 ὑπὲρ
3499 4536 3608 4589 τῶν
3632 4539 3824 4599 ἄλλων,

2247 4621 2322 4680 ὧν
2354 4627 2614 4689 πολλάκις
2663 4628 2757 4680 καὶ
2784 4626 3159 4697 ὑποδείγματα
3208 4625 3350 4698 εἶχον
3379 4629 3436 4681 ἐν
3479 4630 3546 4699 τῇ
3590 4631 3825 4699 Παλαιᾷ,

2248 4719 2497 4791 φανερῶς
2546 4718 2936 4788 ἡναισχύντουν
3001 4720 3117 4786 (καὶ
3170 4720 3276 4791 γὰρ
3323 4721 3512 4792 ἐπειδὴ
3563 4722 3825 4793 δαίμονας

2247 4810 2490 4874 ἐξέϐαλε,
2538 4809 2877 4880 δαιμονῶντα
2924 4811 3173 4874 ἐκάλουν,
3218 4813 3312 4865 καὶ
3342 4813 3529 4883 ἐπειδὴ
3573 4815 3634 4865 ἐν
3686 4812 3818 4866 Σαδ-

2249 4904 2398 4973 6άτῳ
2435 4902 2825 4973 ἐθεράπευσεν,
2851 4902 3095 4956 ἀντίθεον
3121 4900 3259 4958 εἶναι
3284 4903 3551 4974 ἐνόμιζον,
3585 4906 3825 4970 καίτοιγε

2249 4995 2508 5058 πολλάκις
2560 4995 2651 5047 καὶ
2683 4996 2949 5067 πρότερον
2991 4995 3156 5065 ἐλύθη
3188 4995 3249 5049 τὸ
3286 4994 3608 5064 Σάϐϐατον),
3643 4994 3695 5048 τί
3732 4997 3828 5047 οὐκ

2248 5088 2314 5141 ἂν
2340 5083 2493 5142 εἷπον
2520 5087 2709 5141 τούτου
2739 5087 3050 5159 λεχθέντος;
3088 5090 3198 5142 Καὶ
3220 5087 3329 5160 γὰρ
3358 5084 3503 5157 εἶχον
3530 5088 3709 5141 πάντα
3737 5086 3825 5138 τὸν

2249 5180 2356 5247 πρὸ
2378 5179 2569 5233 τούτου
2602 5181 3099 5252 συναγωνιζόμενον
3119 5182 3303 5243 αὐτοῖς
3327 5180 3536 5251 καιρὸν,
3567 5176 3825 5232 οὐδέποτέ

2248 5290 2300 5326 τι
2328 5272 2566 5325 τοιοῦτον
2597 5274 2907 5342 ἐνεγκόντα.
2941 5275 3003 5327 Et
3037 5273 3145 5343 γὰρ
3178 5272 3318 5342 μετὰ
3355 5271 3591 5345 τοσαῦτα
3626 5272 3826 5341 σημεῖα

2248 5362 2328 5416 ἔτι
2357 5363 2519 5415 αὑτὸν
2546 5363 2640 5416 τοῦ
2676 5365 2875 5434 Ἰωσὴφ
2906 5363 3132 5417 ἐκάλουν
3158 5363 3290 5427 υἱὸν,
3326 5361 3444 5427 πῶς
3489 5362 3554 5416 ἂν
3580 5361 3688 5431 πρὸ
3722 5360 3825 5412 τῶν

2251 5456 2495 5525 σημείων
2548 5436 2896 5515 ἐπίστευσαν,
2930 5456 3011 5507 ὅτι
3039 5454 3165 5506 ἐκ¹⁰
3200 5453 3479 5524 Παρθένου
3507 5448 3605 5525 ἧν;
3636 5453 3734 5505 Διά
3764 5450 3826 5519 δὴ

2249 5544 2405 5597 τοῦτο
2428 5544 2523 5598 κα)⁸
2547 5545 2971 5614 γενεαλογεῖται,
3000 5546 3093 5597 καὶ
3121 5543 3479 5614 μνηστεύεται
3499 5544 3595 5614 τὴν
3615 5542 3825 5612 Παρθέ-

2251 5653 2360 5689 νον.
2392 5636 2566 5689 Ὂπου
2599 5639 2707 5709 γάρ
2751 5638 2780 5689 ό
2829 5636 3024 5707 Ἰωσὴφ
3049 5676 3065 5700 ,
3096 5636 3188 5688 καὶ
3230 5635 3438 5700 δίκαιος
3467 5636 3543 5688 ὢν
3572 5637 3667 5688 καὶ
3698 5635 3825 5686 θαυ-

2255 5728 2457 5798 μαστὸς
2491 5729 2664 5800 ἀνὴρ,
2700 5727 2909 5781 πολλῶν
2951 5727 3146 5798 ἐδεήθη
3181 5728 3321 5782 ὥστε
3359 5727 3613 5792 δέξασθαι
3648 5727 3707 5777 τὸ
3743 5741 3829 5790 γεο

657 5888 699 5922 ⁸⁷
733 5889 881 5959 παρά
906 5892 1019 5962 τόν]
1046 5892 1133 5948 Sic
1160 5890 1218 5945 Β.
1252 5890 1312 5944 F.
1346 5891 1448 5947 An.
1482 5892 1631 5945 Arm.
1664 5888 1841 5945 cmleri
1875 5890 1964 5943 τὸν
1995 5888 2118 5959 πρό.

2272 5886 2563 5955 γεγένηται
2594 5880 2731 5936 Edd.
2807 5881 2855 5915 "
2883 5880 3001 5937 οῦδέ
3026 5881 3087 5938 Β.
3164 5881 3211 5915 ⁸⁸
3240 5879 3324 5952 ἐκ]
3351 5881 3445 5935 xal
3469 5881 3531 5934 ἐκ
3564 5877 3630 5935 Β.
3665 5872 3730 5928 D.
3751 5869 3817 5926 ε’.
