4058 6208
284 306 347 361 si
1422 301 1485 356 IN
1527 298 1964 358 nummum.
2006 294 2243 349 nomn.
2286 291 2379 346 ιιι.
3457 302 3527 357 5,

278 419 420 472 enim
472 419 568 481 eis,
615 417 814 488 inquit,
870 432 974 469 non
1032 415 1225 484 famem
1280 417 1454 485 panis,
1501 430 1667 484 neque
1715 413 1855 468 sitim

278 538 471 593 aqua;
516 524 607 577 sed
661 523 856 592 famem
906 520 1156 576 audiendi
1207 523 1349 576 verbi
1401 522 1615 577 Domini
1665 521 1859 592 (Amos

216 619 220 624 ’
279 627 333 683 8.
380 629 440 684 Η
464 627 503 697 ).
542 626 682 693 Quid
721 635 906 681 autem
946 624 1223 681 infelicius
1265 641 1387 682 esse
1422 628 1615 697 possit,
1667 640 1854 696 quam,

278 747 407 787 cum
437 732 573 787 illud
608 731 755 801 quod
783 731 927 786 Deus
956 740 1019 785 ut
1048 746 1266 802 pmnam
1296 732 1685 795 comminatur,
1719 728 1858 784 illud

279 838 459 908 ipsum
502 838 707 891 malum
756 844 817 891 tu
858 846 1054 907 sponte
1101 838 1157 893 in
1203 847 1370 908 caput
1400 846 1554 893 tuum
1586 837 1856 900 attrahis,

276 941 408 997 dum
433 943 758 1013 gravissima
780 942 923 998 fame
950 943 1121 1000 amcis
1143 945 1381 999 animam
1406 954 1575 1008 tuam,
1600 944 1859 1014 illamque

275 1049 536 1104 omnibus
572 1047 937 1105 inﬁrmiorem
966 1049 1197 1105 reddis?
1222 1050 1360 1104 Nam
1399 1066 1431 1104 a
1458 1050 1644 1105 verbis
1678 1049 1770 1103 illa
1804 1056 1862 1104 et

275 1153 556 1224 corrumpi
596 1165 653 1209 et
689 1154 869 1210 sanari
895 1154 1057 1211 solet.
1101 1154 1387 1225 Siquidem
1413 1156 1527 1211 illis
1555 1165 1613 1211 et
1636 1155 1693 1209 in
1722 1152 1861 1209 iram

273 1258 605 1323 concitatur,
635 1268 691 1313 et
718 1268 995 1315 commota
1021 1259 1343 1330 mitigatur:
1366 1259 1435 1315 ad
1464 1260 1862 1329 concupiscen-

276 1363 410 1417 tiam
463 1363 729 1419 lascivum
778 1362 990 1419 dictum
1042 1362 1310 1429 incendit,
1344 1370 1403 1417 et
1436 1361 1503 1417 ad
1551 1360 1862 1417 castitatem

271 1468 510 1523 verbum
554 1467 848 1524 honestum
897 1467 1138 1524 reducit.
1194 1466 1253 1523 Si
1298 1467 1449 1522 enim
1495 1480 1678 1522 sermo
1712 1464 1864 1520 solus

273 1580 489 1628 tantam
515 1572 627 1628 vim
650 1572 839 1637 habet,
864 1588 988 1638 cur,
1011 1585 1218 1643 quaeso,
1243 1572 1559 1641 Scripturas
1583 1570 1863 1641 despicis?

269 1676 338 1732 Si
367 1693 605 1747 namque
636 1676 1044 1732 admonitiones
1073 1684 1283 1730 tantum
1312 1675 1518 1740 valent,
1546 1675 1720 1730 multo
1746 1689 1861 1729 ma-

266 1779 364 1850 gis
414 1781 636 1850 quando
687 1795 812 1836 cum
867 1780 1337 1837 admonitionibus
1390 1778 1549 1835 adest
1600 1779 1859 1849 Spiritus.

268 1884 501 1939 Etenim
542 1885 769 1940 verbum
799 1900 868 1939 ex
905 1884 1212 1955 Scripturis
1240 1884 1446 1939 divinis
1472 1884 1745 1955 prolatum
1779 1883 1865 1938 in-

268 1988 533 2043 duratam
570 1990 804 2044 animam
840 1990 966 2061 igne
994 1990 1380 2046 vehementius
1412 1990 1642 2056 emollit,
1690 1997 1747 2045 et
1790 1989 1859 2045 ad

269 2092 540 2161 quaelibet
562 2094 706 2148 bona
730 2105 912 2164 aptam
939 2094 1125 2151 efﬁcit.
1158 2094 1252 2151 Sic
1278 2110 1403 2150 cum
1435 2094 1637 2149 Paulus
1660 2092 1859 2149 Corin-

272 2197 427 2252 thios
448 2197 668 2255 inﬂatos
691 2208 748 2254 et
775 2207 1052 2256 tumentes
1072 2215 1194 2255 esse
1216 2200 1688 2271 deprehendisset,
1713 2214 1860 2254 com-

270 2304 483 2375 pressit
520 2320 586 2359 ac
624 2304 986 2361 modestiores
1034 2306 1294 2362 reddidit.
1342 2306 1420 2361 De
1462 2306 1668 2377 quibus
1713 2305 1863 2361 enim

268 2408 491 2479 pudore
523 2409 839 2479 ruboreque
866 2410 1005 2466 allici
1044 2426 1143 2481 par
1174 2420 1315 2477 erat,
1360 2410 1430 2466 de
1460 2411 1655 2466 iisdem
1686 2411 1858 2466 altum

269 2512 587 2583 sapiebant.
629 2513 732 2569 Sed
775 2524 1066 2584 postquam
1110 2515 1266 2570 Pauli
1304 2515 1594 2586 epistolam
1629 2530 1859 2587 accepe¢

271 2625 429 2681 rant,
472 2617 603 2671 audi
649 2618 870 2673 illorum
904 2619 1288 2686 mutationem,
1316 2636 1480 2690 quam
1524 2622 1640 2692 ipse
1670 2621 1865 2677 doctor

271 2719 609 2775 testiﬁcatus
630 2730 716 2777 est
739 2722 828 2778 his
855 2723 1076 2778 verbis:
1097 2724 1208 2778 Hoc
1224 2726 1364 2779 enim
1382 2727 1554 2795 ipsum
1580 2727 1866 2781 secundum

274 2825 455 2879 Deum
497 2828 827 2893 contristari,
867 2838 1128 2899 quantam
1164 2832 1219 2885 in
1253 2832 1392 2885 vobis
1426 2841 1676 2902 operatur
1713 2832 1867 2887 solli-

273 2930 567 2983 citudinem
595 2946 613 2985 :
640 2932 733 2985 sed
761 2933 1139 3003 defensionem,
1173 2936 1264 2989 sed
1300 2936 1739 3008 indignationem,
1777 2941 1868 2993 sed

275 3032 709 3102 mutilationem,
754 3036 845 3092 sed
890 3037 1180 3093 uindictam
1214 3039 1301 3110 (ἓ.
1350 3038 1472 3093 Cor.
1518 3040 1567 3094 7.
1616 3041 1735 3109 ii).
1777 3041 1867 3095 Sic

1908 442 1913 445 »
1958 413 2211 477 famulos,
2251 413 2411 477 ﬁlios,
2448 428 2664 477 uxores,
2711 416 2916 469 amicos
2954 412 3327 477 instituamus,
3359 426 3414 470 ct
3460 417 3529 471 de

1958 521 2199 577 inimicis
2224 523 2431 577 amicos
2460 522 2641 577 facere
2664 537 2940 577 curemus.
2966 521 3057 577 Sic
3082 523 3263 591 magni
3295 522 3374 577 illi
3400 522 3529 584 viri,

1957 625 2182 696 Dcoque
2214 626 2398 689 amici,
2427 627 2689 682 meliores
2718 626 2898 681 clTecti
2929 635 3076 681 sunt.
3113 626 3331 681 Etenim
3362 625 3531 682 David

1957 740 2081 800 post
2134 740 2441 800 peccatum,
2491 731 2650 785 verbi
2706 731 2909 793 fructu,
2966 732 3019 785 in
3069 732 3333 801 Optimam
3384 730 3534 787 illam

1958 835 2228 890 deductus
2258 846 2343 890 est
2372 836 2751 905 pmnitentiam
2781 836 2854 904 (2.
2878 837 3006 905 Reg.
3034 837 3117 889 l2.
3149 838 3234 905 15)
3262 856 3276 890 :
3301 839 3535 907 apostoli

1958 955 2177 1009 quoque
2230 940 2311 993 sic
2359 941 2495 995 tales
2544 951 2860 1002 evaserunt,
2915 941 3104 1009 quales
3155 944 3430 1007 novimus,
3479 949 3539 998 et

1962 1046 2279 1101 universum
2310 1046 2502 1101 orbem
2540 1055 2905 1101 attraxerunt.
2943 1047 3147 1117 Ecquis
3178 1047 3415 1115 fructus,
3451 1049 3539 1102 in-

1959 1153 2138 1222 quies,
2186 1153 2231 1208 si
2278 1152 2404 1223 quis
2449 1152 2655 1218 audiat,
2702 1161 2761 1208 et
2808 1151 2956 1208 dicta
3005 1167 3115 1207 non
3164 1155 3540 1224 exsequatur?

1962 1259 2080 1315 Non
2131 1259 2410 1315 modicum
2458 1267 2608 1315 certe
2658 1274 2727 1314 ex
2775 1259 2969 1313 auditu
3022 1257 3247 1314 accedet
3300 1259 3536 1314 lucrum.

1962 1365 2096 1421 Nam
2120 1367 2167 1421 is
2203 1367 2444 1436 seipsum
2477 1363 2761 1421 damnabit
2792 1372 2848 1419 et
2885 1364 3227 1436 ingemiscet,
3256 1374 3313 1419 et
3343 1379 3410 1419 eo
3440 1365 3541 1418 ali-

1962 1473 2183 1541 quando
2212 1471 2538 1536 deducetur,
2571 1481 2631 1525 ut
2660 1486 2782 1541 qua:
2814 1470 2961 1525 dicta
2988 1479 3120 1525 sunt
3154 1470 3399 1540 impleat.
3436 1469 3540 1535 Qui

1960 1593 2095 1633 vero
2128 1592 2198 1632 ne
2245 1577 2469 1648 quidem
2506 1577 2613 1632 scit
2647 1592 2717 1631 an
2741 1576 3074 1646 peccaverit,
3100 1575 3321 1644 quando
3351 1590 3382 1629 a
3414 1591 3542 1645 pec-

1968 1682 2145 1737 cando
2173 1680 2442 1737 desistet?
2474 1680 2696 1751 quando
2728 1686 2950 1750 peccata
2984 1678 3268 1734 damnabit
3298 1681 3435 1734 sua?
3463 1679 3543 1734 Ne

1968 1784 2154 1854 itaque
2185 1792 2603 1840 contemnamus
2631 1784 2942 1839 divinarum
2970 1783 3264 1839 lectionem
3295 1783 3546 1853 Scriptu-

1965 1904 2173 1944 rarum.
2209 1890 2337 1946 Haec
2365 1890 2515 1947 enim
2545 1889 2817 1945 diabolica
2855 1900 2941 1945 est
2980 1890 3240 1960 cogitatio
3280 1906 3402 1959 qua:
3430 1906 3542 1945 non

1964 1994 2237 2063 permittit
2275 2002 2338 2050 ut
2379 1995 2698 2051 thesaurum
2741 1993 3051 2058 videamus,
3092 2008 3162 2049 ne
3195 1992 3419 2047 divitias
3448 2007 3542 2046 ac-

1964 2102 2269 2170 quiramus.
2291 2101 2420 2157 ldeo
2444 2100 2582 2156 nihil
2609 2115 2730 2156 esse
2753 2098 2891 2155 dicit
2913 2098 3107 2155 audire
3131 2099 3349 2153 divinas
3371 2098 3543 2169 leges,

1965 2224 2036 2263 ne
2064 2223 2132 2262 ex
2161 2207 2354 2263 auditu
2383 2222 2485 2263 nos
2516 2207 2583 2262 ad
2607 2206 2866 2263 effectum
2890 2221 3005 2262 rem
3029 2204 3304 2261 deducere
3334 2206 3542 2262 videat.

1968 2316 2215 2373 Scientes
2238 2316 2426 2387 igitur,
2460 2316 2602 2371 hanc
2625 2316 2744 2387 ejus
2762 2328 2886 2369 esse
2918 2312 3311 2384 nequissimam
3342 2319 3543 2377 artem,

1966 2425 2210 2496 undique
2249 2440 2352 2481 nos
2389 2426 2724 2488 muniamus,
2753 2433 2814 2478 ut
2845 2423 2932 2478 his
2971 2422 3142 2478 armis
3179 2421 3455 2485 instructi,
3486 2429 3544 2475 et

1968 2547 2069 2587 nos
2084 2531 2271 2586 invicti
2291 2545 2611 2585 maneamus
2624 2530 2853 2600 ejusque
2873 2536 3037 2597 caput
3052 2527 3335 2591 feriamus,
3351 2526 3543 2595 sicque

1965 2636 2207 2693 victoria:
2248 2635 2556 2706 insignibus
2592 2636 2864 2696 coronati,
2918 2635 3103 2687 futura
3135 2647 3541 2701 consequamur

1966 2742 2139 2807 bona,
2191 2742 2362 2811 gratia
2421 2748 2476 2794 et
2522 2739 2860 2809 benignitate
2914 2736 3130 2792 Domini
3185 2735 3361 2789 nostri
3413 2734 3540 2790 Jcsn

1965 2847 2207 2913 Christi,
2247 2847 2336 2901 cui
2368 2845 2541 2916 gloria
2569 2852 2624 2899 et
2658 2843 2947 2913 imperium
2992 2842 3043 2896 in
3081 2840 3277 2896 saecula
3319 2840 3549 2895 sarculo-

1974 2969 2119 3010 rum.
2153 2954 2345 3007 Amen.

1685 3657 2025 3720 HOMILIA
2074 3657 2178 3720 Ill.

285 3939 425 4000 CAP.
481 3940 529 4007 Ι,
578 3955 635 3994 v.
668 3937 724 3992 1.
758 3936 911 3992 Liber
952 3937 1306 4009 generationis
1351 3934 1477 3991 Jesu
1519 3934 1738 3998 Christi,
1788 3930 1887 3999 ﬁlii

780 4042 972 4107 David,
1008 4042 1111 4111 ﬁlii
1137 4041 1427 4097 Abraham.

368 4254 421 4309 l.
452 4252 578 4308 Cur
623 4251 869 4322 Iosephi,
918 4266 1023 4304 non
1059 4248 1247 4303 Maria:
1288 4247 1597 4319 genealogia
1636 4249 1885 4301 ducatur.

281 4361 531 4417 -—Ecce
577 4360 691 4430 jam
736 4357 957 4413 tertiam
1000 4354 1485 4418 dissertationem,
1530 4365 1589 4409 et
1624 4352 1888 4423 prooemia

280 4466 548 4523 nondum
597 4461 953 4519 absolvimus.
1008 4460 1130 4516 Non
1184 4473 1317 4530 ergo
1361 4458 1567 4514 frustra
1614 4457 1888 4522 dicebam,

281 4569 606 4627 admodum
666 4566 997 4638 profundam
1050 4580 1174 4622 esse
1228 4565 1427 4620 harum
1488 4564 1888 4620 sententiarum

280 4685 580 4733 naturam.
632 4678 744 4746 Age
792 4673 959 4730 hodie
1000 4686 1122 4743 quae
1171 4672 1392 4729 residua
1443 4680 1575 4726 sunt
1620 4670 1887 4726 dicamus.

279 4780 432 4848 Quid
465 4796 613 4852 ergo
636 4780 750 4852 jam
783 4777 1122 4849 quaerimus?
1155 4776 1269 4835 Cur
1315 4775 1540 4847 Josephi
1572 4774 1890 4847 genealogia

280 4891 559 4952 ducatur,
596 4887 692 4956 qui
724 4884 865 4941 nihil
905 4884 975 4940 ad
1014 4883 1426 4954 generationem
1473 4880 1743 4937 contulit?
1770 4879 1890 4936 iam

276 5009 451 5049 unam
490 5006 726 5049 causam
751 4990 990 5046 diximus
1018 5005 1032 5042 :
1061 5002 1245 5058 opera:
1264 4987 1507 5057 pretium
1532 4995 1618 5041 est
1641 4995 1702 5041 ut
1727 4985 1889 5041 aliam

274 5098 569 5159 dicamus,
623 5094 798 5164 magis
849 5092 1134 5164 mysticam
1186 5099 1246 5146 et
1299 5105 1577 5146 arcanam.
1630 5088 1891 5156 Quanam

274 5202 370 5257 illa
418 5202 552 5257 est?
602 5197 842 5254 Nolebat
887 5196 1095 5254 iudicis
1145 5203 1338 5250 notum
1370 5210 1494 5250 esse
1538 5194 1657 5265 ipso
1704 5204 1892 5268 partus

286 5316 559 5377 tempore
598 5319 668 5358 ex
696 5302 921 5374 Virgine
945 5300 1095 5356 nasci
1121 5299 1424 5356 Christum.
1455 5298 1563 5356 Sed
1599 5316 1668 5355 ne
1703 5301 1892 5356 turbe-

272 5411 414 5468 miui
438 5411 516 5467 de
545 5409 928 5477 inexspectata
952 5404 1331 5475 responsione.
1354 5402 1544 5474 Neque
1562 5405 1710 5461 enim
1735 5420 1891 5463 meus

272 5517 367 5573 hic
396 5524 491 5572 est
532 5525 751 5575 sermo,
782 5509 878 5565 sed
912 5517 1130 5580 patrum
1168 5516 1488 5565 nostrorum
1532 5508 1886 5565 admirando-

269 5639 400 5679 rum
458 5616 894 5688 insigniumque
930 5630 1198 5671 urorum.
1232 5614 1291 5672 Si
1343 5613 1493 5672 enim
1529 5615 1701 5670 multa
1754 5616 1887 5671 sub-

1988 3931 2221 3987 obscure
2250 3931 2320 3987 ab
2344 3930 2503 3985 initio
2532 3932 2794 4000 loquutus
2823 3938 2928 3995 est,
2955 3931 3154 3987 Filium
3179 3933 3422 3985 hominis
3441 3946 3566 3989 sese

1986 4050 2210 4098 vocans,
2239 4049 2343 4089 nec
2374 4034 2581 4103 ubique
2630 4047 2782 4086 suam
2829 4046 2957 4085 cum
2996 4033 3155 4087 Patre
3195 4033 3563 4101 aequalitatem

1987 4142 2133 4196 clare
2184 4141 2453 4204 revelans,
2491 4139 2623 4207 quid
2657 4139 2875 4192 miraris
2924 4139 2970 4193 si
3021 4138 3127 4193 hoc
3171 4138 3337 4193 etiam
3373 4140 3567 4194 adum—

1989 4246 2187 4312 bravit,
2219 4259 2414 4315 magna
2445 4244 2680 4314 quadam
2716 4254 2773 4299 ct
2799 4244 3039 4299 mirabili
3066 4261 3198 4301 usus
3227 4248 3571 4304 moonomia?

1989 4349 2201 4419 Ecquid
2227 4349 2318 4404 hic
2337 4349 2628 4404 mirabile?
2651 4349 2970 4419 inquies.Ut
2996 4360 3242 4405 servaret
3268 4350 3565 4422 Virginem,

1988 4466 2043 4513 et
2067 4472 2098 4511 a
2131 4472 2297 4528 prava
2329 4457 2641 4528 suspicione
2676 4456 2959 4513 liberaret.
2986 4456 3043 4513 Si
3070 4459 3219 4515 enim
3248 4460 3364 4515 haec
3392 4460 3567 4516 ,ιιιόωί

1990 4564 2058 4619 ab
2109 4563 2270 4618 initio
2320 4563 2629 4627 audissent,
2677 4563 2918 4635 maligne
2969 4576 3087 4619 rem
3134 4565 3569 4634 interpretantes

1989 4667 2269 4739 Virginem
2298 4668 2652 4739 lapidassent,
2678 4679 2842 4739 atque
2872 4679 2931 4724 ut
2974 4670 3280 4725 adulteram
3309 4671 3567 4725 damnas-

1989 4781 2133 4828 sent.
2166 4772 2301 4828 Nam
2350 4774 2395 4829 si
2443 4775 2501 4828 in
2548 4774 2693 4839 aliis,
2724 4788 2960 4843 quorum
2988 4774 3157 4829 etiam
3182 4777 3430 4847 exempla
3470 4777 3567 4831 ha-

1992 4880 2197 4937 bebant
2223 4883 2278 4937 in
2307 4883 2491 4938 Veteri
2520 4881 2893 4948 Testamento,
2924 4883 3275 4953 impudenter
3300 4886 3477 4956 palam
3508 4903 3568 4943 sc

1992 4988 2257 5057 gerebant
2290 5005 2306 5041 :
2334 4988 2378 5042 si
2407 4987 2629 5058 quando
2654 4988 2930 5044 demonas
2957 4990 3138 5060 eiecit,
3171 4991 3565 5048 daemoniacum

1994 5093 2284 5155 vocabant,
2320 5094 2363 5147 si
2393 5093 2520 5162 quia
2548 5092 2605 5147 in
2632 5092 2863 5148 sabbato
2897 5095 3130 5161 curavit,
3168 5097 3283 5152 Deo
3310 5099 3567 5155 adversa-

2002 5197 2146 5251 rium
2175 5197 2464 5267 putabant,
2488 5198 2705 5253 etiamsi
2733 5209 2895 5254 antea
2924 5200 3214 5256 sabbatum
3246 5217 3391 5273 saepe
3417 5204 3560 5257 soln-

2000 5311 2116 5358 tum
2154 5302 2349 5358 fuisset
2377 5321 2390 5356 :
2418 5303 2551 5373 quid
2597 5321 2704 5360 non
2738 5303 2939 5362 dicturi
2973 5316 3151 5375 erant,
3183 5309 3290 5365 hoc
3333 5311 3563 5364 audien-

2000 5410 2117 5463 tes?
2143 5409 2359 5464 Etenim
2386 5424 2487 5481 pro
2528 5411 2662 5481 ipsis
2689 5424 2987 5485 pugnasset
3019 5424 3193 5470 totum
3225 5416 3563 5485 praeteritum

1995 5523 2232 5584 tempus,
2257 5516 2349 5571 ubi
2377 5532 2674 5587 numquam
2703 5520 2835 5589 quid
2863 5520 3040 5576 simile
3060 5528 3273 5592 gestum
3296 5520 3487 5573 fuerat.
3509 5517 3566 5576 Si

1996 5634 2230 5688 namque
2262 5630 2387 5690 post
2414 5631 2492 5678 tot
2521 5622 2673 5693 signa
2707 5626 2862 5679 illum
2915 5625 3093 5679 adhuc
3146 5623 3361 5693 Iosephi
3394 5624 3569 5682 lilium
