4058 6204
680 283 750 338 57)
1393 301 1449 358 S.
1480 301 1755 360 JOANNIS
1792 302 2262 362 CHRYSOSTOMI
2302 308 2614 364 AllClllEP.
2656 312 3184 375 (ZONS'I'ANTINOI’.

682 394 1043 463 appellabant,
1072 399 1338 467 quomodo
1379 411 1499 453 ante
1541 402 1628 455 illa
1671 406 1817 473 signa
1846 408 2019 476 ipsum
2048 424 2112 464 ex
2147 411 2263 466 Vir-

677 488 799 555 gine
831 498 1010 543 natum
1037 491 1390 548 credidissent
1420 496 1442 546 ?
1486 494 1607 548 Ideo
1651 498 1829 567 itaque
1867 500 1986 568 ejus
2012 517 2263 571 geneato-

677 580 759 647 gia
799 580 1042 647 duc'itur,
1072 582 1446 654 Virginemque
1490 587 1798 655 deSponsal.
1846 590 2069 658 Quando
2118 597 2261 652 enim

677 668 897 738 .loseph,
941 672 1024 725 vir
1063 671 1236 740 justus
1266 682 1319 727 et
1360 674 1742 744 admirandus,
1794 682 1973 737 multis
2001 700 2135 753 opus
2166 687 2261 741 ha-

677 761 811 828 buit,
841 774 897 817 ut
924 765 1065 832 quod
1093 775 1299 834 gestum
1340 778 1457 823 erat
1484 770 1765 837 edisceret,
1793 776 2015 843 angelo,
2054 780 2260 837 visione

676 867 773 921 per
799 867 1044 909 somnum
1076 897 1091 921 ,
1123 865 1179 912 et
1208 860 1585 928 prophetarum
1618 865 1953 933 testimonio;
1993 873 2259 939 quomodo

672 944 839 997 .ΙιιιΙ;ιτί
866 948 1103 1014 perversi
1137 958 1193 1002 et
1228 953 1486 1021 corrupti,
1509 962 1563 1008 et
1593 955 1666 1009 illi
1698 956 1913 1025 infensi,
1944 959 2079 1016 hanc
2096 944 2255 1019 exce-

668 1037 872 1105 pissent
919 1038 1272 1108 opinionem?
1321 1044 1621 1100 Admodum
1664 1048 1804 1102 enim
1853 1049 1971 1106 illos
2016 1066 2104 1107 res
2149 1062 2255 1109 tam

676 1150 809 1189 nova
836 1176 851 1201 ,
876 1144 984 1189 tam
1013 1136 1371 1203 inexspectata
1416 1138 1786 1205 pet-turbatura
1816 1154 1930 1199 erat
1949 1185 1964 1207 ,
2008 1160 2074 1202 eo
2115 1148 2257 1214 quod

670 1226 1066 1294 progenitorum
1108 1242 1325 1281 suorum
1371 1243 1487 1283 aevo
1535 1230 1667 1284 nihil
1698 1232 1998 1299 hujusmodi
2044 1246 2257 1306 gestum

669 1333 918 1385 umquam
950 1318 1153 1371 fuisset.
1183 1318 1390 1373 Etenim
1412 1320 1502 1388 qui
1526 1322 1691 1376 semel
1716 1324 1941 1379 credidit
1967 1327 2116 1381 illum
2138 1343 2259 1383 esse

670 1407 762 1461 Dei
787 1407 1001 1473 Filium,
1025 1408 1154 1462 nihil
1182 1408 1281 1464 hac
1304 1409 1372 1465 de
1398 1426 1458 1465 rc
1478 1413 1746 1483 ambigere
1765 1414 1948 1470 debuit
1971 1417 2102 1488 :gui
2130 1434 2257 1473 vero

669 1498 815 1551 illum
864 1498 1202 1553 seductorem
1231 1510 1283 1554 et
1328 1500 1436 1556 Deo
1478 1502 1843 1558 adversarium
1888 1506 2253 1575 existimaret,

667 1590 935 1657 quomodo
979 1598 1083 1643 non
1118 1591 1216 1643 hac
1259 1590 1327 1645 de
1362 1605 1423 1647 re
1450 1593 1618 1661 magis
1660 1592 2053 1662 offenderetur,
2082 1599 2169 1668 qui
2202 1598 2255 1654 in

668 1681 811 1733 illam
842 1696 947 1734 non
976 1681 1331 1737 deduceretur
1370 1683 1676 1752 Opinionem
1701 1686 1725 1739 ?
1754 1685 1984 1757 Ideoque
2030 1690 2260 1759 apostoil

668 1772 771 1829 hoc
797 1773 975 1827 statim
1004 1775 1072 1828 ab
1094 1775 1243 1828 initio
1269 1790 1373 1829 non
1395 1776 1612 1840 dicunt,
1642 1778 1737 1832 sed
1770 1777 1839 1834 de
1864 1782 2256 1839 resurrectiime

666 1865 831 1919 multa
870 1880 1013 1935 smpe
1059 1866 1364 1933 disserunt,
1415 1869 1567 1937 cujus
1604 1869 1715 1937 jam
1753 1874 1999 1941 exempla
2046 1874 2257 1931 fuerant

669 1959 950 2025 prmteritis
1003 1960 1358 2028 temporibus.
1404 1962 1504 2015 etsi
1536 1977 1641 2017 non
1673 1962 1797 2018 huic
1844 1965 2037 2020 similia
2068 1985 2082 2021 :
2112 1968 2254 2037 quod

668 2060 843 2104 autem
867 2050 934 2104 de
950 2050 1167 2120 Virgine
1191 2060 1346 2105 natus
1374 2052 1462 2117 sit,
1488 2068 1594 2107 non
1618 2054 1686 2108 ita
1709 2054 2011 2126 frequenter
2034 2058 2253 2126 dicunt;

667 2142 760 2194 SCtl
796 2157 979 2219 neque
1027 2152 1196 2195 mater
1219 2142 1270 2196 id
1297 2152 1378 2196 est
1405 2157 1532 2198 ausa
1562 2145 1819 2213 proferre.
1853 2146 1985 2204 Vide
2027 2166 2254 2220 namque

666 2218 799 2300 quid
822 2232 895 2285 illi
927 2230 1085 2302 Virgo
1113 2232 1252 2286 dicat
1283 2253 1296 2287 :
1329 2230 1461 2288 Ecce
1500 2251 1591 2306 ego
1619 2246 1664 2289 et
1692 2248 1834 2306 pater
1857 2249 1973 2292 tuus
1998 2218 2256 2310 qua’relta-

668 2342 780 2378 ntus
810 2324 1047 2393 te(Luc.
1074 2326 1130 2379 2.
1158 2326 1227 2380 48
1244 2326 1286 2392 ).
1336 2326 1468 2380 Nam
1518 2329 1564 2382 si
1610 2328 1739 2382 illud
1794 2329 1849 2384 in
1895 2332 2252 2401 suspicionem

667 2418 936 2480 venisset,
992 2430 1165 2487 neque
1214 2418 1427 2473 Davidis
1454 2418 1671 2474 demum
1715 2420 1851 2475 lilius
1874 2437 1993 2477 esse
2020 2424 2255 2481 creditus

668 2508 884 2564 fuisset:
909 2511 1006 2564 hac
1047 2523 1204 2579 porro
1231 2511 1436 2566 sublata
1478 2512 1758 2580 opinione,
1787 2514 1951 2569 multa.
1988 2517 2091 2571 alia
2119 2519 2254 2573 sub-

667 2604 869 2657 oritnra
915 2602 1053 2657 mala
1093 2610 1267 2656 erant.
1296 2603 1579 2673 Pr0pterea
1611 2620 1678 2660 ne
1704 2606 1802 2675 ipsi
1833 2607 2048 2676 quidem
2076 2610 2250 2677 angeli

672 2692 803 2746 illud
843 2692 1052 2758 dicunt,
1098 2693 1203 2747 nisi
1243 2693 1427 2749 Mariae
1465 2705 1673 2751 tantum
1710 2706 1765 2751 et.
1806 2695 2076 2766 Josepho;
2121 2714 2246 2753 cum

669 2798 797 2836 vero
833 2784 1147 2853 pastoribus
1187 2782 1364 2841 fausta
1420 2789 1753 2853 nuntiarent,
1802 2789 1854 2843 id
1899 2791 2122 2844 minime
2160 2791 2249 2845 ad-

665 2874 933 2943 jecerunt.
999 2875 1111 2930 Cur
1169 2877 1442 2931 Abraham
1508 2889 1849 2943 memorato,
1894 2896 2019 2935 cum
2073 2883 2245 2939 dixis-

668 2978 770 3028 set,
810 2968 998 3037 genuit
1033 2969 1203 3035 Isaac,
1232 2979 1286 3023 et
1319 2971 1475 3025 Isaac
1504 2971 1695 3036 Jacob,
1730 2988 1830 3027 nec
1864 2973 2085 3030 fratrem
2109 2978 2125 3007 ¹
2149 2972 2243 3031 Ja-

666 3058 792 3111 cobi
814 3059 1172 3123 nominasset,
1207 3075 1331 3114 cum
1378 3062 1444 3115 ad
1468 3062 1735 3117 Jacobum
1773 3073 1959 3133 postea
1996 3068 2161 3132 venit,
2191 3077 2246 3123 et

665 3143 860 3197 ludam
883 3156 935 3201 et
957 3149 1155 3203 fratres
1172 3152 1292 3219 ejus
1314 3161 1705 3205 eonnuemorat
1728 3152 1752 3204 ?

732 3315 790 3369 2.
829 3314 1055 3382 Quidam
1101 3313 1312 3374 dicunt,
1354 3311 1404 3365 id
1458 3310 1528 3364 ob
1570 3323 1764 3380 pravos
1807 3308 1948 3363 Esau
1977 3321 2153 3363 mores
2200 3313 2257 3360 et

667 3406 895 3458 aliorum
944 3405 1178 3473 priorum
1226 3402 1423 3456 factum
1453 3416 1594 3455 esse.
1646 3401 1759 3471 Ego
1804 3415 1933 3455 vero
1988 3400 2117 3455 illud
2146 3416 2253 3454 non

662 3494 888 3549 dixerim
919 3511 931 3547 :
966 3511 1084 3567 nam
1113 3494 1155 3548 si
1187 3493 1285 3547 hoc
1309 3503 1475 3556 esset,
1504 3508 1600 3547 cur
1630 3493 1761 3547 tales
1785 3491 1943 3562 paulo
1980 3502 2100 3562 post
2130 3507 2252 3545 mu-

663 3585 822 3641 lieres
842 3585 1263 3640 commemorat?
1302 3585 1431 3639 Nam
1452 3585 1615 3654 gloria
1640 3584 1755 3652 ejus
1778 3584 1863 3637 hic
1883 3600 1948 3637 ex
1970 3583 2253 3637 contrariis

657 3676 912 3732 elucescit
939 3694 952 3707 ·
983 3693 1088 3731 non
1115 3692 1178 3731 ex
1208 3692 1274 3731 eo
1304 3676 1443 3746 quod
1474 3691 1693 3745 magnos
1721 3675 1913 3730 habeat
1942 3676 2248 3744 progenito-

665 3784 782 3833 res,
815 3768 908 3823 scd
952 3771 1125 3838 potius
1167 3770 1386 3838 exiguos
1415 3780 1468 3824 et
1497 3770 1646 3823 viles.
1686 3768 1910 3823 Sublimi
1952 3770 2093 3822 enim
2134 3768 2250 3824 haec

659 3876 847 3931 magna
891 3862 1059 3932 gloria
1090 3871 1166 3916 est
1194 3903 1209 3926 ,
1256 3863 1300 3916 si
1347 3865 1514 3931 possit
1563 3862 1828 3917 demissus
1857 3862 2141 3918 admodum
2194 3873 2249 3918 et

661 3953 780 4007 vilis
807 3968 1065 4025 apparere
1099 3974 1110 4009 :
1146 3970 1242 4008 cur
1267 3954 1447 4023 itaque
1475 3969 1579 4009 non
1608 3955 2088 4011 commemoravit?
2114 3954 2246 4021 Quia

659 4046 791 4100 nihil
817 4060 1103 4101 commune
1133 4046 1398 4103 habebant
1427 4047 1499 4100 illi
1538 4061 1659 4102 cum
1696 4047 1986 4103 Israelitico
2008 4062 2202 4117 genere
2229 4088 2244 4108 .

657 4151 848 4204 nempe
873 4137 1165 4205 Saraceni,
1198 4137 1479 4192 lsmaelitzn
1527 4147 1581 4194 et
1620 4138 1857 4203 Arabes,
1889 4150 1945 4195 et
1986 4149 2246 4209 quotquot

653 4226 846 4281 abillis
872 4228 1164 4297 majoribus
1195 4230 1296 4283 orti
1327 4240 1472 4284 sunt.
1496 4229 1725 4299 Ideoque
1756 4230 1860 4285 illis
1886 4232 2101 4286 silentio
2117 4233 2245 4285 mis-

653 4319 728 4369 sis
746 4359 759 4381 ,
790 4319 855 4370 ad
883 4318 1000 4387 ejus
1025 4329 1080 4373 et
1108 4319 1313 4375 Judaici
1342 4321 1521 4390 populi
1547 4322 1776 4390 majores
1799 4332 2070 4392 properat.
2116 4324 2243 4378 Ideo

653 4407 723 4459 ait
758 4426 770 4459 :
812 4406 973 4461 Jacob
999 4419 1167 4463 autem
1213 4412 1385 4480 genuit
1428 4410 1625 4464 Judam
1663 4422 1710 4464 et
1735 4412 1918 4481 fratres
1964 4415 2093 4482 ejus.
2144 4414 2242 4470 llic

650 4496 757 4561 jam
785 4496 1089 4553 Judmorum
1118 4500 1427 4570 designatur
1464 4503 1709 4570 populus.
1754 4504 1923 4559 ludas
1954 4515 2118 4559 autem
2153 4524 2243 4576 ge-

653 4588 761 4641 nuit
790 4586 985 4644 Phares
1021 4600 1067 4646 et
1095 4591 1280 4646 Zaram
1308 4591 1370 4645 de
1398 4590 1644 4648 Thamar.

717 4776 796 4830 De
837 4780 1089 4848 majorum
1134 4779 1358 4850 nequitia
1402 4795 1505 4833 non
1547 4777 1955 4834 erubescendum.
1985 4812 2057 4821 —
2093 4782 2229 4849 Quid

645 4866 807 4929 facis,
834 4872 904 4922 mi
939 4873 1097 4924 homo
1120 4915 1135 4933 ,
1176 4874 1302 4925 dum
1332 4873 1605 4927 historiam
1650 4873 1809 4928 alfers
1847 4876 2071 4943 improbi
2119 4879 2233 4930 eoin

643 4966 727 5011 tos
750 4960 773 5009 ἱ)
796 4956 938 5021 Quid
967 4955 1137 5013 dicis?
1168 4960 1363 5030 inquit.
1389 4965 1548 5020 Certe
1569 4967 1612 5019 si
1656 4966 1779 5019 nudi
1810 4967 2037 5022 hominis
2062 4984 2231 5037 genus

642 5064 1046 5116 cnarraremus,
1086 5053 1207 5121 jure
1250 5056 1369 5125 quis
1405 5057 1519 5111 haec
1565 5060 1842 5120 tacuisset;
1873 5061 1916 5114 si
1944 5069 2119 5116 autem
2148 5063 2230 5116 in-

640 5142 842 5196 carnati
867 5142 961 5198 Dei
981 5183 996 5206 ,
1019 5161 1125 5199 non
1168 5148 1328 5201 modo
1360 5148 1471 5203 ltarc
1496 5166 1599 5204 non
1632 5152 1852 5207 tacenda
1878 5193 1894 5219 ,
1946 5154 2039 5207 sed
2064 5156 2223 5210 etiam

642 5233 919 5303 magniﬁce
950 5238 1313 5305 expromenda
1338 5250 1485 5307 sunt,
1509 5253 1565 5297 ut
1592 5244 1707 5313 ejus
1736 5255 1791 5299 et
1822 5246 2152 5313 providentia
2173 5259 2227 5305 et

643 5337 875 5398 potestas
900 5328 1231 5385 ostendatur.
1276 5331 1399 5387 ldeo
1444 5349 1670 5406 namque
1702 5339 1881 5403 venit,
1911 5356 2015 5395 non
2048 5352 2105 5395 ut
2128 5357 2226 5411 op-

638 5419 851 5487 probria
900 5427 1083 5475 nostra
1129 5420 1331 5491 fugiat;
1381 5425 1477 5480 sed
1521 5435 1578 5481 nt
1622 5428 1707 5481 illa
1735 5431 1801 5485 de
1844 5432 2023 5489 medio
2051 5435 2220 5491 tollat.

716 5606 731 5634 '
767 5605 903 5655 Savil.
927 5606 1067 5673 legit,
1098 5610 1301 5661 Domini.

2364 410 2513 464 Sicut
2542 426 2646 464 non
2675 420 2781 465 tam
2812 414 3165 474 admiramur,
3197 416 3337 485 quod
3367 425 3609 471 mortuus
3637 419 3737 484 sit,
3777 438 3838 490 qu

2364 500 2503 568 quod
2531 502 2844 566 cruciﬁxus;
2870 504 2990 558 hcet
3014 521 3098 559 res
3126 508 3379 573 probrosa
3408 508 3478 560 sit
3503 527 3515 560 :
3547 508 3638 563 sed
3670 524 3772 579 quo
3815 530 3838 579 p

2365 589 2604 656 brosior,
2665 601 2812 648 tanto
2860 596 3027 663 magis
3076 597 3193 664 ejus
3244 610 3367 665 erga
3413 598 3655 654 homines
3700 617 3838 657 amor

2354 681 2625 736 exhibet:
2672 684 2749 737 sic
2794 683 2862 737 de
2914 685 3257 753 generatione
3302 686 3421 754 ejus
3462 685 3782 745 dicendum:
3827 708 3838 745 I

2362 773 2523 828 modo
2549 773 2689 843 quod
2718 790 2934 829 carnem
2956 776 3255 845 susceperit
3286 777 3629 833 admirandus
3672 791 3787 846 est;
3836 828 3837 833 η

2360 865 2522 918 etiam
2551 865 2691 934 quod
2723 864 2855 921 tales
2880 862 3079 920 habere.
3104 877 3357 937 cognatos
3384 868 3627 939 dignatus
3674 873 3739 925 sit
3757 914 3770 935 ,
3810 890 3838 927 ιι

2358 974 2514 1027 quam
2554 959 2621 1015 de
2658 960 2813 1015 malis
2835 961 3031 1015 nostris
3056 963 3317 1032 susceptis
3342 963 3676 1019 erubescens.
3702 964 3838 1019 "llltlt

2356 1066 2421 1106 ex
2454 1052 2571 1122 ipso
2607 1053 2967 1121 generationis
2995 1054 3217 1109 exordio
3246 1054 3587 1123 praedicavit,
3617 1073 3673 1112 se
3697 1055 3761 1110 de
3785 1075 3837 1114 nt

2354 1143 2497 1211 quod
2522 1143 2589 1198 ad
2617 1158 2713 1199 nos
2741 1146 3002 1214 pertineat
3045 1148 3363 1202 erubescere
3388 1166 3401 1201 :
3429 1163 3525 1216 per
3549 1148 3659 1204 hac
3683 1165 3775 1204 nos
3800 1168 3838 1207 e.

2353 1248 2519 1301 cens,
2561 1249 2629 1289 ne
2655 1251 2905 1305 umquam
2943 1236 3013 1292 de
3053 1250 3311 1307 majorum
3358 1249 3659 1296 nostrorum
3702 1258 3833 1312 nequ

2352 1327 2765 1393 erubescamus;
2809 1327 2903 1383 sed
2936 1343 3093 1382 unam
3132 1330 3307 1383 solum
3334 1346 3631 1400 quaramus
3661 1334 3837 1389 virtuti

2350 1418 2484 1473 Nam
2507 1422 2595 1488 qui
2624 1420 2766 1473 illam
2798 1428 3049 1483 sectatur,
3075 1423 3282 1474 etiamsi
3311 1422 3660 1492 alienigenam
3688 1439 3838 1493 progc

2353 1524 2521 1565 torem
2549 1510 2761 1574 habeat,
2786 1511 2995 1564 etiarnsi
3048 1520 3271 1564 matrem
3326 1514 3675 1579 meretricem,
3714 1516 3793 1569 vel
3826 1532 3838 1568 ε

2352 1603 2513 1657 modo
2542 1602 2960 1672 deSpiciendam,
2993 1601 3122 1655 nihil
3162 1600 3285 1656 hinc
3333 1602 3630 1658 nocumenti
3678 1620 3832 1676 passo

2349 1704 2453 1751 est.
2484 1693 2615 1749 Nam
2645 1695 2689 1749 si
2720 1694 3115 1759 fornicatorcm,
3148 1694 3235 1764 qui
3264 1695 3566 1764 resipuerit,
3611 1697 3754 1750 nullo
3784 1714 3837 1766 pr

2348 1789 2454 1842 vita
2476 1787 2739 1843 dedecore
2754 1787 2921 1841 allicit
2953 1803 2967 1841 :
2997 1786 3165 1840 multo
3185 1786 3358 1840 minus
3378 1787 3460 1839 vir
3477 1788 3689 1857 probus,
3717 1805 3780 1843 ex
3809 1807 3838 1844 ιι

2347 1880 2543 1935 ntrice
2564 1880 2646 1935 vel
2671 1879 2909 1933 adultera
2928 1888 3102 1945 natus,
3123 1886 3403 1947 parentum
3420 1879 3750 1948 improbitate
3769 1881 3837 1935 de

2347 1970 2661 2026 nestabitur.
2708 1969 2797 2026 Sic
2841 1984 2997 2037 porro
3017 1983 3077 2024 se
3102 1968 3341 2037 gerebat,
3370 1983 3474 2023 non
3524 1978 3719 2024 tantum
3747 1980 3803 2024 ut
3830 1988 3838 2026 ι

2345 2064 2663 2129 institueret,
2690 2062 2785 2117 sed
2803 2064 2961 2118 etiam
2980 2072 3039 2117 ut
3058 2061 3361 2116 Judaeorum
3382 2071 3639 2118 tumorem
3658 2063 3838 2133 deprin

2344 2164 2446 2211 ret.
2463 2155 2596 2222 Quia
2624 2155 2765 2209 enim
2807 2151 2970 2206 animi
3013 2153 3207 2207 virtute
3236 2152 3475 2221 neglecta
3509 2193 3525 2217 ,
3570 2153 3831 2208 Abraham

2344 2260 2559 2315 semper
2587 2259 2681 2299 ore
2724 2240 2999 2307 ferebant,
3039 2252 3289 2315 putantes
3315 2256 3628 2311 proavorum
3676 2246 3833 2298 virtut

2343 2314 2638 2392 defensioni
2670 2336 2769 2390 sibi
2796 2349 2935 2399 esse,
2959 2334 3025 2388 ab
3047 2335 3162 2402 ipso
3189 2314 3338 2387 initio
3363 2334 3612 2400 ostendit,
3634 2334 3753 2391 hinc
3771 2340 3837 2390 mi

2343 2446 2430 2486 me
2450 2432 2669 2502 gloriam
2694 2429 2944 2498 aucupari
2967 2437 3216 2494 Oportere
3237 2468 3252 2491 ,
3293 2426 3386 2481 sed
3425 2426 3493 2482 de
3516 2431 3740 2498 prepriis
3782 2448 3838 2486 re

2344 2525 2513 2579 factis.
2539 2524 2665 2577 Post
2682 2522 2798 2575 hare
2824 2520 2949 2575 illud
2974 2533 3186 2590 quoque
3208 2519 3334 2589 agit,
3368 2528 3427 2572 ut
3466 2521 3707 2575 ostendat
3737 2538 3838 2577 om:

2341 2615 2573 2687 peccatis
2592 2613 2851 2669 obnoxios
2872 2611 3057 2675 fuisse,
3080 2611 3348 2681 etiamque
3368 2625 3594 2680 proavos
3614 2612 3772 2682 ipsos.
3791 2615 3838 2668 Νι

2340 2708 2453 2777 ipse
2477 2704 2798 2777 patriarcha,
2818 2703 2907 2773 qui
2927 2717 3121 2757 nomen
3142 2702 3329 2756 indidit
3344 2704 3509 2772 genti,
3529 2719 3632 2757 non
3655 2706 3838 2759 ιιιοιιίοι

2342 2803 2393 2854 in
2424 2806 2703 2869 peccatum
2735 2795 2914 2864 lapsus
2943 2802 3189 2847 narratur
3212 2811 3225 2847 :
3249 2804 3356 2846 Stat
3382 2793 3524 2847 enim
3553 2794 3783 2850 Thamar
3808 2814 3838 2865 e

2340 2893 2743 2949 fornicationem
2771 2900 3028 2943 accusans
3052 2902 3066 2951 ;
3098 2885 3261 2939 David
3309 2901 3519 2957 quoque
3544 2901 3606 2942 ex
3630 2887 3837 2943 adulter

2339 2986 2563 3041 muliere
2582 2982 2920 3037 Salomonem
2941 2974 3193 3044 suscepit.
3212 2974 3267 3031 Si
3290 2990 3448 3044 porro
3468 2976 3553 3032 lex
3573 2992 3639 3031 ne
3658 2994 3685 3030 a
3714 2995 3833 3048 mag

2344 3065 2557 3135 quidem
2576 3066 2679 3119 illis
2696 3064 2824 3119 viris
2842 3065 3056 3134 impleta
3082 3074 3184 3128 est,
3206 3064 3375 3119 multo
3392 3064 3567 3119 minus
3594 3066 3661 3120 ab
3683 3067 3837 3135 exigu

2343 3157 2387 3208 si
2409 3165 2585 3210 autem
2615 3155 2827 3224 impleta
2854 3171 2959 3208 non
2990 3164 3094 3217 est,
3118 3170 3303 3210 omnes
3332 3164 3701 3223 peccaverunt,
3733 3172 3797 3211 ac
3824 3176 3837 3210 ι

2344 3245 2611 3298 cessarins
2654 3245 2752 3298 fuit
2780 3243 2976 3298 Christi
3006 3245 3283 3299 adventus.
3317 3244 3598 3314 Pmpterea
3644 3246 3837 3301 duodet

2346 3335 2671 3402 patriarchas
2716 3337 3185 3400 commemoravit,
3216 3335 3339 3391 inde
3383 3351 3590 3406 quoque
3614 3337 3832 3407 jactanti

2344 3426 2488 3480 illam
2529 3426 2599 3483 de
2642 3428 3040 3497 progenitorum
3090 3426 3363 3482 nobilitate
3412 3427 3737 3497 deprimens.
3794 3430 3835 3483 Ν

2344 3516 2532 3573 horum
2557 3519 2706 3573 multi
2732 3534 2799 3573 ex
2830 3518 3038 3572 ancillis
3070 3518 3178 3571 nati
3219 3527 3409 3572 erant:
3440 3530 3495 3572 et
3526 3528 3701 3573 tamen
3733 3535 3838 3589 part

2344 3618 2453 3662 tmn
2482 3608 2569 3662 illa
2599 3608 2897 3663 differentia
2925 3607 3280 3665 dilferentiam
3315 3609 3452 3662 inter
3492 3608 3627 3662 lilios
3656 3625 3763 3663 non
3792 3612 3838 3663 in

2344 3698 2420 3752 lit.
2444 3698 2643 3753 Omnes
2663 3699 2805 3753 enim
2836 3698 2991 3752 simul
3016 3707 3169 3753 erant
3199 3708 3251 3752 et
3272 3698 3587 3767 patriarcha:
3611 3708 3667 3753 et
3694 3702 3833 3755 tribu

2346 3792 2635 3861 principes.
2669 3791 2756 3844 Illa
2780 3790 2975 3860 quippe
3000 3799 3083 3844 est
3113 3790 3365 3844 Ecclesia:
3393 3791 3740 3860 praarogativa
3769 3810 3783 3842 :
3815 3791 3838 3844 l1

2340 3882 2478 3951 apud
2501 3896 2599 3936 nos
2618 3888 2702 3935 est
2727 3880 3016 3934 nobilitatis
3036 3879 3409 3950 dignitatisque
3435 3880 3591 3945 ratio,
3620 3880 3777 3949 cujus
3801 3884 3837 3935 ο

2340 3970 2503 4042 ﬁgura
2531 3970 2821 4042 praecessit.
2852 3970 2926 4024 lta
2956 3971 3068 4025 sive
3097 3984 3311 4034 szrvos,
3354 3971 3466 4024 sive
3496 3970 3632 4024 liber
3659 3971 3735 4024 sis
3754 4012 3771 4036 ,
3798 3972 3837 4025 ni

2342 4065 2459 4134 plus
2482 4107 2497 4132 ,
2528 4064 2658 4119 nihil
2683 4064 2859 4118 minus
2889 4061 3106 4125 habeas,
3134 4060 3229 4115 sed
3256 4077 3417 4117 unum
3459 4071 3541 4117 est
3563 4061 3704 4132 quod
3726 4078 3838 4132 qua

2342 4166 2458 4221 tur,
2494 4156 2739 4209 voluntas
2764 4153 3034 4222 animique
3060 4166 3260 4207 mores.

2410 4249 2463 4304 5.
2502 4248 2606 4303 Cur
2629 4247 2765 4303 Zara
2792 4256 2840 4301 et
2868 4246 3066 4301 Pluere;
3109 4249 3163 4300 in
3200 4247 3491 4317 genealogus
3529 4247 3722 4302 Christi
3768 4266 3837 4303 no

2341 4350 2544 4394 nuntur.
2567 4370 2635 4381 ——
2657 4340 2860 4395 Prurter
2878 4354 2941 4393 ea
2960 4352 3083 4407 qua:
3108 4338 3249 4392 dicta
3290 4348 3436 4404 sunt,
3478 4339 3581 4393 alia
3621 4354 3791 4393 causa
3835 4352 3838 4393 ι

2342 4431 2454 4485 haec
2494 4430 2948 4485 commemoratth
2983 4448 2996 4482 :
3026 4445 3197 4499 neque
3239 4429 3380 4481 enim
3426 4430 3543 4483 sine
3593 4443 3760 4483 causa
3811 4447 3838 4499 p

2340 4522 2538 4576 Phares
2562 4522 2773 4575 additus
2798 4530 2881 4576 est
2903 4530 2957 4575 et
2983 4521 3139 4575 Zara.
3189 4520 3316 4573 Erat
3354 4520 3495 4573 enim
3542 4519 3838 4575 redundans

2337 4614 2662 4684 superﬂuum
2705 4623 2827 4685 post.
2874 4620 3349 4668 commemoratum
3396 4610 3651 4674 Pharem,
3705 4627 3778 4665 ex
3824 4629 3837 4667 ι

2336 4706 2530 4761 Christi
2564 4708 2579 4738 ¹
2607 4704 2915 4775 genealogia
2945 4703 3174 4765 ducitur,
3206 4701 3359 4756 Zara:
3384 4701 3545 4756 etiam
3566 4701 3751 4756 facere
3780 4720 3835 4757 ni

2338 4800 2553 4852 tionem.
2577 4796 2683 4851 Cur
2708 4812 2836 4865 ergo
2860 4804 2910 4850 et
2937 4796 3077 4847 hunc
3108 4793 3457 4847 memoravit?
3480 4790 3615 4846 Cum
3647 4793 3751 4845 hos
3789 4809 3838 4862 p:

2338 4900 2450 4943 tura
2483 4888 2713 4942 Thamar
2750 4896 2910 4949 esset,
2955 4886 3275 4939 adveniente
3320 4896 3493 4954 partu,
3538 4882 3677 4938 Zara
3726 4886 3838 4953 prir

2336 4994 2549 5033 manum
2580 4980 2758 5034 emisit
2782 4994 2815 5033 e
2843 4979 2995 5032 vulva
3027 4999 3040 5032 :
3073 4976 3174 5031 hoc
3203 4984 3489 5044 conspecto
3532 4975 3838 5040 obstetrix,

2337 5070 2426 5123 ille
2457 5071 2601 5138 prior
2629 5077 2959 5131 nasceretur,
2988 5068 3235 5123 coccinea
3265 5066 3425 5121 fascia
3450 5081 3667 5119 manum
3710 5068 3838 5134 ejus

2333 5161 2507 5230 gavit;
2534 5170 2591 5213 ut
2619 5175 2778 5229 porro
2810 5161 2964 5229 ligata
2994 5160 3109 5222 fuit,
3140 5160 3358 5212 retraxit
3384 5171 3515 5226 puer
3544 5172 3797 5219 manum,
3827 5177 3838 5210 ι

2336 5253 2474 5307 facto
2498 5267 2745 5321 egressus
2776 5260 2857 5306 est
2884 5250 3105 5314 Phares,
3147 5259 3201 5302 et
3246 5259 3427 5316 postea
3454 5246 3609 5300 Zara.
3642 5246 3761 5300 Hoc
3794 5262 3838 5299 Ct

2336 5353 2517 5411 specto
2548 5340 2803 5395 obstetrix
2831 5341 2903 5395 ait
2927 5357 2940 5394 :
2964 5338 3132 5406 Quare
3161 5348 3363 5407 propter
3391 5347 3437 5390 te
3474 5337 3642 5389 excisa
3678 5346 3757 5389 est
3789 5352 3838 5389 se

2336 5431 2484 5500 (Gen.
2515 5433 2607 5492 5S.
2629 5432 2760 5502 29)?
2784 5430 2968 5488 \‘iden’
2987 5429 3359 5501 mysteriorum
3383 5426 3707 5494 :rnigmata?
3744 5425 3838 5478 Nm
