4058 6208
349 245 421 296 δῦ
1152 223 1162 231 ’
1514 239 1583 298 ιιι
1635 239 2050 300 manusua
2114 240 2346 299 uoau..
2385 241 2464 297 ιιι.
3225 287 3232 293 .
3536 261 3604 316 56

345 360 491 416 enim
520 362 633 418 hate
657 364 773 419 sine
814 378 969 418 causa
995 364 1189 434 scripta
1231 363 1385 419 nobis
1423 363 1572 419 fuere
1601 381 1614 417 :
1642 379 1816 434 neque
1855 367 1921 418 ad

345 451 585 508 historia:
605 455 912 524 dignitatem
941 455 1240 526 pertinebat
1267 455 1528 522 ediscere,
1555 456 1680 525 quid
1699 455 1915 511 dixisset

343 545 650 601 obstetrix:
683 563 856 616 neque
885 547 1209 601 narrandum
1250 547 1531 602 videbatur
1576 562 1733 613 esse,
1781 547 1921 616 quod

342 650 558 689 manum
583 637 831 690 extulerit
853 637 1054 707 primus
1083 638 1126 691 is
1154 637 1239 706 qui
1267 635 1532 692 secundus
1556 652 1799 707 egressus
1818 648 1919 692 est.

341 727 622 792 Quodnam
638 727 798 798 igitur
816 727 917 782 hoc
942 729 1164 798 aenigma
1177 729 1298 782 est?
1324 728 1522 795 Primo,
1539 745 1605 784 ex
1632 729 1746 798 ipso
1774 729 1922 797 pueri

341 816 559 871 nomine
586 819 936 886 quaestionem
963 819 1224 874 solvimus
1249 834 1263 873 :
1288 819 1489 876 Phares
1517 834 1660 875 enim
1687 831 1769 875 est
1790 820 1922 874 divi-

341 908 424 962 sio
450 917 504 964 et
518 909 775 964 concisio.
801 909 1051 966 Secundo
1066 926 1132 966 ex
1156 912 1268 981 ipsa
1291 927 1348 966 re
1369 921 1552 981 gesta:
1584 926 1754 981 neque
1777 913 1920 966 enim

340 1013 406 1052 ex
461 999 689 1053 naturali
744 1001 1123 1070 consequentia
1179 1011 1298 1055 erat
1336 1015 1457 1055 eum
1506 1000 1596 1070 qui
1642 1001 1924 1056 extulisset

300 1135 306 1141 .
342 1103 580 1154 manum,
620 1091 790 1158 ipsam
811 1099 993 1160 postea
1024 1089 1297 1145 retrahere
1323 1089 1573 1159 ligatam;
1606 1104 1707 1144 nec
1744 1090 1799 1144 id
1838 1105 1923 1144 ra-

343 1181 472 1234 tioni
503 1181 588 1236 vel
615 1190 818 1236 natura:
862 1197 1158 1237 consonum
1186 1181 1417 1238 videtur.
1468 1182 1601 1237 Nam
1649 1184 1922 1252 prtemiSsa

339 1271 556 1341 quidem
573 1272 728 1328 unius
748 1287 930 1340 manu,
959 1273 1188 1327 alterum
1212 1271 1414 1342 egredi,
1438 1272 1487 1326 id
1515 1272 1652 1328 forte
1678 1275 1922 1329 naturale

339 1362 539 1429 fuerit;
568 1362 663 1419 sed
694 1371 922 1418 retracta
951 1377 1136 1430 manu,
1163 1362 1315 1417 alteri
1347 1359 1628 1418 transitum
1657 1363 1922 1432 praebere,

340 1456 394 1511 id
419 1472 524 1512 non
557 1457 616 1511 fit
658 1472 726 1512 ex
767 1472 918 1511 more
963 1456 1296 1511 nascentium
1323 1473 1337 1510 :
1368 1471 1556 1512 verum
1587 1456 1775 1512 aderat
1827 1457 1924 1514 Dei

335 1547 511 1618 gratia
536 1563 657 1618 quas
687 1547 802 1602 haec
829 1547 972 1600 circa
1000 1559 1196 1616 pueros
1221 1545 1555 1615 dispensaret
1576 1588 1590 1612 ,
1611 1556 1666 1601 et
1692 1563 1786 1617 per
1809 1549 1925 1604 haec

335 1639 641 1692 futurorum
663 1637 945 1706 quamdam
965 1636 1247 1705 imaginem
1269 1636 1634 1714 adumbraret.
1665 1638 1800 1707 Quid
1827 1639 1926 1709 igi-

338 1738 431 1783 tur
467 1729 620 1783 aiuut
659 1727 873 1798 quidam
922 1743 989 1782 ex
1037 1726 1143 1782 illis
1187 1726 1276 1796 qui
1318 1727 1435 1782 hate
1474 1728 1924 1797 exploraveruut?

337 1820 520 1876 Hosee
570 1835 765 1890 pueros
832 1819 1056 1874 duorum
1114 1833 1236 1873 esse
1295 1819 1612 1888 populorum
1677 1821 1922 1892 figuram.

333 1912 547 1967 Deinde
596 1922 654 1964 ut
699 1911 898 1977 discas,
943 1908 1166 1965 secundi
1193 1909 1376 1978 populi
1403 1910 1700 1965 institutum
1726 1913 1921 1982 prioris

332 2003 482 2058 ortui
510 2001 834 2073 praeluxisse,
868 2015 1082 2056 manum
1109 2000 1401 2056 extendens
1425 2015 1557 2071 puer
1600 2019 1705 2058 non
1739 2018 1799 2059 se
1844 2014 1924 2058 to-

334 2107 453 2152 tum
482 2093 720 2157 exhibet,
752 2093 860 2148 imo
888 2092 1029 2147 illam
1059 2102 1242 2163 postea
1270 2092 1526 2159 retrahit,
1560 2103 1614 2149 et
1645 2105 1920 2166 postquam

334 2194 483 2242 totus
507 2186 672 2238 frater
697 2198 943 2253 egressus
963 2192 1064 2246 est,
1095 2190 1222 2238 tunc
1250 2192 1304 2238 et
1331 2185 1445 2253 ipse
1475 2193 1616 2239 totus
1650 2194 1872 2256 apparet
1904 2203 1918 2239 :

332 2277 388 2333 ld
423 2275 566 2347 quod
602 2275 844 2330 etiamin
885 2272 1093 2329 duobus
1145 2273 1354 2343 populis
1393 2283 1601 2344 gestum
1653 2286 1754 2329 est.
1785 2275 1920 2332 Nam

331 2385 461 2426 cum
491 2368 906 2425 ecclesiasticum
935 2365 1234 2421 institutum
1266 2365 1317 2418 in
1347 2364 1538 2420 diebus
1570 2366 1799 2420 Abrahae
1821 2383 1921 2436 ap-

331 2462 627 2534 paruisset,
678 2458 974 2527 deindeque
1024 2458 1075 2510 in
1117 2456 1295 2511 medio
1345 2470 1692 2526 suppressum
1709 2457 1918 2527 fuisset,

329 2556 484 2612 venit
507 2552 755 2609 Iudaicus
777 2549 1004 2620 populus
1024 2557 1077 2605 et
1101 2547 1397 2604 institutum
1428 2549 1594 2618 legale
1617 2591 1632 2612 ,
1662 2558 1714 2604 et
1735 2563 1918 2619 postea

329 2663 510 2706 novus
536 2648 626 2702 ille
654 2645 877 2717 populus
912 2660 1032 2699 cum
1063 2644 1264 2714 legibus
1290 2644 1419 2698 suis.
1451 2642 1676 2714 Ideoque
1708 2644 1783 2698 ait
1821 2644 1918 2698 ob-

330 2741 524 2798 stetrix
556 2757 568 2791 :
601 2739 702 2793 Cur
731 2737 898 2790 excisa
924 2745 996 2789 est
1024 2743 1226 2805 prapter
1266 2742 1313 2788 te
1343 2751 1486 2804 sepes
1506 2735 1670 2804 ?quia
1692 2733 1918 2790 instituti

330 2832 634 2887 libertatem
660 2827 745 2880 lex
769 2825 1145 2894 superveniens
1168 2823 1440 2878 dissecuit.
1491 2823 1698 2879 Etenim
1744 2825 1914 2895 legem

331 2917 614 2987 Scriptura
639 2931 822 2987 sepem
851 2928 1048 2968 vocare
1081 2913 1248 2978 solet;
1278 2913 1416 2967 sicut
1445 2910 1612 2966 David
1659 2910 1923 2981 propheta

330 3008 486 3075 dicit,
521 3007 792 3062 Sustulisti
814 3022 978 3076 sepem
1003 3005 1134 3071 eius.
1165 3013 1212 3057 et
1247 3003 1555 3056 vindemiant
1595 3018 1705 3055 eam
1755 3017 1930 3056 omnes

329 3102 416 3170 qui
431 3098 921 3171 prtetergrediuntur
937 3097 1072 3151 viam
1090 3094 1262 3168 (Psaf.
1291 3094 1385 3148 79.
1411 3091 1534 3162 l3);
1569 3101 1625 3146 et
1649 3092 1832 3156 Isaias,
1861 3088 1930 3148 Et

329 3210 506 3263 sepem
530 3191 870 3262 circomposui
887 3191 933 3244 ei
953 3187 1104 3260 (Isai.
1137 3183 1302 3258 5,9);
1331 3185 1456 3239 item
1485 3184 1701 3248 Paulus,
1735 3181 1797 3237 Et
1819 3197 1925 3235 me-

329 3285 473 3338 dium
508 3284 753 3354 parietem
778 3280 1014 3337 maceria:
1037 3279 1235 3333 solvens
1263 3275 1481 3347 (Ep/tes.
1511 3277 1572 3335 2,
1598 3275 1712 3344 14).

393 3481 448 3536 4.
499 3479 601 3534 Alii
647 3479 801 3545 illttd,
835 3478 938 3532 Cur
956 3478 1127 3532 excisa
1175 3485 1250 3530 est
1297 3483 1504 3544 propter
1542 3482 1590 3526 te
1635 3471 1825 3543 sepes?
1850 3470 1923 3527 de

326 3585 464 3626 novo
497 3571 692 3641 populo
719 3569 921 3625 dictum
944 3577 1149 3639 putant.
1176 3567 1274 3621 llic
1297 3567 1494 3638 quippe
1521 3579 1642 3621 cum
1667 3564 1918 3620 advenis-

324 3670 427 3725 set,
451 3663 630 3732 legem
657 3660 955 3732 abrogavit.
984 3659 1147 3714 Vides
1172 3661 1344 3727 tpsum
1376 3671 1481 3712 non
1515 3656 1616 3711 levi
1656 3655 1726 3711 de
1755 3669 1919 3710 eausa

325 3760 492 3807 tutam
559 3751 1068 3807 commemoravisse
1132 3750 1286 3805 .ludze
1355 3748 1670 3803 historiam?
1716 3745 1920 3803 idcirco

321 3846 487 3900 etiam
522 3844 666 3900 ltuth
689 3855 744 3900 et
768 3844 955 3898 Rahah
982 3843 998 3875 ⁸
1030 3843 1296 3909 meminit,
1337 3856 1560 3912 quarum
1590 3841 1760 3896 altera
1787 3841 1919 3897 alie-

325 3938 541 4007 nigena,
565 3938 732 3992 altera
760 3937 1014 3992 meretrix
1043 3946 1179 4002 erat,
1212 3944 1271 3990 ut
1304 3926 1577 3990 ediscere's
1619 3934 1794 4004 ipsmn
1823 3949 1919 3989 ve-

327 4026 471 4084 ms’se
492 4037 549 4082 ut
569 4029 704 4082 mala
722 4028 900 4082 omnia
919 4037 1100 4082 nostra
1130 4027 1382 4082 solveret.
1403 4025 1473 4082 Ut
1492 4026 1728 4081 medicus
1751 4026 1915 4092 enim,

328 4136 431 4174 non
459 4132 516 4175 ut
559 4119 721 4189 judex
773 4120 938 4174 venit.
986 4117 1451 4184 Quemadmodum
1484 4117 1643 4186 igitur
1672 4115 1724 4169 bi
1758 4115 1920 4170 forni-

324 4211 495 4266 carias
523 4211 726 4266 duxere
747 4212 1016 4275 mulieres,
1051 4212 1122 4264 ita
1149 4221 1203 4264 et
1230 4209 1371 4264 Deus
1398 4218 1643 4263 naturam
1673 4207 1914 4262 fornica-

328 4311 432 4357 tam
485 4305 759 4374 copulavit
805 4303 952 4359 sibi:
988 4302 1038 4358 id
1083 4302 1224 4373 quod
1273 4302 1401 4356 olim
1455 4302 1730 4372 prophetae
1775 4301 1916 4354 circa

325 4409 648 4468 synagogam
682 4399 875 4453 factum
914 4411 1035 4453 esse
1079 4396 1350 4452 dixerunt.
1408 4394 1514 4450 Sed
1563 4393 1653 4449 illa
1699 4391 1914 4463 quidem

323 4489 534 4559 coniugi
563 4504 663 4544 suo
692 4491 894 4561 ingrata
922 4487 1044 4552 fuit,
1076 4485 1318 4544 Ecclesia
1347 4500 1477 4542 vero
1495 4501 1525 4540 a
1551 4485 1736 4556 patriis
1759 4484 1918 4540 malis

326 4581 493 4634 semel
527 4581 775 4646 liberata,
806 4582 858 4636 in
890 4581 1071 4650 sponsi
1102 4581 1351 4650 amplexu
1375 4578 1688 4650 permansit.
1719 4578 1910 4632 Anim-

324 4669 553 4727 adverte
573 4688 635 4728 ea
663 4687 782 4743 qua:
810 4672 876 4727 ad
898 4671 1040 4728 Ruth
1067 4679 1310 4742 spectant
1333 4670 1530 4726 nostris
1557 4684 1680 4725 esse
1697 4668 1912 4724 similia.

323 4760 447 4817 lltee
466 4765 665 4836 quippe
691 4765 991 4835 alienigena
1029 4772 1166 4828 erat,
1194 4772 1249 4819 et
1275 4762 1344 4818 ad
1381 4771 1676 4818 extremam
1717 4775 1915 4831 paupe-

320 4855 452 4909 riem
481 4856 746 4920 deducta;
784 4866 1022 4912 attamen
1043 4856 1233 4912 videns
1254 4855 1398 4910 illam
1422 4854 1584 4920 Booz,
1601 4868 1700 4909 nec
1717 4868 1917 4924 paupe-

321 4946 454 5001 riem
509 4947 796 5018 despexit,
833 4963 1006 5019 neque
1050 4947 1281 5017 ignobile
1325 4945 1649 5014 contempsit
1692 4959 1911 5016 genus:

318 5039 770 5106 quemadmodum
800 5049 854 5096 et
887 5039 1130 5096 Christus
1181 5047 1482 5105 susceptam
1511 5035 1827 5100 Ecelesiam,
1859 5045 1914 5092 et

318 5131 673 5200 alienigenam
699 5143 754 5188 et
781 5147 1094 5203 magnorum
1124 5130 1346 5201 penuria
1367 5130 1629 5185 bonorum
1661 5129 1912 5184 laborau-

319 5230 449 5286 tem,
499 5222 554 5276 in
595 5235 898 5280 consortem
939 5223 1174 5278 admisit.
1204 5224 1280 5277 Ac
1321 5219 1766 5291 quemadmodum
1799 5223 1908 5290 illa,

319 5313 417 5368 nisi
441 5315 594 5375 prius
620 5325 825 5386 patrem
844 5315 1156 5384 dimisisset,
1173 5313 1392 5371 domum
1421 5314 1831 5384 contempsisset
1853 5324 1910 5371 et

344 5571 353 5582 .
380 5510 396 5542 '
415 5510 490 5582 _ln
509 5510 677 5582 Morel.
694 5519 829 5582 _post,
856 5512 1001 5574 Raab,
1019 5513 1148 5566 male
1169 5513 1378 5574 additur,
1392 5520 1437 5566 et
1457 5513 1678 5575 Thamar,
1695 5515 1798 5580 ipsa
1817 5530 1902 5570 se-

315 5571 390 5621 rie
414 5571 606 5636 lapsum
630 5571 885 5624 indicante.
986 5571 996 5574 ⁷
1364 5571 1373 5574 ⁷
1664 5571 1728 5580 ’“
1840 5620 1842 5622 ,

2038 375 2205 431 genus
2233 371 2285 418 et
2318 365 2540 432 patriam
2562 373 2615 418 et
2646 376 2899 435 cognatos
2920 410 2934 434 ,
2969 383 3256 440 numquam
3285 368 3372 423 tali
3415 382 3620 421 comm-

2039 453 2128 507 bio
2148 454 2361 525 dignata
2385 455 2569 512 fuisset
2596 474 2608 510 :
2640 458 2716 514 sic
2746 459 2982 515 Ecclesia
3034 462 3218 531 patriis
3246 460 3484 514 dimissis
3511 477 3626 512 mo-

2035 543 2206 612 ribus,
2241 555 2365 600 tunc
2391 548 2637 603 amabilis
2684 564 2886 619 Spouso
2916 552 3032 605 fuit.
3063 551 3218 618 Quod
3262 561 3318 605 et
3360 549 3621 620 propheta
3649 593 3653 607 ς

2037 642 2207 710 ipsam
2245 642 2525 711 alloquens
2545 643 2782 699 declarat
2806 663 2818 697 :
2855 645 3157 699 Obliviscere
3183 646 3426 715 populum
3453 658 3620 708 tuum.
3649 709 3654 716 ,

2031 741 2079 786 et
2099 732 2305 786 domum
2344 734 2503 802 patris
2528 733 2621 798 tui,
2651 745 2699 788 et
2744 739 3059 804 concupiscet
3103 753 3192 791 rea:
3220 740 3448 791 decorem
3477 747 3621 791 tuum

2032 825 2206 897 (Psat.
2236 828 2443 882 44.11.
2482 827 2574 899 12)
2605 844 2620 858 ·
2655 825 2756 883 hoc
2797 838 2852 884 et
2899 831 3042 885 Ruth
3094 831 3219 885 fecit
3245 847 3260 884 :
3291 832 3410 886 ideo
3457 840 3628 885 mater

2030 933 2214 989 regum
2245 918 2360 985 fuit,
2386 919 2833 991 quemadmodum
2849 931 2902 976 et
2925 922 3156 978 Ecclesia
3183 940 3195 976 :
3221 939 3289 978 ex
3321 924 3406 977 illa
3429 925 3628 993 quippe

2030 1021 2181 1066 ortus
2209 1021 2294 1067 est
2321 1013 2513 1068 David.
2548 1015 2650 1068 Per
2673 1013 2786 1069 haec
2827 1015 2990 1085 igitur
3038 1018 3214 1069 omnia
3264 1018 3466 1085 pudore
3507 1017 3628 1071 illos

2031 1102 2289 1170 afficiens,
2319 1105 2658 1175 suadensque
2684 1122 2752 1160 ne
2778 1106 2942 1162 altum
2964 1116 3232 1176 saperent,
3260 1109 3624 1178 genealogiam

2032 1199 2220 1261 texuit,
2245 1197 2603 1267 mulieresque
2627 1199 2757 1252 istas
2778 1199 2828 1253 in
2859 1199 3097 1254 medium
3127 1201 3365 1269 protulit.
3401 1201 3622 1265 Etenim

2030 1302 2282 1356 magnum
2305 1287 2390 1343 illa
2423 1307 2604 1360 regem
2634 1308 2728 1360 per
2758 1301 2979 1361 nepotes
3009 1292 3231 1364 genuit;
3264 1308 3437 1362 neque
3463 1307 3524 1347 ea
3558 1293 3626 1349 dc

2030 1392 2088 1434 re
2117 1380 2385 1436 erubescit
2415 1381 2600 1437 David.

2091 1543 2332 1616 Nequitia
2358 1552 2624 1614 parentum
2650 1559 2750 1596 non
2777 1551 2922 1597 nocet
2954 1542 3123 1612 probis
3143 1556 3163 1596 :
3186 1551 3458 1605 parentum
3485 1559 3610 1613 pro-

2019 1636 2146 1692 bitas
2190 1654 2293 1691 non
2328 1636 2530 1705 prodest
2557 1634 2818 1704 improbis.
2849 1664 2921 1674 —
2947 1632 3061 1688 Non
3093 1643 3266 1702 potest
3307 1635 3472 1700 enim,
3502 1651 3610 1690 non

2019 1736 2196 1796 potest
2217 1729 2401 1796 utique
2426 1726 2691 1797 quispiam
2721 1741 2786 1781 ex
2817 1726 3012 1782 virtute
3039 1736 3131 1781 aut
3151 1742 3213 1781 ex
3238 1728 3470 1796 nequitia
3500 1742 3612 1782 ma-

2013 1820 2190 1890 jorum
2233 1829 2324 1873 aut
2359 1820 2558 1889 probus
2593 1829 2686 1873 aut
2720 1819 2995 1890 improbus
3033 1834 3174 1880 esse.
3218 1827 3309 1874 aut
3348 1819 3613 1884 gloriosus

2017 1920 2110 1966 aut
2138 1911 2393 1981 inglorius
2422 1929 2436 1966 :
2467 1926 2653 1966 verum
2685 1912 2728 1967 si
2757 1911 2881 1982 quid
2919 1913 3109 1965 mirmn
3154 1912 3296 1966 dictu
3331 1911 3610 1979 proferen—

2019 2003 2167 2068 dum,
2202 2003 2291 2058 ille
2331 1995 2527 2073 majori.
2551 2003 2710 2073 fulget
2740 2003 3051 2074 splendore,
3075 2004 3163 2072 qtti
3191 2019 3254 2058 ex
3298 2019 3401 2056 non
3430 2003 3612 2070 probis

2019 2093 2312 2161 majoribus
2349 2101 2521 2158 ortus,
2570 2093 2768 2162 probus
2811 2101 2988 2148 tamen
3033 2092 3255 2148 eflectns
3296 2101 3396 2149 est.
3442 2092 3612 2149 Nemo

2019 2184 2180 2254 igitur
2212 2184 2280 2239 de
2320 2185 2387 2241 iis
2427 2186 2592 2245 altum
2637 2185 2830 2255 sapiat,
2882 2185 2974 2240 sed
3023 2187 3373 2244 consideratis
3403 2190 3610 2244 Domini

2017 2266 2469 2346 prbgenitoribus,
2499 2287 2668 2331 totum
2708 2277 2924 2346 abjiciat
2954 2287 3240 2343 tumorem,
3273 2289 3324 2335 et
3369 2281 3436 2335 de
3479 2282 3610 2337 solis

2017 2367 2187 2437 probe
2235 2369 2400 2438 gestis
2441 2367 2725 2435 glorietur;
2782 2371 2892 2422 imo
2930 2384 3030 2424 nec
3074 2370 3141 2424 de
3173 2372 3294 2426 illis.
3345 2373 3417 2428 Ita
3466 2374 3607 2428 enim

2019 2459 2322 2516 Pharissms
2369 2461 2654 2530 publicano
2693 2461 2920 2517 inferior
2950 2462 3064 2518 fuit.
3103 2464 3157 2519 Si
3196 2466 3274 2520 vis
3313 2467 3454 2522 enim
3499 2484 3611 2522 ma-

2018 2566 2180 2623 gnum
2231 2561 2489 2620 prmstare
2533 2550 2758 2616 facinus,
2812 2568 2881 2608 ne
2925 2553 3090 2608 altum
3139 2556 3334 2624 sapias,
3384 2566 3438 2611 et
3487 2564 3612 2613 tuine

2021 2642 2192 2711 majus
2233 2641 2439 2700 facinus
2472 2642 2762 2698 exhibuisti
2795 2663 2808 2698 :
2838 2661 2904 2698 ue
2940 2654 3099 2714 putes
3141 2656 3190 2702 te
3219 2648 3489 2718 quidpiam
3531 2650 3610 2701 l'e-

2018 2734 2178 2802 cisse,
2210 2743 2263 2790 et
2291 2745 2416 2791 tunc
2443 2743 2610 2790 totum
2636 2735 2827 2791 fecisti.
2855 2735 2912 2791 Si
2947 2738 3088 2791 enim
3118 2739 3332 2807 quando
3362 2751 3609 2808 peccato-

2019 2839 2108 2879 res
2141 2839 2344 2887 sumns,
2387 2839 2508 2879 cum
2550 2839 2650 2878 nos
2684 2840 2806 2879 esse
2850 2836 3102 2895 putamus
3133 2827 3184 2880 id
3224 2828 3362 2896 quod
3400 2845 3606 2894 sutum,

2016 2915 2144 2986 justi
2175 2914 2458 2980 efﬁcimur,
2492 2924 2550 2969 ut
2578 2915 2894 2986 publicanus
2920 2917 3010 2972 ille
3033 2934 3047 2970 :
3071 2927 3271 2988 quanto
3293 2920 3458 2989 magis
3486 2937 3607 2974 cum

2017 3005 2144 3078 justi
2189 3022 2396 3072 sumus,
2429 3015 2482 3063 et
2513 3023 2610 3061 nos
2656 3021 2780 3062 esse
2808 3017 3118 3077 peccatores
3158 3009 3521 3064 arbitranmr?
3551 3011 3609 3066 Si

2020 3098 2162 3153 enim
2191 3097 2464 3152 humiliter
2487 3113 2676 3168 sapere
2715 3113 2778 3151 ex
2821 3099 3192 3168 peccatoribus
3217 3098 3391 3168 justos
3425 3099 3608 3166 enicit,

2019 3191 2229 3246 etiamsi
2263 3189 2391 3245 illud
2424 3206 2529 3244 non
2557 3203 2682 3246 vere
2706 3189 2981 3245 humilitas
3009 3191 3097 3254 sit,
3126 3191 3220 3247 sed
3249 3192 3391 3260 justa
3422 3193 3611 3247 existi-

2019 3283 2184 3337 matio
2204 3283 2222 3314 ¹
2253 3298 2266 3335 :
2299 3282 2342 3336 si
2370 3281 2531 3352 igitur
2565 3281 2680 3337 haec
2701 3282 2845 3352 justa
2877 3282 3202 3338 existimatio
3234 3291 3438 3339 tantum
3467 3283 3608 3338 vatet

2023 3371 2078 3426 in
2099 3369 2488 3440 peccatoribus,
2519 3368 2643 3436 quid
2668 3384 2773 3421 non
2794 3376 2916 3436 aget
2944 3367 3214 3420 humilitas
3241 3369 3292 3420 iu
3318 3367 3514 3436 justis?
3535 3366 3612 3420 Ne

2023 3463 2183 3531 igitur
2210 3459 2420 3515 labores
2446 3470 2562 3513 tuos
2590 3460 2896 3522 labefactes,
2923 3474 3056 3513 neve
3075 3459 3328 3513 sudorum
3360 3458 3610 3533 meritum

2024 3551 2258 3617 auferas,
2307 3567 2374 3606 ne
2417 3566 2554 3606 vane
2597 3566 2784 3604 curras
2817 3559 2937 3619 post
2986 3549 3129 3602 mille
3163 3549 3388 3602 decursa
3442 3546 3611 3600 stadia

2019 3656 2234 3697 omnem
2273 3641 2556 3697 effundens
2585 3641 2843 3695 laborem.
2886 3639 3142 3693 Dominus
3183 3637 3327 3693 enim
3373 3639 3529 3707 longe
3560 3646 3612 3691 te

2018 3732 2206 3787 melius
2247 3734 2393 3787 novit
2427 3745 2588 3803 Opera
2637 3741 2744 3785 tua.
2786 3730 2843 3784 Si
2879 3730 2965 3784 vel
3003 3740 3184 3800 potum
3221 3743 3374 3798 aqua:
3404 3725 3610 3796 frigida:

2018 3822 2270 3890 dederis,
2305 3839 2373 3880 ne
2424 3823 2554 3878 illud
2597 3822 2811 3892 quidem
2865 3820 3206 3891 deSpicitzsi
3261 3820 3345 3873 vel
3393 3820 3606 3873 obolum

2017 3914 2352 3984 profuderis,
2396 3913 2444 3968 si
2485 3914 2810 3984 ingemueris
2857 3922 3092 3977 tantum,
3139 3911 3316 3965 omnia
3357 3912 3445 3965 ille
3483 3926 3605 3964 cum

2017 4021 2206 4076 tnagna
2253 4005 2624 4060 benevolentia
2672 4005 2883 4074 recipit,
2931 4005 3120 4057 horum
3170 4003 3504 4068 recordatur,
3551 4011 3605 4057 et

2015 4110 2206 4165 magna
2232 4093 2316 4149 his
2344 4093 2562 4164 praemia
2590 4093 2796 4147 definit.
2837 4093 2947 4145 Cur
2967 4101 3053 4145 tua
3080 4091 3349 4160 exploras,
3379 4099 3432 4144 et
3458 4105 3604 4160 saepe

2013 4187 2066 4240 in
2107 4186 2342 4240 medium
2380 4183 2579 4238 all'ers‘t
2619 4185 2700 4237 An
2726 4182 2901 4238 nescis
2933 4183 2977 4236 si
3018 4192 3068 4236 te
3103 4179 3311 4248 laudes,
3342 4181 3508 4236 Deum
3550 4191 3601 4236 te

2011 4290 2118 4330 non
2146 4275 2280 4329 ultra
2310 4275 2644 4330 laudaturum
2680 4274 2844 4328 esse?
2872 4271 3319 4344 quemadmodum
3363 4281 3419 4328 et
3458 4273 3503 4327 si
3547 4283 3598 4328 te

2013 4365 2268 4420 miserum
2297 4365 2465 4430 dicas,
2495 4381 2600 4420 non
2630 4375 2961 4420 cessaturum
2991 4374 3043 4420 te
3069 4364 3209 4434 apud
3240 4379 3430 4420 omnes
3462 4381 3599 4435 prte-

2009 4457 2230 4511 dicare?
2257 4457 2372 4511 Non
2405 4456 2515 4511 vult
2538 4456 2680 4512 enim
2708 4457 2919 4512 labores
2948 4469 3068 4512 tuos
3109 4458 3159 4511 in
3189 4457 3396 4512 minore
3424 4458 3598 4526 pretio

2009 4547 2214 4604 haberi.
2255 4549 2320 4604 Et
2344 4549 2468 4620 quid
2500 4549 2622 4604 dico
2659 4549 2710 4604 in
2754 4550 2960 4605 minore
2993 4551 3168 4620 pretio
3199 4551 3427 4605 haberi?
3454 4552 3596 4607 Nihil

2007 4655 2113 4694 non
2132 4640 2238 4708 agit
2257 4649 2310 4694 et
2342 4641 2579 4703 molitur,
2604 4648 2662 4694 ut
2680 4639 2760 4693 vel
2783 4656 2847 4695 ex
2872 4641 3047 4710 parvis
3069 4641 3272 4694 meritis
3296 4643 3592 4708 coroneris,

2007 4741 2062 4784 et
2088 4733 2276 4786 circuit
2303 4731 2616 4788 occasiones
2639 4747 2909 4803 quiereus,
2931 4732 3083 4801 queis
3105 4731 3276 4801 possis
3296 4747 3325 4784 ιι
3351 4734 3595 4801 gehenua

2007 4822 2242 4880 liberari.

2076 4915 2130 4972 5.
2173 4915 2452 4971 Humilitas
2479 4915 2880 4972 commendatur.
2916 4914 3134 4970 Peccata
3161 4918 3435 4985 memoriae,
3465 4920 3596 4973 bona

2060 5185 2077 5217 ¹
2111 5182 2167 5232 in
2189 5188 2370 5236 Graeco,
2391 5196 2649 5250 gap-3m.
2677 5181 2893 5250 Aniantts
2915 5185 3345 5250 vertit,c0tt[cssio,
3366 5203 3459 5238 non
3477 5170 3602 5239 ωτι-⁸

2003 5244 2070 5301 le.
2090 5258 2185 5294 nec
2200 5251 2367 5294 contra
2387 5243 2707 5308 Chrysostomi
2731 5257 2954 5308 seOpura,
2989 5249 3072 5309 qui
3099 5243 3193 5298 non
3218 5243 3414 5300 omnino
3437 5262 3585 5311 negat

2002 5318 2085 5392 hic
2107 5319 2373 5383 peccatoris
2403 5322 2820 5392 eetttjiutietionent
2843 5335 2958 5392 esse
2977 5338 3102 5392 _v_ere
3125 5325 3483 5392 humilitatem,
3499 5331 3592 5379 sed

2003 5383 2072 5451 ait
2091 5395 2221 5438 esse,
2247 5392 2301 5451 te»,
2311 5393 2526 5451 τςιμρσὺνην,
2541 5383 2848 5451 probitatem,
2863 5384 3120 5451 justitiam,
3146 5387 3318 5438 iustam
3340 5383 3590 5440 existinm-

2007 5443 2195 5508 ti-mem,
2226 5450 2277 5491 ut
2293 5443 2596 5508 distinguata
2617 5443 2891 5494 sanctorum
2915 5443 3219 5496 humilitate:
3245 5461 3486 5508 tamen,
3504 5465 3590 5500 au-

2007 5502 2398 5614 lelltbitlliltllgg‘lldu,
2418 5502 2609 5564 aratum
2630 5517 2862 5570 nmmum,
2887 5509 3082 5570 iudicat,
3105 5502 3393 5570 quandoque
3419 5502 3586 5576 etiam,

2012 5579 2100 5614 vro
2167 5580 2196 5614 α
2294 5600 2306 5612 .

2010 5573 2306 5624 probitatem.
