4058 6208
456 224 523 276 57
1139 227 1195 283 s.
1236 225 1521 290 manuus
1557 224 2045 284 cnnvsos'rom
2085 226 2403 284 ARCHIEP.
2443 196 2983 287 coNsraurmor.
3633 212 3706 266 33

449 344 604 396 Opera
629 326 867 385 oblivioni
897 327 1161 381 tradenda.
1193 325 1363 382 Penus
1378 341 1553 380 secura
1585 324 1738 394 probe
1757 331 2031 394 gestorum,

453 429 528 474 est
575 420 758 474 oblivio
802 417 1345 487 corium—Ideoque
1395 416 1604 470 etiamsi
1646 415 1699 469 in
1754 412 2037 468 undecima

450 512 579 566 hora
618 511 721 566 diei
756 511 988 576 labores,
1019 519 1180 564 totam
1206 507 1507 563 mercedem
1549 507 1784 572 tribuet;
1819 505 2035 560 Etiamsi

449 604 645 657 nullam
689 602 866 657 salutis
903 618 1078 654 ansam
1123 599 1324 664 habeas,
1372 600 1564 668 inquit,
1609 608 1810 668 pr0pter
1849 614 1928 650 me
1954 601 2037 666 [a-

447 695 601 758 ciam,
633 709 694 746 ne
715 707 892 745 nomen
917 705 1079 743 meum
1101 689 1395 759 profanetur
1419 688 1632 755 (Ezech.
1667 689 1754 743 56.
1781 687 1871 741 22.
1898 688 2028 756 5:2);

453 782 660 837 etiamsi
693 791 890 836 tantum
919 782 1204 852 gemueris,
1236 780 1322 835 vel
1349 779 1745 850 lacrymaveris,
1777 778 1891 836 hare
1927 791 2038 836 sta-

373 869 377 873 ’
455 876 548 927 tim
588 873 674 928 ille
708 873 845 941 rapit
883 872 936 926 in
980 872 1317 926 occasionem
1348 870 1535 924 salutis
1577 880 1704 924 tuae.
1744 869 1823 925 Ne
1859 870 2040 942 itaque

455 965 792 1029 extollamur,
829 963 924 1018 sed
965 978 1062 1017 nos
1091 961 1334 1016 dicamus
1367 961 1605 1026 inutiles,
1649 971 1706 1018 ut
1745 961 1900 1018 utiles
1929 964 2040 1018 elli-

452 1058 676 1112 ciamur.
701 1055 834 1111 Nam
860 1058 904 1112 si
939 1065 989 1111 te
1009 1055 1326 1110 laudabilem
1357 1053 1580 1122 dixeris,
1611 1054 1811 1112 inutilis
1835 1055 2036 1125 evadis,

452 1152 663 1206 etiamsi
709 1151 992 1205 laudabilis
1034 1165 1158 1204 vere
1189 1149 1372 1204 fueris.
1415 1151 1470 1206 Si
1513 1160 1565 1204 te
1603 1149 1843 1206 inutilem
1871 1149 2040 1218 dicas,

452 1241 599 1296 utilis
655 1241 860 1306 evadis,
914 1239 1122 1294 etiamsi
1182 1239 1562 1308 improbandus
1608 1239 1792 1294 fueris.
1841 1239 2041 1308 Quam-

453 1334 639 1387 obrem
681 1331 980 1385 necessaria
1021 1329 1176 1386 nobis
1205 1340 1289 1384 est
1314 1331 1478 1398 probe
1521 1341 1792 1400 gestorum
1819 1331 2040 1386 oblivio.

453 1422 522 1476 Et
564 1421 836 1492 quomodo
883 1435 1188 1490 possumus,
1229 1421 1461 1490 inquies,
1501 1437 1621 1490 qua:
1667 1436 1793 1476 vere
1843 1421 2043 1476 scimus

453 1513 700 1582 ignorare
720 1512 743 1566 ἲ
759 1511 893 1580 Quid
911 1511 1080 1566 dicis?
1100 1527 1220 1564 cum
1242 1511 1454 1565 assidue
1471 1510 1712 1565 oll'eudas
1736 1511 2040 1580 Dominum,

455 1603 725 1660 deliciaris
752 1613 807 1658 et
833 1603 996 1663 rides.
1040 1619 1104 1657 ae
1130 1618 1304 1672 neque
1341 1603 1448 1657 scis
1485 1612 1536 1658 te
1583 1617 1857 1672 peccasse,
1883 1614 2044 1675 atque

455 1698 634 1752 omnia
677 1695 932 1751 oblivioni
979 1695 1190 1750 tradis:
1224 1695 1392 1764 probe
1438 1706 1710 1764 gestorum
1757 1711 1886 1750 vero
1936 1712 2043 1750 non

453 1802 606 1862 potes
632 1790 945 1845 memoriam
982 1789 1250 1857 abjicere?
1280 1787 1502 1841 Etiamsi
1531 1787 1938 1841 vehementiore
1976 1788 2046 1842 sit

450 1899 586 1953 opus
611 1884 824 1938 timore.
856 1880 964 1934 Nos
989 1888 1203 1944 eontra,
1231 1894 1355 1934 eum
1391 1878 1630 1949 quotidie
1656 1874 1962 1946 peccemus,
1994 1879 2042 1932 id

453 1992 525 2031 ne
573 1976 627 2031 in
671 1984 849 2028 mente
888 1967 1104 2042 quidem
1143 1972 1467 2033 retinemus;
1515 1972 1560 2024 si
1610 1985 1737 2024 vero
1785 1970 2045 2024 tantillum

461 2067 703 2139 pecuniae
731 2066 946 2135 pauperi
978 2063 1189 2128 demus,
1232 2063 1360 2117 illud
1391 2078 1482 2117 sus
1519 2062 1694 2126 deque
1721 2076 2042 2117 versamus:

457 2157 506 2212 id
545 2157 682 2228 quod
713 2166 966 2210 extrema:
995 2165 1075 2209 est
1103 2154 1440 2222 insipientiaa,
1471 2154 1864 2218 maximumque
1894 2153 2048 2208 colli-

455 2248 629 2316 geutis
655 2247 1052 2301 detrimentum.
1085 2245 1262 2298 Penus
1285 2244 1426 2298 enim
1458 2258 1644 2298 secura
1673 2243 1838 2312 probe
1863 2254 2039 2313 gesto-

457 2355 596 2406 rum,
644 2348 727 2394 est
777 2338 975 2392 oblivio
1037 2352 1246 2392 eorum.
1306 2338 1384 2392 Ac
1427 2335 1874 2404 quemadmodum
1923 2350 2046 2391 eum

456 2430 779 2485 vestimenta
808 2440 860 2483 et
890 2443 1078 2482 aurmn
1119 2428 1172 2481 in
1202 2428 1315 2481 loro
1335 2427 1638 2496 pandimus,
1670 2426 1868 2481 rmdtos
1892 2427 2049 2481 nobis

459 2521 804 2576 insidiatores
851 2532 1134 2589 partunus,
1174 2518 1218 2571 si
1263 2533 1390 2572 vero
1433 2517 1577 2570 domi
1617 2516 1948 2584 depenamus
1991 2526 2045 2571 et

462 2612 814 2677 occultemus,
854 2611 903 2663 iu
933 2620 1046 2663 tuto
1074 2611 1252 2663 omnia
1293 2609 1618 2662 collocamus
1648 2623 1662 2661 :
1690 2607 1760 2661 ita
1808 2617 1861 2661 et
1903 2617 2049 2662 recte

459 2704 618 2769 laeta,
651 2703 694 2757 si
727 2702 1033 2772 frequenter
1062 2700 1116 2754 in
1165 2698 1418 2753 memoria
1447 2698 1906 2762 circumferamus,
1951 2699 2050 2750 υυ-

459 2795 661 2849 minum
691 2795 756 2848 ad
784 2795 915 2846 iram
947 2793 1298 2858 concitamus,
1327 2790 1642 2859 hostemque
1669 2803 1960 2854 armamus,
1992 2800 2047 2843 et

458 2887 524 2942 ad
559 2886 754 2941 furtum
782 2885 1097 2950 invitamus;
1124 2883 1206 2938 sin
1239 2899 1364 2938 vero
1407 2897 1563 2936 nemo
1592 2881 1644 2934 id
1673 2882 1876 2945 scierit,
1912 2898 2045 2949 pra:-

461 2991 541 3032 ter
563 2993 686 3032 etim
723 2991 882 3046 quem
913 2977 1084 3028 solum
1117 2974 1231 3028 haec
1267 2987 1423 3026 nosse
1454 2980 1681 3040 oportet.
1715 2971 1766 3024 iu
1813 2981 1924 3024 tuto
1967 2973 2048 3023 illa

478 3070 658 3116 erunt.
696 3057 774 3114 Ne
830 3062 1008 3128 itaque
1048 3059 1136 3113 illa
1198 3060 1507 3124 frequenter
1558 3071 1763 3116 verses,
1815 3071 1879 3107 ne
1923 3047 2047 3122 quis

481 3149 572 3203 illa
618 3149 838 3217 diripiat
869 3167 884 3214 ;
921 3149 971 3202 id
990 3147 1136 3217 quod
1160 3146 1438 3200 Phariszeo
1494 3144 1710 3203 accidit,
1738 3143 1831 3210 qui
1867 3142 1957 3194 illa
1995 3143 2048 3194 in

461 3243 560 3285 ore
591 3227 793 3283 terebat
821 3246 836 3282 :
865 3237 1189 3299 quapropter
1225 3244 1288 3283 ea
1332 3226 1731 3302 ipsa'diabolus
1774 3225 2044 3296 abripuit;

463 3319 675 3373 etiamsi
702 3335 823 3372 cum
860 3321 1149 3388 gratiarum
1188 3318 1431 3374 actione'
1463 3317 1553 3373 illa
1583 3325 2048 3381 commemoraret,

465 3410 750 3480 omniaque
781 3409 1006 3467 referret
1035 3411 1164 3466 Deo.
1189 3410 1386 3466 Verum
1418 3411 1519 3465 hoc
1544 3425 1648 3464 non
1676 3411 1806 3465 satis
1836 3407 1907 3462 illi
1934 3408 2049 3463 luit.

462 3509 580 3564 Non
630 3511 772 3565 enim
817 3512 1103 3582 gratiarum
1151 3511 1377 3565 actionis
1419 3518 1500 3564 est
1547 3509 1679 3562 alios
1727 3508 2050 3577 vituperare,

464 3601 567 3656 sibi
597 3617 662 3656 ex
695 3603 933 3670 plurimis
962 3602 1184 3672 gloriam
1222 3615 1483 3670 quaerere,
1532 3607 1586 3653 et
1614 3609 1798 3652 etmtra
1827 3611 2054 3666 peccan-

466 3701 549 3748 tes
595 3692 795 3748 cﬂerri.
841 3693 898 3748 Si
945 3693 1086 3748 enim
1116 3691 1314 3762 gratias
1360 3690 1470 3744 Deo
1517 3689 1650 3759 agis,
1692 3685 1790 3741 hac
1833 3688 1944 3741 sola
1996 3702 2053 3741 re

464 3792 748 3839 contentus
792 3793 928 3848 esto,
977 3794 1030 3838 et
1069 3799 1136 3839 ne
1166 3782 1219 3837 id
1267 3781 1470 3837 referas
1512 3780 1837 3842 hominibus,
1883 3793 2053 3846 neque

460 3878 722 3948 judicium
768 3878 909 3932 feras
935 3876 1001 3932 de
1030 3877 1274 3948 proximo
1303 3893 1316 3930 :
1350 3877 1401 3930 id
1440 3875 1581 3930 enim
1609 3890 1713 3928 non
1744 3882 1827 3928 est
1853 3875 2050 3941 gratia-

465 3986 582 4024 rum
609 3972 852 4026 actionis.
886 3971 940 4026 Si
987 3971 1278 4042 gratiarum
1324 3968 1549 4022 actionis
1580 3968 1794 4021 modum
1832 3968 1909 4020 vis
1939 3967 2054 4020 edi-

464 4076 644 4126 scere,
668 4062 789 4117 audi
817 4071 925 4118 tres
951 4077 1145 4132 pueros
1170 4060 1408 4114 dicentes
1440 4077 1452 4112 :
1488 4056 1835 4125 Peccavimus,
1868 4058 2054 4126 injuste

463 4157 655 4225 egimus
695 4170 712 4207 :
732 4157 905 4225 justus
948 4171 1023 4219 es,
1073 4153 1319 4216 Domine,
1366 4154 1419 4206 in
1457 4153 1686 4206 omnibus
1738 4167 1851 4222 qua:
1889 4150 2054 4221 [rciin

464 4247 628 4306 nobis,
658 4246 778 4315 quia
817 4247 868 4298 in
916 4262 1030 4298 vero
1064 4245 1265 4314 judicio
1314 4245 1484 4297 omnia
1532 4244 1778 4298 induxisti
1804 4243 1963 4316 (Dan.
1993 4244 2049 4299 5.

464 4335 553 4390 29.
585 4335 676 4389 9.7.
705 4335 819 4403 51).
847 4335 1068 4402 Propria
1097 4335 1236 4388 enim
1267 4344 1477 4402 peccata
1519 4335 1783 4398 conﬁteri,
1816 4335 1940 4388 illud
1970 4343 2053 4388 est

463 4423 661 4489 gratius
690 4439 846 4492 agere
879 4424 985 4478 Deo
1026 4423 1390 4486 conﬁtentem,
1419 4423 1508 4492 qui
1537 4423 1772 4476 declarat
1803 4438 1862 4476 se
1893 4425 2051 4477 inuu—

466 4515 628 4568 meris
672 4515 962 4567 obnoxium
1006 4528 1125 4566 esse
1175 4514 1425 4582 peccatis,
1476 4530 1576 4566 nec
1617 4515 1797 4567 subire
1839 4528 2050 4582 pmnam

465 4619 753 4659 recusare:
786 4605 871 4660 hic
909 4605 1146 4658 omnium
1178 4605 1406 4658 maxime
1448 4605 1646 4674 gratias
1689 4605 1813 4674 agit.
1846 4605 2050 4658 Cavea-

466 4714 585 4754 mus
617 4700 774 4770 igitur
804 4717 870 4754 ne
899 4700 965 4754 ad
994 4698 1203 4754 laudem
1238 4707 1473 4752 nostram
1502 4699 1625 4768 quid
1652 4699 1932 4768 loquamur
1962 4715 1974 4750 :
2001 4698 2051 4752 id

417 4866 430 4875 ι
467 4793 608 4846 enim
655 4808 752 4846 nos
780 4802 834 4847 et
878 4793 1185 4848 hominibus
1222 4792 1439 4846 odiosus
1476 4802 1529 4846 et
1558 4792 1670 4846 Deo
1695 4791 2053 4846 exsecrandos

427 4885 656 5003 ireddit.
697 4885 900 4939 Idcirco
939 4901 1044 4955 quo
1071 4887 1270 4952 majora
1303 4885 1605 4950 fecerimus,
1653 4900 1718 4940 eo
1749 4885 1953 4938 mitiora
1984 4886 2052 4938 de

467 4977 616 5003 “ALL.
646 4976 880 5003 ,κωμηηρ
905 4993 915 5003 .
948 4978 1014 5003 τι..
1047 4978 1185 5003 Aul...
1225 4993 1467 5003 ...μη-...μη
1516 4991 1903 5003 ηιμυ-,μηηι-ηη-
1933 4975 2022 5003 ηΙΛ

444 4975 620 5054 {nobis
644 4976 918 5040 dicamus;
947 4978 1015 5030 ita
1045 4978 1188 5031 enim
1225 4993 1467 5047 magnam
1513 4991 1903 5043 consequemur
1933 4975 2052 5044 glo-

439 5055 598 5150 riam
625 5084 745 5122 cum
776 5067 916 5137 apud
959 5067 1225 5133 homines,
1255 5079 1364 5123 tum
1406 5069 1542 5138 apud
1575 5070 1761 5134 Deum,
1797 5068 1904 5121 imo
1945 5084 2052 5122 non

410 5143 455 5232 is
469 5168 668 5211 tantum
698 5159 918 5228 gloriam
941 5157 1079 5227 apud
1106 5159 1292 5223 Deum,
1324 5161 1418 5214 sed
1450 5175 1692 5229 magnam
1726 5161 2048 5215 mercedem.

469 5248 543 5302 No
583 5249 740 5318 igitur
770 5249 1070 5303 mercedem
1109 5249 1308 5317 exigas,
1357 5258 1415 5304 ut
1456 5248 1759 5305 mercedem
1802 5249 2049 5319 recipias.

464 5327 738 5381 tiorititere
759 5336 810 5381 te
827 5343 926 5396 per
941 5330 1171 5397 gratiam
1193 5330 1426 5385 salutem
1445 5335 1726 5402 consequi,
1751 5342 1808 5386 ut
1832 5333 1928 5388 tibi
1951 5333 2042 5389 ille

539 5541 556 5571 ⁸
587 5542 780 5601 Morel,
809 5553 916 5592 cum
940 5538 1137 5607 gaudio.

2133 347 2194 387 se
2229 330 2524 386 debitorem
2573 346 2694 387 esse
2730 332 3067 394 conﬁteatur,
3108 344 3215 388 non
3257 329 3328 388 ob
3353 329 3520 401 probe
3564 347 3721 402 gesta

2133 432 2359 486 tantum,
2407 422 2502 477 sed
2548 421 2619 477 ob
2653 431 2860 492 gratum
2902 420 3138 476 animum
3181 429 3349 476 tuum.
3389 420 3526 476 Cum
3571 425 3724 478 erum

2135 525 2281 571 recte
2327 530 2635 586 operantur,
2677 515 2930 583 operibus
2958 523 3157 568 tantum
3200 511 3497 568 debitorem
3541 512 3718 582 ipsum

2135 606 2395 662 habemus
2420 623 2434 667 ;
2456 622 2576 660 cum
2604 621 2709 660 non
2731 614 2979 676 putamus
3000 618 3097 658 nos
3115 604 3308 673 aliquid
3330 612 3476 658 recte
3501 603 3715 674 fecisse,

2137 711 2235 766 pro
2273 697 2364 750 illo
2395 697 2509 766 ipso
2533 695 2724 750 allecto
2757 694 2924 765 magis
2952 709 3111 764 quam
3154 709 3254 762 pro
3277 693 3535 763 operibus
3564 693 3717 749 debi-

2139 795 2306 846 torem
2337 786 2594 841 habemus
2619 803 2632 841 :
2657 786 2728 840 ita
2771 794 2828 839 ut
2866 785 2917 840 id
2953 786 3081 854 ipsis
3107 784 3177 838 sit
3201 784 3454 853 operibus
3478 786 3721 855 atquipa-

2137 879 2382 935 randum.
2429 879 2485 935 Si
2538 880 2639 934 hoc
2679 878 2821 933 enim
2869 895 2975 932 non
3026 877 3202 943 adsit,
3249 876 3338 930 illa
3388 891 3554 946 opera
3613 893 3725 932 non

2139 987 2331 1042 magna
2377 972 2713 1026 videbuntur.
2771 970 3043 1041 Siquidem
3085 978 3140 1024 et
3195 983 3293 1022 nos
3335 984 3552 1039 quoque
3602 979 3729 1026 tunc

2140 1064 2370 1118 maxime
2404 1062 2630 1117 famulos
2673 1072 2885 1117 nostros
2927 1069 3173 1130 acceptos
3200 1059 3479 1125 habemus,
3507 1061 3729 1130 quando

2138 1155 2316 1208 omnia
2343 1169 2461 1207 cum
2487 1153 2856 1209 benevolentia
2882 1161 3118 1222 agentes,
3141 1150 3274 1206 nihil
3298 1165 3358 1206 se
3378 1150 3561 1222 magni
3593 1166 3731 1223 pra:-

2140 1245 2339 1300 snitisse
2366 1252 2570 1315 putant.

2213 1407 2492 1465 IIumilitas
2515 1410 2894 1466 commendatur
2918 1421 2973 1466 ut
2992 1412 3154 1467 omnis
3175 1413 3512 1485 philosophiae
3535 1415 3728 1484 princi-

2139 1502 2299 1573 pium.
2322 1532 2396 1544 —
2423 1498 2604 1573 Itaque
2631 1502 2678 1558 si
2703 1500 2782 1558 vis
2807 1519 2968 1574 opera
2994 1515 3081 1560 tua
3104 1505 3239 1560 bena
3268 1523 3456 1577 magna
3484 1523 3634 1575 esse,
3660 1525 3729 1566 ne

2139 1609 2328 1665 magna
2356 1609 2476 1650 esse
2500 1604 2670 1665 putes,
2699 1606 2927 1665 tuncque
2953 1611 3138 1666 magna
3165 1605 3340 1651 erunt.
3369 1597 3456 1654 Sic
3481 1603 3730 1654 centurio

2139 1685 2348 1740 dicebat
2370 1727 2386 1751 ,
2421 1684 2540 1740 Non
2568 1703 2680 1739 sum
2710 1686 2892 1757 dignus
2927 1696 2980 1740 ut
3016 1687 3171 1740 intres
3204 1689 3296 1742 sub
3334 1699 3519 1742 tectum
3560 1707 3730 1744 meum

2144 1775 2351 1845 (Matth.
2378 1774 2433 1830 8.
2461 1773 2552 1845 8);
2591 1771 2812 1845 ideoque
2849 1775 3040 1844 dignus
3077 1771 3209 1841 fuit,
3243 1794 3508 1847 supra-pie
3537 1796 3728 1836 omnes

2138 1865 2353 1921 Jndmos
2380 1864 2656 1920 mirabilis.
2688 1867 2761 1920 lta
2787 1875 2842 1921 et
2865 1866 3058 1921 Paulus
3085 1871 3197 1922 ait:
3229 1867 3350 1923 Non
3390 1888 3501 1924 sum
3541 1873 3730 1944 dignus

2141 1958 2308 2012 vocari
2331 1959 2591 2029 apostolus
2619 1961 2692 2030 (1.
2727 1959 2844 2014 Cor.
2876 1961 2961 2014 15.
2993 1959 3083 2032 9).
3118 1960 3347 2032 Ideoque
3377 1964 3581 2032 primus
3605 1982 3724 2020 om-

2140 2047 2286 2103 nium
2325 2047 2546 2104 eilectus
2583 2060 2682 2104 est.
2723 2049 2813 2104 Sic
2843 2059 2896 2104 et
2918 2048 3191 2105 Joannes:
3227 2048 3346 2105 Non
3384 2070 3497 2107 sunt
3545 2057 3728 2123 dignus

2140 2141 2331 2196 solvere
2375 2141 2642 2211 corrigiam
2687 2141 3010 2196 calceamenti
3058 2144 3166 2213 ejus
3215 2141 3421 2216 (Marc.
3472 2147 3524 2200 1.
3577 2148 3631 2200 7.
3679 2157 3726 2201 et

2148 2230 2336 2288 Matth.
2368 2232 2422 2286 5.
2455 2232 2565 2302 11).
2591 2231 2713 2286 Ideo
2739 2243 2792 2287 et
2818 2233 3021 2287 amicus
3044 2233 3225 2302 sponsi
3249 2244 3364 2288 erat
3385 2274 3401 2301 ,
3432 2245 3486 2290 et
3511 2252 3726 2292 manum

2143 2323 2312 2388 illam,
2338 2338 2494 2392 quam
2527 2322 2792 2392 indignam
2817 2323 3190 2378 calceamentis
3220 2323 3457 2394 putabat,
3484 2325 3729 2380 Christus

2144 2431 2302 2486 supra
2323 2424 2483 2484 caput
2509 2431 2663 2469 suum
2689 2416 2922 2470 attraxit.
2953 2415 3042 2471 Sic
3069 2427 3122 2470 et
3150 2416 3339 2471 Petrus
3359 2417 3567 2473 dicebat
3593 2440 3605 2472 :
3634 2419 3732 2474 Exi

2145 2522 2180 2562 α
2216 2523 2295 2561 me
2317 2548 2332 2572 ,
2372 2507 2492 2577 quia
2530 2507 2680 2561 homo
2718 2517 2950 2576 peccator
2979 2523 3090 2561 sum
3119 2504 3282 2576 (Luc.
3307 2507 3359 2562 5.
3395 2507 3481 2577 8).
3530 2509 3732 2564 ldcireo

2151 2618 2552 2672 fundamentum
2585 2607 2837 2666 Ecclesiae
2864 2611 3032 2662 lactus
3051 2616 3152 2662 est.
3182 2605 3320 2660 Nihil
3345 2603 3487 2661 enim
3517 2603 3589 2656 ita
3621 2601 3730 2657 Deo

2151 2715 2359 2778 gratum
2386 2713 2488 2770 est,
2519 2717 2676 2772 quam
2702 2701 2746 2756 si
2778 2699 2896 2769 quis
2921 2714 2978 2752 se
2998 2713 3118 2751 eum
3143 2695 3339 2750 ultimis
3363 2692 3731 2764 peccatoribus

2155 2802 2416 2852 numeret.
2449 2793 2561 2848 Hoc
2588 2790 2760 2846 ornaris
2784 2783 3136 2860 philosophia:
3164 2786 3478 2857 principium
3505 2792 3608 2838 est.
3630 2781 3730 2851 Qui

2151 2894 2293 2946 enim
2319 2889 2535 2944 humilis
2562 2897 2617 2942 et
2641 2885 2899 2950 contritus
2919 2893 3024 2947 est,
3051 2896 3153 2934 non
3184 2879 3323 2934 inani
3350 2877 3516 2948 gloria
3544 2875 3732 2929 θῆρε-ιι-

2152 2993 2258 3048 tur,
2285 2997 2389 3035 non
2419 2981 2695 3042 irascetur,
2724 2992 2830 3030 non
2864 2973 3105 3045 proximo
3131 2969 3418 3036 invidebit,
3449 2984 3556 3021 non
3587 2963 3728 3020 aliud

2150 3074 2419 3144 quidpiam
2460 3071 2572 3124 vitii
2611 3069 2872 3123 admittet.
2918 3066 3099 3134 Neque
3135 3063 3276 3117 enim
3305 3059 3586 3114 contritam
3619 3073 3730 3111 ma-

2151 3181 2297 3228 num,
2327 3162 2665 3234 quantumvis
2708 3158 3091 3216 contendamus
3114 3195 3129 3222 ,
3175 3166 3457 3226 possumus
3484 3153 3534 3206 in
3565 3152 3726 3204 altqu

2149 3257 2359 3313 etl'erre.
2405 3255 2461 3313 Si
2505 3255 2683 3325 itaque
2722 3254 2801 3308 sic
2841 3252 3072 3306 animam
3113 3258 3482 3310 conteranms,
3521 3243 3728 3299 etiamsi

2149 3351 2325 3406 cordis
2347 3348 2569 3404 allectus
2598 3347 2860 3402 innumeri
2889 3346 3034 3402 illam
3057 3344 3242 3399 inﬂare
3261 3353 3315 3398 et
3334 3341 3595 3396 extollere
3615 3351 3730 3393 teu—

2149 3453 2282 3512 tent,
2302 3460 2368 3498 ne
2384 3443 2468 3498 vel
2497 3441 2774 3496 minimum
2803 3440 2996 3510 poterit
3021 3439 3170 3509 erigi.
3197 3436 3252 3492 Si
3279 3436 3421 3491 enim
3449 3436 3535 3504 qui
3563 3447 3728 3487 smm-

2149 3537 2278 3591 laria
2319 3535 2513 3589 damna
2553 3533 2796 3602 deplorat
2820 3571 2836 3594 ,
2863 3546 3048 3586 on'mes
3077 3545 3107 3583 a
3140 3544 3197 3583 se
3229 3530 3372 3598 fugat
3399 3529 3587 3581 anima:
3619 3525 3729 3577 lan-

2149 3642 2343 3699 guores
2372 3644 2386 3679 :
2417 3625 2585 3679 multo
2605 3623 2774 3693 magis
2801 3623 2890 3677 ille
2909 3620 2995 3690 qui
3020 3635 3116 3691 pro
3141 3621 3370 3689 peccatis
3396 3618 3443 3672 id
3467 3619 3594 3687 agit,
3618 3618 3730 3686 phi-

2150 3717 2390 3788 1050pbia
2433 3716 2683 3786 potietur.
2731 3713 2799 3767 Et
2841 3713 2960 3782 quis
3000 3712 3068 3764 ita
3113 3711 3337 3780 poterit,
3373 3710 3607 3779 inquies.
3638 3724 3730 3762 eor

2149 3827 2304 3868 suum
2331 3807 2648 3865 conterere?
2686 3805 2823 3861 Audi
2867 3803 3154 3866 Davidem,
3194 3802 3283 3872 qui
3325 3803 3422 3856 hac
3465 3802 3531 3857 de
3571 3816 3728 3855 causa

2151 3904 2379 3958 maxime
2408 3899 2716 3972 splendidus
2745 3897 2860 3964 fuit,
2889 3905 2943 3951 et
2967 3894 3087 3949 vide
3112 3894 3226 3963 ejus
3257 3893 3418 3946 animi
3447 3893 3727 3947 contritio-

2152 4013 2295 4053 nem.
2325 3996 2452 4050 Post
2481 3994 2756 4048 inmunera
2789 3989 3044 4060 prmclare
3069 3995 3214 4058 gesta
3235 4027 3251 4052 ,
3279 3999 3401 4038 cum
3431 3985 3728 4053 proximum

2152 4097 2293 4142 esset
2318 4094 2374 4139 ut
2398 4083 2588 4155 patria,
2617 4079 2777 4136 domo
2806 4089 2860 4134 et
2889 4079 2998 4150 ipsa
3032 4077 3134 4131 vita
3163 4074 3432 4130 excideret
3451 4116 3466 4140 ,
3500 4075 3614 4144 ipso
3639 4090 3729 4129 ca-

2151 4177 2398 4232 lamitatis
2424 4186 2681 4244 tempore,
2711 4172 2866 4227 vilem
2896 4171 3269 4240 abjeelumqtte
3299 4166 3518 4221 militem
3550 4167 3732 4221 videns

2151 4271 2490 4324 insultantem
2527 4266 2624 4321 sibi
2652 4275 2707 4320 et
2733 4263 3119 4318 conviciantem
3145 4302 3160 4327 ,
3209 4276 3311 4313 non
3350 4259 3519 4314 solum
3562 4259 3730 4313 vicem

2152 4375 2258 4412 non
2288 4356 2555 4417 reddidit,
2597 4347 2690 4408 sed
2717 4353 2874 4406 etiam
2905 4351 3092 4405 ducem
3124 4350 3422 4420 quempiam
3455 4350 3625 4418 ipsum
3653 4349 3733 4402 iu-

2153 4449 2398 4501 terimere
2419 4447 2682 4500 volentem
2709 4443 3000 4513 impedivit,
3029 4443 3212 4496 dicens
3239 4461 3250 4495 :
3283 4441 3529 4495 Dimittite
3553 4440 3729 4508 illum,

2149 4538 2269 4606 quia
2294 4535 2542 4588 Dominus
2570 4533 2824 4586 mandavit
2861 4534 2906 4585 ei
2933 4531 3024 4601 (2.
3055 4531 3179 4603 Reg.
3211 4532 3298 4585 16.
3325 4530 3381 4585 Η
3414 4531 3452 4601 ).
3502 4532 3728 4586 llursum

2150 4625 2512 4682 sacerdotibus
2541 4623 2865 4694 rogantibus.
2898 4623 3081 4678 liceret
3121 4621 3219 4676 sibi
3261 4637 3381 4675 cum
3428 4623 3516 4676 illo
3554 4637 3728 4676 aream

2149 4718 2496 4773 circumferre
2516 4759 2531 4781 ,
2564 4710 2612 4770 id
2643 4733 2747 4770 nou
2781 4731 2967 4785 passus
2997 4726 3079 4769 est
3107 4732 3121 4767 :
3145 4714 3237 4768 sed
3263 4714 3386 4784 quid
3411 4715 3522 4768 ait?
3565 4714 3733 4768 Πράκα

2148 4827 2318 4862 arcam
2342 4807 2547 4861 Domini
2571 4807 2622 4860 in
2650 4806 2921 4871 civitatem,
2953 4815 2998 4859 et
3023 4814 3113 4857 stet
3138 4805 3188 4857 in
3218 4805 3338 4859 loco‘
3361 4823 3472 4858 suo.
3506 4803 3566 4859 Si
3593 4807 3730 4857 inve-

2151 4921 2268 4956 nera
2289 4903 2505 4973 gratiam
2527 4903 2576 4954 in
2593 4912 2860 4968 conspectu
2886 4899 3108 4963 Domini,
3125 4911 3170 4953 ct
3193 4900 3470 4955 liberaverit
3493 4917 3570 4953 me
3599 4900 3732 4953 Deus

2149 4995 2212 5048 de
2235 4995 2534 5048 instantibus
2565 4991 2712 5045 malis
2732 4994 2770 5058 ί,
2800 4991 2972 5045 videbo
3007 4993 3234 5046 decorem
3260 4993 3401 5060 ejus;
3443 4992 3520 5046 sin
3552 4991 3732 5045 dixerit

2209 5217 2224 5247 ι
2257 5211 2344 5259 ll‘e
2369 5211 2627 5260 admodum
2651 5211 2838 5259 variant.
2859 5210 3174 5273 exemplaria.
3200 5210 3328 5276 Sari!
3374 5217 3425 5276 et
3448 5209 3616 5276 Morel.
3633 5211 3718 5276 bat

2147 5278 2270 5325 bent
2295 5282 2345 5321 ut
2372 5288 2419 5321 Ill
2442 5280 2581 5321 textu
2611 5288 2620 5318 :
2646 5269 3103 5333 manuscriptiv'ero
3128 5273 3267 5333 multi
3296 5269 3500 5333 ('odiees
3524 5269 3612 5327 sie,
3636 5269 3718 5333 sed

2147 5335 2281 5387 stabo
2303 5333 2352 5384 in
2373 5335 2566 5396 tempto,
2587 5339 2632 5384 et
2653 5333 2696 5384 si
2720 5329 3007 5396 liberaverit
3035 5347 3108 5382 me
3143 5333 3204 5380 de
3247 5329 3531 5396 instantibus
3553 5329 3711 5379 mulis.

2152 5400 2292 5453 (llzee
2317 5403 2414 5460 est,
2443 5389 2596 5445 lectio
2634 5397 2811 5460 Graeca
2834 5395 2910 5442 ed.
2957 5392 3101 5460 [field
3143 5407 3288 5460 quam
3340 5389 3713 5460 φηςι-ἰρςμῃγε.

2153 5449 2269 5509 lion
2298 5456 2546 5528 )Anianus
2567 5455 2811 5528 ve_ro,_sed
2835 5461 2943 5528 stet,
2970 5452 3141 5528 inquit.
3162 5449 3211 5502 in
3237 5452 3412 5528 (erupto
3433 5464 3450 5500 :
3467 5449 3528 5528 ‘el'
3541 5449 3720 5528 siluae.

2147 5509 2327 5587 r-uvcrit
2351 5532 2424 5568 me
2463 5522 2586 5568 nats
2608 5521 2669 5570 de
2695 5509 2994 5567 instantibus
3015 5509 3179 5574 titulis,
3206 5509 3372 5564 culcita
3397 5509 3720 5577 pulchritudi-

2152 5595 2257 5635 ειιπιι
2283 5595 2404 5647 ιᾟιδ,
2434 5588 2531 5630 CIC.
