4058 6208
443 262 517 319 59
1611 246 1681 304 ΙΝ
1720 242 2136 308 ΠΔΤΤΙΙΕΠΜ
2188 241 2422 300 ΙΙΟΜΙΙ..
2445 241 2536 301 ιν.
3627 246 3701 304 ω

424 378 552 440 mihi
571 419 587 443 ν
617 377 753 432 Nolo
783 386 830 431 te
858 390 876 430 ε
905 389 1016 431 ecce
1038 389 1151 444 e90.
1178 371 1329 441 [ιιεὶαι
1357 370 1481 422 mihi
1509 369 1646 429 αυοιι
1669 377 1742 421 εει
1772 366 2011 433 Mutilum
2108 383 2215 439 que
2241 366 2443 432 subire,
2471 362 2764 419 innumeris
2791 361 2994 415 animas
3020 373 3142 413 suas
3171 350 3514 429 blasphemiis
3535 358 3690 414 labe-

426 471 483 525 in
506 478 774 539 conspectu
795 483 908 538 ejus
935 465 1009 535 (2.
1036 463 1166 534 Reg.
1191 462 1276 517 15.
1300 461 1390 516 25.
1416 459 1526 528 26).
1561 456 1692 512 Illud
1717 471 1846 512 vero
1870 455 2010 526 quod

427 577 556 633 erga
583 561 795 618 Saitlem
819 567 875 614 et
895 557 1060 612 semel
1087 566 1142 610 et
1167 555 1249 610 bis
1273 563 1330 609 et
1354 553 1553 623 pluries
1577 550 1723 617 fecit,
1753 557 2006 620 quantum

429 671 539 710 non
566 650 913 724 philosophia
935 649 1146 706 culmen
1167 645 1427 703 ostendit!
1453 644 1508 699 ld
1533 645 1676 700 enim
1702 651 1756 698 et
1779 652 2012 696 veterem

430 747 602 817 legem
632 743 954 814 superabat,
985 750 1036 797 et
1064 739 1130 795 ad
1160 739 1452 810 apostolica
1483 745 1742 807 praecepta
1775 737 2015 804 proxime

428 834 738 892 accedebat.
787 833 912 888 Ideo
949 833 1127 886 omnia
1170 845 1291 901 quze
1322 844 1353 883 a
1395 830 1504 883 Deo
1543 826 2016 898 proficiscebantur

427 925 849 996 amplectebatur
871 964 890 990 ,
931 934 1030 978 nec
1072 923 1332 978 rationem
1373 919 1621 990 exigebat
1669 933 1853 973 eorum
1896 931 2017 986 qua:

429 1017 765 1078 accidebant,
789 1014 883 1070 sed
903 1029 1064 1068 unum
1085 1011 1350 1076 studebat,
1375 1022 1432 1066 ut
1452 1011 1649 1080 ubique
1671 1008 1788 1077 ejus
1813 1007 2017 1077 legibus

431 1108 837 1177 obsequeretur.
865 1105 932 1159 Et
953 1113 1074 1175 post
1103 1111 1181 1158 tot
1205 1111 1455 1171 tantaque
1482 1098 1734 1170 prteelara
1759 1097 2014 1163 facintn‘a,

431 1201 623 1256 videns
652 1209 966 1272 tyrannum,
998 1195 1337 1267 parricidam,
1367 1192 1711 1259 fratricidam,
1738 1199 2016 1247 contume-

435 1293 651 1354 liosum,
671 1292 948 1355 furiosum,
965 1289 1053 1358 qui
1071 1303 1290 1358 regnum
1313 1301 1467 1342 suum
1487 1285 1774 1347 invaserat,
1802 1298 1869 1338 ne
1889 1282 2017 1336 illud

431 1384 648 1455 quidem
692 1383 792 1453 ipsi
834 1379 1155 1436 offendiculo
1184 1378 1315 1433 fuit:
1345 1377 1439 1433 sed
1467 1378 1510 1431 si
1540 1375 1612 1431 ita
1643 1376 1753 1430 Deo
1778 1374 2018 1443 placeat,

433 1475 627 1546 inquit,
658 1475 781 1543 pelli
806 1488 914 1538 me,
945 1486 1127 1527 errare
1153 1478 1210 1526 et
1235 1469 1438 1539 fugere,
1469 1469 1615 1523 illum
1639 1477 1816 1522 autem
1849 1466 1900 1520 in
1927 1465 2022 1519 ho-

436 1584 568 1622 nore
604 1581 748 1629 esse,
779 1566 830 1620 id
856 1563 1150 1633 amplector
1192 1571 1350 1630 atque
1391 1560 1622 1629 suscipio
1645 1600 1661 1624 ,
1707 1567 1762 1613 et
1799 1559 2019 1627 gratiam

439 1659 616 1715 habeo
642 1673 738 1727 pro
757 1657 914 1711 malis
943 1653 1255 1710 innumeris.
1280 1651 1393 1707 Non
1423 1661 1480 1705 ut
1505 1651 1652 1704 multi
1685 1650 2021 1719 impudentes

435 1765 502 1804 ac
523 1749 841 1820 petulantes,
870 1746 957 1816 qui
987 1761 1054 1800 ne
1083 1743 1350 1797 minimam
1377 1739 1592 1810 quidem
1623 1750 1825 1808 partem
1855 1739 2021 1807 probe

436 1851 709 1911 gestorum
736 1840 852 1906 ejus
875 1834 1152 1905 exsequuti
1181 1841 1326 1898 sunt,
1351 1831 1547 1901 quique
1571 1831 1616 1884 si
1642 1845 1776 1900 quos
1802 1829 2018 1883 videant

437 1945 694 2000 prospere
711 1942 894 1998 agere,
913 1941 974 1982 se
988 1938 1117 1980 vero
1137 1936 1353 1993 parvam
1373 1919 1669 1976 molestiam
1690 1918 2022 1975 maestitiam-

2112 456 2330 513 factant.
2376 456 2448 510 At
2487 469 2592 509 non
2621 452 2686 506 iis
2711 451 2900 504 similis
2929 448 3090 504 David
3125 456 3272 513 erat,
3299 447 3388 516 qui
3420 447 3516 502 fuit
3543 450 3691 503 omni

2117 548 2374 603 modestia
2402 545 2676 616 przeditus.
2713 541 2838 598 Ideo
2863 541 3073 596 dicebat
3105 539 3246 594 Deus
3271 579 3282 591 .
3324 537 3498 592 inveni
3529 537 3696 593 Dauid

2115 641 2276 709 ﬁlium
2301 637 2484 702 Jesstt',
2515 636 2675 690 virum
2698 635 2975 690 eecmrdum
2999 645 3087 684 cor
3110 645 3272 684 meum
3295 640 3314 698 ι
3343 626 3486 682 Ptol.
3522 627 3611 683 88.
3640 629 3695 683 4.

2112 731 2175 786 2|
2200 734 2240 800 ).
2268 730 2453 786 Talem
2477 737 2532 784 et
2557 742 2656 783 nos
2681 725 3047 796 possideamus
3068 721 3300 776 animam
3316 761 3333 785 ,
3360 729 3416 776 et
3443 719 3698 790 quidquid

2116 823 2348 893 patimur
2364 862 2380 884 ,
2411 821 2601 875 leuiter
2625 819 2857 873 feramus
2873 857 2892 880 ,
2917 824 2972 872 et
2993 822 3117 870 ante
3141 829 3360 884 regnum
3381 854 3398 877 ,
3428 813 3514 868 hic
3543 813 3702 868 nobis

2119 914 2386 984 pariamus
2426 909 2734 966 humilitatis
2763 913 3099 978 proventum.
3130 904 3262 959 Nam
3302 905 3373 958 ait
3401 920 3416 957 :
3452 903 3642 959 Discite
3665 921 3700 956 a

2117 1020 2218 1068 me,
2239 1005 2356 1070 quia
2380 1003 2511 1056 mitis
2530 1017 2640 1054 sum
2657 1009 2704 1053 et
2723 996 2932 1052 Immitis
2948 997 3117 1056 corde,
3135 1004 3182 1049 et
3201 995 3461 1050 invenietis
3479 996 3702 1064 requiem

2121 1101 2378 1158 animabat
2413 1097 2590 1154 vestris
2628 1097 2649 1166 (
2672 1095 2861 1150 Matth.
2890 1094 2978 1149 il.
3000 1091 3113 1162 29)
3172 1091 3242 1147 Ut
3268 1092 3420 1159 igitur
3448 1099 3505 1145 et
3530 1090 3616 1144 hic
3640 1097 3697 1143 et

2121 1195 2228 1251 illic
2254 1191 2437 1262 requie
2463 1189 2722 1253 fruamur,
2747 1200 2952 1241 summa
2973 1199 3100 1240 cura
3127 1183 3364 1238 omnium
3390 1183 3649 1237 bonorum
3675 1181 3693 1214 ⁸

2117 1295 2341 1344 matrem
2381 1283 2729 1339 humilitatem
2759 1279 2811 1334 in
2835 1277 3113 1333 animabus
3151 1276 3347 1332 nostris
3376 1275 3692 1329 inseramus.

2119 1385 2212 1441 Sic
2232 1383 2374 1439 enim
2400 1392 2455 1436 et
2476 1378 2632 1449 hujus
2656 1379 2776 1432 vita:
2802 1375 3016 1444 pelagus
3041 1373 3159 1430 sine
3181 1370 3430 1425 fluctibus
3456 1370 3702 1439 trajicere

2125 1473 2439 1544 poterimus,
2467 1479 2521 1526 et
2545 1469 2612 1523 ad
2639 1465 2977 1536 tranquillum
3009 1463 3158 1518 illum
3187 1471 3398 1531 portum
3427 1461 3696 1530 navigare,

2123 1567 2290 1638 gratia
2327 1573 2382 1620 et
2419 1561 2740 1632 benignitate
2766 1556 2970 1613 Domini
2996 1554 3165 1609 nostri
3192 1553 3319 1608 Jesu
3344 1551 3536 1607 Christi
3563 1591 3579 1618 ,
3609 1556 3699 1611 oui

2125 1659 2292 1730 gloria
2315 1667 2371 1714 et
2391 1655 2671 1726 imperium
2695 1652 2749 1706 in
2774 1648 2964 1705 szecula
2993 1644 3332 1702 saeculorum.
3365 1643 3556 1698 Amen.

2186 1848 2220 1922 ξ.
2239 1846 2669 1922 Mariusqiptinon
2701 1844 2858 1922 pauci,
2891 1843 3136 1922 uirtutum,
3156 1843 3374 1922 Llegunt,
3407 1860 3520 1912 qua:
3552 1846 3702 1900 lectio

2123 1909 2305 1972 optime
2328 1903 2616 1972 quadraret;
2639 1903 2729 1958 sed
2751 1906 2968 1955 Aniauus
2990 1904 3130 1968 legit.
3151 1903 3399 1956 bonorum.

464 2149 3704 2217 ____________________________———————————————-——

1831 2314 2183 2380 HOMILIA
2231 2314 2335 2379 IV.

479 2610 611 2664 Car.
645 2605 682 2658 Ι.
707 2619 759 2655 v.
784 2602 870 2656 Π.
911 2598 1097 2652 Omnes
1127 2593 1282 2664 igitur
1319 2589 1660 2660 generationes
1698 2585 1760 2639 ab
1803 2581 2058 2637 Abraham

553 2710 708 2765 nsque
732 2693 798 2747 ad
827 2689 1009 2753 David,
1031 2684 1372 2758 generationes
1397 2675 1814 2752 quatuordecim;
1841 2682 1887 2726 et
1905 2688 1938 2724 α
1959 2670 2060 2723 Da-

553 2762 636 2840 vid
661 2800 816 2854 usque
843 2781 910 2834 ad
930 2774 1419 2852 transmigrationem
1445 2768 1742 2840 Babylonis,
1770 2762 2054 2836 generatio-
2081 2801 2090 2806 .

553 2895 642 2932 nes
679 2847 1100 2945 quatuorderim;
1139 2875 1184 2921 et
1225 2882 1258 2918 a
1302 2847 1742 2930 transmigratione
1783 2852 2058 2925 Babylonis

552 2986 708 3039 usque
727 2965 794 3019 ad
823 2965 1095 3028 Christum,
1121 2957 1462 3030 generationes
1488 2949 1886 3024 quatuordecim.

554 3103 607 3156 1.
631 3099 829 3156 Omnes
852 3092 1222 3166 generationes
1242 3089 1293 3142 in
1323 3095 1430 3141 tres
1456 3092 1633 3155 partes
1652 3080 1852 3144 divisit,
1876 3085 2058 3133 osten-

477 3195 618 3250 dens
647 3191 764 3247 illos
792 3189 954 3244 etiam
982 3191 1102 3255 post
1129 3179 1432 3252 reipublicae
1458 3175 1683 3230 fortnam
1711 3171 1909 3243 plurics
1935 3185 2057 3224 mu-

479 3294 648 3340 tatam
675 3295 779 3336 uon
808 3279 1041 3334 evasisse
1076 3273 1324 3330 meliores
1346 3309 1362 3336 ,
1396 3266 1490 3322 sed
1527 3267 1640 3321 sive
1676 3261 2020 3319 aristoeratite
2040 3299 2058 3327 ,

477 3375 596 3429 sive
622 3386 805 3439 regno,
832 3370 945 3422 sive
965 3362 1269 3435 oligarchiae
1297 3367 1565 3430 parerent,
1587 3358 1641 3409 in
1673 3353 1860 3408 iisdem
1883 3365 2062 3406 versa-

479 3477 568 3521 tus
596 3463 749 3518 malis
774 3475 894 3516 esse
923 3475 938 3512 :
964 3472 1027 3511 ac
1052 3469 1227 3525 neque
1269 3449 1490 3505 ducibus
1513 3489 1530 3515 ,
1571 3459 1743 3516 neque
1772 3440 2064 3498 sacerdoti-

479 3556 604 3616 bus,
633 3567 804 3622 neque
844 3547 1058 3620 regibus
1099 3559 1213 3601 rem
1254 3540 1516 3612 publicam
1544 3531 2059 3597 administrantibus,

479 3646 739 3716 majorem
769 3656 933 3712 penes
957 3639 1074 3694 illos
1099 3633 1308 3690 virtutis
1329 3631 1592 3714 rationem
1621 3625 1803 3680 fuisse.
1836 3622 1943 3678 Cur
1963 3635 2063 3675 au-

479 3709 591 3795 tem
615 3739 665 3791 in
689 3709 859 3790 media
884 3741 1030 3801 parte
1054 3739 1163 3784 tres
1177 3709 1516 3796 praztermisit
1534 3733 1705 3790 reges,
1725 3718 1778 3770 in
1796 3723 2063 3784 postrema

481 3841 661 3886 autem
689 3833 837 3896 parte
855 3817 1284 3894 generationibus
1307 3811 1587 3868 duodecim
1621 3815 1822 3863 tantum
1853 3803 2057 3874 positis,

480 3895 884 3990 quatuoidecim
925 3913 1067 3982 ipsas
1093 3923 1214 3964 esse
1239 3905 1402 3960 dicit?
1446 3903 1680 3958 Primam
1709 3895 2062 3967 quaestionem

480 4009 636 4065 vobis
659 4003 971 4061 solvendam
1003 4001 1276 4068 relinquo;
1322 4009 1428 4049 non
1463 3992 1606 4047 enim
1641 3987 1818 4042 omnia
1855 3983 2064 4039 solvere

483 4101 638 4157 Vobis
663 4111 881 4154 necesse
909 4102 1008 4152 est.
1041 4106 1109 4145 ne
1135 4089 1285 4141 vobis
1315 4083 1581 4139 fastidium
1603 4091 1921 4150 generemus
1944 4091 1959 4128 :
1979 4087 2066 4129 se-

481 4193 710 4251 cundam
735 4201 910 4244 autem
936 4180 1343 4252 explauabimus
1363 4177 1404 4231 ί.
1430 4175 1554 4230 Mihi
1582 4181 1726 4226 certe
1750 4165 1959 4223 videtur
1975 4176 2067 4252 ca-

483 4275 745 4351 ptivitatis
773 4281 984 4339 tempus
1009 4246 1095 4320 hic
1123 4277 1218 4333 pro
1248 4273 1348 4315 una
1375 4255 1718 4328 generatione
1752 4246 2022 4304 numerari
2041 4283 2065 4315 ν

483 4342 582 4429 sed
610 4377 666 4424 et
692 4367 864 4437 ipsum
888 4360 1158 4418 Christum
1187 4353 1425 4428 [alteram
1454 4345 1732 4419 implere],
1761 4359 1920 4415 quem
1947 4342 2067 4398 ubi-

483 4475 593 4529 que
635 4434 786 4512 nobis
812 4448 1104 4521 conjungit.
1144 4446 1186 4500 E
1225 4459 1284 4499 re
1315 4451 1491 4496 autem
1524 4437 1879 4508 captivitatem
1919 4434 2063 4489 illam

482 4553 874 4610 commemorat
896 4584 911 4610 ,
941 4537 1230 4597 ostendens
1258 4535 1382 4588 illuc
1406 4531 1660 4586 deductos
1684 4569 1700 4594 ,
1729 4543 1832 4582 non
1862 4535 2066 4594 tempe-

485 4641 752 4698 rantiores
768 4634 1030 4696 evasisse;
1060 4630 1130 4684 ita
1152 4636 1207 4681 ut
1226 4639 1440 4695 prorsus
1467 4620 1799 4676 necessarius
1826 4617 2068 4673 videatur

488 4735 652 4791 fuisse
665 4726 863 4785 Christi
879 4723 1157 4779 adventus.
1179 4715 1314 4786 Quid
1333 4729 1462 4784 ergo
1482 4714 1687 4768 Marcus
1711 4725 1812 4764 non
1836 4709 2064 4777 idipsum

487 4829 618 4897 agit.
642 4837 814 4893 neque
834 4820 959 4875 Jesu
980 4811 1337 4885 genealogiam
1359 4815 1618 4866 recenset,
1634 4801 1729 4857 sed
1751 4799 2068 4870 compendio

488 4893 670 4976 omnia
713 4912 913 4970 refert?
955 4907 1078 4964 Mihi
1124 4902 1337 4974 quidem
1381 4897 1589 4953 videtur
1627 4893 1904 4948 Matthzeus
1943 4900 2068 4946 ante

489 5023 679 5067 omnes
703 5017 918 5060 manum
947 4995 1095 5067 operi
1121 4989 1422 5048 admovisse
1446 5005 1461 5042 :
1481 4990 1805 5056 quapropter
1821 4981 2072 5053 genealo-

558 5239 575 5269 '
615 5245 736 5287 Tres
756 5241 861 5283 uss.
896 5233 966 5280 sic
987 5229 1269 5283 habent,....
1310 5222 1573 5287 secundum
1615 5224 1774 5287 autent
1803 5210 2084 5287 expiant)“-

497 5276 742 5358 ’μετεξέρῆ
757 5276 1275 5358 ίμαοᾴειε,Δ
1291 5283 1484 5358 etc..lbi
1511 5294 1615 5331 tres
1636 5281 1825 5358 paginge
1845 5276 2080 5337 adjiciun-

497 5314 625 5358 θυαε,
645 5303 742 5350 imo
763 5303 806 5346 et
831 5303 1040 5356 primmn
1061 5307 1076 5336 (
1095 5303 1265 5350 noque,
1291 5303 1387 5334 etc.
1414 5303 1484 5333 ιυι
1511 5303 1615 5331 tres
1637 5303 1825 5343 μειδιιιω
1845 5303 2080 5337 ειυιιωυη-

497 5373 600 5418 tur,
625 5357 1002 5417 utexpltceutur
1036 5303 1130 5400 i|{.e
1167 5345 1532 5410 quatuordecim
1564 5340 1935 5418 generationes,

497 5398 615 5473 57,12.
626 5398 1334 5481 ‘capt‘i'vitidem“numerantur,
1357 5419 1544 5481 necnon
1565 5398 1929 5481 quattuordecim
1951 5398 2080 5455 alim,

637 5460 1107 5545 aptiviuttem.
1131 5472 1247 5548 quia
1271 5460 1388 5518 vero
1405 5467 1510 5538 haec
1540 5460 1811 5548 abnAntaug
1834 5460 1959 5508 lecta
1984 5470 2079 5548 tt'on

808 5541 817 5548 ⁸
841 5539 851 5548 ·
925 5543 935 5548 -
1099 5545 1134 5548 α
1211 5536 1477 5548 uanum--.
1527 5528 1570 5548 ε.-
1642 5537 1752 5548 κη...
1815 5532 2006 5548 ,πηηιηη
2033 5531 2079 5548 η-

498 5522 752 5602 ἓῖιίἶῖ,,’ἰῖἓέ
763 5522 1004 5602 Romae
1022 5522 1498 5602 esse‘Chrysostomi,
1527 5528 1575 5577 in
1608 5525 1754 5575 linem
1777 5522 2082 5573 Commenta-

495 5593 687 5657 riorum
710 5605 755 5652 in
775 5599 1040 5650 multatum
1056 5593 1282 5654 ablegata
1303 5597 1434 5642 sunt.

2150 2581 2288 2654 giam
2333 2583 2581 2634 accurate
2622 2572 2804 2643 ponit,
2840 2576 2896 2624 et
2920 2567 2974 2623 in
2999 2568 3065 2623 iis
3089 2579 3208 2637 qua:
3237 2567 3535 2620 necessaria
3570 2563 3722 2617 erant

2150 2651 2378 2736 insistit;
2423 2667 2630 2722 Marcus
2674 2675 2806 2717 vero
2844 2667 2964 2729 post
3005 2657 3179 2727 ipsum
3221 2654 3453 2723 scripsit,
3501 2651 3726 2718 ideque

2149 2759 2467 2831 compendio
2487 2755 2682 2817 studet,
2708 2760 2892 2820 utpote
2909 2748 2998 2818 qui
3019 2747 3127 2817 jam
3153 2745 3292 2799 dicta
3313 2753 3368 2797 et
3392 2751 3513 2795 nota
3539 2755 3727 2795 recen-

2149 2863 2286 2912 seat.
2333 2851 2439 2904 Cur
2473 2861 2600 2913 ergo
2644 2845 2813 2898 Lucas
2849 2840 3009 2895 etiam
3037 2834 3398 2907 genealogiam
3425 2839 3480 2886 et
3507 2831 3722 2900 quidem

2149 2943 2389 3017 pluribus
2439 2936 2658 2994 scribit?
2711 2933 2843 3000 Quia
2895 2930 3175 2985 Matthteus
3215 2926 3323 2996 jam
3383 2933 3728 2994 prseccsserat

2149 3015 2396 3104 viamque
2439 3034 2752 3101 paraverat,
2788 3023 2952 3078 voluit
3001 3021 3088 3074 ille
3130 3016 3324 3086 aliquid
3366 3015 3591 3084 amplius
3629 3029 3729 3068 nos

2149 3129 2397 3184 educere.
2438 3120 2675 3189 Quisque
2716 3112 3096 3182 discipulorum
3127 3108 3434 3177 magistrqu
3465 3119 3618 3160 suum
3645 3113 3730 3159 est

2151 3218 2417 3278 imitatus;
2455 3214 2540 3266 hic
2567 3209 2810 3270 Paulum,
2831 3203 3075 3258 ubertate
3103 3199 3318 3254 flumina
3345 3206 3684 3267 superantem
3707 3212 3726 3260 ;

2150 3311 2241 3367 ille
2263 3310 2500 3369 Petrum,
2527 3298 2771 3359 brevitati
2792 3295 3113 3353 studentem.
3141 3291 3248 3346 Cur
3268 3303 3429 3359 porro
3453 3287 3731 3343 Manlia-us

2151 3402 2207 3459 in
2232 3398 2453 3456 exordio
2481 3408 2586 3448 non
2615 3391 2785 3456 dixit,
2814 3387 2954 3443 sicut
2977 3395 3029 3440 et
3055 3381 3364 3454 prophetae,
3404 3379 3543 3433 Vitio
3575 3395 3728 3446 quam

2150 3492 2274 3554 vidi,
2301 3487 2407 3551 vel,
2439 3485 2621 3540 Sermo
2655 3480 2744 3551 qui
2782 3483 2946 3551 {actus
2983 3482 3057 3529 est
3091 3472 3160 3526 ad
3198 3471 3315 3525 me?
3357 3469 3618 3537 Quoniam
3656 3466 3726 3521 ad

2316 3541 2575 3634 Vliomines
2607 3541 2908 3636 scribebat,
2937 3565 3026 3634 qui
3053 3561 3342 3619 admodum
3372 3560 3528 3615 dictis
3552 3541 3749 3614 attcn-I

2151 3675 2360 3732 derent.
2407 3668 2618 3725 Etenim
2655 3667 2765 3734 jam
2801 3668 3005 3732 patrata
3034 3655 3284 3712 miracula
3309 3651 3608 3708 clamabant
3631 3692 3648 3718 ,
3677 3660 3733 3708 et

2152 3767 2242 3838 qui
2269 3761 2602 3833 evangelium
2631 3755 2983 3826 accipiebant,
3013 3750 3167 3820 plane
3192 3745 3383 3802 ﬁdeles
3405 3754 3578 3800 erant.
3603 3744 3731 3800 Pro-

2153 3836 2431 3929 phetarum
2454 3869 2582 3908 vero
2607 3860 2847 3913 tempore
2875 3858 2982 3900 non
3008 3849 3086 3897 tot
3108 3849 3262 3895 erant
3289 3836 3542 3892 miracula
3562 3876 3580 3901 ,
3609 3851 3730 3904 quae

2157 3943 2531 4001 auctoritatem
2554 3939 2686 4010 ipsis
2705 3939 2974 4004 inderent,
2993 3946 3050 3992 et
3071 3950 3258 4006 magna
3280 3943 3410 3989 tunc
3427 3930 3755 4001 erumpebat

2161 4031 2744 4105 pseudoprophetarum
2771 4028 2925 4083 turba
2942 4067 2958 4091 ,
2985 4025 3180 4094 quibus
3205 4023 3373 4092 magis
3397 4020 3746 4076 attendebant

2158 4127 2349 4184 Judzei.
2369 4123 2729 4190 Quamobrem
2751 4120 2837 4174 hic
2854 4117 3233 4189 prommiorum
3255 4111 3444 4168 modus
3459 4112 3600 4182 apud
3620 4113 3743 4169 illos

2159 4213 2496 4272 necessarius
2530 4219 2667 4266 erat.
2712 4209 2768 4265 Si
2811 4222 2941 4262 vero
2984 4207 3136 4276 signa
3171 4203 3489 4274 quandoque
3529 4202 3748 4270 fierent,

2162 4305 2512 4363 barbarorum
2531 4315 2714 4366 causa,
2736 4307 2795 4354 ut
2812 4297 2962 4354 multi
2979 4295 3232 4367 proselyti
3253 4293 3588 4361 accederent,
3614 4293 3747 4345 ede.

2161 4399 2378 4454 bantur.
2411 4394 2636 4450 Fiebant
2662 4404 2872 4464 quoque
2892 4389 3041 4460 signa
3065 4387 3132 4442 ad
3161 4387 3252 4442 Dei
3285 4386 3574 4456 potentiam
3599 4384 3751 4440 exhi-

2162 4489 2410 4551 bendam,
2443 4483 2658 4557 quando
2684 4482 2972 4539 adversarii
3000 4480 3234 4536 subactis
3268 4476 3489 4544 Judmis,
3524 4477 3750 4532 deorum

2161 4593 2382 4638 suorum
2410 4577 2460 4632 vi
2489 4586 2545 4633 et
2570 4574 2771 4630 auxilio
2796 4587 2857 4627 se
2881 4572 3076 4626 vicisse
3105 4567 3380 4638 putabant,
3411 4577 3467 4620 ut
3493 4566 3547 4621 in
3577 4565 3751 4639 [Egy-

2166 4681 2258 4745 pto
2281 4669 2537 4738 contigit,
2565 4665 2708 4721 unde
2745 4663 3044 4733 promiscua
3084 4660 3235 4713 turba
3281 4656 3512 4727 profecta
3538 4666 3625 4712 est
3654 4674 3668 4710 :
3700 4666 3756 4713 et

2164 4770 2350 4834 postea
2381 4760 2433 4814 in
2462 4756 2755 4828 Babylone,
2783 4768 2904 4822 qua:
2927 4751 2994 4805 ad
3021 4750 3292 4805 fornacem
3321 4755 3377 4802 et
3398 4746 3604 4802 somnia
3633 4762 3758 4817 spe-

2163 4862 2331 4911 ctant.
2377 4851 2508 4906 Erat
2541 4849 2702 4903 etiam
2741 4859 2866 4900 cum
2902 4843 3053 4912 signa
3091 4839 3381 4895 ederentur
3423 4837 3476 4892 in
3515 4837 3754 4901 deserto,

2164 4943 2380 5016 quando
2407 4940 2488 4996 sui
2515 4938 2652 5009 juris
2675 4943 2851 5001 erant,
2882 4930 3330 5003 quemadmodum
3359 4938 3415 4985 et
3439 4928 3580 4998 apud
3608 4941 3706 4982 nos
3740 4943 3755 4981 :

2166 5037 2365 5095 etenim
2392 5033 2532 5103 apud
2563 5045 2664 5086 nos
2690 5044 2813 5084 cum
2841 5029 2912 5082 ab
2935 5042 3121 5082 errore
3144 5039 3564 5096 emergeremus,
3596 5024 3748 5092 signa

2169 5130 2332 5186 multa
2357 5125 2594 5182 exhibita
2619 5130 2776 5184 sunt;
2804 5128 2924 5189 post
2947 5118 3063 5173 hate
3089 5126 3292 5184 autem,
3320 5132 3443 5172 cum
3472 5131 3595 5172 vera
3625 5115 3751 5169 reli-

2169 5219 2261 5289 gio
2287 5217 2484 5285 ubique
2509 5211 2852 5269 disseminata
2881 5218 3058 5272 esset,
3091 5209 3178 5262 illa
3207 5215 3573 5264 cessaverunt.
3599 5202 3753 5269 Quod

2170 5311 2216 5366 si
2240 5317 2360 5380 post
2383 5308 2583 5360 exitum
2610 5301 2680 5359 ex
2711 5303 2923 5359 deserto
2943 5303 3092 5372 signa
3123 5301 3259 5354 facta
3283 5308 3446 5362 sunt,
3475 5298 3565 5351 illa
3590 5312 3753 5366 pauca

2171 5409 2229 5457 et
2251 5401 2451 5456 rariora
2477 5398 2725 5459 fuerunt;
2763 5404 2818 5450 ut
2845 5411 2965 5450 cum
2993 5395 3070 5448 sol
3099 5393 3372 5455 substitit,
3404 5391 3485 5444 vel
3515 5404 3636 5442 cum
3663 5405 3754 5444 re-

2177 5506 2410 5550 trorsum
2439 5491 2625 5546 abivit.
2667 5487 2832 5557 Signa
2873 5501 3085 5556 quoque
3110 5484 3249 5552 apud
3279 5495 3380 5536 nos
3409 5480 3542 5534 facta
3574 5480 3756 5537 videre

2177 5585 2325 5642 licuit
2349 5600 2364 5639 :
2391 5601 2512 5641 nam
2540 5590 2698 5639 aetate
2724 5587 2902 5636 nostra
2932 5576 3033 5632 sub
3055 5575 3286 5640 Juliano,
3307 5570 3400 5640 qui
3423 5583 3615 5627 euntes
3645 5567 3750 5622 itu-
