4058 6208
428 298 486 350 ιι
1167 288 1227 347 8.
1264 288 1552 347 JOANNIS
1589 289 2071 348 CIIRYSOSTOMI
2108 294 2427 354 ARCHIEP.
2465 301 3005 364 CONSTANTINOP.
3611 318 3676 376 42

428 403 627 463 pietate
655 391 950 459 superavit,
973 391 1136 445 multa
1161 391 1526 460 mirabiliaquc
1553 391 1688 446 facta
1710 401 1853 446 sunt.
1883 394 2011 444 cum

428 486 572 537 enim
629 483 798 553 Judwi
846 481 1100 552 templum
1143 480 1647 552 Jerosolymitauum
1691 486 2015 543 remdifleare

430 583 719 637 tentarent,
750 573 889 642 ignis
927 588 959 625 e
994 570 1350 625 fundamentis
1386 586 1676 641 erumpens
1704 589 1892 630 omnes
1916 576 2014 631 de-

434 665 659 729 terruit;
688 673 740 717 et
764 677 887 717 cum
916 661 1159 717 Julianus
1187 662 1421 717 furorem
1450 678 1605 717 suum
1638 666 1689 719 in
1720 680 1843 720 vasa
1865 681 2013 721 sacra

432 764 745 820 exerceret,
775 763 1009 823 quaestor
1032 760 1086 808 et
1113 752 1309 808 Juliani
1348 755 1641 810 avunculus
1678 756 1777 826 ipsi
1815 772 2012 828 cogno-

433 848 593 902 minis
639 845 777 915 plexi
821 854 946 899 sunt
973 861 988 899 :
1018 844 1167 915 prior
1203 845 1346 899 enim
1388 862 1418 898 a
1455 848 1725 902 vermibus
1762 863 2016 903 corrosus

435 938 635 992 interiit
659 980 675 1004 ,
703 938 838 992 alter
863 953 995 992 vero
1023 936 1230 992 medius
1257 936 1502 1006 diruptus
1526 948 1641 1005 est;
1684 941 2017 1010 peractisque

424 1032 628 1085 ibidem
657 1031 935 1085 sacrificiis
957 1030 1132 1084 fontes
1152 1030 1481 1095 defecerunt,
1508 1044 1563 1087 et
1589 1032 1754 1089 fames
1784 1050 1902 1103 quae
1925 1050 2013 1089 eo-

428 1124 554 1179 dem
596 1124 892 1193 imperante
929 1122 1174 1178 civitates
1199 1123 1429 1191 invasit,
1463 1125 1757 1180 maximum
1782 1134 1898 1181 erat
1922 1126 2021 1180 mi-

433 1215 698 1271 raculum.

485 1418 544 1473 2.
570 1417 721 1474 Solet
756 1417 898 1478 enim
934 1416 1076 1472 Deus
1121 1417 1241 1471 haec
1287 1416 1539 1472 exhibere
1566 1434 1581 1471 :
1608 1416 1820 1488 quando
1862 1418 2002 1473 mala

420 1527 579 1580 supra
604 1508 819 1563 modum
844 1518 1121 1578 augentur,
1147 1523 1266 1562 cum
1298 1523 1423 1562 suos
1445 1509 1495 1561 iu
1513 1510 1764 1561 :erumuis
1778 1509 2002 1573 versari,

420 1602 865 1669 adversariosque
909 1601 1180 1670 tyrannica
1224 1601 1273 1654 vi
1321 1600 1635 1655 debacehari
1669 1601 1849 1665 videt,
1882 1612 2006 1655 tunc

421 1707 572 1747 suam
588 1690 818 1744 ostendit
834 1690 1144 1757 potentiam.
1161 1688 1214 1741 ld
1229 1689 1368 1758 quod
1386 1689 1545 1743 etiam
1565 1691 1615 1742 in
1634 1689 1851 1744 Perside
1867 1689 2005 1742 circa

420 1784 635 1838 Judaaos
666 1781 931 1852 praestitit.
959 1781 1110 1846 Quod
1140 1796 1267 1849 ergo
1294 1795 1400 1834 non
1452 1781 1567 1834 sine
1606 1794 1765 1834 causa
1811 1778 2009 1834 Christi

421 1874 791 1943 progenitores
838 1873 889 1925 in
935 1880 1047 1925 tres
1092 1880 1272 1939 partes
1310 1870 1675 1931 distribuerit,
1722 1885 1789 1923 ex
1837 1884 2000 1937 supra

425 1964 580 2015 dictis
615 1962 790 2031 palam
817 1970 916 2015 est.
951 1960 1354 2015 Anitnadvertas
1386 1959 1544 2013 velim
1596 1959 1685 2012 ubi
1713 1960 1927 2025 incipiat
1958 1967 2009 2009 et

432 2072 538 2127 quo
562 2054 778 2113 desinat
806 2072 822 2110 :
864 2053 931 2110 ab
961 2052 1227 2109 Abraham
1259 2055 1310 2109 in
1350 2054 1635 2119 Davidem;
1667 2070 1697 2107 a
1728 2054 1925 2109 Davide
1954 2071 2007 2109 In

422 2149 786 2220 captivitatem
811 2147 1126 2219 Babylonis;
1175 2150 1242 2203 ab
1291 2146 1391 2202 hac
1419 2148 1474 2202 in
1509 2147 1683 2216 ipsum
1714 2146 2006 2203 Christum.

427 2239 559 2294 Nam
583 2238 734 2294 initio
754 2237 943 2293 ambos
973 2253 1075 2292 una
1105 2238 1244 2293 serie
1266 2239 1460 2307 posuit,
1482 2238 1733 2292 Davidem
1764 2248 1817 2292 et
1840 2238 2009 2293 Abra-

429 2334 440 2383 I
464 2347 643 2386 aruum
682 2349 696 2386 :
722 2330 917 2386 deinde
946 2339 1217 2399 resmnpta
1248 2330 1557 2401 genealogia
1585 2340 1870 2400 utrumque
1891 2345 2008 2385 me-

426 2424 669 2479 moravit.
702 2422 855 2487 Nam,
885 2432 943 2475 ut
965 2422 1075 2492 jam
1103 2422 1245 2486 dixi,
1278 2423 1382 2477 illis
1413 2422 1565 2476 facta:
1621 2422 1832 2476 fuerant
1878 2437 2007 2491 pro-

427 2514 726 2567 tnissiones.
754 2511 862 2567 Cur
904 2528 1098 2582 porro,
1154 2522 1211 2567 ut
1239 2513 1613 2581 Babylonicam
1664 2513 2009 2581 transmigra-

425 2606 627 2659 tiouem
659 2606 995 2670 memoravit,
1030 2621 1133 2659 non
1172 2606 1394 2676 perinde
1418 2606 1710 2660 descensus
1741 2605 1792 2658 in
1838 2604 2009 2675 JEgy-

425 2707 571 2765 ptum
591 2697 917 2752 mentionem
946 2696 1068 2751 fecit
1090 2697 1114 2749 ?
1139 2696 1269 2763 Quia
1300 2695 1582 2767 Egyptios
1609 2712 1714 2749 non
1736 2696 1867 2749 ultra
1894 2710 2008 2749 me-

400 2791 673 2857 tuebant,
725 2790 1047 2861 Babylonios
1091 2806 1219 2843 vero
1249 2789 1423 2843 adlmc
1476 2788 1772 2843 tremebant
1828 2788 2003 2843 :illud

420 2883 560 2935 enim
588 2883 819 2951 priscum
849 2893 999 2945 erat,
1023 2883 1126 2937 hoc
1156 2898 1281 2937 vero
1321 2897 1511 2936 recens
1534 2922 1550 2948 ,
1597 2891 1651 2935 et
1679 2882 1836 2949 paulo
1878 2889 2004 2935 ante

418 2984 627 3042 gestum
652 2990 666 3037 ;
698 2982 858 3042 atque
887 2974 1015 3027 illuc
1045 2988 1150 3026 non
1196 2973 1266 3026 ob
1297 2982 1513 3041 peccata
1561 2970 1776 3026 deducti
1805 2980 1963 3025 erant
1984 3013 1999 3036 ,

421 3066 555 3118 istuc
596 3079 723 3118 vero
767 3064 1030 3117 scelerum
1055 3078 1213 3116 causa
1246 3062 1489 3116 translati
1517 3061 1747 3146 fuerant.
1786 3061 1845 3118 Si
1873 3063 1995 3131 quis

423 3172 554 3209 vero
584 3157 858 3210 nominum
881 3155 1377 3223 interpretationem
1398 3153 1617 3223 aggredi
1660 3153 1826 3218 velit,
1858 3156 2001 3209 mul-

419 3256 526 3300 tam
560 3247 629 3299 ibi
659 3247 889 3315 reperiet
913 3243 1222 3314 speculandi
1267 3244 1544 3298 materiam
1572 3285 1588 3309 ,
1621 3259 1741 3314 qua:
1765 3244 1830 3298 ad
1870 3244 2002 3298 Novi

402 3335 745 3390 ‘Testameuti
769 3335 1171 3402 intelligentiam
1199 3335 1430 3388 maxime
1462 3333 1738 3399 conferat;
1770 3335 2003 3403 exempli

417 3442 574 3481 causa
601 3443 668 3481 ex
703 3425 1008 3480 nominibus
1048 3425 1335 3480 Abrahami
1366 3467 1381 3490 ,
1407 3425 1612 3489 Jacobi,
1649 3425 1956 3481 Salomonis
1980 3466 1997 3491 ,

417 3518 759 3574 Zurobabelis
789 3536 802 3573 :
836 3535 941 3572 non
974 3520 1116 3573 enim
1145 3528 1346 3571 temere
1374 3518 1487 3572 hare
1525 3518 1629 3572 illis
1671 3518 1887 3572 nomina
1910 3518 1994 3571 in-

415 3611 523 3665 dita
556 3620 694 3664 sunt.
721 3610 826 3666 Sed
859 3627 924 3664 ne
964 3610 1171 3679 longius
1197 3618 1543 3664 excurrentes
1585 3609 1883 3665 molestiam
1913 3609 1999 3663 in-

416 3702 670 3767 feramus,
704 3701 882 3756 missis
911 3702 1037 3766 illis,
1064 3700 1130 3754 ad
1158 3701 1325 3770 magis
1352 3700 1653 3755 necessaria
1696 3701 1993 3755 venianms.

415 3796 546 3848 Cum
580 3795 758 3863 itaque
810 3792 1176 3861 progenitores
1202 3806 1388 3845 omnes
1416 3800 1821 3856 enumerasset,
1843 3799 1900 3844 et
1944 3791 1997 3846 in

412 3882 703 3952 Juseplntm
726 3883 991 3945 desiisset,
1019 3898 1124 3936 non
1154 3881 1240 3935 hic
1258 3881 1425 3946 stetit,
1450 3881 1543 3936 sed
1563 3881 1786 3947 addidit,
1803 3881 1996 3952 Joseplt

410 3976 578 4028 virum
599 3974 782 4030 Mariae
807 3990 826 4029 :
851 3974 1140 4030 ostendens
1169 3987 1228 4027 se
1250 3982 1473 4043 propter
1490 3973 1634 4027 illam
1656 3974 1773 4042 ejus
1796 3989 1994 4044 genea-

412 4068 603 4136 logiam
648 4067 886 4122 duxisse.
922 4065 1121 4120 Deinde
1165 4080 1235 4119 ne
1264 4065 1488 4119 audiens
1511 4106 1526 4130 ,
1570 4063 1746 4118 Virum
1770 4063 1955 4118 Maria:
1976 4106 1992 4134 ,

410 4168 627 4226 putares
653 4158 921 4212 connuuni
951 4168 1153 4211 natura:
1184 4156 1301 4226 lege
1328 4156 1601 4210 Christum
1634 4165 1816 4211 natum
1845 4172 1988 4213 esse:

408 4250 772 4302 animadverte
793 4247 1060 4317 quomodo
1084 4263 1147 4301 ea
1170 4246 1327 4300 addat
1350 4264 1470 4316 qua:
1496 4248 1804 4315 opinionem
1832 4248 1989 4303 istam

407 4343 697 4407 corrigunt.
736 4340 964 4403 Audisti,
1001 4339 1209 4405 inquit,
1241 4339 1412 4390 virum
1437 4378 1451 4400 ,
1494 4339 1687 4393 audisti
1716 4350 1942 4393 matrem
1973 4380 1989 4404 ,

373 4445 377 4450 '
404 4430 601 4484 audisti
630 4443 824 4482 nomen
856 4432 1022 4495 puero
1049 4426 1141 4479 dat
1159 4442 1258 4490 nu;
1290 4426 1411 4480 audi
1444 4426 1604 4479 etiam
1630 4430 1990 4496 generationis

409 4520 648 4573 modum.
690 4517 777 4572 l8.
825 4515 951 4569 Iesu
996 4514 1183 4569 Christi
1231 4524 1399 4568 autem
1447 4517 1703 4585 generatio
1748 4518 1821 4569 sic
1857 4527 1987 4569 erat.

407 4614 576 4676 Quam
604 4609 753 4670 mihi,
794 4622 997 4677 quaeso,
1030 4606 1428 4675 generationem
1461 4607 1674 4659 narras?
1700 4622 1824 4659 nam
1855 4624 1983 4675 pro-

404 4708 674 4774 genitores
699 4702 816 4771 ejus
835 4701 944 4769 jam
977 4699 1181 4754 dixisti.
1207 4700 1274 4752 At
1300 4698 1421 4751 volo
1441 4698 1599 4752 etiam
1620 4700 1984 4765 generationis

407 4796 621 4848 uitulum
670 4808 956 4861 exponere.
994 4791 1177 4845 Viden’
1214 4788 1483 4858 quomodo
1508 4788 1805 4843 auditorem
1833 4791 1983 4846 exci-

400 4875 615 4925 taverit?
630 4872 761 4928 Nam
786 4878 935 4942 quasi
955 4878 1076 4931 novi
1094 4877 1364 4947 quidpiam
1386 4878 1649 4945 dicturus,
1676 4893 1735 4933 se
1757 4879 1972 4934 modum

395 4978 610 5033 quoque
656 4966 1040 5034 explicaturum
1087 4970 1368 5038 promittit.
1398 4971 1463 5024 Et
1491 4971 1613 5025 vide
1653 4971 1782 5025 mihi
1830 4971 1977 5043 opti-

380 5072 537 5111 mam
562 5056 827 5112 dictorum
876 5062 1336 5129 consequentiam.
1359 5061 1477 5116 Non
1520 5062 1663 5117 enim
1704 5063 1882 5117 statim
1907 5063 1977 5118 ad

395 5149 798 5216 generationem
826 5151 972 5204 venit
1005 5168 1018 5205 :
1049 5152 1141 5206 sed
1174 5168 1271 5207 nos
1292 5155 1519 5222 primum
1549 5155 1754 5220 edocet,
1784 5166 1979 5226 quotus

393 5248 537 5293 esset
559 5242 628 5295 ab
656 5240 960 5294 Ahrahamo
985 5283 999 5306 ,
1028 5252 1222 5310 quotus
1266 5259 1296 5298 a
1330 5245 1527 5299 Davide
1554 5257 1607 5300 et
1650 5263 1679 5299 a
1712 5245 1968 5301 transmi-

393 5331 637 5397 gratioue
664 5330 969 5401 Babylonis,
996 5341 1049 5385 et
1070 5332 1380 5401 diligentem
1407 5336 1704 5390 auditorem
1732 5351 1829 5406 per
1859 5336 1975 5391 ha-c

327 5428 337 5435 '
394 5422 458 5473 ad
486 5431 781 5490 temporum
798 5426 1253 5488 continuationem
1285 5425 1489 5485 invitat,
1520 5427 1814 5482 ostendens
1837 5427 1976 5481 hunc

390 5526 512 5566 esse
538 5513 809 5567 Christum
840 5528 869 5566 a
916 5513 1191 5583 prophetis
1240 5513 1605 5583 przedieatum.
1656 5513 1785 5568 Cum
1832 5521 1975 5570 enim

394 5610 762 5669 generationes
792 5608 1191 5673 numeraveris,
1222 5616 1383 5675 atque
1430 5622 1493 5660 cx
1541 5608 1793 5677 temporis
1826 5622 1974 5662 com-

2142 404 2414 470 putatione
2439 406 2691 464 didiceris
2715 412 2964 468 eumdem
2997 413 3172 484 ipsum
3195 430 3315 471 esse
3338 458 3353 483 ,
3387 415 3544 472 facile
3562 421 3708 474 exci-

2134 495 2249 567 pias
2292 497 2606 552 miraculum
2653 500 2706 554 in
2734 501 2852 570 ejus
2895 512 3016 557 ortu
3057 513 3341 573 patratum.
3388 507 3521 574 Quia
3569 511 3707 564 enim

2133 600 2382 656 magnum
2411 588 2683 658 quidpiam
2712 592 3027 662 loquuturus
3057 604 3190 662 erat,
3233 597 3374 665 quod
3400 614 3467 652 ex
3490 598 3707 668 Virgine

2131 686 2288 730 natus
2308 687 2466 742 esset,
2493 680 2801 751 priusquam
2826 691 3037 754 tempus
3057 696 3362 755 computet,
3384 688 3709 747 subobscure

2131 765 2385 835 loquitur,
2420 767 2598 823 Virum
2624 770 2807 827 Mariae
2832 773 3017 829 dicens
3042 816 3058 842 ,
3089 776 3216 846 quin
3257 786 3312 832 et
3338 783 3699 848 generationis

2129 858 2324 913 seriem
2350 860 2638 917 intersecat
2670 881 2683 917 :
2718 864 3039 936 iusuperque
3066 883 3234 923 annos
3261 880 3581 939 enumerat,
3606 875 3698 929 ad-

2104 963 2351 1005 monens
2387 950 2715 1021 auditorem,
2740 954 2880 1010 hunc
2901 956 3073 1025 ipsum
3103 973 3224 1014 esse
3247 1001 3262 1025 ,
3289 975 3449 1029 quem
3483 966 3705 1031 patriar-

2123 1036 2223 1091 cha
2239 1038 2404 1095 Iacob
2423 1040 2573 1109 (Gen.
2597 1043 2686 1099 49.
2715 1044 2827 1116 10),
2853 1046 3219 1104 deficientibus
3242 1050 3455 1107 demum
3475 1052 3705 1109 Judaicis

2125 1129 2471 1199 principibus,
2508 1132 2808 1190 adfuturum
2844 1137 2975 1192 dixit
3001 1156 3013 1192 :
3037 1155 3197 1209 quem
3240 1143 3493 1211 propheta
3520 1146 3698 1201 Daniel

2124 1220 2291 1293 (Cap.
2321 1222 2377 1278 9.
2409 1240 2456 1278 υ.
2488 1225 2560 1281 25
2580 1257 2605 1267 -
2631 1226 2739 1300 27)
2778 1238 2900 1300 post
2927 1232 3119 1286 multas
3172 1232 3288 1287 illas
3337 1234 3694 1293 hebdomadas

2120 1322 2401 1369 venturum
2463 1332 2584 1371 esse
2646 1320 2911 1388 praedixit.
2978 1321 3032 1376 Si
3081 1323 3202 1391 quis
3252 1333 3429 1380 autem
3480 1329 3701 1383 voluerit

2118 1418 2291 1460 annos
2316 1407 2436 1461 illos
2474 1424 2573 1478 per
2608 1408 3062 1467 hebdomadarum
3100 1429 3379 1470 numerum
3410 1417 3478 1471 ab
3505 1421 3691 1488 angelo

2120 1497 2320 1553 Danieli
2350 1500 2522 1555 dictos
2544 1542 2560 1567 ,
2603 1501 2670 1555 ab
2693 1503 3046 1560 aadificatione
3072 1505 3218 1560 urbis
3243 1522 3564 1564 enumerans
3584 1553 3599 1575 ,
3632 1513 3680 1566 in

2118 1588 2287 1656 ipsius
2311 1598 2486 1643 ortum
2516 1590 2847 1649 descendere
2872 1634 2887 1659 ,
2935 1593 3050 1649 btee
3097 1610 3219 1650 cum
3253 1598 3355 1652 illis
3378 1603 3680 1657 consentire

2115 1678 2500 1748 deprehendet.
2534 1683 2627 1738 Dic
2650 1698 2780 1754 ergo
2802 1687 3075 1755 quomodo
3103 1696 3258 1742 natus
3280 1691 3350 1744 sit
3377 1707 3390 1743 :
3413 1690 3540 1745 Cum
3562 1703 3684 1746 esset

2115 1770 2425 1839 desponsata
2454 1782 2615 1826 mater
2633 1776 2744 1844 ejus
2770 1774 2960 1830 Maria.
2995 1777 3108 1832 Non
3139 1780 3306 1845 dixit,
3351 1780 3513 1851 Virgo
3536 1824 3551 1848 ,
3592 1785 3684 1838 sed

2113 1862 2428 1930 simpliciter
2449 1904 2467 1929 ,
2524 1862 2712 1932 Mater,
2741 1876 2798 1920 ut
2824 1882 3004 1921 sermo
3045 1869 3194 1924 facile
3220 1883 3522 1940 caperetur.
3558 1873 3679 1929 Ideo

2110 1966 2229 2004 cum
2262 1954 2409 2023 prius
2432 1967 2781 2026 praeparasset
2808 1959 3102 2016 auditorem
3133 1963 3198 2016 ad
3228 1965 3423 2034 aliquid
3472 1982 3674 2036 eorum,

2108 2061 2228 2113 quae
2256 2062 2319 2101 ex
2351 2062 2501 2103 more
2544 2051 2793 2118 veniunt,
2820 2054 3141 2108 audiendum
3168 2096 3183 2123 ,
3228 2066 3284 2110 et
3326 2060 3377 2111 iu
3420 2059 3520 2114 hac
3545 2062 3686 2130 cogi-

2110 2136 2309 2189 tatione
2335 2139 2648 2193 retinuisset
2672 2181 2686 2200 ,
2719 2152 2842 2196 tunc
2869 2145 3125 2211 percellit,
3173 2161 3286 2201 rem
3317 2148 3677 2205 admirandam

2106 2224 2435 2295 subjungens
2466 2226 2549 2283 his
2577 2229 2751 2283 verbis
2781 2248 2794 2283 :
2828 2234 3108 2303 Antequam
3127 2237 3465 2304 convenirent,
3491 2240 3683 2293 inventa

2105 2326 2177 2370 est
2201 2319 2254 2371 in
2272 2328 2412 2371 utero
2436 2320 2627 2375 habens
2653 2323 2715 2377 de
2751 2321 2951 2392 Spiritu
2974 2335 3167 2381 sancto.
3196 2328 3310 2382 Non
3340 2330 3493 2397 dixit,
3524 2335 3681 2389 Ante-

2111 2432 2268 2487 quam
2290 2417 2574 2474 duceretur
2606 2420 2660 2474 iu
2705 2420 2921 2476 domum
2950 2425 3131 2494 sponsi
3162 2444 3177 2480 :
3220 2427 3361 2482 intus
3395 2429 3537 2484 enim
3576 2430 3683 2499 jam

2109 2521 2244 2565 erat.
2262 2510 2398 2565 Nam
2422 2526 2540 2566 mos
2572 2512 2759 2580 priscis
2784 2523 2899 2568 erat
2926 2530 3150 2584 sponsas
3179 2527 3229 2572 ut
3262 2520 3544 2588 plurimum
3568 2522 3667 2576 do-

2107 2603 2177 2655 mi
2209 2612 2427 2667 tcnere,
2475 2603 2583 2657 imo
2609 2604 2937 2661 etiamnunc
2973 2606 3024 2660 id
3061 2607 3239 2661 videre
3281 2619 3364 2664 est
3406 2627 3422 2665 :
3465 2623 3521 2665 et
3564 2612 3677 2666 Luti

2104 2692 2286 2762 generi
2314 2708 2437 2748 cum
2482 2694 2599 2763 ipso
2627 2694 2956 2753 habitabant.
2984 2696 3264 2753 llabitabat
3316 2715 3445 2771 ergo
3472 2712 3527 2758 et
3570 2704 3679 2774 ipsa

2105 2800 2224 2841 sum
2252 2785 2508 2856 Josepbo.

2180 2953 2235 3008 5.
2283 2953 2388 3009 Cur
2416 2952 2585 3008 Maria
2626 2970 2726 3008 non
2751 2962 2868 3009 ante
2891 2954 3149 3024 sponsalia
3185 2955 3487 3025 conceperit.
3515 2956 3683 3024 Spiri-

2106 3052 2184 3097 tus
2210 3044 2434 3113 operatio
2460 3045 2513 3097 in
2543 3043 2747 3114 Virgine
2766 3061 2866 3098 non
2894 3045 3221 3113 exploranda.
3245 3076 3315 3085 —
3331 3048 3434 3101 Sed
3458 3063 3553 3101 cur
3577 3064 3679 3103 non

2105 3144 2229 3188 ante
2281 3134 2548 3202 sponsalia
2597 3136 2889 3203 concepit?
2917 3135 3003 3201 Ut,
3045 3135 3490 3204 quemadmodum
3534 3138 3662 3202 dixi,

2070 3226 2075 3230 '
2105 3237 2194 3275 res
2222 3224 2599 3287 occultaretur,
2627 3233 2682 3278 et
2710 3232 2770 3278 ιιι
2800 3224 2961 3295 Virgo
3000 3240 3216 3293 pravam
3261 3241 3475 3281 omnem
3504 3232 3679 3297 suspi-

2102 3316 2307 3370 cionem
2338 3316 2612 3387 effugeret.
2652 3318 2875 3385 Quando
2916 3319 3058 3372 enim
3103 3320 3209 3383 ille,
3255 3320 3343 3388 qui
3372 3320 3491 3389 plus
3520 3335 3676 3390 quam

2102 3421 2286 3461 onmes
2329 3408 2587 3479 zelotypia
2621 3409 2813 3479 corripi
2843 3417 3071 3479 poterat,
3117 3410 3400 3475 videbatur
3424 3427 3542 3466 eam
3572 3428 3674 3466 nou

2104 3497 2264 3552 modo
2295 3514 2399 3552 non
2432 3498 2713 3555 traducere
2737 3543 2751 3565 ,
2785 3516 2882 3555 nec
2927 3501 3248 3556 iuhonorare
3272 3543 3288 3569 ,
3316 3502 3409 3558 sed
3437 3505 3596 3558 etiam
3626 3507 3674 3559 in

2101 3589 2427 3642 consortium
2475 3591 2734 3659 accipere,
2784 3591 2987 3659 ipsique
3018 3593 3318 3647 ministrare
3361 3597 3673 3664 praegnanti,

2101 3679 2273 3746 palam
2305 3688 2386 3732 est
2415 3694 2534 3733 eum
2566 3694 2671 3732 non
2700 3679 2776 3733 sie
2806 3680 3090 3747 facturum,
3124 3682 3222 3735 nisi
3247 3697 3553 3752 persuasum
3587 3686 3674 3737 ha-

2096 3769 2299 3823 buisset
2342 3785 2458 3823 eam
2506 3785 2570 3823 ex
2599 3770 2795 3838 Spiritu
2840 3781 3024 3825 sancto
3061 3775 3412 3842 concepisse;
3445 3777 3673 3844 alioquin

2097 3861 2238 3914 illam
2287 3876 2385 3916 uec
2429 3861 2568 3930 apud
2611 3876 2670 3917 se
2714 3862 3044 3928 retinuisset,
3076 3878 3174 3917 nec
3204 3864 3256 3917 in
3283 3865 3403 3920 aliis
3444 3882 3542 3922 suo
3573 3868 3671 3920 mi-

2096 3951 2317 4005 nisterio
2346 3951 2592 4022 dignatus
2618 3962 2781 4007 esset.
2813 3951 3069 4022 Apposite
3110 3964 3286 4008 autem
3326 3964 3380 4010 et
3422 3957 3547 4011 illud
3590 3958 3671 4010 ad-

2092 4042 2248 4112 jecit,
2282 4041 2496 4097 Inventa
2527 4053 2598 4097 est
2629 4045 2680 4096 in
2721 4052 2861 4097 utero
2891 4044 3119 4109 habens;
3150 4045 3204 4099 id
3235 4046 3376 4115 quod
3404 4048 3507 4103 dici
3539 4052 3673 4103 solet

2095 4133 2146 4185 in
2190 4133 2349 4188 rebus
2378 4134 2673 4204 stupendis,
2724 4150 2843 4205 qua:
2886 4144 3084 4204 prmter
3124 4150 3273 4205 spem
3319 4146 3373 4191 et
3402 4149 3672 4208 exspecta-

2094 4225 2292 4280 tionem
2341 4242 2554 4281 omnem
2600 4228 2866 4282 accidunt.
2912 4227 2989 4282 Ne
3034 4229 3191 4299 igitur
3217 4232 3352 4284 ultra
3394 4234 3670 4301 procedas,

2095 4334 2160 4370 ne
2190 4319 2315 4387 quid
2342 4336 2550 4389 quzeras
2583 4322 2716 4375 ultra
2743 4337 2804 4376 ea
2834 4337 2953 4391 quze
2977 4322 3114 4375 dicta
3143 4332 3287 4382 sunt.
3320 4337 3491 4393 neque
3520 4324 3671 4379 dixe-

2092 4412 2187 4473 ris,
2216 4413 2492 4476 Quomodo
2513 4414 2743 4480 Spiritus
2765 4425 2980 4469 sauctus
3006 4414 3056 4468 id
3082 4430 3144 4468 ex
3174 4413 3389 4484 Virgine
3418 4424 3669 4483 operatus

2082 4511 2161 4555 est
2187 4503 2211 4555 ἲ
2240 4503 2294 4556 Si
2332 4503 2471 4557 enim
2501 4514 2685 4559 natura
2715 4518 2969 4576 operante
2996 4523 3153 4563 nemo
3186 4516 3357 4577 potest
3387 4509 3654 4563 formatio-

2085 4593 2167 4646 nis
2206 4592 2419 4647 modum
2464 4594 2731 4663 explicare
2755 4638 2771 4658 ,
2803 4600 3071 4667 quomodo
3101 4600 3299 4669 Spiritu
3351 4601 3664 4654 mirabiliter

2082 4695 2271 4754 agente
2295 4727 2310 4752 ,
2358 4687 2648 4755 poterimus
2692 4688 2804 4742 haec
2848 4691 3180 4759 explanare?
3214 4692 3288 4747 Ne
3318 4694 3457 4748 enim
3502 4710 3661 4748 evan-

2082 4779 2325 4847 gelistam
2354 4792 2576 4832 vexares
2605 4787 2658 4833 ct
2684 4779 3001 4847 importunis
3029 4785 3413 4852 quaestionibus
3434 4785 3662 4850 exagi'a-

2082 4886 2188 4933 res,
2217 4870 2329 4936 ipse
2347 4869 2623 4923 enuntiato
2646 4871 2883 4925 miraculi
2915 4883 3134 4929 auctore
3160 4892 3279 4930 sese
3312 4877 3391 4929 his
3418 4876 3662 4931 omnibus

2083 4962 2342 5015 liberavit.
2380 4960 2516 5017 Nihil
2565 4962 2697 5015 ultra
2729 4962 2860 5029 scio,
2895 4964 3092 5034 inquit,
3128 4967 3227 5019 nisi
3261 4968 3362 5022 hoc
3397 4983 3425 5021 a
3456 4968 3656 5037 Spiritu

2082 5051 2275 5105 factum
2308 5067 2453 5107 esse.
2491 5052 2820 5107 Erubescaut
2850 5054 2882 5107 ii
2928 5057 3016 5123 qui
3049 5072 3333 5127 supernam
3362 5059 3659 5127 generatio-

2080 5160 2201 5197 nem
2233 5145 2499 5198 curiosius
2524 5145 2824 5214 explorant.
2852 5146 2904 5201 Si
2935 5148 3076 5201 enim
3113 5149 3247 5202 hanc
3273 5166 3392 5217 qua:
3418 5151 3657 5203 innume-

2079 5235 2152 5288 ris
2172 5236 2394 5291 testibus
2419 5236 2739 5297 celebratur,
2766 5247 2819 5291 et
2840 5248 2963 5292 ante
2987 5248 3063 5293 tot
3092 5240 3284 5295 szrcula
3314 5242 3657 5310 praenuntiata

2079 5326 2250 5381 fuerat
2278 5342 2396 5396 quac.
2422 5336 2475 5381 et
2494 5328 2663 5383 oculis
2690 5339 2743 5381 et
2770 5330 2934 5382 tactui
2987 5333 3167 5399 pervia
3208 5330 3325 5397 fuit,
3376 5347 3533 5386 nemo
3561 5346 3656 5402 po-

2079 5429 2182 5474 test
2205 5420 2474 5489 explicare
2505 5438 2518 5473 :
2553 5422 2605 5474 in
2657 5437 2816 5490 quem
2849 5440 2952 5475 uou
2999 5424 3216 5478 insanire
3257 5426 3523 5479 cumulum
3563 5425 3656 5478 dc-

2078 5512 2297 5567 vcniunt
2328 5511 2385 5577 ii,
2426 5512 2518 5580 qui
2562 5528 2811 5567 arcanam
2857 5514 2997 5567 illam
3047 5530 3257 5568 curtose
3282 5526 3579 5569 scrutantur
3606 5524 3657 5568 ct

2076 5605 2406 5675 explorant?
2451 5605 2636 5675 Neque
2681 5607 2823 5662 enim
2872 5606 3122 5675 Gabriel,
3169 5622 3342 5677 neque
3380 5609 3654 5665 Matthqu
