4058 6208
395 257 456 318 Δί
1525 258 1591 314 IN
1630 254 2044 313 ΜΛΤΤῙΙᾹΞΠΜ
2109 253 2331 311 ΠΟΜΙΙι.
2378 254 2465 312 ιν.

406 385 632 455 δρόμου,
662 385 756 440 καὶ
782 385 939 440 πάλιν
969 385 1308 459 ἀνεχαίτισεν
1348 391 1429 453 είς
1459 389 1530 444 τά
1549 389 1744 445 ὀπίσω.
1775 389 1904 444 Ἰδοι
1926 388 1974 444 δ’

408 479 474 533 ἀν
509 494 594 540 τις
618 477 774 531 τοῦτο
806 478 847 511 ⁷⁷
885 479 975 535 καὶ
994 480 1080 548 ἐφ’
1113 479 1270 550 ήμῶν
1301 481 1685 552 γεγενημένον.
1723 481 1832 534 Καὶ
1865 479 1975 550 γάρ

403 569 498 622 καὶ
529 569 586 620 ἐν
615 570 678 636 τῇ
705 569 865 638 γενεᾷ
886 572 950 638 τῇ
982 570 1244 639 ἡμετέρᾳ,
1279 569 1371 621 ἐπὶ
1398 568 1490 621 τοῦ
1517 568 1724 630 πάντας
1749 565 1974 635 ἀσεϐείᾳ

400 659 718 728 νικήσαντος
766 659 1072 722 Ἰουλιανοῦ,
1108 659 1279 712 πολλά
1314 659 1407 712 καὶ
1440 657 1718 729 παράδοξα
1751 655 1970 723 συνέϐη.

398 749 508 800 Kal
561 748 671 820 γάρ
725 751 834 802 τῶν
882 750 1146 804 Ἰουδαίων
1187 751 1279 804 τὸν
1319 752 1375 804 ἐν
1411 749 1800 820 Ἰεροσολύμοις
1843 748 1971 802 ναὸν

394 843 700 912 ἀναστῆσαι
734 843 1174 915 ἐπιχειρούντων,
1213 842 1324 915 πῦρ
1360 843 1468 897 τῶν
1505 842 1768 914 θεμελίων
1795 844 1970 912 ἐκπη-

390 933 560 1003 δῆσαν
589 934 636 966 ⁷⁸
660 934 904 998 ἅπαντας
920 933 1234 990 διεκώλυσε·
1261 936 1355 989 καὶ
1375 935 1463 988 ὅτε
1493 935 1585 988 ἐπὶ
1613 934 1682 988 τά
1710 933 1876 1004 σκεύη
1901 932 1970 986 τά

393 1025 513 1095 ίερὰ
542 1025 640 1096 τὴν
673 1026 839 1081 αὑτοῦ
877 1026 1159 1098 παροινίαν
1184 1030 1232 1067 τ’
1262 1027 1570 1094 ἐπεδείξατο
1597 1027 1625 1080 ὃ
1651 1043 1712 1079 τε
1741 1026 1964 1093 ταμίας,

391 1118 418 1171 6
437 1135 492 1169 τε
519 1117 660 1181 θεῖος
683 1119 776 1172 καὶ
798 1119 1085 1190 ὁμώνυμος
1106 1119 1334 1183 ἐκείνου,
1355 1120 1384 1171 6
1405 1119 1504 1188 μὲν
1526 1118 1967 1190 σκοληκόϐρωτος

392 1207 675 1275 γενόμενος
703 1208 976 1277 ἐξέψυξεν,
1001 1212 1031 1263 6
1053 1209 1110 1262 δὲ
1135 1209 1352 1264 ἐλάκισε
1379 1210 1424 1241 ⁸⁸
1455 1210 1635 1279 μέσος·
1662 1211 1756 1264 καὶ
1777 1209 1840 1262 τὸ
1866 1209 1966 1273 τὰς

392 1297 570 1366 πηγὰς
610 1297 666 1350 δὲ
708 1298 1000 1363 ἐπιλιπεῖν,
1046 1299 1248 1352 θυσιῶν
1281 1301 1398 1352 ἐκεῖ
1429 1300 1756 1369 γενομένων,
1792 1300 1884 1352 κα)⁸
1917 1300 1961 1332 ⁸⁸
1985 1330 1996 1340 ο

391 1391 503 1459 μετ’
533 1390 694 1443 αὑτοῦ
741 1391 834 1444 τοῦ
885 1392 1146 1462 βασιλέως
1195 1393 1284 1447 τὸν
1335 1392 1491 1465 λιμὸν
1528 1394 1608 1458 είς
1645 1392 1744 1456 τὰς
1780 1394 1963 1458 πόλεις

389 1483 766 1550 συνεμπεσεῖν,
793 1485 1018 1552 σημεῖον
1055 1483 1308 1553 μέγιστον
1339 1479 1428 1556 ἦν.
1785 1545 1788 1548 ,

451 1569 517 1640 β’.
548 1572 704 1635 Ἔθος
730 1571 839 1640 γὰρ
859 1573 1084 1626 τοιαῦτα
1115 1578 1288 1627 ποιεῖν
1314 1575 1393 1645 τῷ
1430 1573 1566 1646 Θεῷ·
1599 1576 1728 1630 ὅταν
1748 1577 1955 1649 αὐξηθῇ

381 1659 446 1714 τὰ
470 1661 636 1723 κακὰ,
654 1663 890 1726 καὶτοὺς
921 1663 1020 1734 μὲν
1038 1663 1201 1718 αὑτοῦ
1231 1667 1601 1736 κακουμένους
1625 1667 1730 1740 ἴδῃ.
1747 1671 1870 1732 τοὺς
1899 1669 1956 1722 δὲ

379 1751 406 1804 ἐ
422 1751 657 1816 ιαντίους
679 1753 882 1825 σφόδρα
989 1757 1111 1808 κατ’
1133 1755 1312 1808 αὐτῶν
1337 1758 1608 1828 τυραννίδι
1633 1758 1952 1829 μεθύοντας,

373 1843 501 1895 τΰτε
530 1844 628 1912 τὴν
660 1845 866 1897 οἰκείαν
904 1844 1303 1900 ἐπιδείκνυσθαι
1332 1848 1666 1905 δυναστείαν·
1699 1851 1731 1904 6
1763 1853 1857 1905 καὶ
1895 1854 1952 1906 ἐν

380 1930 598 2000 Περσίδι
628 1931 924 2003 πεποίηκεν
969 1933 1062 1987 ἐπὶ
1089 1933 1199 1988 τῶν
1235 1935 1522 1993 Ἰουδαίων.
1559 1939 1680 1991 ’Ότι
1719 1939 1816 2009 μὲν
1857 1935 1951 1993 οὖν

374 2023 470 2088 οὔχ
495 2021 679 2087 ἁπλῶς
706 2025 827 2078 οὐδέ
847 2025 922 2089 ὼς
951 2024 1108 2096 ἔτυχε
1129 2025 1316 2088 ποιῶν,
1335 2029 1415 2092 είς
1435 2031 1584 2101 τρεῖς
1609 2031 1805 2102 μοίρας
1825 2033 1950 2096 τοὺς

382 2112 672 2183 προγόνους
699 2113 932 2186 διένειμε
961 2115 1054 2170 τοῦ
1088 2117 1347 2187 Χριστοῦ,
1373 2118 1527 2192 δῆλον
1564 2121 1628 2174 ἐκ
1653 2121 1760 2176 τῶν
1797 2123 1949 2194 είρη-

378 2201 575 2270 μένων.
603 2203 800 2258 Σκόπει
831 2202 887 2259 δὲ
913 2208 1006 2260 καὶ
1029 2207 1191 2262 πόθεν
1214 2211 1459 2282 ἄρχεται,
1495 2215 1590 2269 καὶ
1619 2219 1719 2270 ποῦ
1759 2215 1943 2270 τελευ-

378 2293 464 2362 τᾷ·
500 2292 632 2346 Ἀπὸ
658 2292 753 2348 τοῦ
793 2294 1039 2369 Ἀϐραάμ
1068 2299 1148 2363 είς
1179 2301 1272 2354 τὸν
1302 2303 1485 2357 Δαυῖδ·
1518 2305 1627 2358 ἀπὸ
1651 2304 1744 2360 τοῦ
1779 2306 1943 2361 Δαυῖδ

377 2383 456 2446 είς
493 2383 592 2454 τὴν
621 2386 962 2454 μετοικεσίαν
997 2387 1332 2468 Βαϐυλῶνος·
1371 2393 1478 2447 ἀπὸ
1501 2396 1703 2468 ταύτης
1735 2398 1815 2460 είς
1847 2398 1944 2451 αὺ-

376 2473 466 2525 τὸν
496 2471 589 2526 τὸν
616 2475 868 2545 Χριστόν.
895 2478 1004 2533 Καὶ
1029 2477 1138 2552 γάρ
1160 2467 1253 2536 καὶ
1279 2485 1576 2556 ἀρχόμενος
1597 2487 1723 2552 τοὺς
1746 2488 1839 2542 δύο
1863 2488 1944 2542 τέ·

376 2564 556 2619 θεικεν
599 2567 814 2638 ἐφεξῆς,
854 2570 944 2624 τόν
986 2589 1047 2624 τε
1087 2571 1250 2628 Δαυῖδ
1290 2578 1384 2630 καὶ
1419 2577 1512 2632 τὸν
1537 2577 1810 2651 Ἀϐραὰμ,
1846 2580 1942 2633 καὶ

374 2654 772 2724 ἀνακεφαλαιού
781 2674 938 2727 μενος
960 2661 1282 2735 ἀμφοτέρων
1300 2665 1699 2736 ἐμνημόνευσεν
1718 2666 1939 2736 ὁμοίως.

374 2745 486 2798 Καὶ
532 2747 658 2817 γάρ,
691 2748 825 2820 ὅπερ
863 2750 1033 2823 ἔφθην
1076 2753 1264 2822 εἰπὼν,
1308 2757 1444 2828 πρὸς
1479 2759 1674 2823 αὐτοὺς
1709 2753 1848 2830 ἦσαν
1885 2759 1941 2813 αί

370 2835 698 2905 ἐπαγγελίαι
730 2842 1113 2911 γεγενημέναι.
1147 2844 1211 2898 Τί
1242 2846 1438 2917 δήποτε
1477 2847 1554 2914 δὲ,
1591 2847 1779 2921 ὥσπερ
1826 2847 1938 2922 [48]

369 2923 472 2995 τῆς
514 2927 852 2994 μετοικεσίας
892 2929 1209 2998 Βαϐυλῶνος
1252 2934 1518 3007 ἐμνήσθη,
1562 2933 1661 2989 οὒκ
1696 2937 1941 3008 ἐμνήσθη

370 3015 468 3070 καὶ
491 3017 590 3086 τῆς
618 3016 840 3073 καθόδου
865 3020 964 3091 τῆς
991 3023 1069 3086 είς
1090 3024 1359 3092 Αἴγυπτον
1429 3026 1550 3080 ’Ότι
1575 3026 1815 3090 ἐκείνους
1842 3027 1941 3098 μὲν

369 3106 556 3160 οὐκέτι
585 3107 939 3174 ἐδεδοίκεσαν,
987 3112 1207 3177 τούτους
1251 3111 1308 3168 δὲ
1351 3114 1580 3186 ἔτρεμον
1613 3115 1713 3169 ἐτι·
1754 3117 1846 3170 καὶ
1879 3116 1942 3169 τὸ

373 3197 476 3266 μέν
500 3198 723 3268 ἀρχαῖον
745 3194 836 3270 ἦν,
872 3199 935 3253 τὺ
968 3199 1025 3254 δέ
1053 3203 1244 3274 νεαρὸν
1282 3205 1375 3257 καὶ
1399 3205 1525 3276 ἄρτι
1554 3206 1938 3278 γεγενημένον·

370 3289 536 3340 κάκεῖ
560 3289 658 3359 μέν
683 3289 741 3343 οὐ
765 3290 834 3344 δι’
857 3292 1226 3365 ἁμαρτήματα
1252 3287 1676 3367 κατηνέχθησαν,
1706 3293 1940 3351 ἐνταῦθα

369 3375 428 3429 δέ
473 3376 562 3430 διὰ
603 3379 946 3452 παρανομίας
983 3383 1386 3456 ἀπηνέχθησαν.
1414 3386 1478 3439 Et
1509 3384 1566 3438 δέ
1593 3404 1675 3450 τις
1708 3385 1803 3442 καὶ
1831 3387 1941 3441 τῶν

369 3467 652 3538 ὀνομάτων
705 3470 886 3524 αὐτῶν
945 3472 1044 3536 τὰς
1094 3473 1386 3546 ἑρμηνείας
1445 3476 1764 3547 μεταϐαλεῖν
1820 3478 1943 3532 ἐπι-

370 3562 668 3631 χειρήσειε,
696 3563 896 3635 πολλὴν
923 3565 1144 3637 εὑρήσει
1176 3567 1270 3620 καὶ
1298 3566 1548 3622 ἐντεῦθεν
1584 3568 1683 3640 τὴν
1714 3567 1944 3641 θεωρίαν

369 3650 559 3716 οὖσαν,
610 3655 704 3709 καὶ
755 3654 968 3728 μεγάλα
1014 3659 1150 3730 πρὸς
1192 3660 1290 3731 τὴν
1331 3659 1534 3731 Καινήν
1589 3659 1944 3716 συντελοῦσαν

370 3743 669 3815 Διαθήκην·
701 3738 832 3811 οἷον,
869 3745 978 3799 ἀπὸ
1013 3746 1108 3800 τοῦ
1145 3747 1416 3818 Ἀϐραὰμ,
1449 3748 1558 3803 ἀπὸ
1592 3749 1686 3803 τοῦ
1727 3747 1941 3815 Ἰακὼϐ,

371 3833 482 3887 ἀπὺ
531 3832 627 3887 τοῦ
680 3835 1012 3906 Σολομῶνος,
1062 3837 1172 3893 ἀπὸ
1223 3839 1318 3892 τοῦ
1360 3841 1685 3912 Ζοροϐάϐελ·
1730 3845 1788 3897 οὐ
1834 3845 1943 3916 γὰρ

369 3921 560 3986 ἀπλῶς
582 3921 752 3978 ταῦτα
781 3924 960 3990 αὐτοῖς
992 3926 1270 3980 ἐπετίθετο
1301 3928 1368 3981 τά
1393 3929 1649 4000 ὀνόματα.
1691 3932 1830 3986 Ἀλλ’
1856 3933 1943 3988 ἵνα

372 4014 448 4084 μή
489 4011 730 4084 δόξωμεν
775 4013 908 4068 πολὺ
945 4015 1120 4086 μῆκος
1157 4016 1434 4080 ποιοῦντες
1481 4019 1739 4090 ἐνοχλεῖν,
1770 4020 1943 4075 ταῦτα

368 4103 642 4173 παρέντες
677 4105 770 4159 ἐπὶ
807 4106 876 4158 τά
911 4106 1303 4174 κατεπείγοντα
1339 4106 1527 4178 ίωμεν.
1559 4109 1742 4163 Εἰπὼν
1767 4111 1942 4166 τοίνυν

367 4201 498 4260 τοὺς
548 4197 842 4268 προγόνους
882 4196 1146 4260 ἅπαντας,
1204 4198 1295 4250 καὶ
1351 4198 1677 4270 τελευτήσας
1726 4201 1805 4264 είς
1852 4200 1944 4256 τὸν

380 4285 604 4358 Ἰωσὴφ,
643 4288 743 4341 οὐκ
771 4287 898 4359 ἐστη
947 4288 1108 4360 μέχρι
1149 4289 1361 4353 τούτου,
1404 4288 1540 4343 ἀλλὰ
1584 4289 1940 4361 προσέθηκεν·

380 4377 598 4447 Ἰωσὴφ
631 4377 736 4431 τὸν
757 4378 945 4448 ἄνδρα
977 4381 1226 4449 Μαρίας·
1259 4381 1469 4444 δεικνὺς
1508 4382 1590 4435 ὅτι
1623 4381 1692 4436 δι’
1729 4383 1942 4455 ἐκείνην

366 4469 462 4520 καὶ
519 4465 709 4520 τοῦτον
763 4467 1203 4540 ἐγενεαλόγησεν.
1261 4465 1393 4524 Εἶτα
1434 4472 1525 4525 ἵνα
1579 4473 1654 4544 μὴ
1707 4473 1944 4539 ἀκούσας

369 4559 591 4629 Ἄνδρα
616 4561 863 4628 Μαρίας,
895 4560 972 4632 τῷ
994 4561 1155 4633 κοινῷ
1189 4563 1416 4638 νομίσῃς
1439 4564 1689 4636 τετέχθαι
1716 4565 1816 4636 τῆς
1841 4565 1942 4637 φύς

366 4668 509 4714 σεως
556 4651 724 4723 νόμῳ,
785 4653 976 4706 σκόπει
1031 4653 1149 4717 πῶς
1205 4655 1338 4708 αὐτὸ
1373 4655 1676 4727 διορθοῦται
1717 4659 1784 4728 τῇ
1842 4658 1940 4711 ἐπ-

362 4743 576 4814 αγωγῇ.
614 4745 910 4807 Ἤκουσας,
959 4746 1143 4816 φησὶν,
1196 4745 1382 4818 ἄνδρα,
1427 4748 1662 4822 ἤκουσας
1707 4749 1938 4821 μητέρα,

309 4835 312 4838 ’
363 4833 609 4904 ἤκουσας
653 4835 818 4906 δνομα
861 4836 938 4907 τῷ
975 4836 1173 4910 παιδίῳ
1215 4839 1390 4893 τεθέν·
1428 4840 1624 4894 οὐκοῦν
1652 4839 1815 4895 ἄκουε
1849 4841 1944 4894 καὶ

361 4925 457 4976 τδν
483 4926 682 4996 τρόπον
710 4925 808 4998 τῆς
838 4928 1162 4999 γεννήσεως.
1202 4929 1314 4984 Τοῦ
1345 4927 1415 4982 δὲ
1451 4929 1656 4996 Ἰησοῦ
1682 4931 1941 4997 Χριστοῦ

363 5015 402 5080 ἡ
448 5014 736 5083 γέννησις
764 5015 950 5082 οὕτως
983 5013 1080 5086 ἦν.
1117 5017 1282 5070 Ποίαν
1315 5035 1405 5087 μοι
1435 5017 1687 5089 γέννησιν
1726 5018 1938 5086 λέγειςὶ

364 5105 490 5157 εἰπέ
522 5121 634 5176 μοι·
664 5103 904 5174 καίτοιγε
940 5108 1066 5169 τοὺς
1097 5107 1393 5177 προγόνους
1412 5103 1592 5170 εἶπας.
1633 5107 1790 5162 Ἀλλά
1813 5107 1938 5177 βού-

345 5195 534 5266 λομαι
582 5199 676 5250 καὶ
723 5198 813 5250 τὸν
855 5198 1048 5267 τρόπον
1079 5197 1176 5269 τῆς
1218 5200 1520 5272 γεννήσεως
1561 5201 1755 5255 εἰπεῖν.
1786 5197 1938 5265 Εἶδες

363 5288 486 5350 πῶς
530 5285 844 5360 διανέστησε
881 5289 971 5342 τὸν
1012 5289 1317 5360 ἀκροατήνς
1364 5291 1450 5355 Ὠς
1480 5290 1587 5360 γὰρ
1633 5290 1839 5360 μέλλων
1887 5307 1940 5344 τι

361 5379 684 5450 καινότερον
721 5383 883 5452 ἐρεῖν,
930 5385 1314 5453 ἐπαγγέλλεται
1352 5388 1445 5440 καὶ
1487 5388 1578 5442 τόν
1606 5389 1803 5458 τρόπον
1845 5389 1934 5444 λέ·-

358 5481 500 5530 γειν.
525 5473 639 5524 Καὶ
665 5474 853 5527 σκόπει
881 5476 987 5528 τῶν
1012 5479 1318 5545 είρημένων
1336 5479 1655 5535 ἀκολουθίαν
1681 5483 1930 5552 ἀρίστην.

402 5645 452 5676 ’⁷
483 5642 686 5716 τρῦτο]
732 5644 870 5716 ΑιίιΙ.
906 5646 1075 5716 πάλιν
1103 5643 1235 5700 Ειίιί.

1371 5646 1413 5677 ⁷⁸
1446 5647 1559 5720 (1οᾴ
1569 5647 1679 5720 ἱςρε
1690 5648 2084 5720 _&vq1:1]6ﬁaav.

3569 263 3643 320 ιω

2061 379 2192 433 υύδέ
2228 381 2338 452 γὰρ
2369 381 2571 440 εὐθέως
2609 383 2700 434 ἐπὶ
2731 383 2829 453 τὴν
2867 383 3118 453 γέννησιν
3148 379 3330 455 ἦλθεν,
3361 384 3473 438 ἀλλ’
3501 385 3632 438 ἀνα-

2059 473 2364 544 μιμνήσκει
2384 474 2594 541 πρῶτον
2617 476 2783 544 ἡμᾶς,
2804 477 2997 538 πόστος
3019 471 3085 547 ἧν
3107 475 3214 528 ἀπὸ
3234 474 3326 527 τοῦ
3354 475 3626 544 Ἀϐραὰμ,

2059 563 2256 628 πόστος
2285 565 2393 618 ἀπὸ
2422 565 2516 617 τοῦ
2544 566 2726 630 Δαυῖδ,
2757 567 2863 619 ἀπὸ
2883 567 2928 598 ⁸³
2956 568 3053 637 τῆς
3084 564 3424 636 μετοικεσίας
3448 563 3628 616 Βαϐυ-

2057 653 2247 720 λῶνος,
2308 654 2400 708 καὶ
2463 656 2552 708 τὺν
2609 657 2806 727 ἀκριϐῆ
2852 656 2939 711 διὰ
2977 655 3178 709 τούτων
3229 652 3500 724 ἀκροατὴν
3547 653 3629 712 είς

2057 745 2299 808 ἐξέτασιν
2329 743 2584 814 ἐμϐάλλει
2612 747 2719 797 τῶν
2746 747 2970 818 χρόνων,
2999 744 3113 818 [69]
3137 745 3346 808 δεικνὺς
3373 745 3452 797 ὅτι
3472 738 3625 804 οὗτός

2057 836 2202 889 ἐστιν
2235 836 2439 897 ἐκεῖνος
2475 837 2504 888 ὁ
2533 835 2767 906 Χριστὸς
2791 837 2819 888 6
2858 835 2946 888 διὰ
2977 835 3083 889 τῶν
3125 833 3422 907 Προφητῶν
3456 849 3628 901 κηρυ-

2056 923 2221 994 χθείς.
2259 923 2425 976 Ὅταν
2448 923 2554 993 γάρ
2583 923 2892 996 ἀριθμήσῃς
2927 925 3026 988 τὰς
3064 925 3275 993 γενεὰς,
3325 923 3416 977 καὶ
3449 922 3628 996 μάθῃς

2055 1013 2162 1068 ἀπὸ
2207 1013 2302 1066 τοῦ
2357 1016 2570 1084 χρόνου,
2618 1017 2700 1068 ὅτι
2739 1010 2892 1078 οὗτος
2937 1017 3141 1079 ἐκεῖνός
3181 1019 3346 1078 ἐστιν,
3391 1015 3628 1075 εὐκόλως

2053 1103 2180 1177 δέξῃ
2235 1105 2327 1158 καὶ
2379 1104 2440 1157 τὸ
2473 1104 2654 1174 θαῦμα
2702 1106 2763 1159 τὸ
2801 1107 2929 1177 περὶ
2968 1107 3067 1176 τήν
3105 1106 3352 1176 γέννησιν
3392 1105 3626 1175 συμϐάν.

2068 1192 2284 1263 Ἐπειδὴ
2332 1192 2440 1262 γάρ
2499 1192 2691 1262 ἔμελλε
2741 1192 2884 1263 μέγα
2943 1210 2995 1244 τι
3042 1191 3390 1260 φθέγγεσθαι,
3437 1193 3518 1243 ὅτι
3563 1189 3628 1241 ἐκ

2055 1282 2332 1353 Παρθένου
2370 1283 2585 1353 ἐτέχθη,
2614 1283 2740 1355 πρὶν
2772 1283 2805 1354 ἢ
2843 1283 2944 1352 μὲν
2968 1281 3266 1353 ἀριθμῆσαι
3292 1280 3387 1332 τὸν
3414 1279 3627 1350 χρόνον,

2059 1376 2339 1439 συσκιάζει
2353 1375 2413 1428 τὸ
2428 1377 2546 1447 είρη
2555 1376 2730 1446 μένον,
2740 1375 2954 1442 Ἄνδρα
2968 1375 3211 1441 Μαρίας,
3225 1390 3247 1424 ε
3257 1369 3409 1435 ίπὼν,
3431 1371 3628 1441 μᾶλλον

2054 1466 2114 1518 δέ
2143 1466 2238 1518 καὶ
2270 1466 2550 1535 συντέμνει
2576 1465 2673 1536 τὴν
2705 1467 2751 1498 ⁸³
2781 1467 3030 1536 διήγησιν
3058 1465 3223 1533 αὐτῆς
3248 1463 3294 1494 ⁸³
3314 1463 3411 1532 τῆς
3434 1461 3627 1531 γεννή-

2057 1570 2214 1618 σεως·
2249 1555 2473 1625 ἀριθμεῖ
2508 1556 2564 1608 δὲ
2593 1557 2685 1609 καὶ
2726 1556 2796 1608 τὰ
2831 1555 2924 1625 ἐτη
2957 1555 3161 1618 λοιπὸν,
3199 1554 3628 1623 ἀναμιμνήσκων

2052 1643 2144 1698 τὸν
2170 1644 2462 1716 ἀκροατὴν,
2489 1644 2568 1697 ὅτι
2595 1641 2748 1708 οὗτος
2774 1645 2977 1708 ἐκεῖνός
3014 1647 3180 1708 ἐστιν,
3214 1645 3270 1697 ὃν
3299 1644 3326 1695 6
3360 1643 3626 1714 πατριάρ-

2053 1748 2156 1804 χης
2201 1732 2415 1796 Ἰακὼϐ,
2468 1733 2828 1786 ἐπιλιπόντων
2858 1734 2903 1766 ⁸⁵
2937 1732 3120 1786 λοιπὸν
3163 1731 3272 1784 τῶν
3328 1729 3628 1785 Ἰουδαϊκῶν

2057 1823 2354 1894 ἀρχόντων,
2380 1823 2714 1894 παρέσεσθαι
2737 1824 2955 1894 ἔφησεν·
2979 1825 3037 1877 ὃν
3059 1825 3087 1877 6
3112 1824 3392 1894 προφήτης
3429 1821 3630 1892 Δανιὴλ

2053 1914 2193 1984 μετά
2223 1913 2320 1976 τὰς
2350 1912 2651 1984 ἑϐδομάδας
2683 1914 2780 1976 τὰς
2825 1912 3026 1976 πολλὰς
3058 1912 3270 1975 ἐκείνας
3311 1909 3462 1980 ἥξειν
3496 1927 3626 1980 προ-

2048 2003 2381 2074 ανεφὼνησε.
2442 2005 2562 2076 Κᾶν
2595 2003 2827 2079 ἐθελήσῃ
2877 2023 2960 2068 τις
3006 2005 3075 2059 τὰ
3117 2005 3210 2074 ἐτη
3243 2003 3412 2056 ταῦτα
3455 2001 3522 2055 τά
3569 2003 3626 2054 ἐν

2049 2093 2356 2164 ἑϐδομάδων
2395 2093 2612 2165 ἀριθμῷ
2659 2096 2811 2166 παρὰ
2850 2094 2944 2148 τοῦ
2980 2093 3212 2164 ἀγγέλου
3255 2093 3518 2165 είρημένα
3551 2092 3624 2162 τῷ

2047 2182 2245 2254 Δανιὴλ
2293 2183 2402 2237 ἀπὸ
2445 2184 2493 2215 ⁸⁸
2532 2183 2634 2254 τῆς
2676 2185 2963 2255 οἰκοδομῆς
2998 2185 3097 2256 τῆς
3134 2183 3339 2248 πόλεως
3376 2182 3624 2256 ἀριθμῶν

2046 2275 2349 2346 καταϐῆναι
2406 2275 2485 2339 είς
2542 2277 2642 2347 τήν
2697 2277 2862 2331 αὑτοῦ
2911 2277 3184 2348 γέννησιν,
3225 2277 3412 2346 ὄψεται
3453 2275 3627 2330 ταῦτα

2045 2364 2276 2427 ἐκείνοις
2327 2367 2738 2436 συμφωνοῦντα.
2799 2368 2924 2434 Πῶς
2971 2363 3065 2421 οὖν
3113 2367 3405 2437 ἐγεννήθη,
3463 2366 3622 2434 είπέ;

2045 2458 2542 2526 Μνηστευθείσης
2581 2457 2693 2527 τῆς
2733 2460 2958 2529 μητρός
2998 2461 3184 2515 αὑτοῦ
3227 2459 3476 2527 Μαρίας.
3513 2458 3626 2512 Ούκ

2047 2545 2189 2611 εἷπε,
2215 2549 2514 2620 Παρθένου,
2541 2549 2655 2604 ἀλλ’
2679 2551 2888 2614 ἁπλῶς,
2923 2553 3177 2622 Μητρὸς,
3207 2550 3348 2604 ὥστε
3381 2550 3627 2620 εὐπαρά-

2045 2640 2231 2694 δεκτον
2253 2641 2508 2709 γενέσθαι
2535 2642 2626 2697 τὸν
2655 2643 2832 2712 λόγον.
2862 2644 2953 2698 Διὸ
2982 2645 3244 2715 πρότερον
3270 2643 3618 2715 παρασκευάς

2053 2748 2149 2794 σας
2204 2731 2507 2802 προσδοκᾷν
2560 2732 2652 2786 τὸν
2704 2733 2980 2804 ἀκροατὴν
3030 2732 3361 2786 ἀκούσεσθαί
3408 2747 3461 2784 τι
3516 2732 3626 2786 τῶν

2050 2821 2314 2893 συνήθων,
2350 2822 2445 2875 καὶ
2479 2823 2763 2894 κατασχὼν
2796 2823 2970 2895 τούτῳ
2997 2824 3067 2887 ⁸⁷,
3095 2824 3215 2877 τότε
3239 2821 3530 2893 ἐκπλήττει
3554 2825 3620 2892 τῇ

2045 2911 2138 2965 τοῦ
2201 2911 2500 2982 παραδόξου
2569 2913 2892 2984 πράγματος
2938 2915 3220 2983 ἐπαγωγῇ,
3281 2912 3484 2980 λέγων,
3541 2911 3623 2967 ὃτι

2043 2999 2190 3069 Πρὶν
2249 3000 2289 3068 ἢ
2343 3001 2663 3056 συνελθεῖν
2711 3002 2953 3070 αὐτοὺς,
3018 3001 3229 3072 εὑρέθη
3286 3003 3358 3056 ἐν
3409 3001 3622 3070 γαστρί

2045 3091 2276 3160 ἔχουσα
2294 3091 2362 3144 ἐκ
2382 3094 2726 3162 Πνεύματος
2739 3093 2931 3164 ἁγίου.
2951 3095 3066 3148 Ούκ
3085 3089 3226 3148 εἷπε·
3253 3095 3387 3161 Πρὶν
3403 3093 3436 3164 ἢ
3454 3092 3622 3162 ἀχθῆ-

2049 3197 2136 3235 ναι
2169 3181 2340 3253 αύτὴν
2365 3183 2445 3246 είς
2468 3183 2564 3255 τὴν
2596 3185 2769 3240 οἰκίαν
2800 3181 2894 3239 τοῦ
2927 3185 3184 3256 νυμφίου·
3208 3185 3306 3237 καὶ
3339 3185 3447 3255 γὰρ
3473 3183 3623 3237 ἔνδον

2046 3266 2136 3344 ἦν.
2179 3273 2339 3338 Ἔθος
2366 3275 2476 3346 γὰρ
2510 3276 2622 3340 τοῖς
2669 3276 2914 3342 παλαιοῖς
2961 3277 3038 3340 ὡς
3076 3275 3145 3330 τά
3171 3275 3343 3329 πολλά
3380 3273 3439 3329 ἐν
3471 3273 3622 3346 οίκίᾳ

2043 3363 2143 3426 τὰς
2169 3362 2652 3434 μεμνηστευμένας
2673 3364 2838 3434 ἔχειν,
2863 3365 2996 3418 ὅπου
3025 3381 3089 3432 γε
3117 3365 3210 3417 καὶ
3234 3364 3328 3418 νῦν
3355 3364 3512 3419 τοῦτο
3536 3380 3621 3433 γι-

2047 3455 2268 3524 νόμενον
2300 3453 2400 3506 ἴδοι
2435 3470 2518 3516 τις
2538 3453 2624 3507 ἄν·
2651 3456 2744 3508 καὶ
2763 3456 2812 3508 οί
2845 3455 3086 3527 γαμϐροὶ
3114 3457 3169 3510 δὲ
3197 3457 3293 3510 τοῦ
3321 3456 3444 3511 Λὼτ
3473 3457 3622 3512 ἔνδον

2046 3539 2186 3614 ἦσαν
2218 3544 2336 3614 μετ’
2366 3543 2551 3600 αὑτοῦ.
2581 3545 2768 3600 Ἕνδον
2797 3541 2890 3601 οὖν
2926 3547 3023 3601 καὶ
3050 3547 3188 3620 αὐτὴ
3219 3549 3358 3620 μετά
3380 3547 3477 3602 τοῦ
3503 3546 3622 3621 [50]

2061 3631 2252 3704 Ἰωσήφ
2283 3628 2370 3704 ἦν.

2113 3730 2183 3792 γ’.
2210 3725 2318 3778 Καὶ
2342 3725 2486 3788 τίνος
2507 3725 2694 3780 ἐνεκεν
2712 3725 2774 3779 o6
2797 3725 2905 3798 πρὸ
2924 3727 3024 3796 τῆς
3039 3727 3334 3800 μνηστείας
3350 3727 3582 3800 ἐκύησεν
3602 3745 3620 3794 ;

2050 3817 2182 3881 Ἵνα,
2204 3817 2343 3889 ὅπερ
2366 3817 2502 3890 ἔφην
2539 3817 2585 3850 ⁸⁸
2606 3818 2666 3883 ἐξ
2693 3819 2887 3891 ἀρχῆς,
2915 3821 3217 3891 συσκιασθῇ
3258 3819 3320 3872 τὸ
3341 3820 3624 3889 γινόμενον

2045 3909 2207 3974 τέως,
2239 3911 2332 3963 καὶ
2371 3909 2458 3963 ἴνα
2504 3912 2682 3964 πᾶσαν
2722 3912 2966 3982 πονηρὰν
3003 3910 3242 3982 διαφύγῃ
3271 3911 3305 3980 ὴ
3345 3908 3623 3979 Παρθένος

2047 3999 2320 4056 ὑπόνοιαν.
2345 4003 2513 4056 Ὅταν
2548 4003 2655 4074 γὰρ
2699 4005 2729 4056 6
2767 4003 3088 4072 ζηλοτυπεῖν
3117 4002 3345 4071 ὀφείλων
3386 4003 3622 4072 μάλιστα

2047 4093 2266 4146 πάντων
2321 4094 2578 4164 φαίνηται
2633 4094 2708 4165 μὴ
2752 4093 2912 4165 μόνον
2941 4095 2988 4126 ⁸⁸
3017 4092 3382 4164 ἐκπομπεύων
3426 4093 3620 4162 αὐτὴν,

2048 4185 2182 4256 μηδέ
2214 4185 2516 4255 ἀτιμάζων,
2549 4185 2686 4240 ἀλλά
2719 4187 2813 4240 καὶ
2839 4185 3128 4257 δεχόμενος
3168 4185 3263 4239 καὶ
3301 4184 3624 4256 θεραπεύων

2047 4276 2186 4347 μετὰ
2203 4277 2301 4346 τὴν
2333 4276 2549 4348 κύησιν,
2580 4276 2802 4348 εὔδηλον
2821 4280 2902 4332 ὅτι
2927 4280 2976 4332 εί
3009 4278 3084 4350 μὴ
3119 4276 3306 4347 σαφῶς
3329 4274 3397 4350 ἦν
3430 4294 3624 4331 πεπει-

2043 4366 2156 4430 κὼς
2195 4367 2406 4433 ἐαυτὸν,
2434 4369 2521 4422 ὅτι
2556 4369 2620 4423 ἐκ
2640 4368 2744 4440 τῆς
2773 4368 2867 4422 τοῦ
2897 4367 3213 4438 Πνεύματος
3244 4369 3522 4440 ἐνεργείας
3559 4369 3624 4422 τὸ

2043 4459 2434 4530 γεγεννημένον
2453 4498 2468 4523 ,
2511 4459 2612 4515 οὐκ
2670 4460 2737 4515 ἂν
2768 4460 2999 4530 κατέσχε
3021 4499 3040 4524 ,
3090 4461 3183 4514 καὶ⁵
3222 4459 3390 4514 τᾶλλ-α
3443 4460 3624 4513 πάντα

2044 4552 2381 4624 ὑπηρέτησε.
2417 4552 2637 4625 Κυρίως
2678 4552 2734 4607 δὲ
2768 4554 2975 4623 σφόδρα
3020 4553 3113 4606 καὶ
3155 4553 3238 4615 τὸ,
3286 4551 3516 4619 Εὐρέθη
3553 4553 3625 4605 ἐν

2046 4643 2254 4713 γαστρί
2289 4641 2540 4712 ἔχουσα,
2573 4643 2834 4697 τέθεικεν·
2867 4645 3004 4712 ὅπερ
3021 4643 3116 4695 ἐπὶ
3141 4642 3250 4695 τῶν
3279 4643 3620 4713 παραδόξων,

2043 4734 2138 4787 καὶ
2178 4733 2308 4806 παρ’
2343 4734 2530 4788 ἐλπίδα
2563 4736 2743 4788 πᾶσαν
2771 4733 3150 4796 ἐκϐαινόντων,
3177 4732 3270 4786 καὶ
3297 4733 3359 4786 οὐ
3392 4733 3622 4803 προσδο·
3665 4755 3675 4818 ί

2045 4822 2305 4892 κωμένων
2330 4822 2585 4890 λέγεσθαι
2619 4822 2796 4878 εἴωθε.
2831 4823 2924 4892 Μὴ
2959 4821 3136 4875 τοίνυν
3168 4821 3483 4894 περαιτέρω
3509 4823 3621 4893 χῶ-

2045 4932 2148 4985 ρει,
2182 4915 2317 4985 μηδὲ
2355 4914 2506 4986 ζήτει
2531 4915 2690 4969 πλέον
2721 4933 2774 4968 τι
2807 4916 2918 4968 τῶν
2951 4915 3273 4987 είρημένων.
3306 4916 3442 4988 μηδέ
3469 4917 3617 4986 λέγε·
3667 4914 3674 4971 ἐ

2045 5006 2152 5058 Καὶ
2171 5005 2287 5069 πῶς
2307 5005 2368 5060 τὸ
2391 5006 2614 5077 Πνεῦμα
2640 5007 2931 5076 εἰργάσατο
2954 5006 3113 5060 τοῦτο
3137 5009 3201 5061 ἐκ
3220 5009 3516 5080 παρθένου;
3550 5011 3618 5064 El

2043 5098 2151 5170 γάρ
2175 5097 2275 5169 τής
2305 5098 2518 5168 φύσεως
2559 5099 2931 5170 ἐργαζομένης
2977 5099 3236 5154 ἀδύνατον
3279 5101 3616 5172 ἑρμηνεῦσαι

2046 5189 2137 5260 τῆς
2163 5189 2500 5254 διαπλάσεως
2527 5189 2618 5244 τὸν
2634 5191 2860 5262 τρόπον,
2890 5191 3008 5254 πῶς
3031 5191 3125 5244 τοῦ
3153 5193 3464 5262 Πνεύματος
3486 5191 3616 5245 θαυ-

2043 5282 2475 5354 ματουργοῦντος
2517 5284 2858 5357 δυνησόμεθα
2897 5284 3067 5338 ταῦτα
3111 5285 3320 5347 είπεῖνς
3348 5283 3465 5338 Ἶνα
3499 5280 3613 5348 γὰο

2045 5372 2118 5442 μὴ
2137 5373 2344 5445 κόπτῃς
2363 5373 2410 5405 ’⁸
2430 5372 2522 5426 τὸν
2537 5374 2946 5446 εὐαγγελιστὴν,
2978 5375 3110 5446 μηδέ
3133 5373 3352 5444 ἐνοχλῇς
3377 5369 3612 5440 συνεχῶς

2043 5464 2213 5517 ταῦτα
2263 5464 2503 5536 ἐρωτῶν,
2544 5465 2712 5519 είπὼν
2755 5466 2847 5520 τὸν
2890 5468 3258 5537 ἐργασάμενον
3299 5464 3360 5516 τὺ
3400 5461 3608 5530 θαῦμα,

2208 5650 2251 5681 ⁷⁵⁵
2279 5649 2581 5720 παράνοιαν
2613 5651 2676 5706 Α.
2719 5649 2779 5705 Β.
2813 5652 2876 5706 Ε.
3009 5649 3055 5720 9ο
3080 5650 3317 5720 ἐλάκῃσε
3337 5649 3402 5703 C.
3433 5648 3496 5705 θ.
3535 5651 3598 5710 Ρ.

332 5714 388 5795 ⁸1
409 5713 532 5795 καί]
563 5716 658 5795 καί
769 5715 928 5795 Eg“:
985 5716 1030 5745 ⁸³
1055 5715 1186 5795 ἀπό]
1219 5717 1411 5795 ποστδς
1442 5718 1652 5795 ὰπὸκυ.
1683 5718 1745 5795 .
1768 5713 1904 5795 ‘Sa-i.
1941 5713 1948 5773 ἐ

2063 5721 2171 5795 ἀπό
2205 5721 2338 5795 Μρικ
2358 5713 2515 5795 Br;n._
2563 5719 2616 5795 ξ’
2639 5720 2760 5795 τήν]
2787 5721 2864 5795 εἰς
2886 5722 2984 5795 τῇν
3006 5719 3158 5795 ϐηί).
3324 5721 3375 5795 "_
3402 5722 3598 5795 a61ﬁ_g]

339 5785 429 5862 stic
462 5786 534 5838 Α.
560 5786 740 5862 θεείοτί
773 5787 978 5862 αὐτοῖς.
1053 5785 1603 5862 ⁸⁵Δέπιλειπόντωνμῐτ.
1675 5789 1887 5862 βξάπό]
1921 5808 1948 5844 τ

2049 5794 2221 5862 ιπόῖΛ.
2250 5793 2289 5843 Β
2316 5861 2322 5862 7
2347 5791 2440 5843 καὶ
2462 5791 2530 5842 τά
2694 5785 2759 5862 1);
2787 5789 2859 5862 ἰδ’.
2925 5791 2972 5822 ⁸⁷
3003 5790 3322 5862 τοιζτῳίὸἱο
3353 5793 3415 5846 Δ.
3439 5794 3497 5848 Β.

428 5865 499 5935 ,ιιι
523 5853 994 5935 ροηξυίκιγιιιέειν.
1025 5857 1182 5935 νξιίεο
1207 5858 1380 5910 τοῦτο.
1459 5857 1502 5890 ⁸⁸
1528 5857 1684 5929 ἔφην]
1718 5853 1888 5931 ἔφθην
1913 5863 1948 5912 εἰ

2049 5880 2080 5914 ,ν
2108 5861 2244 5915 Εοιά,
2306 5861 2352 5892 ⁸³
2383 5862 2458 5931 μὴ
2491 5861 2674 5929 μόνον,
2694 5860 2769 5931 μὴ
2793 5861 2951 5930 μόνον
2976 5866 3050 5932 μή
3078 5853 3213 5918 Ειίίί.
3286 5863 3331 5895 °°
3366 5859 3597 5935 κόπτῃς]

337 5922 518 5986 Vulgo
546 5925 819 5984 σκώπτῃς.
848 5923 973 5979 Vid.
1007 5922 1194 5981 οιίιιόι.

985 5716 1030 5745 ⁸³
1057 5715 1186 5785 ἀπό]
1219 5717 1411 5779 ποστδς
1442 5718 1551 5771 ἀπό
1593 5719 1652 5772 D.
1688 5718 1745 5772 Ρ.
1779 5715 1904 5773 δην.
1941 5715 2033 5774 καὶ
2063 5721 2171 5773 ἀπό
2205 5721 2338 5774 Mor.
