4058 6208
401 295 465 348 ιδ
1529 280 1596 336 IN
1638 272 2055 333 MATTIIIEUM
2099 277 2310 334 llOllll'
2374 280 2460 336 IV.
3555 281 3629 339 46

381 419 527 478 aliud
571 418 840 491 quidpiam
884 414 1065 470 dicere
1091 419 1412 484 potuerunt,
1452 410 1553 464 nisi
1580 406 1722 477 quod
1749 422 1813 460 ex
1844 403 1966 472 Spi-

383 516 491 569 ritu
523 524 677 568 natus
701 512 771 566 sit
796 526 811 573 ;
838 508 1106 579 quomodo
1125 515 1303 560 autem
1333 514 1387 558 et
1412 517 1515 573 qua
1544 503 1747 556 ratione
1761 514 1825 553 ex
1850 499 1965 567 Spi-

385 607 491 661 ritu
518 615 673 658 natus
701 603 792 666 sit,
823 601 999 654 nullus
1024 614 1210 652 eorum
1238 599 1619 665 interpretatus
1642 600 1765 656 est;
1796 604 1972 659 neque

386 699 528 752 enim
556 696 607 751 id
628 695 745 750 ﬁeri
777 702 1001 763 poterat.
1027 692 1208 761 Neque
1232 689 1507 744 arbitreris
1532 696 1585 743 te
1612 694 1783 740 unum
1799 680 1971 737 edidi-

374 788 522 842 cisse
539 800 661 839 cum
677 784 849 845 audis,
874 782 951 837 Ex
969 781 1197 852 Spiritu:
1217 794 1343 834 nam
1359 786 1639 848 postqum
1651 771 1974 830 hoeedidici-

371 858 524 941 'mus,
542 875 705 928 multa
725 872 900 928 adhuc
918 873 1243 941 ignoramus;
1264 868 1493 938 exempli
1508 881 1689 934 causa,
1705 861 1973 935 quomodo

388 986 434 1025 ts
459 968 549 1038 qui
579 968 871 1021 impressus
901 975 1002 1028 est,
1029 964 1082 1018 in
1117 963 1273 1017 vulva
1310 961 1653 1023 continetur;
1705 954 1974 1026 quomodo

390 1061 438 1116 is
471 1060 563 1129 qui
591 1057 771 1112 oumia
819 1055 1093 1119 continet,
1124 1053 1178 1107 in
1223 1062 1374 1105 utero
1409 1050 1648 1105 mulieris
1691 1053 1969 1117 gestator;

387 1149 660 1223 quomodo
689 1148 852 1218 Virgo
881 1146 1091 1217 pariat,
1118 1154 1173 1200 et
1208 1143 1371 1212 Virgo
1404 1149 1635 1197 maneat.
1663 1136 1966 1206 Quomodo,

394 1263 581 1321 quaaso
611 1258 686 1315 te,
709 1245 938 1317 Spiritus
962 1242 1214 1313 templum
1236 1238 1364 1294 illud
1383 1235 1685 1293 ell‘ormavit
1702 1235 1726 1288 ‘l
1745 1247 1971 1303 quomo-

394 1340 466 1395 do
492 1354 599 1395 non
630 1346 793 1393 totam
830 1349 1046 1390 carnem
1086 1348 1153 1387 ex
1182 1340 1353 1385 matre
1379 1330 1625 1399 sumpsit,
1645 1326 1741 1381 sed
1770 1332 1974 1394 partem

394 1429 531 1501 ejus,
561 1444 718 1497 quam
750 1426 897 1480 auxit
923 1434 979 1480 et
1018 1421 1305 1477 formavit?
1344 1420 1475 1474 Nam
1520 1418 1661 1488 quod
1714 1432 1779 1470 ex
1813 1429 1976 1469 carne

398 1519 633 1590 Virginis
656 1516 943 1587 prodierit,
968 1511 1259 1568 declaravit
1283 1512 1368 1564 his
1415 1509 1593 1563 verbis
1626 1525 1639 1562 :
1667 1506 1818 1573 Quod
1841 1504 1975 1559 enim

397 1613 451 1666 iu
479 1628 538 1666 ea
563 1620 739 1664 uatum
765 1618 835 1661 est
860 1622 879 1660 :
903 1615 957 1661 et
988 1604 1183 1659 l’aulus
1202 1643 1218 1667 ,
1252 1600 1462 1655 Factum
1486 1616 1550 1654 ea:
1584 1599 1793 1652 muliere
1832 1595 1971 1667 (Gal.

399 1705 455 1759 4.
483 1704 543 1771 4)
573 1719 588 1755 :
626 1702 710 1755 Ex
734 1700 961 1761 muliere,
992 1696 1180 1765 inquit,
1212 1709 1305 1749 ora
1331 1694 1613 1748 obstruens
1660 1704 1845 1745 eorum
1884 1686 1977 1757 qui

399 1793 663 1855 dicerent,
685 1790 835 1859 quasi
863 1803 956 1857 per
974 1785 1255 1855 quemdam
1284 1783 1521 1838 canalem
1545 1796 1639 1850 per
1660 1796 1777 1834 eam
1801 1789 1975 1833 trans-

402 1885 527 1938 iisse
580 1882 848 1936 Christum
893 1878 992 1948 (a).
1041 1876 1173 1935 Nam
1202 1877 1245 1929 si
1303 1874 1405 1929 hoc
1443 1882 1602 1936 esset,
1650 1871 1775 1942 quid
1824 1882 1979 1925 utero

398 1989 534 2044 opus
562 1972 785 2027 fuisset?
823 1971 878 2025 Si
908 1968 1011 2023 hoc
1040 1975 1184 2023 esset
1207 2006 1221 2027 ,
1264 1965 1392 2019 nihil
1440 1964 1661 2018 haberet
1699 1962 1975 2016 nobiscum

398 2078 685 2118 commune
709 2078 724 2124 ς
757 2060 851 2115 sed
879 2060 983 2114 alia
1010 2068 1155 2113 esset
1174 2058 1259 2112 illa
1286 2071 1434 2119 caro,
1462 2069 1568 2109 non
1593 2068 1659 2108 ex
1677 2067 1847 2107 massa
1877 2067 1976 2106 no-

400 2162 530 2206 stra.
552 2150 832 2218 Quomodo
850 2164 980 2219 ergo
996 2164 1061 2203 ex
1087 2147 1263 2201 radice
1287 2146 1454 2201 lessa:
1474 2145 1497 2199 Ἰ
1517 2143 1787 2214 quomodo
1810 2143 1975 2213 virga,

401 2244 485 2297 vel
524 2243 688 2297 Filius
726 2240 997 2295 hominis?
1037 2237 1305 2309 quomodo
1327 2237 1425 2292 llos
1447 2238 1463 2269 ¹
1485 2237 1509 2289 ?
1532 2234 1799 2305 quomodo
1818 2234 1977 2288 Maria

403 2344 575 2390 mater
593 2334 778 2389 esset?
808 2348 916 2402 quo
944 2343 1100 2401 pacto
1141 2345 1207 2386 ex
1241 2330 1446 2384 semine
1488 2326 1689 2381 David?
1713 2326 1980 2394 quomodo

402 2427 628 2481 lormatn
656 2423 798 2478 servi
825 2421 1135 2492 acceperit?
1175 2420 1445 2491 quomodo
1487 2417 1699 2471 Verbum
1740 2433 1860 2470 caro
1895 2419 1979 2487 [a-

403 2528 540 2572 ctum
559 2526 633 2571 est
658 2514 838 2586 (Joau.
867 2516 922 2571 1.
949 2513 1039 2583 ll)
1060 2513 1086 2567 ?
1112 2527 1215 2583 qua
1259 2511 1467 2567 ratione
1506 2509 1699 2564 Paulus
1727 2506 1982 2562 Romanis

403 2609 573 2663 dixit:
603 2607 686 2661 Ea:
722 2605 898 2672 quibus
921 2604 1147 2658 Christus
1192 2601 1469 2656 secundant
1523 2614 1746 2661 carnem,
1776 2598 1862 2665 qui
1904 2605 1978 2650 est

404 2717 557 2769 super
581 2698 753 2753 omnia
779 2696 915 2751 Deus
948 2694 1122 2768 (Rom.
1152 2694 1206 2749 9.
1234 2694 1329 2762 5)?
1358 2690 1510 2767 Quod
1533 2691 1690 2760 igitur
1719 2702 1786 2744 ex
1807 2688 1980 2754 nobis,

406 2807 470 2846 ex
498 2806 671 2845 massa
694 2798 877 2859 nostra
900 2795 954 2842 et
972 2801 1039 2841 ex
1065 2795 1220 2841 utero
1250 2782 1480 2852 Virginis
1488 2778 1789 2852 ,ιιι-οιιίθιίι,
1808 2779 1982 2849 palam

408 2892 491 2939 est
516 2897 581 2937 ex
608 2880 765 2937 dictis
802 2892 978 2949 exque
1016 2875 1134 2931 aliis
1182 2874 1423 2945 plurimis
1452 2890 1466 2927 :
1493 2869 1762 2942 quomodo
1806 2879 1984 2924 autem

410 2987 517 3027 non
547 2971 696 3026 item.
723 2968 805 3025 Ne
829 2968 989 3038 igitur
1015 2966 1067 3020 id
1094 2974 1147 3020 tu
1174 2977 1383 3034 quaaras
1406 3003 1423 3029 ,
1450 2961 1545 3017 sed
1566 2960 1749 3028 accipe
1766 2957 1818 3013 id
1844 2958 1987 3029 quod

409 3061 699 3127 revelatur,
721 3068 776 3115 et
800 3073 869 3114 ne
891 3056 1103 3113 curiose
1130 3064 1373 3109 scrutare
1394 3053 1447 3107 id
1470 3050 1612 3121 quod
1639 3059 1863 3105 tacetur.
1894 3051 1983 3105 19.

408 3152 607 3221 Joseph
627 3160 794 3204 autent
822 3149 899 3202 vir
926 3148 1056 3219 ejus,
1082 3161 1197 3200 cum
1216 3153 1344 3199 esset
1363 3144 1556 3213 justus,
1586 3141 1775 3211 inquit,
1796 3149 1844 3194 et
1869 3139 1987 3193 uol-

412 3244 481 3297 let
509 3258 621 3297 eam
648 3239 914 3295 traducere
933 3278 948 3304 ,
974 3235 1132 3290 voluit
1183 3234 1375 3289 occulte
1405 3233 1655 3287 dimittere
1699 3246 1829 3285 eam.
1856 3231 1989 3285 Cum

402 3328 661 3393 dixisset,
694 3327 778 3382 Ex
825 3325 1026 3395 Spiritu
1057 3334 1263 3390 sancto,
1294 3331 1349 3378 et
1375 3322 1491 3378 sine
1524 3321 1634 3377 ullo
1667 3336 1978 3392 congressu,

401 3432 704 3474 sermonem
752 3430 909 3472 suum
949 3414 1109 3471 etiam
1146 3412 1361 3468 aliunde
1399 3410 1698 3467 conﬁrmat.
1742 3411 1822 3466 Ne
1862 3412 1981 3481 quis

402 3511 548 3565 enim
577 3508 801 3576 diceret,
826 3506 979 3563 Unde
1007 3505 1109 3561 hoc
1133 3504 1471 3559 manifestum
1506 3503 1635 3558 est?
1661 3502 1782 3573 quis
1811 3501 1981 3568 novit,

404 3602 524 3672 quis
543 3600 745 3657 audivit
774 3599 877 3655 tale
908 3598 1182 3670 quidpiam
1221 3596 1417 3652 factum
1446 3595 1605 3651 esse?
1641 3610 1711 3651 ne
1748 3594 1986 3665 suspica-

405 3693 543 3748 reris
577 3691 892 3761 discipulum
938 3690 991 3756 in
1029 3689 1257 3759 gratiam
1296 3686 1537 3757 magistri
1584 3685 1688 3741 hoc
1710 3700 1987 3741 commen-

408 3793 520 3839 tum
550 3797 671 3838 esse
698 3798 713 3836 :
744 3782 945 3836 inducit
984 3779 1271 3850 Josephum
1289 3820 1305 3845 ,
1338 3794 1432 3848 per
1456 3792 1519 3834 ea
1547 3791 1667 3846 quae
1696 3791 1882 3847 passus
1903 3784 1989 3831 est

410 3874 493 3929 his
518 3874 675 3929 iidem
696 3872 996 3937 facientem,
1022 3884 1087 3926 ac
1114 3870 1157 3924 si
1183 3868 1385 3925 diceret
1416 3885 1430 3922 :
1458 3867 1515 3923 Si
1538 3866 1669 3923 mihi
1698 3865 1861 3923 lidem
1883 3881 1990 3921 non

410 3964 595 4028 habes,
617 3963 661 4017 si
695 3962 1051 4017 testimonium
1091 3975 1265 4015 meum
1292 3959 1384 4013 tibi
1411 3968 1715 4027 suspectum
1741 3966 1844 4021 est,
1875 3971 1992 4012 cre-

410 4054 478 4109 de
512 4055 629 4108 viro
674 4052 837 4107 illius.
878 4052 1071 4120 Joseph
1118 4051 1261 4105 enim
1281 4091 1296 4115 ,
1327 4050 1401 4104 ait
1426 4089 1441 4113 ,
1472 4050 1548 4102 vir
1569 4050 1698 4118 ejus,
1725 4065 1839 4102 cum
1868 4055 1995 4102 esset

403 4148 594 4217 justus.
632 4145 838 4200 Justum
869 4143 955 4197 hic
998 4143 1140 4197 omni
1179 4142 1374 4196 virtute
1408 4139 1686 4209 praeditum
1726 4138 1894 4192 dicit:
1925 4137 1993 4192 ad

408 4237 665 4309 justitiam
693 4237 835 4291 enim
877 4234 1106 4306 pertinet
1133 4248 1241 4286 non
1265 4244 1385 4285 esse
1413 4245 1652 4294 avarum,
1682 4238 1872 4298 estque
1900 4226 1993 4297 ju-

412 4332 552 4386 stitia
580 4331 756 4384 omnis
781 4329 948 4383 virtus
985 4346 999 4383 :
1027 4336 1082 4381 ct
1116 4325 1216 4380 hoc
1263 4324 1494 4379 maxime
1538 4336 1700 4378 sensu
1722 4320 1996 4390 Scriptura

411 4426 633 4495 institue
669 4438 801 4478 voce
841 4424 1023 4485 utitur,
1054 4428 1112 4475 ut
1153 4418 1370 4490 quando
1399 4417 1528 4473 dicit
1561 4434 1573 4470 :
1611 4415 1778 4471 Homo
1798 4415 1995 4486 justus,

415 4532 568 4570 vero:
589 4514 709 4587 (Job
737 4514 788 4569 l.
822 4515 884 4584 1)
905 4529 921 4578 ;
945 4527 1009 4567 ac
1036 4526 1285 4575 rursum,
1318 4508 1481 4563 Erant
1504 4508 1649 4564 ambo
1684 4506 1806 4572 iusti
1843 4503 1994 4581 (Luc.

418 4608 471 4661 ι.
498 4606 577 4677 6).

475 4768 529 4824 ι.
567 4763 783 4835 Iosephi
831 4761 1013 4838 Maria:
1041 4762 1135 4817 viri
1188 4761 1380 4817 laudes.
1406 4792 1475 4802 -—
1499 4761 1680 4829 Justus
1723 4779 1851 4833 ergo
1874 4780 1987 4818 cum

406 4868 551 4922 esset,
581 4856 634 4913 id
671 4866 784 4923 est,
827 4856 1109 4925 benignus,
1141 4853 1469 4921 moderatus,
1497 4855 1652 4914 uoluit
1682 4855 1875 4910 occulte
1901 4855 1986 4908 dt-

409 4952 603 5004 mittere
644 4966 773 5003 eant.
808 4947 932 5002 Ideo
961 4947 1013 5000 id
1052 4945 1191 5016 quod
1230 4945 1451 5015 contigit
1489 4957 1703 5009 enarrat
1744 4957 1865 5001 ante
1894 4962 1988 5001 no-

412 5045 578 5097 titiam
604 5041 803 5106 datam,
838 5048 896 5094 ut
921 5053 988 5093 ne
1016 5037 1179 5094 tidem
1208 5036 1433 5101 deroaes
1456 5038 1519 5092 iis
1550 5052 1670 5109 qua:
1697 5053 1756 5094 re
1781 5040 1987 5107 cognita

462 5294 535 5355 (α)
568 5293 620 5345 ld
639 5289 961 5355 Valentiniani
977 5285 1219 5355 dicebant,
1242 5288 1298 5332 ut
1312 5281 1467 5355 habet
1484 5279 1777 5355 Epiphanius
1787 5279 1971 5355 p._

400 5341 755 5419 exflrenieo
775 5354 884 5412 l89,
900 5363 986 5414 per
1004 5347 1207 5398 Mariam
1227 5341 1541 5407 pertransisse
1556 5341 1679 5394 uelut
1696 5352 1875 5407 aquam
1889 5352 1978 5405 per

401 5417 636 5548 “euge,
659 5493 892 5552 qumodo
910 5485 1036 5552 ﬂos?
1058 5497 1152 5552 Ilo“
1170 5480 1399 5552 188111³Ψῖ
1422 5475 1545 5552 aliud
1568 5472 1904 5552 ξθῖἱιὶὶξξὲρ
1905 5467 1980 5552 1ἓῖ

901 5531 995 5601 sed
1010 5531 1251 5599 habentur
1278 5545 1329 5594 in
1350 5531 1514 5591 Morel.
1552 5545 1605 5589 et
1635 5534 1758 5593 lecta
1778 5543 1892 5583 sunt
1919 5531 1982 5580 ab

2058 397 2205 458 gesta
2237 394 2377 441 sunt.
2408 387 2567 441 Certe
2592 386 2636 441 si
2667 384 2789 441 talis
2818 386 2905 441 illa
2938 385 3148 452 luisset,
3169 401 3274 441 non
3297 387 3457 442 modo
3480 388 3641 458 digna

2061 488 2177 533 erat
2208 493 2327 547 quae
2354 478 2745 540 traduceretur,
2763 476 2858 531 sed
2877 477 3038 531 etiam
3061 478 3203 531 illam
3223 477 3483 546 supplicio
3502 477 3641 532 allici

2064 570 2153 624 lex
2178 568 2423 638 iubebat.
2441 566 2641 621 Verum
2659 566 2860 638 Ioseph
2884 583 2989 621 tum
3015 567 3181 621 modo
3202 569 3255 621 ei
3280 567 3425 637 quod
3448 581 3647 638 nam

2066 660 2162 716 sed
2186 660 2346 715 etiam
2376 660 2424 713 ei
2455 658 2597 728 quod
2638 659 2814 713 minus
2840 667 2957 714 erat
2993 659 3277 723 consuluit,
3305 674 3500 730 nempe
3542 675 3643 728 pu-

2066 752 2204 807 dori.
2232 749 2347 805 Non
2380 749 2540 803 modo
2562 749 2703 802 enim
2744 749 2935 818 punire
2962 749 3193 812 nolebat,
3226 750 3320 804 sed
3360 764 3427 803 ne
3466 748 3645 803 tradu-

2068 855 2193 897 cere
2219 839 2454 910 quidem.
2489 838 2732 893 Vidistin’
2760 838 3130 908 philosophum
3159 842 3351 903 virum,
3382 849 3435 894 et
3460 849 3646 911 tyran-

2070 933 2191 987 nico
2212 932 2303 987 illo
2326 931 2515 985 allectu
2539 945 2760 987 vacuum
2776 932 2801 984 ?
2822 930 3002 985 Nostis
3022 933 3163 986 enim
3179 942 3409 1002 quantus
3430 934 3648 986 morbus

2069 1021 2141 1075 sit
2186 1020 2469 1089 zelotypia.
2503 1020 2859 1087 Quamobrem
2887 1020 2932 1074 is
2975 1021 3064 1089 qui
3116 1021 3166 1074 id
3221 1021 3383 1089 probe
3424 1020 3645 1085 sciebat,

2070 1113 2246 1170 dixit:
2280 1112 2469 1167 Plenus
2498 1112 2606 1165 zelo
2652 1122 2725 1167 .st
2758 1111 2904 1182 {uror
2941 1112 3035 1166 viri
3079 1113 3231 1183 ejus;
3272 1130 3372 1166 non
3400 1120 3570 1183 parcet
3593 1112 3647 1165 in

2070 1197 2154 1253 die
2190 1199 2422 1253 uindicta:
2450 1198 2633 1272 (Prov.
2679 1202 2717 1253 ἱ.
2753 1200 2884 1269 34);
2934 1211 3010 1267 et,
3059 1197 3203 1251 Dura
3247 1201 3377 1252 sicut
3424 1202 3654 1269 infernus

2068 1291 2323 1345 temulatio
2373 1291 2545 1359 (Cant.
2592 1291 2624 1345 8
2691 1291 2771 1357 6).
2812 1289 2968 1345 Certe
3012 1289 3209 1343 multos
3252 1290 3518 1353 novimus,
3560 1290 3653 1360 qui

2068 1380 2257 1435 malint
2284 1383 2515 1436 animam
2543 1390 2810 1447 amittere,
2851 1396 3012 1451 quam
3054 1382 3106 1435 in
3151 1380 3427 1452 zelmypiae
3471 1381 3652 1450 suspi-

2073 1472 2280 1527 cionem
2314 1474 2568 1529 incidere.
2594 1474 2691 1529 llic
2718 1489 2880 1544 porro
2925 1487 3033 1528 non
3079 1488 3227 1528 mera
3253 1474 3487 1543 suspicio
3513 1482 3651 1535 erat,

2072 1578 2191 1617 cum
2223 1565 2361 1619 uteri
2393 1576 2569 1620 tumor
2595 1581 2707 1620 rem
2730 1566 2901 1634 palam
2933 1566 3148 1620 facerett
3171 1567 3417 1619 Attamen
3444 1566 3514 1620 ita
3538 1574 3656 1620 erat

2070 1657 2139 1711 ab
2164 1658 2265 1713 hoc
2294 1659 2455 1713 animi
2487 1660 2675 1713 morbo
2703 1659 2855 1723 liber,
2883 1669 2942 1713 ut
2980 1674 3049 1712 ne
3088 1658 3140 1712 in
3172 1658 3407 1712 minimis
3440 1657 3656 1727 quidem

2073 1746 2230 1801 vellet
2262 1747 2463 1817 Virgini
2507 1750 2813 1803 maestitiam
2843 1748 3060 1803 inferre.
3091 1748 3225 1814 Quia
3253 1764 3383 1819 ergo
3405 1749 3547 1803 illam
3576 1750 3657 1803 in-

2072 1843 2154 1888 tus
2175 1837 2315 1905 apud
2339 1852 2398 1892 se
2424 1838 2656 1892 retinere
2698 1853 2793 1907 per
2820 1838 2995 1905 legem
3025 1853 3129 1891 non
3161 1838 3323 1892 licere
3352 1836 3653 1903 videbatur,

2073 1927 2354 1981 traducere
2392 1939 2569 1982 autem
2595 1928 2737 1982 illam
2765 1937 2820 1982 et
2847 1928 2899 1982 in
2924 1928 3184 1995 judicium
3211 1928 3448 1994 trahere,
3481 1928 3534 1981 id
3561 1943 3658 1981 ne-

2073 2019 2312 2072 cessario
2339 2028 2455 2073 erat
2480 2019 2545 2073 ad
2575 2029 2802 2074 mortem
2833 2020 3041 2075 tradere
3075 2036 3088 2072 :
3121 2028 3367 2073 neutrum
3394 2018 3536 2086 fecit,
3560 2020 3657 2075 sed

2071 2123 2232 2177 supra
2285 2111 2455 2180 legem
2479 2113 2590 2179 jam
2640 2126 2700 2166 se
2741 2127 2930 2181 gerere
2968 2112 3151 2181 cmpit.
3179 2112 3469 2181 Oportebat
3511 2112 3656 2166 enim

2070 2199 2178 2267 jam
2230 2201 2549 2257 adveniente
2575 2202 2765 2271 gratia,
2797 2202 2962 2256 multa
2989 2203 3137 2271 signa
3168 2203 3362 2258 adesse
3412 2203 3659 2257 sublimis

2077 2288 2298 2360 hujusce
2327 2290 2576 2347 instituti.
2624 2292 3083 2360 Quemadmodum
3115 2293 3258 2347 enim
3289 2292 3389 2357 sol,
3421 2292 3657 2348 nondum

2072 2382 2251 2435 radios
2290 2382 2601 2448 ostendens,
2632 2384 2843 2438 eminus
2882 2392 3060 2438 tamen
3110 2394 3317 2453 partem
3368 2386 3657 2438 maximam

2073 2471 2218 2525 orbis
2261 2471 2493 2526 illustrat
2532 2487 2546 2525 :
2591 2472 2669 2527 sic
2711 2489 2925 2543 quoque
2970 2473 3212 2527 Christus
3257 2489 3321 2528 ex
3364 2483 3522 2529 utero
3565 2474 3658 2527 illo

2079 2563 2400 2627 exoriturus,
2428 2572 2711 2632 antequam
2754 2565 3118 2634 egrederetur,
3162 2565 3348 2619 orbem
3396 2574 3565 2618 totum
3596 2564 3661 2618 il-

2076 2651 2370 2706 luminavit.
2402 2652 2603 2706 Idcirco
2644 2653 2724 2708 vel
2772 2662 2896 2707 ante
2942 2663 3149 2722 partum
3182 2654 3454 2723 propheta:
3482 2654 3664 2707 exsul-

2077 2741 2275 2804 tabant,
2309 2751 2364 2795 et
2405 2741 2659 2796 mulieres
2708 2742 2885 2796 futura
2916 2742 3297 2812 przedieehant,
3328 2752 3382 2795 et
3422 2742 3659 2797 Joannes

2076 2833 2309 2899 nondum
2353 2849 2383 2887 e
2411 2836 2563 2889 vulva
2607 2848 2880 2903 egressus,
2907 2834 2974 2894 ab
3012 2842 3165 2887 utero
3205 2833 3529 2889 exsultabat.
3563 2833 3661 2889 llic

2077 2929 2254 2994 itaque
2273 2925 2494 2979 multam
2523 2925 2724 2994 Joseph
2747 2924 2984 2979 ostendit
3010 2922 3397 2993 philosophiam
3429 2940 3443 2976 :
3488 2938 3661 2993 neque

2075 3017 2217 3071 enim
2263 3016 2536 3070 accusavit
2584 3016 2747 3078 illam,
2796 3030 2976 3082 neque
3018 3013 3361 3083 exprobravit
3401 3012 3512 3077 illi,
3561 3013 3659 3067 sed

2075 3108 2345 3164 dimittere
2388 3118 2591 3164 tantum
2624 3108 2907 3178 cogitabat.
2941 3108 2998 3162 ln
3047 3107 3152 3162 hoc
3196 3122 3377 3162 rerqu
3419 3116 3579 3172 statu,
3606 3112 3663 3159 et

2077 3200 2129 3254 in
2175 3200 2273 3253 hac
2315 3202 2648 3270 negotiorum
2688 3199 3020 3261 dillicultate,
3052 3198 3267 3252 advenit
3304 3197 3527 3266 angelus
3567 3197 3659 3267 qui

2075 3293 2396 3346 anxietatem
2427 3306 2641 3346 omnem
2669 3292 2841 3346 tollat.
2870 3290 3227 3356 Quaerendum
3252 3298 3431 3343 autem
3462 3296 3544 3341 est
3561 3303 3660 3342 cur

2077 3385 2297 3453 angelus
2336 3399 2440 3438 non
2469 3393 2593 3438 ante
2620 3381 2843 3445 venerit,
2862 3396 3019 3451 quam
3047 3382 3128 3435 vir
3141 3381 3238 3435 ille
3262 3379 3378 3433 ha‘c
3403 3379 3454 3432 iu
3479 3377 3660 3431 animo

2076 3484 2335 3541 versaret,
2365 3474 2458 3529 sed
2505 3489 2625 3528 cum
2659 3474 2772 3527 lucc
2820 3472 2908 3527 ille
2937 3472 3213 3543 cogitaret.
3243 3480 3369 3524 tunc
3416 3468 3655 3523 venerit:
3684 3524 3713 3538 κ

2078 3582 2198 3620 nam
2225 3566 2331 3619 ait:
2353 3565 2443 3620 20.
2473 3562 2597 3617 ch
2617 3563 2708 3616 illo
2741 3557 3246 3631 cogitaute,augelus
3274 3567 3441 3623 vemt,
3477 3570 3661 3626 quam-

2076 3673 2236 3727 quam
2262 3657 2419 3711 etiam
2450 3665 2734 3723 antequam
2761 3652 2847 3706 illa
2875 3652 3203 3720 conciperet,
3233 3648 3450 3702 nuntius
3474 3660 3660 3700 accesn

2078 3749 2230 3815 serit,
2260 3747 2401 3801 unde
2428 3746 2588 3800 etiam
2621 3745 2725 3799 alia
2764 3742 2993 3813 qumstio
3029 3742 3222 3795 oritur.
3253 3738 3386 3794 Nam
3431 3736 3530 3790 etsi
3561 3751 3660 3788 an-

2079 3838 2232 3909 gelus
2251 3837 2368 3891 viro
2394 3851 2501 3889 non
2520 3836 2747 3900 dixerat,
2766 3848 2861 3887 cur
2878 3832 3041 3901 Virgo
3065 3829 3229 3884 tacuit
3249 3829 3363 3882 hzec
3382 3826 3451 3880 ab
3474 3826 3661 3894 angelo

2084 3930 2288 3991 audita,
2320 3937 2371 3982 ct
2399 3942 2520 3982 cum
2561 3940 2817 3995 sponsum
2860 3938 3013 3977 suum
3047 3922 3261 3975 anxium
3303 3917 3527 3979 videret,
3557 3930 3664 3968 non

2084 4022 2201 4090 ejus
2227 4020 2549 4073 anxietatem
2575 4014 2823 4070 sustulit?
2851 4028 2948 4066 cur
2972 4025 3102 4080 ergo
3127 4018 3412 4076 antequam
3441 4005 3528 4058 ille
3556 4012 3668 4057 tur-

2087 4112 2326 4175 baretur,
2357 4106 2577 4175 angelus
2621 4120 2729 4158 non
2775 4118 2889 4157 rem
2934 4102 3006 4155 illi
3044 4099 3291 4169 aperuit?
3320 4111 3442 4150 nam
3489 4108 3668 4163 opera:

2085 4201 2314 4271 pretium
2372 4207 2455 4253 est
2514 4197 2747 4266 priorem
2803 4194 3154 4265 qtucstionem
3210 4190 3382 4259 ptimo
3437 4188 3669 4242 solvere.

2087 4296 2265 4361 Quare
2291 4308 2404 4347 rem
2438 4290 2512 4345 illi
2542 4305 2647 4345 non
2678 4288 2925 4359 aperuit?
2967 4286 3045 4341 Ne
3068 4286 3215 4341 dicto
3241 4284 3399 4339 tidem
3430 4291 3670 4352 negaret,

2088 4397 2143 4440 et
2173 4384 2405 4453 idipsum
2430 4382 2699 4437 accideret
2724 4381 2800 4435 illi
2820 4379 2961 4450 quod
2984 4378 3278 4433 Zachariae.
3302 4376 3437 4431 Nam
3462 4390 3521 4429 re
3545 4390 3676 4427 ocu-

2091 4478 2157 4532 lis
2186 4485 2457 4547 percepta,
2494 4473 2649 4529 facile
2693 4482 2965 4529 erattunc
3010 4470 3233 4527 credere
3266 4486 3282 4524 :
3323 4482 3446 4522 cum
3497 4475 3676 4520 autem

2093 4569 2340 4627 nondum
2378 4568 2658 4638 coepisset,
2706 4581 2818 4622 non
2863 4563 3023 4619 facile
3071 4561 3223 4615 credi
3265 4566 3504 4627 poterat.
3551 4555 3685 4609 Ideo

2095 4664 2152 4719 id
2206 4662 2435 4733 angelus
2482 4660 2641 4715 initio
2680 4673 2791 4713 non
2843 4656 3003 4717 dixit,
3054 4662 3112 4707 et
3161 4652 3328 4718 Virgo
3378 4647 3571 4701 eadem
3613 4648 3684 4701 de

2095 4770 2261 4813 causa
2310 4752 2502 4808 tacuit.
2548 4751 2740 4820 Neque
2789 4748 2937 4802 enim
2988 4751 3234 4816 putasset
3280 4742 3383 4797 sibi
3436 4757 3553 4797 rem
3603 4742 3688 4795 in-

2093 4846 2415 4903 credibilem
2457 4841 2735 4899 nuntianti
2784 4856 2815 4895 a
2861 4853 3065 4909 sponso
3110 4836 3273 4891 tidem
3314 4850 3435 4890 esse
3477 4833 3688 4889 haben-

2095 4940 2252 5005 dam;
2306 4939 2420 4993 imo
2471 4934 2751 4991 timuisset
2801 4947 2861 4987 se
2918 4931 3073 4985 illum
3132 4930 3188 4985 in
3243 4928 3383 4984 iram
3434 4928 3685 4982 concita-

2097 5038 2278 5086 turam
2320 5042 2465 5091 esse,
2504 5025 2662 5096 quasi
2707 5023 3009 5077 admissura
3051 5029 3341 5092 peccatum
3386 5027 3681 5089 tegentem.

2097 5122 2157 5177 Si
2206 5120 2355 5177 enim
2401 5119 2568 5174 etiam
2613 5117 2732 5186 ipsa
2776 5131 2899 5186 qua:
2953 5122 3159 5169 tantam
3207 5111 3442 5185 gratiam
3490 5124 3687 5178 perce-

2097 5224 2259 5284 ptura
2307 5218 2447 5274 erat,
2500 5210 2803 5263 humanmn
2854 5206 2988 5277 quid
3043 5221 3202 5277 passa
3252 5212 3338 5259 est
3390 5212 3446 5258 et
3496 5201 3683 5255 dixit:

2100 5301 2371 5368 Quomodo
2409 5300 2502 5370 ﬁet
2546 5299 2721 5363 istud,
2778 5300 3032 5370 quoniam
3072 5300 3243 5352 virum
3288 5312 3393 5359 non
3434 5304 3689 5362 cognosco

2102 5393 2271 5467 (Luc.
2339 5394 2388 5447 i.
2454 5392 2612 5464 5.5)?
2677 5390 2856 5447 multo
2927 5391 3101 5461 magis
3168 5390 3261 5444 ille
3324 5385 3686 5439 dubitasset:

2101 5500 2228 5544 t‘um
2261 5486 2496 5543 maxime
2543 5484 2601 5540 id
2643 5484 2889 5540 audisset
2932 5499 2963 5538 a
3015 5480 3247 5536 muliere
3280 5477 3411 5532 hinc
3440 5474 3548 5530 sibi
3592 5490 3690 5531 su-

2102 5585 2311 5646 specta.
