4058 6204
596 356 663 407 43
1295 355 1352 412 S.
1392 355 1676 412 JOANNIS
1706 354 2197 415 CHRYSOSTOMI
2229 356 2547 417 ARCIIIEP.
2584 356 3127 415 CONSTANTINOP.
3766 355 3837 405 4“

656 478 712 530 5.
742 473 867 528 Ideo
900 470 1055 537 Virgo
1076 468 1286 539 quidem
1319 466 1446 519 nihil
1479 464 1575 532 ipsi
1600 463 1765 515 dicit:
1794 462 2014 529 angelus
2040 474 2168 513 vero

587 573 829 634 tempore
849 560 1161 632 congruenti
1191 556 1422 612 advenit.
1451 557 1648 620 Quare,
1682 552 1910 620 inquies,
1942 550 2167 619 idipsnm

585 670 712 726 erga
746 654 1016 723 Virginem
1042 665 1144 703 non
1178 646 1322 715 fecit,
1355 659 1454 698 nec
1490 644 2033 711 pOSlCItltceptimtcm
2064 639 2167 710 ipsi

586 761 702 801 rem
727 741 1005 797 tutntiavit.
1036 736 1113 792 Ne
1136 736 1188 789 in
1211 733 1611 805 perturbatione
1638 747 1827 800 magna
1856 730 2008 786 foret.
2037 730 2166 783 Nam

594 833 889 889 timendum
913 840 1028 886 erat
1050 845 1120 885 ne
1141 830 1229 885 illa
1257 829 1333 883 rei
1364 829 1640 883 veritatem
1668 840 1772 880 non
1801 825 1947 880 clare
1972 827 2167 890 sciens,

589 925 658 979 de
699 922 913 992 sequid
956 920 1214 977 acerbum
1264 922 1599 982 decerneret,
1634 933 1735 970 neu
1782 916 2017 970 dedecus
2066 933 2171 973 non

588 1016 765 1069 ferens
792 1012 857 1068 ad
884 1013 1127 1081 laqueum
1157 1009 1240 1065 vel
1267 1008 1333 1063 ad
1359 1008 1592 1077 gladium
1633 1015 1960 1077 properaret.
1989 1007 2172 1063 Adtui-

588 1105 752 1158 randa
786 1104 983 1173 quippe
1010 1102 1170 1171 Virgo
1209 1110 1348 1165 erat,
1380 1100 1601 1169 ejusque
1644 1096 1893 1151 virtutem
1935 1097 2171 1153 declarat

586 1195 759 1249 Lucas
802 1209 923 1248 cum
965 1193 1064 1260 ait,
1103 1208 1218 1247 eam
1264 1192 1479 1261 quando
1522 1190 1896 1245 Salutationem
1942 1190 2165 1259 accepit,

584 1307 690 1342 non
720 1289 899 1342 statim
931 1287 1129 1357 gaudio
1176 1286 1443 1356 perfusam
1475 1284 1660 1346 fuisse.
1690 1298 1788 1337 nec
1813 1284 1953 1337 dicta
1984 1298 2168 1338 susce-

584 1384 763 1449 pisse;
794 1381 889 1436 sed
920 1381 1185 1436 turbatam
1221 1381 1531 1457 quaesivisse
1560 1378 1735 1448 qualis
1774 1385 1916 1431 esset
1951 1377 2048 1429 ista
2077 1390 2169 1429 sa-

584 1474 792 1529 lutatio.
821 1474 949 1541 Quze
969 1485 1146 1529 autem
1174 1474 1252 1528 sic
1276 1485 1582 1541 comparata
1604 1482 1741 1537 erat,
1774 1485 2011 1525 maerore
2040 1486 2170 1523 con-

584 1566 720 1620 foeta
774 1565 1000 1632 fuisset.
1048 1567 1127 1622 rei
1180 1565 1450 1619 infamiam
1500 1578 1681 1618 secum
1734 1570 2025 1632 reputans,
2067 1576 2170 1616 uec

581 1673 805 1725 sperans
838 1671 996 1726 posse
1039 1672 1100 1711 se
1126 1656 1431 1725 quempiam
1473 1655 1801 1709 audientium
1829 1653 1895 1708 ad
1938 1653 2167 1708 creden-

587 1749 715 1802 dtun
744 1747 1019 1811 inducere,
1044 1747 1186 1817 quod
1214 1748 1267 1802 id
1297 1762 1402 1801 non
1451 1762 1519 1800 ex
1569 1745 1837 1800 adulterio
1868 1744 2163 1814 profectum

584 1850 749 1894 esset.
773 1840 848 1893 Ne
877 1841 1053 1908 itaque
1083 1839 1133 1893 id
1159 1841 1418 1898 eveniret.
1437 1846 1562 1892 ante
1588 1835 1992 1905 conceptionem
2020 1836 2167 1891 venit

586 1930 828 2001 angelus.
856 1929 1065 1985 Etenim
1094 1929 1377 1997 oportebat
1400 1926 1842 1996 imperturbatum
1882 1940 2003 1980 esse
2043 1934 2165 1979 ute-

576 2038 695 2075 rum
738 2022 924 2085 illum,
968 2019 1022 2074 in
1066 2035 1227 2088 quem
1271 2019 1513 2073 omnium
1555 2017 1779 2072 Creator
1824 2015 2163 2085 ingressurus

572 2122 711 2176 crat,
744 2120 800 2164 et
827 2110 971 2164 otnni
1023 2109 1254 2162 tumultu
1289 2123 1511 2161 vacuam
1556 2106 1792 2160 animam
1844 2104 2012 2171 illam,
2044 2118 2163 2174 qua:

578 2201 960 2271 mysteriorum
1015 2208 1281 2253 tantorum
1330 2198 1571 2252 ministra
1618 2196 1797 2250 futura
1839 2204 1976 2250 erat.
2029 2195 2161 2249 l‘ro-

574 2304 760 2361 pterea
809 2290 1007 2362 Virgini
1047 2300 1173 2346 ante
1200 2290 1635 2359 conceptionem,
1683 2287 1921 2357 .losepho
1958 2295 2158 2351 autem,

572 2399 696 2439 cum
716 2391 950 2452 gestaret
975 2392 1185 2437 uterum
1212 2380 1394 2450 Virgo,
1413 2380 1667 2449 loquutus
1708 2388 1811 2433 est.
1834 2374 1988 2443 Quod
2010 2374 2162 2431 multi

573 2476 958 2545 simpliciorttm
980 2488 1104 2527 non.
1120 2473 1501 2542 iutelligentes,
1535 2471 1620 2525 hic
1638 2469 2020 2525 dissonantiam
2042 2482 2160 2523 esse

573 2568 825 2623 dixerunt
860 2582 875 2619 :
918 2564 1169 2634 quoniam
1198 2562 1375 2618 Lucas
1399 2562 1539 2617 dixit
1572 2561 1753 2616 Mariae
1784 2562 2032 2615 nuntium
2064 2575 2159 2614 ve-

572 2658 740 2724 nisse,
782 2654 1064 2711 Matth-.eus
1109 2664 1289 2709 autem
1333 2653 1617 2722 Josepho:
1660 2666 1769 2706 non
1816 2650 2160 2705 advertentes

570 2762 856 2820 utrumque
876 2758 1089 2819 gestum
1120 2747 1306 2801 fuisse.
1343 2746 1398 2801 ld
1424 2745 1569 2816 quod
1595 2746 1763 2800 etiam
1808 2744 1860 2797 in
1908 2742 2159 2797 omnibus

570 2845 809 2899 historiis
834 2841 1228 2897 observandum
1275 2848 1358 2894 est
1386 2856 1399 2892 :
1431 2839 1509 2894 sic
1556 2839 1701 2892 enim
1752 2837 1945 2891 multas
1980 2835 2157 2891 disso-

568 2937 802 3000 nantias,
826 2944 881 2987 ιιι
905 2933 1121 3003 quidem
1158 2939 1432 3000 putantur.
1463 2929 1832 2999 expediemus.
1863 2926 2025 2982 Venit
2052 2929 2155 2979 ita-

568 3042 672 3093 que
700 3025 944 3092 angelus,
973 3023 1286 3092 perturbato
1312 3021 1567 3089 Josepho.
1593 3018 1727 3075 Nam
1757 3028 1812 3072 et
1840 3026 2065 3087 propter
2090 3031 2153 3071 ea

558 3131 683 3186 quae
719 3129 878 3183 supra
910 3114 1058 3169 dicta
1089 3121 1236 3177 sunt,
1269 3119 1324 3165 et
1352 3117 1411 3165 ut
1453 3109 1576 3178 ejus
1619 3107 1958 3178 philosophia
1984 3123 2152 3179 appa-

566 3214 728 3270 reret,
746 3204 1034 3258 adventum
1056 3217 1213 3257 suum
1236 3198 1439 3279 differt.
1461 3199 1593 3254 Cum
1622 3213 1751 3254 vero
1772 3214 1859 3253 res
1878 3198 1990 3269 jam
2008 3207 2154 3255 esset

564 3297 851 3366 implenda,
891 3295 1108 3350 advenit
1138 3294 1375 3349 demum.
1420 3290 1549 3346 Htec
1586 3301 1759 3344 autem
1795 3308 1852 3345 eo
1878 3291 2150 3362 cogitante,

565 3390 774 3460 angelus
801 3390 856 3443 in
880 3390 1067 3444 somnis
1094 3387 1338 3459 apparuit
1364 3386 1576 3454 Ioseph.
1608 3383 1796 3439 Viden’
1826 3384 1924 3439 viri
1969 3383 2155 3440 madeo

561 3480 873 3535 rationem?
912 3478 1027 3533 Non
1054 3478 1216 3533 modo
1244 3492 1349 3530 non
1379 3474 1603 3545 punivit,
1636 3472 1731 3527 sed
1754 3473 1959 3527 nemini
1987 3472 2141 3538 dixit,

564 3586 628 3626 ac
665 3586 731 3627 ne
759 3570 832 3625 illi
861 3569 1080 3640 quidem
1098 3583 1222 3639 quae
1248 3568 1301 3622 in
1329 3566 1689 3635 suspicionem
1715 3563 1997 3629 veniebat;
2046 3562 2146 3619 sed

568 3680 685 3718 rem
709 3679 895 3719 secum
926 3663 1295 3733 cogitabat,et
1321 3674 1572 3717 secessus
1600 3657 2026 3727 causamVirgini
2055 3657 2154 3712 ob-

566 3766 747 3825 tegere
793 3754 1063 3810 studebat.
1112 3753 1298 3823 Neque
1343 3752 1487 3807 enim
1515 3749 1651 3806 dixit
1702 3750 1875 3817 ipsum
1922 3746 2154 3801 voluisse

564 3847 711 3901 illam
736 3846 955 3915 ejicere,
981 3844 1074 3899 sed
1098 3844 1370 3899 dimittere
1400 3863 1417 3898 :
1444 3856 1615 3911 usque
1640 3839 1781 3894 adeo
1808 3838 2069 3908 benignus
2094 3844 2155 3890 et

569 3937 884 3993 moderatus
922 3937 1004 3990 vir
1033 3944 1167 3991 erat.
1196 3934 1323 3990 Haec
1358 3943 1538 3987 autent
1569 3931 1822 4001 cogitanti
1860 3930 1917 3984 in
1947 3926 2154 3983 somnis

565 4040 788 4099 apparet
818 4029 1059 4099 angelus.
1092 4027 1159 4081 Et
1186 4042 1285 4082 cur
1308 4040 1418 4080 non
1446 4032 1651 4095 aperte,
1682 4031 1742 4077 ut
1771 4019 2072 4091 pastoribus
2097 4027 2155 4079 et

567 4120 843 4175 Zachariae
886 4119 1035 4173 visus
1075 4126 1178 4183 est,
1215 4130 1424 4172 necnon
1453 4117 1615 4171 etiam
1658 4112 1903 4183 Virgini?
1948 4111 2153 4166 Admo-

565 4211 691 4264 dum
722 4210 894 4263 fidelis
920 4210 1001 4262 vir
1040 4218 1174 4272 erat,
1208 4222 1381 4277 neque
1424 4207 1617 4274 egebat
1645 4204 1734 4257 tali
1765 4203 1986 4258 visione.
2022 4200 2153 4255 Nam

566 4301 747 4371 Virgo,
781 4301 867 4355 cui
909 4299 1332 4352 annuntiabatur
1370 4312 1462 4352 res
1492 4305 1658 4359 muta,
1684 4304 1739 4350 et
1780 4296 1940 4363 longe
1986 4292 2155 4362 major

566 4408 724 4458 quam
756 4392 1049 4453 Zachariaz,
1076 4390 1241 4444 etiam
1269 4398 1397 4443 ante
1426 4406 1540 4443 rem
1567 4389 1737 4457 ipsam
1778 4388 1971 4457 egebat
1996 4387 2156 4440 mira-

566 4483 660 4537 bili
708 4480 941 4549 quadam
998 4480 1252 4535 visione:
1306 4489 1551 4548 pastores
1612 4494 1779 4544 vero.
1828 4486 2011 4545 utpote
2058 4474 2153 4544 qui

566 4572 891 4641 agrestiores
920 4580 1124 4636 essent,
1152 4570 1418 4639 apertiore
1450 4567 1655 4622 visione
1688 4580 1825 4635 opus
1866 4564 2153 4621 habebant.

566 4663 665 4718 llic
680 4675 860 4718 autem
889 4672 1015 4733 post
1045 4674 1278 4732 partum,
1309 4675 1429 4715 cum
1452 4671 1620 4728 prava
1649 4657 1953 4727 suSpicioue
1988 4655 2157 4710 animi

567 4765 861 4816 teneretur,
889 4765 944 4809 et
988 4764 1210 4826 paratus
1259 4763 1435 4806 tamen
1466 4758 1615 4805 esset
1656 4748 1722 4803 ad
1768 4749 1961 4803 bonam
2006 4762 2157 4817 spem

568 4847 723 4900 facile
770 4846 981 4911 reduci,
1010 4846 1057 4899 si
1086 4846 1209 4913 quis
1246 4845 1348 4897 hac
1394 4843 1446 4898 in
1475 4840 1671 4897 redux
1723 4840 1800 4895 illi
1844 4847 2154 4910 appareret,

564 4936 952 4990 revelationem
981 4936 1194 5003 accipit.
1249 4933 1374 4990 Ideo
1426 4941 1549 5004 post
1600 4932 1964 5002 suspicionem
2004 4930 2158 4984 adest

566 5027 743 5081 honos
772 5025 1011 5089 nuntius,
1046 5033 1102 5078 ut
1130 5025 1233 5079 hoc
1262 5024 1435 5093 ipsum
1466 5024 1540 5078 illi
1573 5023 1714 5079 foret
1743 5037 1866 5077 vera
1892 5020 2157 5074 dictorum

568 5120 974 5175 demonstratio.
1006 5118 1140 5172 Cum
1177 5118 1323 5171 enim
1352 5118 1551 5172 nemini
1578 5116 1819 5179 dixisset,
1849 5112 1944 5168 sed
1972 5112 2153 5166 animo

568 5211 744 5267 solum
778 5211 892 5264 tunc
910 5209 1221 5279 cogitasset,
1248 5216 1303 5262 et
1331 5208 1428 5262 hac
1457 5208 1526 5263 de
1567 5222 1626 5262 re
1656 5208 1965 5276 loquentem
1990 5219 2154 5273 ange-

568 5307 683 5359 lum
711 5302 943 5367 audiret,
978 5300 1332 5355 indubitatum
1370 5299 1469 5368 ipsi
1494 5298 1706 5367 signum
1728 5305 1878 5362 erat,
1907 5295 2155 5364 angelum

575 5410 606 5449 a
629 5395 739 5449 Deo
779 5391 1006 5459 iussum,
1036 5382 1154 5440 lucc
1177 5383 1379 5440 dictum
1415 5382 1664 5438 venisse:
1695 5381 1862 5452 ipsius
1901 5380 2045 5435 enim
2073 5392 2161 5432 so-

578 5488 684 5540 lius
707 5490 789 5537 est
817 5478 996 5536 cordis
1025 5490 1217 5532 arcana
1248 5474 1407 5529 seire.
1442 5472 1575 5527 Vide
1603 5473 1781 5543 itaque
1819 5479 2019 5542 quanta
2046 5469 2162 5525 elli-

579 5577 828 5637 ciantur;
868 5570 969 5625 viri
999 5565 1330 5639 philosophia
1356 5562 1674 5628 ostenditur,
1707 5571 1762 5617 et
1802 5561 1930 5616 illttd
1961 5576 2160 5631 oppor-

584 5675 709 5720 tune
746 5663 813 5716 ab
844 5661 1034 5733 angelo
1074 5660 1335 5731 prolatum
1377 5655 1443 5711 ad
1484 5652 1641 5708 fidem
1688 5651 1804 5722 ejus
1848 5650 2160 5706 firmandam

2273 452 2475 506 confert
2489 495 2503 518 ,
2520 454 2825 523 dictumque
2848 472 3019 523 ipsum
3040 472 3153 507 sine
3171 452 3475 523 suspicione
3493 459 3694 514 manet,
3709 454 3850 519 quod

2278 545 2515 598 ostendit
2559 545 2732 612 ipsum
2760 562 2822 602 ea
2852 562 3062 616 passum
3104 562 3245 613 esse,
3277 561 3394 616 qua:
3424 546 3504 600 vir
3529 544 3700 615 quivis
3731 545 3852 615 jum

2276 635 2386 707 pati
2419 646 2646 705 poterat.

2339 809 2395 863 6.
2442 801 2722 870 Quomodo
2761 811 2937 858 autem
2966 802 3125 857 tidem
3155 801 3252 871 ipsi
3279 800 3407 857 facit
3431 801 3686 871 angelus?
3717 802 3850 858 Audi

2271 908 2324 952 et
2346 898 2538 951 mirare
2563 896 2825 951 dictorum
2850 897 3183 963 sapientiam.
3210 894 3480 949 Accedens
3504 895 3578 947 ait
3601 912 3613 947 :
3636 894 3849 964 Ioseph,

2271 988 2348 1055 [ili
2374 987 2539 1041 David
2558 1029 2572 1052 ,
2597 989 2702 1041 noli
2721 988 2894 1041 timere
2912 988 3137 1057 accipere
3159 986 3379 1039 Mariam
3405 988 3671 1057 conjuge»:
3688 998 3846 1041 tuam.

2268 1081 2455 1134 Statim
2491 1080 2738 1133 Davidem
2771 1079 2823 1132 in
2871 1077 3180 1132 memoriam
3214 1087 3461 1143 revocat,
3495 1080 3634 1133 unde
3674 1083 3851 1135 nasci-

2271 1180 2422 1225 turus
2447 1180 2560 1223 erat
2602 1170 2885 1233 Christus;
2919 1184 3092 1236 neque
3126 1169 3254 1223 sinit
3276 1168 3424 1223 illum
3460 1168 3695 1233 turbari,
3721 1169 3849 1224 dmn

2271 1276 2366 1330 per
2383 1261 2640 1327 majorum
2663 1275 2858 1314 nomen
2886 1260 3288 1327 promissionem
3307 1259 3558 1314 universo
3573 1264 3756 1329 generi
3777 1262 3852 1315 fa-

2266 1362 2406 1406 ctam
2432 1353 2484 1405 in
2501 1352 2814 1406 metueriam
2844 1359 3078 1405 revocat.
3098 1350 3204 1405 Sed
3220 1350 3375 1416 cujus
3396 1351 3471 1405 rei
3494 1353 3662 1420 gratia
3685 1352 3847 1406 lilium

2274 1444 2433 1497 David
2489 1449 2663 1511 ipsum
2713 1442 2976 1511 appellat?
3008 1441 3090 1495 Ne
3131 1443 3307 1496 timeas
3330 1457 3349 1495 :
3379 1457 3694 1513 quamquam
3724 1446 3848 1499 alibi

2272 1534 2411 1588 Deus
2441 1548 2543 1586 nou
2576 1534 2644 1586 ita
2672 1532 2826 1597 fecit;
2849 1532 2941 1586 sed
2965 1532 3193 1601 quodam
3217 1532 3287 1587 de
3310 1547 3476 1587 uxore
3505 1534 3731 1589 Abrahae
3754 1551 3847 1592 se-

2269 1642 2363 1681 cus
2392 1642 2547 1697 quam
2578 1635 2886 1697 oportuerat
2911 1628 3177 1697 cogitante
3201 1668 3217 1694 ,
3262 1628 3556 1685 terroribus
3586 1631 3846 1703 minisque

2268 1720 2321 1772 in
2372 1719 2635 1789 loquendo
2680 1734 2806 1773 usus
2854 1720 2993 1774 Deus
3035 1728 3154 1786 est;
3185 1723 3392 1776 etiamsi
3424 1722 3494 1776 ibi
3518 1739 3730 1793 quoque
3760 1742 3846 1781 res

2268 1826 2362 1879 per
2385 1811 2736 1881 ignorantiam
2760 1810 2913 1865 fieret
2939 1828 2953 1862 :
2985 1827 3157 1881 neque
3176 1812 3318 1867 enim
3342 1828 3520 1867 rerum
3544 1831 3736 1885 gnams
3758 1817 3847 1871 ille

2269 1900 2455 1954 Saram
2478 1909 2757 1971 acceperat
2783 1918 2795 1955 :
2821 1910 3052 1956 attamen
3083 1902 3443 1971 perterrefeeit
3466 1920 3587 1959 eum
3610 1923 3624 1971 ;
3649 1906 3733 1961 hic
3752 1923 3849 1962 au-

2268 2000 2375 2045 tem
2404 1992 2583 2045 mitius
2606 1991 2800 2062 agitor.
2828 1991 3021 2063 Ingens
3049 1993 3189 2047 enim
3217 2002 3336 2049 erat
3364 2011 3542 2051 rerum
3572 2012 3690 2066 qum
3718 2013 3845 2069 age-

2267 2081 2462 2135 bantur
2482 2082 2809 2152 magnitudo,
2840 2098 3192 2154 maguumque
3215 2086 3354 2140 inter
3376 2087 3543 2141 virum
3564 2098 3846 2159 utrumque

2267 2174 2555 2229 discrimen
2583 2192 2597 2228 :
2627 2185 2952 2244 quaprOpter
2976 2191 3079 2230 non
3110 2186 3227 2231 erat
3255 2177 3621 2248 increpatione
3644 2195 3797 2249 opus.
3829 2184 3840 2213 '

2266 2261 2397 2317 Cum
2425 2274 2601 2319 autem
2628 2264 2795 2330 dixit,
2831 2264 2913 2319 Ne
2942 2268 3119 2321 timeas
3138 2308 3153 2332 ,
3182 2267 3420 2324 declarat
3446 2271 3616 2339 ipsum
3644 2281 3848 2327 metue-

2270 2367 2330 2408 re
2360 2370 2426 2408 ne
2456 2356 2618 2409 Deum
2656 2355 2892 2411 offendat
2911 2399 2924 2419 ,
2952 2358 2996 2410 si
3022 2359 3316 2412 adulteram
3360 2375 3578 2415 tutorem
3609 2361 3800 2417 habeat
3828 2381 3843 2422 ;

2266 2450 2337 2497 tta
2369 2446 2468 2499 nisi
2495 2445 2594 2500 hoc
2618 2447 2839 2512 fuisset,
2872 2448 3015 2502 illam
3040 2448 3308 2504 dimittere
3330 2465 3397 2505 ne
3416 2451 3705 2522 cogitasset
3726 2458 3849 2524 qui—

2264 2536 2411 2591 dem.
2458 2537 2549 2592 His
2595 2539 2752 2607 igitur
2795 2540 3039 2594 omnibus
3075 2541 3377 2597 declaratur
3398 2582 3412 2607 ,
3442 2559 3471 2597 a
3503 2545 3612 2599 Deo
3635 2548 3846 2604 venisse

2267 2629 2511 2697 angelum
2532 2670 2546 2692 ,
2580 2632 2669 2698 qui
2710 2632 2885 2685 omnia
2924 2646 3044 2700 qua:
3082 2631 3335 2701 cogitavit
3358 2642 3418 2688 et
3453 2634 3629 2690 auium
3658 2653 3845 2705 passus

2263 2731 2348 2775 est
2363 2721 2586 2792 .loseph,
2614 2723 2665 2777 in
2689 2723 2923 2778 medium
2950 2727 3130 2779 attulit
3146 2736 3201 2780 et
3215 2729 3483 2796 exposuit.
3510 2729 3733 2798 Virginis
3753 2744 3854 2783 au-

2269 2821 2373 2866 tem
2400 2814 2741 2880 pronuntiato
2764 2815 2996 2878 nomine,
3030 2830 3138 2870 non
3165 2816 3252 2871 hic
3279 2818 3462 2885 stetit,
3486 2817 3586 2874 sed
3609 2818 3816 2873 addidit
3832 2861 3850 2884 ,

2263 2901 2541 2975 Cnniugem
2585 2913 2757 2969 tum,
2798 2921 2961 2974 quam
3008 2922 3116 2962 nou
3165 2908 3238 2963 ita
3286 2918 3550 2977 vocasset,
3586 2910 3635 2965 si
3666 2911 3849 2966 vitiata

2266 2996 2471 3051 fuisset.
2498 2997 2791 3067 Conjugcm
2816 3013 2946 3053 vero
2972 2999 3061 3053 hic
3083 3016 3336 3069 sponsam
3365 3012 3521 3056 vocat
3546 3020 3561 3056 :
3588 3004 3851 3072 quemad.

2267 3086 2485 3141 modum
2516 3096 2567 3143 et
2596 3102 2822 3158 generos
2856 3103 3055 3145 vocare
3098 3092 3234 3146 solet
3274 3092 3547 3162 Scriptura
3584 3109 3848 3165 sponsos,

2262 3188 2388 3233 ante
2413 3180 2642 3248 nuptias.
2656 3180 2798 3248 Quid
2812 3196 2942 3237 vero
2954 3182 3219 3254 signiﬁcat
3236 3184 3382 3250 illud,
3400 3186 3636 3256 Accipere
3649 3188 3674 3242 7
3690 3187 3850 3242 Domi

2261 3270 2495 3324 retinere
2524 3289 2537 3324 :
2564 3270 2676 3340 jam
2702 3272 2848 3327 enim
2878 3272 3023 3327 illam
3050 3274 3232 3329 animo
3258 3275 3552 3332 dimiserat.
3586 3277 3739 3333 Hanc
3763 3280 3855 3333 di-

2265 3361 2481 3416 missam
2500 3364 2676 3419 retine
2695 3405 2710 3428 ,
2733 3380 2891 3435 quam
2916 3365 3011 3421 tibi
3038 3366 3174 3423 Deus
3200 3367 3391 3433 tradit,
3425 3384 3530 3424 non
3553 3381 3810 3439 parentes
3834 3391 3848 3427 :

2262 3453 2427 3507 tradit
2451 3462 2632 3510 autem
2657 3469 2767 3510 non
2788 3456 2858 3511 ad
2887 3458 3097 3527 nuptias
3116 3498 3132 3524 ,
3157 3457 3253 3514 sed
3277 3469 3334 3513 ut
3353 3474 3471 3513 cum
3498 3459 3585 3515 illa
3608 3460 3853 3529 habites;

2261 3542 2426 3598 tradit
2452 3558 2614 3613 perm
2644 3560 2740 3615 per
2764 3560 2953 3602 vocem
2982 3563 3177 3603 meam.
3210 3548 3278 3605 Ut
3302 3550 3446 3604 illam
3480 3561 3661 3621 postea
3687 3550 3852 3608 Chri-

2264 3644 2377 3688 sms
2401 3635 2621 3690 tradidit
2643 3636 2939 3707 discipulo,
2971 3638 3041 3693 ita
3070 3648 3126 3695 et
3155 3654 3300 3696 nunc
3328 3640 3563 3712 Josepho
3594 3645 3846 3702 traditur.

2264 3724 2466 3781 Deinde
2494 3742 2608 3781 rem
2656 3727 2883 3785 obscure
2926 3730 3167 3786 indicans
3187 3772 3201 3795 ,
3229 3746 3454 3802 praVam
3481 3735 3849 3804 suspicionem

2265 3833 2372 3873 non
2423 3822 2783 3885 memoravit,
2823 3821 2917 3878 sed
2966 3822 3277 3881 honestiore
3334 3828 3857 3898 congruentioreqne

2263 3909 2422 3965 modo
2448 3912 2817 3980 conceptionis
2842 3914 3080 3981 exposita
3111 3929 3271 3969 causa
3288 3956 3303 3980 ,
3332 3916 3474 3970 illam
3499 3918 3735 3985 sustulit,
3758 3935 3857 3975 os-

2261 4001 2485 4055 tendens
2522 4017 2642 4056 cum
2665 4042 2681 4068 ,
2716 4013 2933 4073 propter
2972 4005 3213 4060 eamdem
3257 4007 3425 4075 ipsam
3458 4024 3673 4064 causam
3700 4050 3717 4077 ,
3747 4027 3857 4083 qua

2262 4088 2484 4145 timebat
2507 4102 2560 4146 et
2586 4092 2729 4147 illam
2751 4094 3021 4150 dimittere
3042 4096 3273 4161 volebat,
3295 4099 3414 4167 jure
3441 4098 3583 4153 illam
3613 4101 3862 4172 recipere

2261 4192 2314 4236 et
2343 4184 2576 4239 retinere
2602 4183 2798 4240 debere
2825 4202 2839 4238 :
2868 4186 3051 4257 sicque
3079 4202 3145 4242 ex
3173 4188 3462 4243 abundanti
3491 4190 3607 4256 ejus
3633 4194 3854 4247 mmSti-

2261 4273 2387 4327 tiam
2417 4275 2654 4329 resolvit.
2688 4276 2802 4331 Non
2847 4278 3011 4331 modo
3033 4319 3046 4341 ,
3091 4277 3294 4348 inquit,
3330 4279 3515 4334 illicito
3557 4294 3860 4350 congressu

2260 4378 2390 4432 pura
2418 4374 2503 4419 est
2521 4405 2534 4428 ,
2563 4365 2656 4419 sed
2679 4367 2837 4420 etiam
2860 4382 3020 4435 supra
3048 4378 3290 4423 naturam
3315 4378 3522 4423 uterum
3545 4380 3737 4440 gestat.
3766 4373 3855 4428 Ne

2261 4454 2420 4522 igitur
2446 4465 2645 4509 metum
2679 4471 2846 4525 ponas
2878 4466 3079 4511 tantum
3102 4499 3115 4520 ,
3148 4459 3243 4514 sed
3270 4459 3325 4514 in
3350 4475 3595 4529 Iltﬂg‘nall
3625 4477 3861 4534 erumpe

2261 4542 2499 4598 la't-it'ram
2529 4562 2542 4597 :
2574 4546 2727 4612 Quod
2752 4548 2885 4600 enim
2910 4548 2962 4601 in
2989 4565 3049 4601 ea
3075 4561 3250 4603 natum
3279 4560 3348 4604 est
3369 4593 3383 4617 ,
3415 4552 3478 4605 de
3507 4552 3706 4621 Spiritu
3735 4569 3861 4608 san-

2255 4644 2336 4687 cto
2363 4644 2455 4689 est.
2503 4635 2836 4705 Stupendum
2867 4638 3068 4691 dictum
3093 4678 3111 4705 ,
3144 4638 3431 4695 humanam
3464 4643 3854 4710 cogitationem

2254 4737 2549 4792 superans,
2585 4724 2835 4796 legesque
2877 4738 3081 4783 natura:
3120 4733 3523 4785 transceudens.
3563 4730 3860 4799 Quomodo

2256 4815 2412 4885 igitur
2432 4817 2613 4871 credet
2631 4818 2707 4871 vir
2732 4819 2862 4872 tales
2883 4834 2989 4873 non
3006 4831 3258 4889 expertus
3276 4824 3603 4877 narrationes
3617 4823 3643 4877 ?
3660 4825 3699 4876 Λ
3723 4841 3859 4894 pra:-

2256 4905 2550 4971 teritorum,
2580 4907 2769 4979 inquit,
2798 4910 3143 4965 revelatione.
3173 4912 3296 4967 Ideo
3316 4915 3492 4967 omnia
3517 4931 3634 4983 qua:
3656 4927 3851 4971 mente

2255 4998 2543 5066 cogitabat,
2570 5000 2843 5067 revelavit,
2869 5016 2988 5068 quae
3014 5016 3202 5071 passus
3223 5012 3324 5069 est,
3349 5019 3466 5073 quae
3496 5004 3690 5069 timuit,
3719 5022 3852 5074 qtae

2253 5087 2429 5143 facere
2452 5089 2827 5157 meditabatur,
2852 5100 2911 5146 ιιι
2931 5092 3035 5146 illis
3057 5094 3107 5147 in
3132 5094 3364 5149 medium
3387 5095 3653 5162 adductis,
3676 5097 3851 5151 etiam

2258 5180 2340 5245 his
2366 5180 2525 5236 fidem
2546 5183 2796 5249 haberet;
2826 5186 2932 5241 imo
2957 5201 3064 5241 non
3084 5203 3148 5242 ex
3178 5189 3460 5258 prmteritis
3482 5199 3683 5243 tantum
3704 5229 3719 5254 ,
3744 5192 3848 5245 sed

2250 5270 2414 5326 etiam
2438 5288 2502 5326 ex
2531 5272 2721 5329 futuris
2741 5275 2807 5331 ad
2832 5276 3152 5332 credendum
3180 5278 3329 5333 illum
3372 5279 3600 5336 inducit.
3623 5278 3716 5335 2|.
3750 5279 3862 5333 Pa-

2256 5356 2354 5409 ria
2370 5367 2563 5422 «arma,
2586 5357 2781 5427 inquit,
2806 5359 2990 5427 ﬁlium,
3016 5372 3063 5413 et
3082 5363 3282 5416 vocabis
3307 5378 3483 5417 natura
3509 5364 3618 5433 ejus
3637 5365 3847 5423 lauru.

2259 5441 2334 5498 Ne
2352 5455 2506 5515 putes
2527 5447 2665 5500 enim
2690 5450 2813 5518 quia
2834 5464 2897 5503 ex
2924 5448 3120 5520 Spiritu
3145 5463 3331 5507 saneto
3356 5464 3456 5525 est.
3482 5464 3530 5508 te
3559 5454 3680 5509 ideo
3702 5455 3846 5511 alie-

2351 5653 2367 5685 ³
2403 5654 2512 5713 Alii,
2540 5666 2629 5703 non
2652 5651 2914 5717 increpavit
2935 5666 2981 5707 ut
3004 5663 3263 5722 ομοπιιιῡλι.
