4058 6208
488 217 557 270 47
1196 220 1252 275 S.
1295 221 1579 278 JOANNIS
1616 221 2103 280 CIIRYSOSTOMI
2141 220 2460 278 ARCHIEP.
2495 203 3047 277 CONSTANTINOP.
3635 200 3709 258 58
3768 261 3781 275 ³
3866 166 3871 175 ’

472 334 571 403 τῆς
596 330 809 401 φύσεως
830 330 1030 402 νόμων.
1054 326 1179 392 Πῶς
1196 322 1290 381 οὐν
1311 324 1589 379 πιστεύσει
1611 324 1639 374 ό
1659 320 1860 374 τούτων
1882 319 2039 373 ἀπει-

477 441 571 494 ρος
589 423 697 474 τῶν
718 422 1071 492 διηγημάτων
1094 419 1263 489 ἀνήρ;
1298 416 1428 469 Ἀπὸ
1445 415 1553 467 τῶν
1574 413 1618 444 ¹⁹
1645 410 2040 480 παρελθόντων,

477 514 660 585 φησὶν,
680 511 787 565 ἀπὸ
812 512 920 564 τῶν
943 513 989 544 ¹⁶
1015 507 1425 577 ἀποκαλύψεων.
1454 504 1551 558 Διά
1580 506 1689 575 7&9
1710 502 1867 556 τοῦτο
1891 502 1956 554 τὰ
1986 504 2043 553 ἐν

476 607 542 674 τῇ
559 604 767 673 διανοίᾳ
788 602 965 655 πάντα
992 597 1339 666 ἐξεκάλυψεν,
1356 596 1459 649 ἀπε
1467 615 1499 667 ρ
1516 594 1734 656 ἔπαθεν,
1758 592 1900 663 άπερ
1917 591 2043 643 ἐδει-

478 710 589 756 σεν,
611 693 751 761 άπερ
769 690 986 759 ποιῆσαι
1009 688 1381 750 ἐϐουλεύσατο,
1399 687 1486 738 ἵνα
1639 684 1696 747 ἐξ
1709 682 1927 736 ἐκείνων
1948 681 2042 734 καὶ

477 779 633 831 τοῦτο
661 777 995 846 πιστώσηται
1018 795 1031 807 ·
1060 777 1257 845 μᾶλλον
1276 775 1354 837 δέ,
1377 774 1477 826 οὐκ
1500 773 1607 826 ἀπὸ
1626 772 1733 823 τῶν
1755 768 2037 839 παρελθόν-

479 886 585 921 των
608 868 763 936 μόνον
787 869 853 928 ²¹,
880 866 1018 919 ἀλλὰ
1037 867 1131 919 καί
1156 865 1264 918 ἀπὸ
1301 865 1410 916 τῶν
1444 863 1738 933 μελλόντων
1767 858 1927 912 αὐτὸν
1959 858 2047 909 ἐπ-

481 958 690 1024 άγεται.
731 956 960 1019 Τέξεται
997 957 1085 1019 δὲ,
1118 956 1305 1025 φησὶν,
1345 954 1501 1016 υἱὸν,
1534 952 1635 1005 καὶ
1677 950 1955 1012 καλέσεις
1982 954 2049 999 τό

484 1042 671 1109 ὄνομα
681 1043 877 1110 ,αὐτοῦ
899 1044 1160 1109 Ἰησοῦν.
1176 1042 1269 1112 Μὴ
1288 1044 1414 1112 γὰρ,
1433 1041 1618 1112 ἐπειδὴ
1648 1042 1712 1093 ἐκ
1742 1036 2053 1107 Πνεύματός

484 1133 631 1184 ἐστιν
661 1134 839 1199 ἀγίου,
862 1134 1088 1204 νομίσῃς
1120 1132 1397 1203 ἀλλότριόν
1417 1148 1475 1183 σε
1500 1133 1598 1200 τῆς
1624 1128 1893 1190 διακονίας
1913 1121 2049 1178 εἷναι

486 1223 586 1292 τῆς
604 1222 745 1274 κατὰ
762 1224 862 1291 τὴν
889 1222 1218 1289 οἰκονομίαν.
1240 1223 1303 1275 Εἰ
1323 1224 1427 1294 γὰρ
1457 1223 1550 1275 καί
1574 1226 1653 1285 εἰς
1679 1224 1775 1293 τὴν
1802 1222 2053 1290 γέννησιν

488 1309 641 1362 οὐδὲν
672 1310 963 1375 συντελεῖς,
992 1310 1105 1363 ἀλλ’
1143 1311 1422 1378 ἀνέπαφος
1464 1312 1672 1381 ἔμεινεν
1698 1314 1730 1382 ἡ
1762 1310 2053 1382 Παρθένος,

489 1401 643 1469 ὅμως
675 1400 814 1470 ὅπερ
864 1402 980 1454 ἐστὶ
1026 1402 1230 1472 πατρὸς
1258 1400 1387 1454 ίδιον
1412 1441 1427 1465 ,
1477 1404 1535 1455 οὐ
1564 1404 1956 1473 λυμαινόμενον
1996 1401 2056 1453 τὸ

492 1489 592 1555 τῆς
631 1489 925 1559 παρθενίας
968 1491 1199 1560 ἀξίωμα,
1245 1490 1403 1543 τοῦτό
1444 1508 1526 1543 σοι
1568 1490 1855 1560 δίδωμι,τὸ
1887 1491 2057 1559 δνομα

493 1579 758 1632 ἐπιθεῖναι
784 1579 863 1649 τῷ
894 1582 1193 1651 τικτομένῳ
1216 1598 1231 1614 ·
1268 1582 1332 1634 σὺ
1364 1581 1473 1651 γὰρ
1506 1582 1667 1634 αὐτὸν
1699 1582 1962 1643 καλέσεις.
1993 1582 2059 1633 Εἰ

492 1673 601 1740 γάρ
630 1670 723 1723 καὶ
773 1670 846 1739 μὴ
880 1671 969 1734 σὸς
1012 1673 1041 1725 ό
1072 1672 1247 1735 τόκος,
1288 1672 1423 1725 ἀλλά
1460 1672 1527 1724 τὰ
1578 1672 1779 1742 πατρὸς
1817 1670 2059 1742 ἐπιδείξῃ

492 1762 622 1831 περί
655 1762 837 1815 αὐτόν.
874 1762 971 1815 Διά
1000 1762 1159 1815 τοῦτό
1198 1781 1256 1815 σε
1281 1764 1375 1817 καὶ
1405 1763 1513 1816 ἀπὸ
1552 1764 1649 1832 τῆς
1678 1762 1770 1814 τοῦ
1801 1764 2060 1831 ὀνόματος

495 1847 695 1911 Θέσεως
739 1849 940 1912 εὐθέως
986 1850 1170 1903 οἰκειῶ
1217 1850 1295 1919 τῷ
1325 1850 1643 1920 τικτομένῳ.
1681 1848 1834 1911 Εἶτα,
1859 1851 1945 1902 ἴνα
1988 1849 2061 1919 μὴ

423 1972 427 1976 -
496 1939 659 1993 πάλιν
690 1940 753 1990 ἐκ
782 1939 973 1991 τούτου
1012 1942 1219 2008 πατέρα
1236 1957 1317 2001 τις
1345 1939 1505 1992 αὐτὸν
1536 1939 1871 2009 ὑποπτεύσῃ,
1906 1940 2064 1993 ἄκουε

422 2028 435 2045 ί
500 2045 590 2080 σον
617 2028 683 2081 τά
716 2027 844 2098 ἑξῆς
880 2028 996 2093 πῶς
1030 2031 1165 2101 μετὰ
1201 2032 1483 2101 ἀκριϐείας
1510 2030 1709 2100 τίθησι.
1746 2030 1971 2093 Τέξεται
1994 2032 2061 2091 ¹²,

500 2118 683 2186 φησὶν,
712 2121 848 2174 υἱόν
868 2136 881 2151 ·
924 2122 1023 2172 οὐκ
1055 2118 1197 2187 εἷπε,
1236 2120 1461 2186 Τέξεταί
1500 2138 1604 2179 σοι,
1638 2120 1753 2173 ἀλλ’
1788 2120 1970 2182 ἁπλῶς
1994 2120 2063 2181 ’³,

506 2208 760 2275 Τέξεται,
792 2212 1062 2281 μετέωρον
1089 2213 1221 2266 αὐτὸ
1248 2212 1359 2275 θείς
1380 2228 1396 2245 ·
1426 2212 1487 2265 οὐ
1516 2211 1625 2281 γάρ
1663 2210 1809 2279 αὐτῷ
1835 2210 2063 2272 ἔτικτεν,

500 2299 637 2353 ἀλλά
669 2303 735 2371 τῇ
762 2302 1053 2374 οἰκουμένῃ
1083 2304 1251 2376 πάσῃ.

573 2390 638 2455 ζ’.
662 2391 762 2444 Διά
784 2391 940 2446 τοῦτο
962 2394 1135 2447 καὶτὸ
1149 2396 1320 2465 ὄνομα
1342 2396 1406 2449 ἐκ
1422 2397 1531 2450 τῶν
1556 2397 1799 2468 οὐρανῶν
1819 2391 1946 2469 ῆλθε
1975 2412 2065 2449 κο-

507 2479 679 2551 μίζων
692 2483 719 2535 ὁ
738 2481 984 2550 ἄγγελος,
1003 2485 1096 2537 καί⁵
1112 2485 1358 2538 ἐντεῦθεν
1373 2486 1585 2551 δεικνὺς
1610 2486 1920 2557 θαυμαστὸν
1944 2485 2071 2539 ὅντα

502 2572 595 2624 τὸν
623 2572 800 2637 τόκον,
835 2573 912 2644 τῷ
954 2575 1045 2628 τὸν
1092 2575 1223 2629 Θεδν
1252 2573 1391 2631 εἶναι
1437 2578 1529 2631 τὸν
1568 2579 1665 2649 τὴν
1704 2577 2071 2649 προσηγορίαν

504 2662 711 2717 ἄνωθεν
744 2665 1030 2734 πέμποντα
1063 2667 1155 2721 διά
1179 2668 1275 2720 τοῦ
1310 2669 1541 2737 ἀγγέλου
1579 2669 1656 2740 τῷ
1693 2670 1909 2739 Ἰωσήφ.
1938 2667 2072 2721 Οὐδέ

504 2753 614 2824 7&9
637 2753 791 2807 τοῦτο
822 2756 1003 2821 ἁπλῶς
1030 2754 1119 2828 ἦν,
1142 2758 1278 2813 ἀλλά
1304 2760 1511 2831 μυρίων
1539 2760 1758 2829 ἀγαθῶν
1778 2758 2068 2830 θησαυρός.

504 2842 595 2896 Διὸ
617 2845 708 2897 καὶ
733 2846 1025 2918 ἐρμηνεύει
1053 2849 1212 2903 τοῦτο
1234 2853 1262 2904 ό
1294 2850 1543 2919 ἄγγελος,
1567 2852 1660 2905 καὶ
1687 2850 1926 2921 χρηστὰς
1943 2850 2074 2901 ὓπο-

503 2936 668 2989 τείνει
690 2937 930 3001 ἐλπίδας,
962 2940 1254 3011 καὶταύτῃ
1299 2943 1436 3012 πρὸς
1466 2943 1648 2995 πίστιν
1682 2941 1844 2994 αὐτὸν
1876 2939 2075 3008 ἐπαγό-

511 3042 691 3092 μενος.
755 3028 897 3097 Πρὺς
932 3028 1040 3098 γὰρ
1091 3030 1264 3082 ταῦτα
1316 3032 1774 3103 ἐπιρρεπέστερον
1807 3031 2076 3101 εἰώθαμεν

506 3115 683 3185 ἔχειν’
732 3117 812 3169 διὸ
864 3121 958 3172 καὶ
1003 3121 1199 3190 μᾶλλον
1244 3123 1424 3186 αὐτοῖς
1480 3123 1753 3177 πιστεύειν
1794 3121 2074 3191 φιλοῦμεν.

522 3205 656 3258 Ἀπὸ
698 3208 914 3262 πάντων
942 3210 1121 3262 τοίνυν
1159 3212 1574 3274 κατασκευάσας
1602 3211 1699 3281 τὴν
1743 3211 1942 3273 πίστιν,
1971 3209 2079 3263 ἀπὸ

509 3295 620 3349 τῶν
652 3299 1027 3369 παρελθόντων
1055 3341 1069 3362 ,
1110 3302 1218 3355 ἀπὸ
1279 3304 1386 3356 τῶν
1445 3303 1774 3373 μελλόντων,
1826 3302 1932 3354 ἀπὸ
1972 3301 2079 3354 τῶν

512 3385 841 3452 ἐνεστώτων,
863 3389 970 3442 ἀπὸ
998 3391 1095 3460 τῆς
1123 3395 1200 3456 εἰς
1226 3394 1385 3447 αὐτὸν
1417 3395 1600 3463 τιμῆς,
1635 3395 1840 3461 εἰσάγει
1866 3394 1960 3447 καί
1990 3394 2081 3447 τὸν

515 3477 801 3548 προφήτην
866 3480 1135 3553 εὐκαίρως
1187 3484 1395 3548 τούτοις
1462 3485 1629 3538 ἅπασι
1691 3485 2078 3556 ψηφιζόμενον.

515 3563 653 3635 Πρὶν
695 3565 811 3636 ἢδέ
848 3568 1008 3621 αὐτὸν
1038 3570 1370 3639 εἰσαγαγεῖν,
1401 3574 1469 3625 τὰ
1510 3573 1767 3643 μέλλοντα
1796 3576 1863 3644 τῇ
1902 3575 2083 3626 οἰκου-

519 3656 659 3726 μένῃ
701 3656 770 3709 δι’
822 3658 988 3711 αὐτοῦ
1039 3662 1413 3732 συμϐήσεσθαι
1463 3664 1641 3732 ἀγαθά
1683 3666 2079 3735 προαναφωνεῖ.

526 3744 652 3799 ΐίνα
673 3747 730 3799 δέ
753 3747 926 3803 ταύτά
958 3751 1136 3816 ἐστινς
1174 3753 1482 3824 ’Δμαρτιῶν
1514 3755 1629 3827 [59]
1667 3756 1956 3826 ἀπαλλαγὴ
1990 3755 2086 3808 καὶ

519 3832 815 3904 ἀναίρεσις.
839 3838 1033 3904 Αὐτὸς
1047 3840 1158 3909 γὰρ
1187 3842 1393 3907 σώσει,
1415 3847 1566 3914 φησι,
1594 3846 1699 3899 τὸν
1720 3847 1873 3899 λαὸν
1902 3846 2087 3901 αὐτοῦ

515 3922 633 3983 ἀπὸ
666 3925 787 3978 τῶν
828 3928 1126 3997 ἁμαρτιῶν
1152 3932 1350 3986 αὐτῶν
1400 3937 1506 3989 Καὶ
1555 3937 1782 3989 ἐνταῦθα
1814 3938 1874 3989 τὸ
1919 3937 2092 4006 παρά-

515 4018 665 4082 δοξον
705 4019 1053 4075 ἐνδείκνυται.
1088 4024 1162 4075 Οὐ
1201 4023 1309 4094 γὰρ
1344 4025 1591 4096 πολέμων
1631 4028 1929 4100 αίσθητῶν,
1958 4032 2079 4087 οὐδὲ

516 4108 824 4179 βαρϐάρων,
854 4109 969 4162 ἀλλ’
1003 4111 1031 4163 ὃ
1065 4113 1242 4183 πολλῴ
1267 4114 1469 4168 τούτων
1499 4117 1681 4186 μεῖξον
1715 4120 1801 4190 ἦν,
1833 4121 2074 4194 ἁμαρτη-

516 4200 699 4267 μάτων
748 4203 1063 4270 ἀπαλλαγὴν
1114 4206 1558 4273 εὐαγγελίζεται¹
1607 4211 1635 4262 ὃ
1700 4213 1889 4282 μηδενί
1946 4234 2074 4270 ποτε

512 4288 820 4359 ἔμπροσθεν
849 4291 1064 4356 ἐγένετο
1091 4293 1330 4347 δυνατόν.
1365 4299 1472 4349 Καὶ
1509 4300 1654 4362 τίνος
1682 4303 1883 4368 ἕνεκεν,
1920 4308 2072 4376 φησί,

516 4378 629 4466 Ίξὸν
652 4377 806 4430 λαόν
842 4379 1047 4437 αὑτοῦ,
1082 4376 1219 4445 εἷπε,
1253 4385 1344 4435 καὶ
1376 4386 1493 4455 οὐχί
1518 4391 1610 4440 καὶ
1652 4391 1721 4441 τὰ
1754 4392 1877 4463 ἔθνη
1910 4413 2062 4466 προσ-

511 4464 741 4555 έθηκεν;
773 4468 887 4520 Ἵνα
912 4468 985 4537 μὴ
1013 4471 1224 4541 πτοήσῃ
1252 4472 1342 4524 τὸν
1367 4474 1641 4545 ἀκροατὴν
1664 4479 1819 4542 τέως.
1851 4483 1940 4551 Τῷ
1957 4464 2072 4555 γὰρ

512 4553 745 4617 συνετῶς
768 4555 1103 4627 ἀκροωμένῳ
1130 4560 1222 4611 καὶ
1262 4561 1329 4614 τὰ
1368 4561 1493 4633 ἔθνη
1520 4565 1755 4634 ᾐνίξατο.
1797 4570 1938 4633 Λαὸς
1967 4553 2072 4642 7&9

508 4644 673 4698 αὐτοῦ
712 4646 809 4716 οὐχ
842 4648 892 4699 οἱ
940 4648 1179 4703 Ἰουδαῖοι
1229 4651 1417 4721 μόνον,
1464 4655 1599 4709 ἀλλά
1653 4659 1748 4710 καὶ
1790 4660 1988 4725 πάντες
2024 4665 2069 4715 οἱ

508 4738 822 4807 προσιόντες
869 4739 961 4793 καὶ
1004 4740 1280 4811 δεχόμενοι
1322 4744 1422 4816 τὴν
1467 4748 1593 4817 παρ’
1636 4749 1799 4803 αὐτοῦ
1854 4753 2069 4820 γνῶσιν.

468 4868 480 4925 Ι
506 4828 790 4925 ξκόπειῃδὲ
803 4830 945 4925 ’πῶς
962 4833 1126 4925 αὐτοῦ
1157 4836 1333 4888 καὶτὸ
1355 4835 1570 4906 ἀξίωμα
1601 4839 1729 4908 ήμῖν
1759 4844 2071 4913 παρήνοιξε,

506 4917 633 4971 λαὸν
665 4921 829 4974 αὐτοῦ
861 4922 1040 4976 καλῶν
1089 4925 1182 4979 τὸν
1227 4926 1396 4999 δῆμον
1432 4930 1523 4984 τὸν
1568 4930 1869 4988 Ἰουδαϊκόν.
1906 4936 2074 4991 Τοῦτο

505 5009 615 5079 7&9
644 5009 796 5063 οὐδὲν
835 5011 961 5064 ἀλλο
998 5012 1301 5081 δεικνύντος
1337 5021 1504 5083 ἐστὶν,
1535 5022 1568 5092 ἢ
1596 5024 1676 5076 ὅτι
1716 5022 1851 5077 Θεοῦ
1884 5025 2017 5090 Παῖς
2044 5029 2073 5080 ό

505 5100 839 5170 τικτόμενος,
876 5103 967 5156 καὶ
1001 5107 1128 5176 περί
1158 5108 1251 5161 τοῦ
1283 5110 1391 5161 τῶν
1432 5112 1544 5166 ἀνω
1574 5113 1836 5182 βασιλέως
1862 5118 1891 5170 ό
1917 5118 2072 5187 λόγος

505 5193 651 5248 ἐστὶν
681 5194 849 5264 αὐτῷ.
896 5196 1029 5248 οὐδέ
1072 5197 1181 5269 7&9
1213 5200 1580 5274 ἁμαρτήματα
1626 5207 1842 5276 ἀφιέναι
1881 5210 2069 5279 ἐτέρας

505 5285 623 5338 ἐστί
671 5286 982 5356 δυνάμεως,
1032 5290 1147 5342 ἀλλ’
1192 5292 1224 5361 ἢ
1268 5293 1366 5363 τῆς
1406 5296 1592 5361 οὐσίας
1640 5298 1806 5369 μόνης
1835 5299 2067 5369 ἐκείνης.

505 5380 548 5409 ’³
568 5379 718 5432 Ἐπεὶ
748 5375 842 5434 οὖν
900 5380 1167 5451 τοσαύτης
1198 5384 1583 5460 ἀπελαύσαμεν
1620 5391 1826 5461 δωρεᾶς
1845 5430 1860 5456 ,
1895 5394 2070 5447 πάντα

2164 322 2426 392 ποιῶμεν,
2454 319 2595 373 ὥστε
2646 317 2721 388 μὴ
2765 316 2864 387 τὴν
2897 314 3213 387 εὐεργεσίαν
3258 310 3582 384 καθυϐρίσαι
3621 312 3720 380 τὴν

2164 412 2451 482 τοσαύτην.
2485 411 2548 463 Εἰ
2586 409 2697 478 γὰρ
2741 408 2835 461 καὶ
2882 406 2988 477 πρὸ
3017 407 3116 475 τῆς
3158 403 3323 474 τιμῆς
3363 400 3563 470 ταύτης
3600 399 3721 464 ἀξια

2165 504 2436 566 κολάσεως
2479 502 2547 553 τὰ
2578 499 2835 569 γινόμενα
2866 494 2956 568 ῆν,
2998 484 3175 565 πολλῷ
3211 493 3409 563 μᾶλλον
3456 490 3596 563 μετά
3627 490 3723 560 τὴν

2166 595 2368 663 ἄφατον
2396 592 2597 661 ταύτην
2620 587 2951 658 εὐεργεσίαν.

2238 682 2350 735 Καὶ
2376 680 2550 735 ταῦτα
2574 680 2671 747 οὐχ
2707 676 2891 738 ἁπλῶς
2919 674 3059 743 λέγω
3087 674 3203 736 νῦν,
3235 672 3347 726 ἀλλ’
3381 671 3572 742 ἐπειδὴ
3602 670 3725 723 πολ-

2168 774 2293 836 λοὺς
2320 771 2429 841 όρῶ
2464 769 2602 840 μετά
2627 768 2688 821 τὸ
2721 766 3003 837 βάπτισμα
3031 763 3393 836 ῥᾳθυμότερον
3419 764 3525 814 τῶν
3551 762 3725 831 ἀμυή-

2170 885 2277 920 των
2305 862 2698 924 διατελοῦντας,
2729 861 2823 912 καὶ
2852 858 3002 911 οὐδὲν
3036 857 3253 926 ἔχοντας
3288 856 3416 908 ἴδιον
3445 854 3726 924 γνώρισμα

2172 956 2464 1017 πολιτείας.
2497 954 2596 1007 Διά
2634 969 2716 1005 τοι
2762 950 2920 1004 τοῦτο
2948 949 3049 1001 οὐκ
3088 949 3147 999 ἐν
3181 948 3376 1017 ἀγορᾷ,
3405 947 3505 999 οὐκ
3539 947 3597 997 ἐν
3644 947 3731 998 ἐκ·

2173 1047 2373 1117 κλησία
2398 1044 2621 1097 δυνατὸν
2645 1042 2844 1095 εἰδέναι
2859 1040 3089 1109 ταχέως,
3118 1039 3202 1101 τίς
3240 1038 3335 1108 μὲν
3363 1038 3392 1089 ὁ
3425 1037 3635 1099 πιστὸς,
3654 1036 3733 1103 τίς

2176 1139 2233 1192 δέ
2253 1141 2281 1191 ό
2306 1136 2380 1207 μὴ
2406 1119 2593 1197 πιστὸς
2610 1172 2627 1198 ,
2647 1132 2783 1203 πλὴν
2819 1131 2872 1183 εί
2892 1148 2977 1193 τις
3001 1131 3141 1183 κατά
3163 1129 3255 1182 τὸν
3276 1127 3465 1198 καιρὸν
3487 1126 3734 1196 ἐπισταίη

2176 1229 2284 1281 τῶν
2332 1223 2667 1294 μυστηρίων,
2714 1221 2809 1274 καὶ
2843 1220 2942 1273 ἴδοι
2977 1221 3104 1282 τοὺς
3148 1219 3245 1289 μὲν
3294 1216 3733 1287 ἐκϐαλλομένους,

2179 1318 2305 1377 τοὺς
2333 1315 2389 1368 δέ
2419 1312 2567 1365 ἔνδον
2599 1310 2876 1381 μένοντας.
2916 1310 3111 1380 Ἐχρῆν
3148 1309 3205 1361 δὲ
3241 1308 3342 1360 οὐκ
3380 1306 3491 1359 ἀπὸ
3524 1305 3619 1360 τοῦ
3656 1307 3740 1360 1:6-

2181 1423 2305 1468 που,
2334 1403 2450 1458 ἀλλ’
2477 1402 2586 1455 ἀπὸ
2611 1400 2705 1453 τοῦ
2742 1400 2943 1470 τρόπου
2977 1396 3357 1468 γνωρίζεσθαι.
3387 1396 3468 1449 Τά
3508 1395 3608 1465 μὲν
3635 1394 3740 1464 7&9

2184 1497 2378 1562 ἔξωθεν
2409 1496 2454 1526 ’⁸
2485 1491 2794 1561 ἀξιώματα,
2834 1490 3055 1552 εἰκότως
3094 1490 3199 1541 ἀπὸ
3213 1487 3319 1540 τῶν
3352 1487 3549 1552 ἔξωθεν
3589 1504 3739 1557 περι·

2187 1585 2453 1656 κειμένων
2475 1580 2592 1654 [60]
2620 1579 2931 1649 τεκμηρίων
2957 1580 3072 1632 ἐστί
3100 1578 3372 1648 κατάδηλα
3389 1595 3402 1608 ·
3436 1577 3505 1630 τὰ
3529 1576 3586 1629 δέ
3610 1575 3742 1647 ἡμέο

2185 1693 2318 1748 τερα
2365 1676 2473 1731 ἀπὺ
2511 1676 2610 1744 τῆς
2638 1674 2812 1742 ψυχῆς
2850 1666 2988 1723 εἶναι
3038 1670 3289 1740 γνώριμα
3324 1670 3449 1738 χρή.
3497 1670 3602 1722 Τὸν
3646 1670 3748 1741 7&9
3784 1719 3788 1725 .

2188 1766 2375 1819 πιστὸν
2429 1764 2528 1817 οὐκ
2564 1762 2672 1814 ἀπὸ
2701 1761 2801 1829 τῆς
2851 1759 3059 1828 δωρεᾶς
3106 1758 3212 1828 χρὴ
3247 1758 3530 1826 φαίνεσθαι
3570 1759 3746 1829 μόνον,

2185 1854 2319 1906 ἀλλὰ
2369 1852 2463 1904 καὶ
2514 1850 2621 1902 ἀπὸ
2662 1849 2758 1918 τῆς
2806 1842 2950 1917 ζωῆς
2992 1847 3091 1915 τῆς
3134 1846 3347 1915 καινῆς.
3388 1846 3492 1899 Τὸν
3540 1848 3748 1910 πιστὸν,

2187 1942 2449 2012 φωστῆρα
2476 1941 2557 1993 δεῖ
2602 1936 2739 1991 εἶναι
2776 1936 2869 1990 τοῦ
2913 1937 3117 2005 κόσμου
3164 1935 3259 1989 καί
3304 1936 3456 1998 άλας.
3502 1936 3666 1989 Ὅταν
3694 1937 3748 1989 δέ

2189 2035 2321 2104 μηδέ
2382 2030 2563 2102 σαυτῷ
2616 2030 2844 2103 φαίνῃς,
2883 2030 3016 2098 μηδὲ
3069 2029 3169 2097 τὴν
3223 2027 3426 2081 οἰκείαν
3486 2028 3750 2096 σηπεδόνα

2191 2124 2561 2195 ἐπισφίγγῃς,
2626 2120 2789 2173 πόθεν
2851 2135 2910 2171 σε
2956 2118 3214 2188 εἰσόμεθα
3257 2117 3471 2181 λοιπόν;
3518 2118 3602 2169 ὃτι
3643 2118 3748 2169 τῶν

2186 2215 2439 2286 ναμάτων
2478 2212 2679 2282 ἐπέϐης
2714 2212 2821 2263 τῶν
2848 2208 3007 2280 ἱερῶν
3033 2225 3048 2273 ;
3095 2208 3252 2261 Ἀλλά
3280 2207 3438 2260 τοῦτό
3479 2224 3561 2260 σοι
3593 2209 3748 2261 κολά.⁹

2189 2323 2325 2370 σεως
2352 2305 2558 2374 ἐφόδιον
2584 2304 2815 2372 γίνεται.
2859 2300 3037 2371 Τιμῆς
3080 2300 3190 2370 7&9
3237 2299 3467 2370 μέγεθος
3499 2303 3613 2363 τοῖς
3652 2301 3749 2353 οὐκ

2186 2396 2349 2464 ἀξίως
2380 2399 2478 2465 τῆς
2506 2395 2671 2464 τιμῆς
2716 2392 2816 2463 ζῇν
2864 2392 3312 2463 προαιρουμένοις
3345 2390 3628 2462 προσθήκη
3670 2409 3748 2445 τιο

2187 2485 2399 2557 μωρίας
2420 2483 2554 2537 ἐστί.
2577 2482 2681 2535 Τδν
2710 2480 2819 2551 7&9
2850 2479 3038 2533 πιστὸν
3062 2481 3164 2533 οὐκ
3187 2480 3278 2548 ἀφ’
3301 2472 3376 2532 ὧν
3408 2478 3566 2532 ἔλαϐε
3601 2479 3748 2549 παρά

2182 2574 2277 2628 τοῦ
2307 2572 2441 2627 Θεοῦ
2483 2572 2661 2644 μόνον,
2698 2571 2835 2625 ἀλλὰ
2884 2572 2979 2625 καὶ
3015 2572 3110 2640 ἀφ’
3146 2565 3223 2624 ὧν
3260 2570 3420 2633 αὐτὸς
3466 2572 3745 2641 εἰσήνεγκε

2183 2664 2418 2735 λάμπειν
2470 2665 2708 2726 δίκαιον,
2740 2663 2833 2716 καὶ
2876 2662 3210 2733 πανταχόθεν
3260 2659 3397 2715 εἶναι
3444 2660 3744 2733 γνώριμον,

2184 2756 2291 2810 ἀπὺ
2313 2756 2358 2789 ⁸⁸
2381 2753 2475 2808 τοῦ
2507 2753 2854 2825 βαδίσματος,
2879 2753 2987 2807 ἀπὸ
3026 2753 3121 2806 τοῦ
3148 2753 3480 2822 βλέμματος,
3516 2753 3626 2806 ἀπὸ
3655 2753 3744 2805 τοῦ

2185 2849 2483 2919 σχήματος,
2515 2844 2623 2899 ἀπὸ
2659 2844 2758 2913 τῆς
2792 2843 2995 2914 φωνῆς.
3020 2842 3206 2895 Ταῦτα
3240 2843 3299 2895 δέ
3330 2838 3503 2907 εἷπον,
3540 2843 3638 2912 οὐχ
3662 2843 3745 2895 ἶνα

2184 2937 2319 3009 πρὸς
2345 2935 2623 3001 ἐπίδειξιν,
2653 2934 2767 2988 ἀλλ’
2794 2934 2880 2987 ἵνα
2912 2934 3045 3005 πρὸς
3071 2934 3335 3002 ὠφέλειαν
3364 2934 3472 2986 τῶν
3499 2932 3743 3003 δρώντων

2183 3029 2409 3091 ἑαυτοὺς
2459 3026 2828 3097 ρυθμίσωμεν.
2872 3023 2983 3078 Νῦν
3046 3025 3103 3078 δὲ
3149 3024 3269 3078 ὃθεν
3319 3024 3385 3077 ἂν
3432 3024 3651 3094 ζητήσω
3688 3040 3744 3077 σε

2184 3118 2500 3186 ἐπιγνῶναι,
2540 3115 2814 3184 πανταχοῦ
2856 3131 2914 3166 σε
2952 3113 3059 3166 ἀπὸ
3094 3115 3200 3166 τῶν
3233 3115 3486 3168 ἐναντίων
3511 3114 3745 3185 εὑρίσκω

2185 3210 2524 3282 φαινόμενον.
2552 3209 2651 3259 Ἂν
2684 3223 2742 3259 τε
2771 3206 2879 3275 7&9
2921 3206 3028 3258 ἀπὸ
3073 3205 3167 3258 τοῦ
3192 3207 3355 3261 τόπου
3392 3205 3636 3276 βουληθῶ
3690 3222 3744 3257 σε

2184 3298 2541 3370 καταμαθεῖν,
2569 3300 2625 3349 ἐν
2657 3297 3032 3368 ίπποδρομίοις
3064 3297 3157 3349 καί
3183 3296 3426 3367 θεάτροις
3449 3298 3542 3349 καὶ
3573 3309 3746 3365 παρα-

2184 3391 2395 3462 νομίαις
2450 3390 2560 3462 ὁρῶ
2607 3388 3019 3460 διημερεύοντα,
3069 3390 3125 3439 ἐν
3169 3390 3423 3459 πονηροῖς
3468 3387 3739 3453 συλλόγοις

2187 3489 2292 3547 τοῖς
2323 3488 2378 3538 ἐν
2413 3484 2607 3552 ἀγορᾷ,
2630 3481 2723 3532 καὶ
2746 3479 3045 3550 ἀνθρώπων
3085 3479 3389 3538 συνουσίαις
3414 3476 3740 3546 διεφθαρμέ-

2179 3594 2286 3630 νων
2306 3594 2319 3606 ·
2347 3577 2413 3629 ἂν
2437 3593 2496 3628 τε
2526 3574 2633 3627 ἀπὸ
2659 3572 2750 3624 τοῦ
2776 3571 3049 3641 σχήματος
3072 3568 3169 3638 τῆς
3196 3567 3394 3636 ὅψεως,
3429 3565 3733 3634 ἀνακαγχά-

2180 3668 2342 3733 ζοντα
2374 3667 2556 3737 βλέπω
2601 3662 2861 3733 διηνεκῶς
2904 3662 2998 3714 καὶ
3040 3659 3450 3730 διαλελυμένον,
3491 3657 3740 3726 καθάπερ

2182 3757 2476 3826 σεσηρυῖαν
2516 3751 2757 3822 ἑταιρίδα
2798 3748 2892 3801 καὶ
2942 3746 3378 3815 ἀπολελυμένηνο
3420 3743 3485 3796 ἄν
3527 3758 3587 3793 τε
3637 3740 3763 3793 am

2180 3848 2290 3901 τῶν
2320 3844 2569 3916 ἱματίων,
2605 3842 2712 3893 τῶν
2749 3840 2841 3891 ἐπὶ
2873 3839 3075 3908 σκηνῆς
3116 3835 3269 3888 οὐδὲν
3302 3834 3521 3904 ἄμεινον
3552 3830 3744 3884 διακεί-

2185 3953 2343 4009 μενον
2386 3932 2527 4005 ὁρῶ⁸
2568 3930 2635 3985 ἀν
2679 3945 2738 3980 τε
2783 3928 2891 3981 ἀπὸ
2916 3926 3023 3977 τῶν
3068 3922 3370 3992 ἑπομένων,
3415 3918 3743 3990 παρασίτους

2182 4007 2500 4096 περιφέρεις
2543 4019 2639 4073 καὶ
2686 4017 2954 4079 κόλακας
2992 4014 3058 4068 ἀν
3091 4030 3149 4066 τε
3178 4012 3285 4065 ἀπὸ
3309 4010 3418 4063 τῶν
3464 4007 3742 4077 ῥημάτων,

2182 4118 2334 4171 οὐδὲν
2368 4115 2540 4185 ύγιές,
2572 4110 2692 4164 οὐδὲ
2723 4108 3038 4176 ἀναγκαῖον,
3070 4104 3190 4157 οὐδὲ
3217 4102 3436 4171 συνέχον
3466 4099 3624 4171 ἡμῶν
3650 4097 3744 4167 τὴν

2184 4207 2328 4276 ζωὴν
2352 4203 2534 4258 ἀκούω
2567 4198 2937 4271 φθεγγόμενον
2956 4209 2970 4224 ·
3002 4195 3066 4249 άν
3100 4210 3160 4245 τε
3189 4191 3297 4245 ἀπὸ
3328 4190 3429 4259 τῆς
3449 4186 3745 4258 τραπέζης,

2186 4299 2385 4371 μείζων
2408 4292 2654 4347 ἐντεῦθεν
2680 4293 2713 4360 ή
2740 4285 3038 4357 κατηγορία
3062 4284 3325 4350 φανεῖται.

2254 4395 2323 4457 η’.
2349 4385 2517 4438 Πόθεν
2545 4378 2658 4441 οὖν,
2689 4378 2808 4431 εἰπέ
2830 4392 2938 4447 μοι,
2958 4368 3253 4442 δυνήσομαί
3273 4384 3331 4419 σε
3352 4364 3649 4433 ἐπιγνῶναι
3664 4366 3748 4420 τὸν

2185 4453 2393 4538 πιστὸν,
2423 4470 2532 4523 τῶν
2564 4465 2869 4537 εἰρημένων
2894 4461 3146 4515 ἁπάντων
3175 4454 3432 4510 τάναντία
3449 4453 3752 4525 ψηφιζομέ-

2186 4581 2322 4629 νων;
2348 4563 2457 4616 Καὶ
2480 4560 2531 4614 τί
2559 4558 2705 4625 λέγω
2731 4555 2820 4609 τὸν
2850 4552 3039 4606 πιστόν
3061 4568 3075 4615 ;
3107 4548 3240 4604 Οὐδέ
3268 4546 3375 4618 7&9
3397 4548 3445 4598 εἰ
3469 4546 3751 4619 ἄνθρωπος

2185 4655 2257 4721 εἷ,
2282 4652 2466 4723 σαφῶς
2495 4650 2728 4719 δύναμαι
2769 4644 2981 4717 μαθεῖν.
3016 4640 3130 4713 [61]
3166 4642 3331 4694 Ὅταν
3360 4638 3469 4710 γὰρ
3489 4639 3532 4670 ⁸⁷
3568 4635 3754 4691 λακτι-

2188 4748 2287 4820 Cn;
2315 4745 2411 4816 μὲν
2442 4742 2630 4809 ὥσπερ
2657 4737 2795 4801 ὄνος,
2830 4733 3055 4805 σκιρτᾷς
3086 4732 3143 4786 δὲ
3175 4730 3364 4802 ὥσπερ
3385 4728 3608 4799 ταῦρος,
3630 4743 3755 4798 χρε-

2191 4839 2412 4913 μετίζῃς
2451 4836 2508 4889 δὲ
2543 4833 2635 4886 ἐπὶ
2682 4828 2925 4900 γυναιξὶν
2965 4826 3152 4897 ὥσπερ
3193 4825 3386 4887 ’ἔπτησς’
3417 4821 3512 4875 καὶ
3534 4836 3756 4891 γαστρι-

2191 4908 2408 5002 μαργῇς
2461 4925 2560 4996 μέν
2603 4921 2791 4991 ὥσπερ
2823 4919 3044 4989 ἄρκτος,
3074 4915 3295 4985 πιαίνῃς
3330 4910 3388 4963 δὲ
3434 4908 3533 4978 τὴν
3582 4910 3758 4979 σάρκα

2187 5000 2375 5092 ῶσπερ
2398 5018 2639 5090 ἡμίονοςο
2670 5012 3013 5085 μνησικακῇς
3043 5008 3099 5060 δὲ
3128 5007 3317 5077 ὥσπερ
3347 5004 3592 5074 κάμηλος
3612 5018 3627 5033 ο
3668 5000 3760 5054 καὶ

2192 5111 2442 5187 ἁρπάζῃς
2476 5108 2573 5180 μὲν
2612 5105 2688 5169 ὡς
2719 5102 2901 5165 λύκος,
2933 5098 3129 5187 ὀργίζῃ
3158 5097 3215 5151 δὲ
3247 5097 3323 5159 ώς
3351 5093 3759 5187 ὃφις,πλήτῖ’ςις

2194 5180 2249 5261 δέ
2293 5205 2367 5268 ὠς
2386 5180 2691 5271 Πσκορπίος,
2717 5193 2947 5256 ὐπουλος
2995 5190 3054 5244 δὲ
3097 5186 3165 5262 ᾗς
3194 5188 3382 5257 ὥσπερ
3411 5183 3655 5252 ἀλώπτιξ,
3686 5180 3754 5271 ἰδι

2194 5298 2250 5350 δέ
2280 5293 2539 5363 πονηρίας
2562 5287 2818 5357 διατηρῇς
2845 5282 3034 5351 ῶσπερ
3060 5278 3224 5339 ἀσπὶς
3247 5276 3342 5330 καὶ
3363 5273 3499 5343 ἐχις,
3523 5270 3761 5363 πολεμῇς

2194 5388 2313 5440 ειη
2364 5362 2503 5438 κατά
2551 5380 2657 5433 τῶν
2709 5372 2949 5442 ἀδελφῶν
2997 5369 3184 5439 ῶσπερ
3222 5369 3251 5420 δ
3291 5364 3523 5435 πονηρὸς
3557 5362 3762 5431 δαίμων

593 5536 639 5571 u
679 5531 814 5587 Ἀπὸ
848 5530 1025 5586 τῶν...
1050 5526 1473 5597 ἀποκαλύψεων]
1501 5526 1634 5597 ᾋπδ
1662 5524 1787 5597 τῆςᾼ
1798 5522 1905 5597 τῶν
1929 5512 2559 5597 παρελθόντων,ΛφηκσίνΙζ
2574 5510 2969 5597 ἀποκμλύφεως
2984 5509 3053 5597 ‘1":
3077 5505 3340 5597 _An.n§?v1.
3370 5504 3502 5597 gen.
3580 5508 3626 5597 ἰο
3650 5505 3758 5559 ἀπὸ

517 5608 626 5660 τῶν
658 5619 768 5658 om.
816 5601 879 5656 I).
977 5601 1019 5631 ”
1060 5598 1220 5667 μόνον
1255 5614 1365 5651 om.
1404 5596 1470 5650 Α.
1508 5596 1567 5649 F.

1672 5583 1992 5663 η’Τέξεται]
2014 5583 2166 5663 ᾏιίιί.
2195 5587 2305 5658 γάρ
2333 5586 2394 5642 C.
2422 5583 2482 5637 Ο.
2519 5583 2579 5638 F.

930 5671 993 5725 C.
1032 5652 1093 5722 ὕ.
1125 5666 1186 5721 F.
1216 5668 1489 5734 Ann._sed
1524 5666 1698 5734 posuit
1719 5652 1869 5734 illa}!
1896 5652 2065 5734 ind'eﬁ.

2182 5652 2301 5734 ni_ét
2339 5669 2660 5734 sttgperiz‘sum‘
2681 5652 2785 5734 A_n.

2688 5582 2734 5614 ”
2762 5575 2874 5634 ἀλλ’
2904 5579 3161 5639 ἁπλῶς...
3190 5575 3324 5639 θείς]
3371 5575 3451 5628 διὸ

3483 5577 3761 5646 μετέωρον

2887 5650 2934 5678 ’⁵
2961 5644 3248 5699 ΗΘΙΚΟΝ.
3274 5644 3343 5698 Ὀ
3357 5662 3407 5698 τι
3432 5644 3514 5698 δεῖ
3550 5645 3642 5697 τὸν
3669 5662 3760 5697 πι-

2137 5727 2267 5783 ΕιΙιΙ.
2342 5727 2388 5756 ’⁸
2412 5712 2542 5795 ἀπό]
2577 5723 2670 5775 καὶ
2701 5718 2807 5774 ἀπό
2830 5726 3025 5787 qnalcr
3054 5714 3117 5771 C.
3146 5713 3208 5767 D.
3286 5715 3330 5747 ’⁷
3354 5714 3484 5787 γάρ]
3520 5713 3629 5785 μὲν
3655 5712 3763 5783 7&9

529 5814 663 5869 Edd.
742 5813 788 5842 ’⁸
827 5811 907 5883 δέ]
942 5809 1035 5864 καί
1069 5809 1203 5865 Mur.
1246 5809 1374 5863 Ben.
