4058 6208
347 285 414 338 η
1446 274 1452 280 ·
1489 263 1552 319 IN
1592 263 1909 318 unum

2061 259 2285 316 HOMIL.
2330 256 2418 311 lV'.
3509 250 3578 303 1.8

347 398 474 438 num
495 397 618 438 esse
640 397 670 437 a
699 378 989 436 ministerio
1015 377 1324 433 meonomize
1355 375 1515 430 illius.
1541 374 1756 428 Etiamsi
1780 377 1919 428 enim

350 473 481 528 nihil
510 474 574 526 ad
617 473 1011 548 generationem
1055 466 1334 528 conferas,
1385 464 1480 519 sed
1526 465 1718 518 intacta
1764 462 1921 532 Virgo

350 574 599 628 maneat;
639 573 870 616 attamen
899 559 1039 630 quod
1065 567 1145 614 est
1169 557 1304 628 patri
1337 557 1608 626 proprium
1629 597 1643 620 ,
1676 556 1774 609 etsi
1809 555 1916 607 vir-

348 656 581 726 ginitatis
607 654 914 724 dignitatem
944 667 1048 705 non
1074 651 1387 715 labefactet,
1422 650 1520 702 hoc
1551 648 1643 702 tibi
1671 646 1917 708 confero,

351 757 406 800 ttt
435 756 558 800 nato
584 761 776 799 nomen
805 745 1064 812 imponas.
1089 744 1168 797 Tu
1195 742 1336 795 enim
1366 741 1581 794 vocabis
1610 741 1775 794 illum.
1809 739 1918 791 Etsi

351 852 575 907 namque
620 835 756 889 ﬁlius
805 845 925 889 tuus
956 849 1060 888 non
1088 834 1189 898 sit,
1222 843 1274 886 tu
1308 841 1578 901 paternam
1610 845 1732 899 erga
1773 830 1919 883 illum

349 943 500 998 geres
541 943 744 982 curam.
777 927 899 980 Ideo
923 926 1005 979 vel
1030 924 1098 978 ab
1125 925 1235 992 ipsa
1264 924 1494 977 nominis
1542 921 1877 990 impositione
1905 959 1919 984 ,

283 1028 287 1032 ’
350 1029 474 1074 nato
503 1029 553 1074 te
598 1019 832 1088 parentis
876 1019 994 1072 loco
1033 1016 1282 1085 adjungo.
1317 1013 1516 1068 Deinde
1547 1028 1613 1068 ne
1656 1012 1774 1081 quis
1803 1011 1923 1065 ideo

349 1125 470 1165 eum
513 1118 714 1179 patrem
741 1122 861 1162 esse
901 1108 1261 1176 suspicaretur
1281 1146 1296 1169 ,
1328 1105 1447 1157 audi
1479 1118 1636 1172 quam
1676 1111 1923 1156 accurate

351 1199 623 1270 sequentia
655 1207 853 1268 ponat:
894 1196 1096 1259 Pariet,
1127 1195 1331 1260 inquit,
1373 1195 1577 1261 ﬁlium;
1608 1208 1714 1247 non
1752 1192 1920 1255 dicit,

353 1288 529 1342 Parict
554 1288 644 1342 tibi
670 1307 684 1351 ;
713 1286 805 1341 sed
827 1286 1232 1340 iudeterminate
1257 1284 1433 1355 posuit
1458 1300 1471 1337 :
1496 1298 1600 1337 non
1616 1282 1757 1338 enim
1781 1283 1797 1313 ¹
1825 1282 1920 1349 ipsi

351 1378 590 1447 peperit,
612 1377 706 1432 sed
737 1376 980 1430 universo
1006 1373 1142 1429 orbi.

419 1562 474 1614 7.
526 1563 755 1630 Ideoque
797 1574 990 1614 nomen
1021 1559 1134 1629 ejus
1163 1573 1232 1613 ex
1271 1560 1403 1614 cazlo
1448 1561 1633 1615 detulit
1673 1562 1924 1632 angelus,

350 1647 476 1703 hinc
518 1651 804 1704 ostendens
847 1649 1139 1704 mirabilem
1169 1663 1289 1704 esse
1316 1659 1526 1719 partum
1549 1693 1564 1717 ,
1596 1651 1738 1721 quod
1785 1652 1926 1707 Deus

349 1739 466 1808 ipse
495 1755 688 1793 nomen
718 1739 832 1809 ejus
867 1739 935 1794 de
963 1739 1094 1792 caelo
1123 1754 1218 1808 per
1244 1741 1485 1808 angelum
1508 1739 1742 1809 Josepho
1767 1742 1924 1797 mise-

347 1828 439 1882 rit.
466 1827 650 1896 Neque
677 1829 815 1882 enim
843 1843 1012 1897 ipsum
1034 1842 1157 1881 casu
1185 1837 1238 1882 et
1267 1829 1382 1882 sine
1402 1844 1558 1882 causa
1586 1829 1767 1885 datum
1789 1830 1886 1886 fuit
1905 1872 1922 1894 ,

346 1917 442 1971 sed
483 1928 566 1972 est
594 1917 738 1971 mille
769 1917 1026 1970 bonorum
1055 1917 1359 1972 thesaurus.
1392 1916 1594 1972 Idcirco
1625 1919 1797 1988 ipsum
1823 1935 1922 1974 au-

346 2006 498 2076 gclus
526 2006 930 2075 interpretatur,
957 2006 1317 2076 optimamque
1344 2022 1492 2077 spem
1521 2007 1676 2063 oll'ert
1698 2050 1712 2075 ,
1741 2017 1796 2064 et
1822 2008 1924 2064 hac

346 2095 553 2151 ratione
582 2096 737 2150 ﬁdem
763 2096 861 2164 ipsi
888 2096 1172 2152 conciliat:
1208 2112 1328 2150 nam
1351 2099 1666 2167 pr0pensius
1694 2099 1921 2154 inclina-

348 2201 469 2240 mur
493 2186 560 2240 ad
592 2202 678 2239 res
705 2185 1104 2253 hujuscemodi;
1135 2185 1361 2256 ideoque
1391 2187 1493 2241 illis
1519 2187 1721 2242 facilius
1742 2188 1920 2243 credi-

346 2292 484 2331 mus.
511 2277 645 2331 Cnm
680 2276 838 2344 igitur
864 2291 931 2330 ex
973 2276 1218 2330 omnibus
1244 2277 1310 2331 ad
1343 2276 1501 2332 ﬁdem
1530 2279 1578 2333 ei
1624 2278 1918 2334 habendam

345 2376 731 2435 pra-parasset,
764 2380 828 2421 ex
859 2367 1175 2434 praeteritis,
1207 2382 1270 2421 ex
1298 2367 1490 2422 futuris
1513 2377 1568 2423 et
1591 2385 1656 2424 ex
1687 2385 1918 2440 prmseu-

343 2456 513 2521 tibus,
542 2471 747 2510 necnon
775 2457 842 2510 ab
865 2456 1063 2512 honore
1084 2458 1183 2526 ipsi
1208 2458 1391 2513 debito
1413 2501 1426 2523 ,
1459 2461 1660 2516 inducit
1690 2465 1920 2531 prophe-

343 2555 450 2598 tam
471 2587 487 2611 ,
513 2556 808 2614 opportune
828 2547 910 2602 his
930 2549 1175 2603 omnibus
1196 2550 1455 2604 calculum
1478 2552 1714 2607 dantem.
1739 2554 1919 2609 Prius-

342 2651 501 2705 quam
546 2652 675 2691 vero
701 2638 871 2705 ipsum
901 2639 1146 2704 inducat,
1175 2640 1310 2696 bona
1340 2657 1435 2711 per
1456 2645 1625 2712 ipsum
1648 2647 1762 2699 orbi
1786 2662 1914 2700 cou-

341 2727 562 2782 fercoda
609 2730 949 2796 prtenuntiat.
999 2730 1251 2796 Qnmnam
1299 2732 1385 2785 illa
1434 2735 1592 2787 sunt?
1644 2736 1860 2805 Errptio
1888 2755 1914 2791 a

342 2819 613 2885 peccatis:
642 2817 764 2885 Ipse
789 2820 922 2872 enim
943 2860 957 2883 ,
991 2819 1194 2888 inquit,
1233 2822 1426 2875 salvum
1478 2824 1626 2890 faciet
1673 2829 1917 2896 populum

331 2925 479 2962 suum
517 2927 550 2964 a
579 2912 794 2979 peccatis
815 2929 1007 2965 eortun.
1041 2912 1138 2967 Hic
1165 2927 1374 2982 quoque
1407 2913 1725 2981 stupendum
1755 2917 1904 2984 quid-

331 3003 473 3071 piam
502 3003 784 3057 indicatur.
811 3002 924 3057 Non
956 3004 1097 3057 enim
1119 3020 1148 3057 a
1173 3003 1325 3057 bellis
1345 3004 1443 3057 sub
1471 3019 1686 3059 sensum
1713 3007 1905 3061 caden-

329 3091 501 3155 tibus,
531 3107 636 3145 non
665 3109 693 3145 a
722 3093 961 3147 barbaris
981 3135 995 3158 ,
1029 3094 1121 3148 sed
1149 3094 1289 3163 quod
1323 3095 1476 3164 longe
1505 3097 1675 3165 majus
1697 3109 1806 3152 erat
1830 3140 1844 3165 ,
1877 3115 1905 3154 a

327 3182 562 3249 peccatis
607 3182 940 3236 liberandum
993 3184 1247 3253 populum
1289 3184 1452 3251 ipsius
1490 3187 1808 3241 annuntiat:
1855 3189 1904 3242 id

325 3271 469 3338 quod
511 3286 667 3325 nemo
704 3280 825 3325 ante
868 3273 1046 3327 facere
1082 3281 1346 3340 potuerat.
1384 3275 1448 3328 Et
1477 3291 1578 3343 qua
1609 3275 1675 3329 de
1704 3291 1860 3330 causa
1889 3319 1902 3338 ,

327 3361 537 3431 inquies
562 3405 577 3427 ,
609 3362 866 3433 Papulum
896 3380 1044 3417 suum
1072 3365 1243 3431 dixit,
1274 3381 1444 3434 neque
1473 3376 1656 3434 gentes
1681 3369 1908 3437 adjecit?

324 3452 403 3506 Ne
430 3454 611 3507 statim
638 3453 933 3507 auditorem
964 3455 1297 3523 percelleret.
1323 3456 1570 3524 Alioquin
1594 3472 1721 3511 vero
1750 3459 1907 3512 intel-

325 3542 540 3612 ligentia
583 3543 832 3611 praeditus
861 3543 1072 3596 auditor
1101 3544 1184 3597 hic
1214 3555 1400 3613 gentes
1426 3560 1636 3615 quoque
1662 3547 1903 3601 subindi-

323 3633 431 3687 cari
460 3633 732 3701 perspicit.
759 3633 989 3701 Populus
1010 3633 1148 3686 enim
1171 3634 1288 3701 ejus
1314 3643 1436 3688 sunt
1457 3650 1562 3689 non
1588 3635 1755 3690 Judaei
1786 3644 1907 3691 tan-

325 3735 436 3780 tum
455 3765 472 3792 ,
503 3724 598 3780 sed
623 3739 810 3780 omnes
835 3726 922 3799 qui
949 3725 1244 3791 accedunt,
1273 3735 1327 3780 et
1352 3727 1466 3794 ejus
1487 3727 1788 3782 doctrinam
1809 3743 1902 3782 co-

322 3817 720 3886 gnitionemque
776 3817 1088 3886 suscipiunt.
1134 3816 1509 3872 Animadverte
1547 3826 1721 3874 autem
1768 3836 1902 3889 quo-

322 3907 485 3963 modo
507 3907 622 3975 ejus
647 3907 953 3976 dignitatem
977 3906 1130 3961 nobis
1155 3909 1442 3975 aperuerit,
1474 3909 1726 3977 populum
1749 3923 1901 3962 suum

322 3999 603 4070 appellans
649 3999 896 4066 pepulttm
948 3997 1250 4052 Iudaicum.
1283 3998 1392 4052 Hoc
1435 4000 1574 4053 enim
1607 4001 1733 4052 nihil
1765 4000 1904 4054 aliud

323 4090 615 4161 signiﬁcat,
636 4105 792 4157 quam
821 4105 941 4143 eum
963 4129 977 4152 ,
999 4089 1087 4158 qui
1113 4099 1266 4142 natus
1287 4098 1369 4143 est
1389 4131 1402 4148 ,
1427 4103 1546 4144 esse
1571 4090 1760 4143 Filium
1785 4091 1895 4144 Dei.

323 4196 385 4235 ac
409 4181 479 4235 de
518 4194 644 4249 rege
668 4195 899 4248 superno
941 4194 1120 4233 sermo
1150 4179 1248 4248 ipsi
1278 4189 1377 4232 est.
1408 4179 1588 4248 Neque
1618 4181 1758 4233 enim
1799 4181 1898 4234 alia

323 4279 562 4340 potestas
588 4278 802 4338 peccata
831 4269 1101 4322 remittere
1124 4268 1284 4330 valet,
1313 4269 1410 4321 nisi
1439 4283 1498 4321 ea
1528 4283 1644 4337 qum
1667 4267 1732 4320 ad
1761 4269 1900 4322 illam

325 4361 680 4418 substantiam
709 4361 958 4430 pertinet.
989 4359 1248 4424 Quoniam
1280 4358 1437 4427 igitur
1465 4368 1666 4412 tantum
1695 4360 1901 4428 accepi~

325 4467 444 4507 mus
468 4450 668 4507 donum
690 4492 704 4516 ,
735 4450 864 4504 nihil
894 4465 997 4502 non
1031 4464 1250 4518 agamus
1274 4465 1339 4502 ne
1366 4459 1566 4503 tantum
1591 4450 1900 4504 beneficium

325 4542 758 4596 dehonestemus.
789 4536 844 4592 Si
889 4538 1029 4591 enim
1059 4552 1120 4590 ea
1148 4553 1266 4606 qua:
1303 4548 1426 4591 ante
1467 4537 1607 4592 hunc
1650 4539 1903 4592 honorem

323 4644 469 4704 gesta
492 4641 638 4698 sunt,
665 4631 819 4700 digna
839 4631 1039 4686 ultione
1059 4641 1228 4696 erant,
1255 4631 1420 4685 multo
1442 4632 1608 4701 magis
1631 4641 1747 4699 post
1768 4629 1889 4684 inef-

328 4724 482 4778 fabile
511 4722 640 4776 illud
672 4721 1009 4776 beneﬁcium.

385 4900 583 4956 Fidelis
626 4915 688 4952 ex
713 4899 826 4952 vita:
854 4897 1079 4951 instituto
1109 4894 1696 4968 dignoscendus.——ll.rc
1739 4913 1895 4962 porro

318 5008 420 5048 non
450 4993 568 5048 sine
615 5003 774 5045 causa
821 5003 961 5042 nunc
989 4987 1142 5049 dico;
1195 4985 1286 5040 sed
1333 4989 1454 5052 quia
1499 4985 1698 5039 multos
1742 4987 1894 5038 viden

321 5093 439 5154 post
466 5082 728 5152 baptisma
765 5081 1036 5152 segniores
1059 5119 1075 5143 ,
1123 5092 1281 5147 quam
1323 5077 1358 5130 ii
1410 5076 1500 5144 qui
1533 5075 1763 5130 nondum
1813 5078 1866 5130 in

317 5175 446 5230 itiati
473 5183 618 5241 sunt,
651 5186 822 5242 neque
845 5171 1003 5226 ullam
1029 5168 1284 5223 habentes
1309 5166 1530 5221 instituti
1559 5168 1724 5221 nostri
1744 5167 1884 5221 noti-

379 5402 396 5433 ⁸
428 5399 570 5450 Savil.
607 5407 662 5452 et
682 5405 791 5450 nise.
815 5397 981 5450 Morel.
1007 5399 1076 5448 sic
1099 5398 1280 5447 habent
1303 5409 1315 5444 :
1354 5393 1476 5442 Audi
1497 5405 1639 5452 quant
1662 5397 1888 5440 accurmc

335 5461 553 5526 eqttetttia
588 5468 732 5526 ponat
760 5474 778 5511 :
818 5478 841 5508 ι
866 5458 1041 5521 μηνίει,
1067 5477 1090 5506 1
1127 5454 1490 5512 indetermiuate
1514 5451 1754 5516 laqueus;
1789 5464 1883 5502 non

403 5531 578 5584 n,etc.

2019 369 2166 423 tiam.
2198 368 2426 438 Ideoque
2451 379 2549 421 nec
2573 366 2622 420 in
2654 365 2788 428 foro,
2821 378 2918 418 nec
2946 363 2998 416 in
3025 361 3245 418 ecclesia
3272 367 3446 430 potest
3474 360 3588 412 dis-

2018 459 2180 528 tingui
2231 458 2405 515 ﬁdelis
2445 472 2473 511 a
2513 471 2620 511 non
2667 455 2844 518 ﬁdeli,
2891 454 2989 507 nisi
3035 452 3153 522 quis
3180 451 3320 505 adsit
3357 459 3594 518 tempore

2017 551 2429 620 mysteriorum,
2473 558 2527 603 et
2572 547 2747 601 videat
2791 546 2880 615 qui
2910 546 3220 614 ejiciantttr,
3268 550 3323 597 et
3359 541 3448 610 qui
3473 556 3590 594 man

2017 647 2196 693 neant.
2222 639 2504 707 Oportcret
2530 647 2704 691 autem
2733 651 2828 690 eos
2868 651 2972 689 non
3000 651 3028 687 a
3055 635 3172 688 loco
3201 675 3215 699 ,
3248 632 3343 688 sed
3370 647 3400 685 a
3428 634 3594 685 mori-

2017 728 2114 782 bus
2154 729 2426 796 distingui.
2475 727 2602 780 Nam
2643 735 2878 781 externae
2911 725 3127 795 quidem
3170 723 3474 793 dignitates,
3524 721 3594 773 ab

2014 818 2249 872 externis
2279 817 2417 871 notis
2446 824 2500 870 et
2521 815 2982 882 ornamentisjure
3007 815 3386 884 dignoscuutur
3439 829 3452 864 :
3493 826 3590 864 no-

2015 917 2123 960 stra
2167 921 2292 960 vero
2318 907 2384 960 ab
2421 907 2549 976 ipsis
2587 907 2776 959 animis
2805 916 2928 958 nota
2966 921 3083 958 esse
3113 913 3338 973 oportet.
3362 903 3599 958 Fidelem

2015 1009 2243 1063 namque
2269 1009 2372 1047 non
2423 1009 2447 1047 Α
2473 994 2616 1048 dono
2651 1003 2852 1050 tantum
2874 1038 2889 1060 ,
2934 998 3028 1052 sed
3059 999 3217 1053 etiam
3256 1015 3285 1052 a
3313 1014 3451 1053 novo
3478 1001 3600 1054 vita:

2010 1086 2250 1142 itiatituto
2277 1088 2494 1155 agnosci
2526 1103 2620 1157 par
2646 1098 2807 1143 esset.
2851 1089 3046 1144 Fideiis
3075 1100 3128 1144 et
3155 1092 3411 1147 luminare
3439 1103 3493 1147 et
3519 1093 3597 1147 sal

2015 1174 2195 1229 mundi
2238 1160 2358 1230 esse
2383 1174 2563 1230 debet.
2595 1176 2728 1231 Cum
2773 1187 2951 1232 autem
2981 1193 3078 1232 nec
3110 1179 3204 1233 tibi
3235 1180 3448 1248 quidem
3498 1183 3596 1249 ipsi

2014 1263 2191 1318 luccas
2214 1304 2230 1330 ,
2265 1266 2658 1334 necvpropriam
2690 1268 3022 1337 putredinem
3054 1269 3387 1338 constringas
3410 1312 3422 1334 ,
3461 1271 3600 1325 unde

2015 1354 2225 1410 tandem
2255 1365 2305 1410 te
2331 1372 2487 1410 nosse
2513 1358 2840 1426 poterimus?
2876 1375 2943 1413 an
2972 1359 3091 1429 quia
3118 1360 3171 1413 in
3198 1360 3364 1414 sacris
3385 1359 3598 1414 ﬂuentis

2017 1446 2285 1516 ingressus
2313 1449 2415 1503 es?
2443 1448 2548 1504 Sed
2575 1449 2676 1506 hoc
2703 1461 2755 1506 te
2777 1452 2843 1506 ad
2874 1453 3190 1522 supplicium
3221 1453 3457 1508 deducit.
3490 1454 3600 1508 Ma-

2014 1535 2234 1603 gnitudo
2277 1537 2420 1591 enim
2461 1537 2678 1593 honoris
2700 1581 2715 1606 ,
2765 1541 2829 1595 iis
2853 1542 2944 1609 qui
2975 1543 3133 1596 vitam
3178 1543 3478 1611 hujusmodi
3510 1544 3603 1596 ho-

2020 1641 2150 1681 nore
2174 1626 2386 1696 dignam
2415 1643 2519 1686 non
2558 1638 2750 1699 agunt,
2777 1630 3194 1686 additamentum
3227 1634 3468 1703 supplicii
3499 1645 3600 1694 θεῖ.

2020 1715 2252 1771 Fidelem
2280 1718 2422 1771 enim
2456 1735 2560 1774 non
2592 1720 2658 1774 ab
2687 1721 2750 1775 iis
2781 1729 2983 1776 tantum
3011 1739 3130 1793 qua:
3155 1740 3185 1777 a
3218 1725 3326 1778 Deo
3354 1727 3560 1794 accepit
3584 1768 3600 1790 ,

2015 1805 2109 1860 sed
2140 1807 2302 1861 etiam
2327 1808 2396 1862 ab
2435 1808 2500 1862 iis
2525 1824 2643 1877 qua:
2673 1811 2786 1878 ipse
2810 1810 2990 1866 intulit
3027 1812 3228 1882 fulgere
3253 1829 3353 1883 par
3378 1827 3462 1869 est
3485 1855 3500 1876 .
3549 1829 3606 1871 et

2015 1896 2248 1967 undique
2275 1912 2334 1952 se
2362 1908 2544 1953 notum
2575 1909 2851 1969 praestare,
2875 1901 2944 1957 ab
2965 1902 3177 1958 incessu
3203 1945 3218 1970 ,
3251 1905 3318 1959 ab
3341 1916 3558 1975 aspectu
3584 1949 3600 1972 ,

2013 1985 2084 2039 ab
2112 1985 2314 2048 habitu,
2342 2002 2371 2040 a
2400 2002 2548 2042 voce.
2579 1988 2702 2044 llaec
2726 2000 2904 2046 autem
2931 1991 3063 2060 dixi,
3097 2009 3204 2047 non
3231 2003 3290 2048 ut
3308 1995 3375 2049 ad
3416 2005 3602 2052 osten-

2017 2076 2271 2132 tationem
2297 2119 2310 2141 ,
2340 2078 2435 2134 sed
2458 2089 2514 2134 ut
2533 2080 2598 2134 ad
2626 2081 2909 2138 utilitatem
2940 2083 3230 2139 videntium
3261 2101 3358 2140 nos
3381 2102 3604 2157 compo-

2017 2182 2226 2224 namus.
2266 2168 2417 2225 Nunc
2445 2182 2621 2226 autem
2653 2172 3026 2244 undecumque
3069 2184 3121 2230 te
3163 2177 3383 2231 voluero
3411 2178 3603 2248 digno-

2015 2274 2191 2325 scere,
2234 2265 2466 2334 undique
2493 2273 2546 2320 te
2577 2267 2790 2322 invenio
2818 2282 2848 2321 a
2874 2270 3159 2323 contrariis
3185 2270 3442 2340 dignosci.
3489 2272 3544 2326 Si
3572 2291 3603 2325 a

2014 2349 2135 2406 loco
2159 2353 2247 2420 qui
2278 2354 2352 2407 sis
2381 2355 2539 2409 velim
2579 2356 2852 2422 ediscere,
2885 2358 2938 2412 in
2965 2359 3110 2414 circo
3137 2371 3187 2414 te
3211 2401 3225 2425 ,
3259 2361 3308 2414 iu
3339 2364 3560 2416 theatris
3586 2403 3600 2420 .

2016 2448 2071 2492 et
2111 2440 2306 2510 iniquis
2345 2446 2781 2514 occupationibus
2826 2447 2982 2502 video
3023 2449 3138 2502 dies
3167 2451 3497 2518 transigere,
3550 2452 3602 2506 in

2019 2528 2120 2582 fori
2147 2531 2374 2589 coetibus
2399 2534 2761 2604 improborum
2786 2577 2802 2603 ,
2831 2539 2883 2591 iu
2912 2549 3289 2608 corruptorum
3328 2541 3602 2597 hominum

2013 2621 2322 2687 consortio;
2349 2624 2449 2678 sia
2475 2624 2654 2680 vultus
2689 2629 3096 2697 compositione,
3124 2630 3338 2686 assidue
3365 2639 3416 2686 te
3439 2648 3604 2688 cerno

2029 2716 2313 2770 cachinnis
2340 2716 2583 2771 deditum
2609 2732 2674 2771 ac
2699 2718 3046 2786 dissolutum,
3079 2723 3222 2778 haud
3250 2739 3410 2780 secus
3437 2740 3602 2794 quam

2033 2804 2366 2859 meretricem
2407 2807 2708 2875 procaciter
2758 2807 2997 2862 hiantem
3043 2819 3096 2864 et
3151 2811 3476 2866 dissolutam
3506 2829 3522 2877 ;
3551 2813 3602 2869 si

2031 2908 2062 2947 a
2088 2894 2348 2957 vestibus,
2379 2896 2601 2965 perinde
2641 2905 2693 2952 te
2709 2898 2966 2952 amictum
2999 2899 3153 2954 video
3185 2909 3348 2970 atque
3378 2901 3572 2957 histrio
3591 2929 3608 2943 η

2033 2999 2192 3047 nem;
2253 2985 2296 3036 si
2341 3000 2369 3037 a
2411 2986 2735 3050 clientibus,
2790 2989 3060 3056 parasitos
3127 2991 3494 3048 circumducis
3548 3003 3606 3048 et

2033 3074 2341 3142 adultores;
2372 3075 2415 3129 si
2450 3091 2480 3128 a
2513 3077 2717 3140 verbis,
2743 3075 2876 3131 nihil
2925 3093 3155 3144 sanum,
3187 3081 3322 3135 nihil
3353 3098 3606 3138 necessao

2036 3165 2197 3227 rium,
2226 3164 2359 3216 nihil
2400 3165 2464 3217 ad
2503 3165 2810 3220 institutum
2845 3167 2967 3219 vitae
3013 3178 3259 3223 uestrum
3291 3173 3608 3232 concudens

2024 3251 2344 3321 loquentem
2376 3254 2574 3319 audio;
2608 3257 2653 3310 si
2687 3271 2716 3309 a
2757 3272 2963 3321 mensa,
3013 3259 3185 3327 major
3228 3261 3351 3315 uinc
3381 3278 3609 3318 accusa—

2037 3343 2202 3397 tionis
2237 3347 2461 3400 materia
2487 3348 2716 3400 orietur.

2085 3503 2138 3556 8.
2195 3503 2468 3562 Undenam
2523 3509 2722 3579 igitur,
2773 3529 2998 3581 qumso,
3054 3527 3238 3584 potero
3286 3533 3335 3574 te
3389 3522 3596 3577 ﬁdelem

2012 3606 2340 3662 agnoscere,
2393 3612 2510 3652 cum
2557 3614 2714 3669 supra
2763 3603 2899 3659 dicta
2931 3608 3107 3661 omnia
3155 3613 3477 3666 εοιιιΓειΓὶιΙΙΙΙ
3509 3632 3598 3669 ar-

2010 3685 2211 3752 guant?
2241 3685 2305 3739 Et
2347 3688 2470 3755 quid
2520 3689 2641 3744 dico
2685 3691 2938 3749 fidelem?
2975 3696 3157 3769 Neque
3195 3702 3334 3756 enim
3363 3703 3406 3756 si
3439 3704 3600 3760 homo

2009 3774 2083 3828 sis
2111 3790 2324 3843 possum
2362 3779 2637 3837 evidenter
2672 3800 2982 3855 agnoscere.
3015 3791 3147 3847 Nam
3178 3809 3297 3849 cum
3326 3797 3471 3851 calce
3500 3799 3600 3851 iut-

2011 3875 2159 3933 petas
2187 3878 2240 3921 ut
2270 3870 2452 3926 asinus
2474 3913 2489 3937 ,
2519 3876 2734 3930 exsilias
2765 3887 2823 3932 ut
2849 3891 3064 3945 taurus,
3097 3885 3163 3937 ad
3197 3887 3449 3942 mulieres
3479 3889 3596 3942 hiu-

2012 3956 2126 4009 nias
2157 3966 2212 4010 ιιι
2236 3974 2406 4028 equus
2426 4002 2440 4024 ,
2473 3966 2736 4019 voracitcr
2765 3968 2892 4021 edas
2921 3980 2976 4022 ut
3008 3987 3163 4025 ursus
3186 4015 3202 4038 ,
3241 3990 3455 4030 caructu
3492 3981 3592 4031 iut-

2007 4046 2262 4115 pinguare
2286 4051 2502 4106 studeas
2543 4063 2598 4107 ut
2621 4057 2796 4110 mulus
2821 4098 2834 4118 ,
2870 4059 3177 4127 injuriarum
3206 4080 3410 4122 memor
3437 4070 3510 4122 sis
3539 4082 3594 4124 ut

2005 4138 2261 4204 cantelus,
2291 4140 2471 4208 rapias
2502 4151 2557 4195 tit
2579 4144 2731 4212 lupus
2755 4187 2769 4209 ,
2799 4147 3046 4204 irascaris
3076 4162 3133 4205 tit
3155 4168 3400 4224 serpens,
3435 4158 3594 4216 ferias

2008 4236 2064 4280 ut
2094 4229 2324 4297 scorpio,
2357 4232 2652 4301 versipellis
2681 4236 2755 4290 sis
2785 4247 2841 4292 ut
2870 4239 3075 4309 vulpes,
3103 4243 3252 4298 virus
3300 4246 3592 4317 iniquitatis

2005 4330 2188 4372 serves
2215 4327 2271 4373 ut
2312 4321 2455 4390 aspis
2492 4331 2548 4377 et
2591 4326 2805 4395 vipera,
2851 4329 3108 4394 adversus
3155 4336 3348 4392 fratres
3394 4339 3591 4398 bellum

2002 4424 2178 4478 geras,
2236 4417 2294 4464 ut
2333 4413 2563 4470 crudelis
2583 4415 2671 4471 ille
2701 4418 2909 4475 daemon
2950 4439 2963 4476 :
3011 4426 3280 4493 quomodo
3323 4436 3374 4482 te
3407 4440 3592 4500 potero

2015 4505 2154 4549 tuter
2194 4499 2436 4553 homines
2480 4515 2875 4572 annumerare,
2924 4523 3046 4562 cum
3098 4511 3344 4567 humana:
3390 4527 3594 4574 natura:

2009 4586 2342 4643 characteres
2389 4591 2440 4644 iu
2484 4601 2535 4646 te
2567 4610 2669 4649 non
2710 4598 2958 4653 videam?
2998 4599 3311 4666 Quterebam
3341 4606 3595 4664 diﬁ‘ereu—

2011 4677 2133 4729 tiam
2183 4680 2625 4737 catechumenum
2666 4685 2806 4739 inter
2835 4695 2891 4741 et
2933 4687 3145 4744 ﬁdelem
3169 4733 3184 4755 ,
3215 4701 3270 4747 et
3299 4695 3589 4762 periculum

2005 4777 2084 4821 est
2127 4784 2193 4823 ne
2236 4769 2475 4827 invenire
2513 4791 2770 4844 nequeam
2812 4779 2982 4832 virum
3017 4780 3154 4835 inter
3181 4793 3229 4837 et
3275 4784 3439 4840 feram
3471 4789 3584 4844 dis-

1999 4856 2222 4912 crimen.
2265 4861 2466 4931 Ecquid
2507 4874 2558 4918 te
2606 4865 2777 4921 dicam
2807 4869 2963 4922 esse?
2989 4869 3212 4926 Feram?
3238 4875 3305 4930 At
3330 4875 3457 4931 ferae
3483 4895 3589 4934 uno

2000 4955 2206 5004 tantum
2236 4953 2364 5006 vitio
2393 4962 2685 5011 tenentur:
2732 4967 2788 5013 tu
2841 4975 2970 5016 vero
3012 4964 3100 5033 qui
3141 4966 3317 5020 omnia
3361 4969 3592 5026 circurn-

1993 5046 2103 5091 ters
2133 5039 2256 5093 vitia
2287 5082 2303 5107 ,
2331 5043 2486 5114 longe
2512 5048 2680 5117 magis
2710 5065 2868 5118 quam
2897 5053 2998 5107 illa:
3028 5055 3248 5112 rationis
3273 5073 3332 5114 es
3370 5075 3582 5130 expers.

1995 5125 2102 5180 Sed
2127 5127 2422 5187 dtemonem
2473 5144 2522 5190 te
2552 5137 2792 5194 vocabo?
2817 5142 2975 5213 Atqui
3001 5143 3212 5202 dtemon
3251 5165 3422 5220 neque
3443 5125 3582 5207 ‘ven-

1997 5216 2092 5270 tris
2121 5221 2386 5288 tyrannidi
2411 5225 2655 5282 subditus
2683 5240 2786 5298 est,
2812 5248 2985 5303 neque
3007 5236 3218 5294 divitias
3250 5216 3412 5297 amat.
3447 5243 3579 5300 Cum

1995 5323 2122 5401 ergo
2140 5309 2287 5378 plura
2313 5313 2460 5382 vitia,
2483 5333 2640 5387 quant
2671 5321 2797 5377 ferae
2825 5333 2879 5379 et
2905 5325 3175 5384 dictitones
3199 5330 3418 5398 habeas,
3443 5351 3578 5401 quo-
3672 5348 3685 5354 '

1997 5399 2176 5468 modo,
2218 5417 2420 5472 quaeso,
2469 5417 2520 5462 te
2560 5410 2830 5469 hominem
2873 5419 3222 5474 vocabimus?
3268 5423 3312 5475 si
3345 5399 3471 5476 vero
3527 5434 3578 5480 te

1997 5488 2263 5549 hominem
2293 5512 2484 5556 vocare
2513 5517 2614 5558 non
2663 5505 2827 5578 licet,
2857 5510 3122 5578 quomodo
3151 5512 3358 5567 ﬁdelem
3391 5517 3574 5585 appel-
