4058 6208
492 238 557 294 «lii
1215 250 1273 302 S.
1315 250 1602 305 JOANNIS
1637 251 2119 309 CllRYSOSTOMl
2158 227 2472 310 ARCHIEP.
2514 252 3054 311 CONSTANTINOP.
3683 257 3750 312 50

495 347 757 404 lablmus?
784 350 937 420 Quod
965 362 1141 409 autem
1179 354 1413 410 deterius
1441 366 1523 410 est
1548 397 1563 421 ,
1592 371 1716 411 cum
1743 357 1812 411 ita
1840 358 1976 412 male
2001 373 2072 410 sx-

494 452 614 492 mus
639 439 834 507 alTeCIi,
867 459 934 497 ne
960 445 1254 514 cogitamus
1282 446 1494 513 quidem
1524 448 1716 501 anima:
1746 459 1942 502 nostra:
1978 449 2072 503 de-

494 526 860 597 formitatem,
909 549 1083 603 neque
1134 535 1251 603 ejus
1307 536 1599 591 fmditatem
1648 542 1914 594 novimus.
1971 539 2074 595 Sed

493 619 630 687 apud
664 628 934 675 tonsorem
972 623 1167 677 sedens
1194 666 1209 690 ,
1254 640 1459 680 comam
1485 627 1782 682 detondens
1804 672 1819 695 ,
1865 643 2077 701 arrepto

496 712 717 778 speculo
746 715 1017 767 cazsariem
1048 717 1378 781 consideras,
1412 730 1464 772 et
1494 720 1766 774 adstantes
1797 722 2077 791 ipsumque

493 809 761 856 tonsorem
792 803 1115 875 interrogas,
1161 823 1285 860 num
1314 818 1504 861 ornate
1530 809 1755 864 frontem
1784 814 2077 866 concinna-

492 893 623 945 verit
655 912 667 946 :
700 910 762 946 ac
788 908 930 962 saepe
954 936 970 961 ,
1000 912 1166 950 senex
1193 913 1314 951 cmn
1358 900 1432 952 sis
1457 941 1470 963 ,
1505 914 1608 953 non
1642 903 1839 955 vet-eris
1863 902 2078 970 juveni-

488 984 623 1037 libus
664 987 853 1039 stmliis
884 987 1118 1042 insanire
1157 1006 1169 1041 :
1216 991 1445 1045 animam
1490 1007 1617 1046 vero
1660 1005 1895 1047 nos1ratn
1921 1036 1936 1057 ,
1970 1011 2074 1050 non

488 1076 647 1131 modo
673 1077 990 1141 deformem,
1020 1078 1113 1132 sed
1145 1080 1303 1133 etiam
1329 1081 1507 1135 feritue
1540 1083 1723 1137 forum:
1743 1100 1885 1147 esse,
1911 1086 2077 1141 instar

485 1165 676 1237 Scylla:
704 1177 758 1222 et
787 1168 1071 1223 Chimaera:
1100 1212 1115 1237 ,
1143 1189 1260 1241 qua:
1292 1176 1342 1228 in
1374 1175 1547 1229 fabula
1577 1179 1838 1244 feruntur,
1880 1178 1947 1233 ne
1977 1180 2077 1233 mi-

419 1306 423 1311 .
486 1258 690 1311 nimum
721 1260 935 1328 quidem
962 1264 1223 1318 sentimus
1249 1284 1261 1318 :
1295 1283 1610 1335 quamquam
1650 1278 1824 1322 tamen
1857 1270 1940 1323 hic
1964 1270 2074 1338 Spi-

420 1386 423 1389 γ
486 1347 675 1403 rituale
715 1350 991 1417 speculum
1036 1352 1327 1411 habeamus
1368 1357 1523 1427 longe
1563 1359 1753 1413 melius
1796 1369 1848 1414 et
1896 1361 2075 1414 utilius

486 1438 599 1493 illo.
644 1440 760 1495 Non
805 1443 967 1497 modo
1013 1446 1154 1499 enim
1200 1446 1589 1505 deformitatem
1639 1461 1935 1515 monstrat,
1978 1452 2073 1505 sed

484 1532 646 1586 etiam
674 1543 841 1587 mutat
868 1535 1010 1590 illam
1042 1538 1095 1591 in
1134 1540 1578 1608 pulchritudinem
1625 1543 1939 1599 immensam
1963 1583 1980 1609 ,
2024 1542 2071 1597 si

481 1623 696 1692 quidem
728 1626 973 1682 velimus.

558 1819 669 1873 Vim
698 1829 987 1872 sanctorum
1008 1814 1478 1885 speculum—Hoc
1500 1830 1659 1884 porro
1685 1815 1959 1885 speculum
1980 1826 2057 1872 est

475 1910 764 1981 proborum
792 1909 1030 1961 virorum
1062 1905 1341 1972 memoria,
1374 1921 1582 1960 necnon
1607 1907 1776 1961 beatae
1831 1907 2063 1975 ipsorum

474 2000 599 2053 vitm
626 1999 844 2052 historia
869 2039 884 2063 ,
913 1996 1305 2065 Scripturarum
1332 1997 1519 2059 lectio,
1546 1998 1687 2066 leges
1712 2012 1741 2049 a
1769 1997 1878 2051 Deo
1903 1997 2060 2051 datae.

479 2088 535 2143 Si
585 2089 665 2144 vel
690 2088 857 2143 semel
888 2074 1120 2141 volueris
1164 2086 1483 2140 Sanctorum
1532 2087 1785 2155 imagines
1822 2096 2064 2141 contem-

482 2180 615 2248 plari
643 2220 659 2243 ,
699 2178 1094 2234 deformitatem
1120 2177 1313 2231 anima:
1349 2185 1451 2231 tua:
1494 2176 1698 2231 videbis
1725 2192 1740 2230 :
1772 2192 1874 2246 qua
1900 2178 2067 2232 semel

482 2279 789 2339 conspecta,
824 2269 966 2323 nullo
992 2268 1098 2321 alio
1124 2268 1303 2337 egebis
1330 2276 1388 2319 ut
1414 2268 1483 2320 ab
1507 2269 1605 2322 hac
1631 2268 1953 2337 turpitudine
2000 2269 2068 2321 li.-

484 2363 711 2416 bereris.
761 2360 840 2414 Ad
872 2360 973 2414 hoc
1015 2360 1157 2413 enim
1185 2358 1315 2412 utile
1357 2358 1510 2411 nobis
1538 2366 1620 2411 est
1648 2358 1747 2411 hoc
1773 2358 2066 2426 speculum,

484 2455 798 2523 facilemque
822 2452 975 2507 nobis
1005 2449 1177 2505 reddit
1207 2450 1343 2503 hanc
1382 2450 1751 2504 mutationem.
1779 2448 1946 2503 Nemo
1976 2449 2070 2501 ita-

485 2562 589 2615 que
619 2546 668 2598 in
720 2546 994 2598 brutorum
1044 2542 1212 2597 forma
1245 2551 1459 2596 maneat
1519 2541 1574 2596 Si
1615 2542 1757 2595 cnim
1787 2556 1971 2595 servus
2017 2546 2069 2596 in

484 2638 701 2690 domum
738 2636 900 2705 patris
928 2650 1035 2688 non
1065 2634 1263 2697 intrat,
1294 2648 1416 2686 cum
1444 2633 1568 2686 leta:
1595 2632 1815 2686 formam
1850 2634 2070 2697 habeas,

484 2726 755 2796 quomodo
787 2734 840 2779 tu
871 2725 921 2777 iu
950 2725 1129 2778 limina
1158 2724 1246 2777 illa
1277 2722 1479 2793 ingredi
1510 2723 1740 2791 poteris?
1768 2722 1970 2791 Ecquid
2004 2724 2071 2776 ten

488 2834 599 2873 ram
630 2817 789 2873 dico?
820 2817 950 2871 Fera
981 2817 1121 2871 enim
1163 2815 1402 2871 deterior
1426 2827 1509 2869 est
1542 2814 1844 2882 hujusmodi
1888 2814 2068 2867 homo.

488 2910 806 2965 Ferae-enim
835 2908 934 2962 etsi
983 2917 1167 2962 natura
1196 2923 1289 2959 sua
1324 2908 1527 2960 l'eroees
1558 2907 1685 2969 sint,
1715 2905 1942 2958 humana
1991 2914 2071 2957 ta-

488 3019 609 3058 men
636 3011 750 3055 arte
790 3014 932 3067 saepe
975 3005 1354 3052 mansuescunt
1397 3013 1408 3047 :
1460 3006 1511 3048 lu
1561 3011 1687 3048 vero
1731 2996 1819 3062 qui
1861 2994 2071 3050 illarum

488 3092 785 3148 naturalem
816 3090 1077 3144 feritatem
1120 3088 1171 3141 in
1200 3085 1680 3148 mansuetudinem,
1724 3101 1842 3153 quae.
1892 3096 2077 3140 contra

490 3192 735 3238 naturam
758 3195 941 3235 earum
971 3187 1074 3244 est,
1098 3185 1446 3239 transmutas,
1477 3191 1633 3244 quam
1667 3174 1887 3232 habebis
1912 3190 2071 3231 excn.

490 3274 771 3337 sationem,
801 3270 889 3340 qui
913 3267 1393 3331 mansuetudinem,
1421 3282 1661 3335 quamex
1681 3279 1864 3321 natura
1892 3267 2076 3332 habeS,

494 3367 545 3420 in
569 3365 860 3424 feritatem,
891 3377 1011 3430 quae
1040 3354 1224 3413 contra
1256 3368 1500 3412 naturatn
1525 3368 1643 3427 est,
1688 3358 1956 3413 convertis
1980 3397 1996 3421 ,
2025 3369 2076 3412 et

491 3458 581 3525 qui
624 3454 763 3525 quod
811 3454 979 3508 ferum
1023 3461 1138 3506 erat
1164 3451 1292 3505 mite
1331 3451 1581 3515 reddens,
1615 3453 1861 3519 teipsum,
1895 3459 2077 3504 natura

494 3550 677 3604 mitem
703 3590 718 3614 ,
744 3554 930 3601 contra
963 3554 1202 3599 naturam
1234 3542 1467 3600 ferocem
1497 3543 1817 3597 constituisti
1847 3559 1860 3595 :
1889 3556 1951 3596 ac
1988 3541 2076 3610 qui

497 3642 705 3695 leonem
730 3640 937 3694 cicuras
959 3647 1401 3705 mansnetumque
1429 3636 1626 3700 reddis,
1656 3635 1893 3689 animum
1926 3644 2072 3688 tuum

495 3731 653 3785 leone
695 3728 1009 3784 ferociorem
1052 3728 1256 3782 efficis?
1310 3726 1517 3782 etiamsi
1557 3725 1662 3780 duo
1711 3726 1817 3779 illic
1859 3724 2081 3789 impedi-

497 3828 683 3876 menta
714 3816 919 3879 adsint,
960 3825 1016 3868 et
1045 3813 1190 3882 quod
1226 3811 1340 3864 fera
1371 3809 1458 3861 illa
1491 3808 1562 3861 sit
1592 3806 1818 3859 rationis
1849 3822 2063 3875 expers,

489 3917 546 3964 et
572 3905 719 3977 quod
743 3902 994 3958 omnium
1025 3902 1096 3954 sit
1121 3896 1480 3953 ferocissima.
1514 3893 1765 3947 Attamen
1790 3893 1845 3945 vi
1882 3891 2066 3945 inditae

492 4000 592 4054 tibi
635 4014 666 4052 a
713 3996 825 4051 Deo
868 3990 1172 4062 sapientiae,
1224 3998 1476 4042 naturam
1525 3986 1696 4055 ipsam
1744 3982 1938 4036 vincis.
1984 3982 2064 4033 'l‘u

490 4092 660 4162 igitur
696 4087 793 4159 qui
830 4086 1070 4140 ferarum
1113 4091 1364 4135 naturam
1408 4079 1604 4143 vincis,
1653 4092 1754 4131 cur
1793 4075 1848 4129 in
1893 4074 2067 4143 teipse

487 4192 546 4237 et
576 4189 788 4235 naturae
817 4186 876 4231 ct
915 4172 1218 4229 voluntatis
1257 4171 1460 4224 bonum
1500 4166 1724 4237 prodis?
1752 4166 1829 4219 Ac
1863 4164 1908 4218 si
1944 4162 2066 4233 qui-

490 4275 616 4328 dem
657 4280 711 4325 te
752 4269 921 4323 alium
967 4264 1249 4323 hominem
1294 4262 1480 4315 mitem
1526 4259 1757 4313 reddere
1792 4257 2065 4327 juberem,

491 4380 560 4418 ne
597 4362 679 4415 sic
711 4357 936 4428 quidem
982 4355 1083 4408 tibi
1120 4368 1185 4407 ea
1221 4351 1481 4404 mandare
1518 4349 1758 4412 viderer,
1794 4362 1915 4415 qua:
1950 4344 2069 4399 ﬁeri

492 4450 790 4519 nequirent
824 4464 837 4499 :
870 4458 1062 4514 posses
1094 4451 1276 4495 tamen
1311 4448 1370 4492 tu
1403 4438 1642 4506 objicere
1671 4447 1724 4489 te
1754 4451 1864 4489 non
1890 4434 2071 4488 domi-

497 4558 629 4598 num
656 4553 776 4596 esse
803 4519 1102 4591 voluntatis
1128 4531 1376 4593 alterius,
1409 4542 1512 4583 nec
1537 4541 1707 4598 penes
1739 4534 1789 4579 te
1814 4523 1868 4578 id
1895 4530 2070 4577 totum

500 4650 642 4690 esse.
674 4631 835 4687 Nunc
870 4636 1054 4682 autem
1088 4623 1271 4678 bellua
1305 4630 1395 4675 tua
1424 4628 1527 4677 est.
1561 4620 1614 4671 in
1647 4625 1741 4671 tuo
1778 4613 1955 4685 posita
1986 4628 2074 4666 ar-

494 4727 682 4783 bitrio.

568 4913 622 4967 9.
665 4910 730 4965 In
756 4911 885 4963 iram
916 4905 1183 4960 invehitur.
1223 4900 1447 4971 Sanguis
1472 4896 1657 4953 Christi
1697 4892 1892 4947 morbos
1921 4889 2075 4943 animi

494 5004 785 5074 exstinguit.
835 4997 1054 5066 A/fectus
1092 5012 1209 5066 erga
1243 5002 1496 5046 creaturas
1531 5001 1749 5040 antorem
1771 4982 1954 5038 Christi
1980 4981 2077 5032 mi-

500 5097 706 5150 mtit.—
724 5093 892 5161 Quam
916 5103 1044 5157 ergo
1073 5086 1236 5139 habes
1262 5082 1648 5141 defensionem,
1677 5077 1801 5131 dum
1835 5081 2076 5129 naturam

500 5200 643 5243 tuam
661 5201 765 5240 non
793 5180 1024 5250 subigis?
1046 5192 1203 5249 quem
1222 5174 1576 5231 excusationis
1591 5172 1823 5226 colorem
1844 5164 2080 5237 proferre

502 5278 725 5349 poteris,
756 5274 881 5328 dum
914 5272 1123 5326 leonem
1149 5267 1199 5320 in
1232 5265 1500 5319 hominem
1525 5260 1809 5321 convertis,
1840 5269 1993 5327 teque
2014 5271 2075 5309 ex

507 5347 721 5425 homine
751 5366 958 5420 leonem
985 5362 1182 5415 factum
1209 5356 1425 5418 videns,
1456 5353 1508 5408 id
1538 5369 1641 5407 non
1669 5366 1842 5414 curas,
1877 5363 1938 5402 ae
1955 5347 2078 5401 dum

503 5461 580 5516 illi
610 5476 669 5515 ea
690 5500 705 5525 ,
737 5472 856 5528 qum
888 5468 1045 5523 supra
1077 5459 1317 5505 naturam
1353 5446 1469 5516 ejus
1508 5453 1629 5499 sunt
1650 5484 1665 5507 ,
1702 5441 1941 5512 largiris,
1988 5438 2077 5492 tibi

507 5568 572 5604 ne
600 5566 661 5604 ea
694 5549 903 5619 quidem
933 5559 1135 5607 servas,
1164 5556 1283 5611 qme
1310 5553 1376 5593 ex
1407 5544 1592 5589 natura
1620 5532 1803 5597 habes,
1834 5531 1927 5585 sed
1956 5528 2079 5584 dum

2184 372 2321 423 teras
2346 378 2580 438 agrestes
2615 367 2681 421 ad
2711 365 3036 419 nobilitatem
3067 371 3300 419 nostram
3331 361 3597 416 deducere
3623 376 3751 414 con-

2184 460 2357 513 tendis
2379 501 2394 524 ,
2430 459 2658 526 teipsum
2685 472 2749 510 ex
2792 457 2928 507 solio
2949 454 3096 523 regni
3118 451 3380 510 detrudis.
3402 459 3451 505 et
3477 454 3530 502 in
3555 449 3751 503 bellua-

2182 568 2297 606 rum
2344 552 2576 604 furorem
2617 548 2876 618 depcllis?
2911 547 3091 615 Cogita
3135 559 3397 612 namque,
3449 542 3493 595 si
3542 541 3749 610 placet,

2182 642 2313 695 iram
2354 656 2473 695 esse
2496 640 2660 693 feram
2687 656 2698 691 :
2727 648 2781 691 et
2804 646 3053 705 quantam
3084 634 3169 687 alii
3194 634 3333 687 circa
3359 634 3545 685 leones
3575 646 3749 685 curam

2185 729 2529 799 impendunt,
2578 736 2773 781 tantam
2820 735 2873 778 et
2914 734 2967 777 tu
3016 721 3259 791 impende
3297 722 3435 774 circa
3486 720 3749 788 teipsum,

2180 829 2337 886 atque
2375 820 2609 870 animum
2652 825 2797 869 tuum
2837 813 3017 866 mitem
3064 820 3503 877 tuansuetumque
3550 807 3748 862 redde:

2181 924 2299 961 nam
2329 917 2382 961 et
2426 907 2515 962 ille
2545 906 2702 959 smvis
2735 902 2982 957 dentibus
3007 910 3057 954 et
3084 899 3294 968 ungulis
3322 898 3611 950 instructus
3636 905 3749 959 est,

2177 1014 2239 1053 ac
2270 999 2368 1052 nisi
2395 999 2599 1052 cicures
2628 995 2822 1063 ipsum,
2862 992 3037 1045 omnia
3068 988 3270 1058 perdet.
3293 987 3475 1057 Neque
3505 988 3646 1041 enim
3676 987 3753 1040 leo

2180 1099 2236 1144 et
2265 1090 2443 1157 vipera
2474 1087 2551 1140 sic
2588 1086 2793 1138 viscera
2827 1083 3060 1136 lacerare
3096 1085 3349 1147 possunt,
3393 1084 3448 1128 ut
3484 1077 3559 1128 ira
3581 1115 3596 1140 ,
3642 1092 3752 1143 qme

2182 1181 2387 1249 ungulis
2432 1178 2616 1232 ferreis
2670 1173 2882 1229 assidue
2933 1170 3115 1225 laniat.
3160 1168 3341 1237 Neque
3390 1182 3520 1220 vero
3562 1182 3752 1235 corpus

2182 1280 2382 1323 tantum
2422 1266 2733 1331 labefactat,
2762 1261 2857 1317 sed
2892 1271 2945 1316 ct
2969 1261 3157 1313 anima:
3196 1259 3474 1312 sanitatem
3513 1273 3749 1310 currunt-

2180 1361 2272 1429 pit,
2295 1360 2398 1412 vim
2419 1358 2536 1427 ejus
2551 1371 2761 1410 omnem
2784 1352 3092 1413 corrodens,
3114 1350 3393 1413 dilaniatis,
3424 1350 3747 1418 discerpens,

2179 1462 2234 1505 et
2261 1451 2325 1504 ad
2354 1451 2529 1504 omnia
2570 1447 2813 1502 inutilem
2841 1444 3089 1499 reddens.
3119 1442 3249 1496 Nam
3283 1442 3326 1495 si
3355 1442 3400 1496 is
3424 1442 3512 1510 qui
3544 1457 3751 1496 vermes

2181 1544 2233 1597 in
2269 1544 2558 1598 visceribus
2603 1540 2804 1603 nutrit,
2854 1553 2923 1592 ne
2964 1537 3228 1605 respirare
3271 1534 3484 1604 quidem
3530 1536 3751 1603 poterit,

2175 1636 2383 1693 cunctis
2424 1634 2565 1688 intus
2602 1629 2868 1699 corruptis
2904 1669 2918 1693 ,
2957 1624 3221 1697 quomodo
3259 1625 3415 1677 talem
3453 1634 3751 1693 serpentem

2179 1726 2462 1790 habentes,
2488 1723 2691 1777 viscera
2718 1719 2895 1774 omnia
2919 1714 3313 1779 corrodentem,
3346 1714 3476 1767 iram
3500 1713 3643 1777 dico,
3670 1731 3751 1784 ge-

2179 1831 2431 1873 nerosum
2475 1816 2670 1886 aliquid
2720 1831 2908 1884 parere
2952 1818 3279 1884 poterimus?
3318 1817 3599 1884 Quomodo
3624 1833 3745 1886 ergo

2176 1908 2467 1978 poterimus
2507 1906 2579 1959 ab’
2612 1905 2712 1959 hac
2751 1915 2896 1973 peste
2927 1906 3182 1959 liberari?
3215 1905 3269 1961 Si
3312 1908 3453 1960 illam
3479 1907 3743 1975 potionem

2175 1998 2437 2062 bibamus,
2466 2011 2583 2065 qua:
2611 1996 2775 2064 possit
2804 1999 2943 2048 intus
2973 1996 3173 2063 positos
3201 2011 3410 2051 vermes
3438 2004 3494 2050 ct
3529 2011 3745 2065 serpen-

2177 2099 2256 2145 tes
2299 2092 2658 2157 exstinguere.
2706 2088 2882 2155 Ecqua
2934 2088 3078 2155 potio
3122 2087 3210 2141 illa
3255 2097 3356 2151 est,
3400 2087 3600 2155 inquis,
3631 2103 3745 2157 qua:

2177 2187 2374 2234 tantam
2425 2178 2528 2231 vim
2578 2176 2809 2230 habeat?
2857 2176 3128 2230 Pretiosus
3173 2178 3387 2245 sanguis
3428 2177 3653 2241 Christi,
3702 2178 3744 2231 si

2174 2282 2294 2324 cum
2326 2267 2515 2322 liducia
2542 2277 2782 2321 sumatur
2813 2284 2825 2319 :
2861 2267 3075 2321 morbos
3103 2266 3297 2336 quippe
3324 2282 3509 2321 omnes
3545 2267 3745 2320 exstin—

2174 2373 2336 2428 guere
2382 2357 2620 2427 poterit;
2676 2357 2796 2410 huic
2841 2356 2978 2409 adde
3021 2356 3316 2411 divinarum
3356 2356 3743 2426 Scripturarum

2175 2451 2386 2506 lectioni
2413 2450 2794 2514 attentionem,
2825 2447 3051 2517 huicque
3081 2447 3297 2517 adjicias
3321 2449 3743 2518 eleemosyuam:

2176 2556 2272 2611 per
2316 2540 2431 2595 haec
2486 2540 2681 2607 quippe
2725 2538 2901 2591 omnia
2956 2539 3225 2607 exstingui
3278 2548 3525 2607 poterunt
3578 2539 3746 2593 morbi

2176 2632 2407 2686 animant
2439 2630 2839 2684 labefactantes.
2868 2628 3119 2696 Tuncque
3142 2628 3312 2681 solum
3344 2628 3607 2693 vivemus,
3629 2643 3745 2682 cum

2171 2722 2283 2791 jam
2330 2736 2436 2773 non
2491 2719 2710 2771 meliore
2752 2716 3058 2771 conditione
3098 2717 3285 2782 simus,
3329 2733 3484 2784 quam
3511 2717 3746 2770 mortui:

2177 2827 2297 2865 natu
2345 2812 2449 2865 illis
2492 2809 2790 2865 viventibus
2809 2849 2825 2874 ,
2859 2823 2957 2861 nos
2984 2807 3160 2862 vivere
3186 2808 3497 2876 nequimus,
3533 2809 3628 2862 sed
3656 2823 3747 2862 ne-

2174 2901 2409 2956 cessario
2452 2900 2707 2969 perimus.
2752 2898 2863 2953 Nisi
2900 2898 3040 2955 enim
3077 2897 3162 2951 hic
3206 2897 3326 2952 illos
3368 2897 3748 2961 occiderimus,

2178 2991 2288 3045 illic
2318 3006 2415 3045 nos
2453 2990 2673 3044 omnino
2703 2986 3019 3041 iuterficient
3047 3004 3060 3041 :
3090 2987 3198 3040 imo
3222 2995 3277 3040 et
3301 2996 3423 3040 ante
3453 2995 3748 3042 extremum

2175 3081 2380 3135 obitum
2414 3079 2481 3133 de
2507 3079 2660 3133 nobis
2688 3077 2773 3131 hic
2802 3076 3054 3131 ultionem
3083 3085 3313 3130 sument.
3351 3077 3559 3131 Etenim
3588 3093 3751 3132 unus-

2173 3172 2396 3243 quisque
2429 3169 2645 3224 morbus
2687 3166 3084 3237 bujuscemodi,
3127 3167 3356 3222 crudelis
3387 3207 3403 3233 ,
3449 3169 3753 3237 tyrannicus

2174 3272 2229 3317 et
2255 3260 2566 3316 insatiabilis
2586 3267 2699 3324 est,
2731 3272 2829 3312 nec
2858 3272 2955 3312 nos
2992 3257 3227 3326 quotidie
3249 3257 3563 3312 corrodendi
3593 3259 3753 3313 finem

2176 3351 2303 3407 facit
2329 3368 2343 3404 :
2374 3366 2493 3405 nam
2524 3349 2714 3404 dentes
2740 3348 2951 3402 leonum
2975 3355 3099 3402 sunt
3132 3346 3321 3401 dentes
3352 3348 3584 3415 ipsorum
3603 3388 3618 3409 ,
3644 3348 3748 3400 imo

2176 3444 2335 3497 etiam
2389 3442 2547 3511 longe
2595 3440 2869 3494 saeviores.
2916 3437 3025 3492 Leo
3075 3438 3273 3507 quippe
3318 3437 3409 3491 ubi
3462 3438 3754 3491 exsatiatus

2175 3536 2366 3597 fuerit,
2412 3550 2441 3585 a
2490 3532 2748 3586 cadavere
2789 3529 3018 3585 discedit
3055 3546 3067 3581 :
3102 3528 3157 3582 hi
3194 3542 3325 3582 vero
3376 3527 3546 3582 morbi
3591 3529 3752 3582 animi

2179 3639 2466 3693 numquam
2506 3624 2785 3683 satiantur,
2832 3635 3008 3689 neque
3050 3628 3281 3682 cessant,
3328 3619 3498 3673 donec
3541 3629 3753 3688 captum

2176 3715 2446 3769 hominem
2487 3712 2701 3767 diabolo
2746 3711 3041 3779 proximum
3080 3712 3385 3765 statuerint.
3411 3710 3577 3764 Tanta
3605 3712 3748 3765 enim

2176 3806 2387 3859 illorum
2414 3803 2494 3857 vis
2522 3810 2640 3867 est,
2690 3810 2749 3855 ut
2789 3814 2947 3870 quam
2987 3800 3296 3854 servitutem
3323 3798 3535 3854 Christo
3563 3800 3754 3854 Paulus

2176 3894 2436 3958 exhibuit,
2468 3893 2537 3946 ita
2559 3900 2616 3946 ut
2642 3880 2858 3960 prepter
2885 3890 3030 3942 illum
3059 3888 3109 3943 et
3128 3888 3427 3958 gehennam
3455 3898 3508 3944 et
3534 3906 3752 3959 regnum

2179 3985 2519 4053 despiceret,
2566 3979 2807 4036 eamdem
2849 3978 3015 4049 ipsam
3057 3993 3085 4031 a
3126 3978 3346 4046 captivis
3380 3979 3490 4032 suis
3516 3981 3753 4048 exigant.

2177 4075 2308 4131 Nam
2339 4074 2452 4127 sive
2486 4073 2538 4126 in
2579 4084 2900 4138 corporum,
2941 4068 3054 4122 sive
3093 4067 3145 4121 in
3185 4066 3520 4133 divitiarum,
3563 4068 3678 4123 sive
3703 4069 3753 4121 in

2175 4165 2358 4237 glorize
2395 4178 2632 4219 amorem
2674 4161 2792 4230 quis
2823 4158 3093 4221 inciderit,
3120 4166 3175 4211 et
3200 4157 3496 4227 gehennam
3526 4157 3754 4221 deridet,

2179 4265 2234 4312 et
2261 4269 2480 4324 regnum
2508 4251 2821 4312 contemnit,
2847 4258 2903 4301 ut
2928 4256 3102 4300 amata
3131 4262 3187 4298 re
3218 4246 3465 4313 potiatur.
3495 4245 3574 4300 Ne
3599 4246 3757 4317 igitur

2178 4346 2344 4401 Paulo
2371 4343 2530 4398 fidem
2554 4353 2807 4408 negemus
2832 4336 3051 4397 dicenti,
3070 4350 3129 4391 se
3143 4333 3408 4387 Christum
3429 4333 3500 4386 ita
3522 4350 3751 4390 amasse.

2186 4433 2311 4489 Cum
2341 4434 2481 4487 enim
2518 4430 2850 4485 inveniantur
2893 4423 3109 4493 quidam
3153 4419 3315 4476 animi
3358 4420 3638 4478 affectibus
3686 4425 3754 4477 ita

2183 4523 2508 4586 servientes,
2538 4535 2635 4573 cur
2661 4517 2786 4571 illud
2814 4512 3118 4570 incredibile
3148 4510 3302 4566 nobis
3341 4510 3620 4567 videatur?
3668 4514 3757 4568 Et-

2184 4615 2325 4668 enim
2355 4612 2472 4665 ideo
2494 4625 2643 4664 amor
2663 4622 2786 4677 erga
2806 4605 3075 4661 Christum
3105 4602 3365 4657 infirmior
3382 4612 3484 4669 est,
3506 4603 3627 4671 quia
3650 4612 3754 4657 tota

2186 4706 2262 4758 vis
2289 4713 2469 4757 nostra
2494 4702 2544 4755 in
2566 4699 2816 4755 vitiorum
2840 4708 3022 4748 amore
3042 4692 3371 4748 consumitur
3396 4703 3480 4747 :et
3500 4694 3754 4761 rapimus,

2183 4802 2237 4848 et
2268 4792 2503 4846 avaritixe
2539 4788 2702 4844 dediti
2732 4799 2917 4842 sumus
2936 4826 2951 4850 ,
2983 4794 3037 4839 et
3071 4800 3222 4838 vana:
3248 4785 3429 4853 gloriae
3456 4787 3715 4838 servimus
3735 4822 3752 4847 ,

2184 4899 2286 4954 qna
2316 4882 2440 4951 quid
2484 4881 2637 4935 vilius
2681 4877 2878 4934 fuerit?
2910 4877 3124 4930 Etiamsi
3164 4876 3304 4930 enim
3349 4875 3633 4928 admodum
3682 4874 3754 4926 sis

2183 4976 2531 5044 conspicuus,
2574 4971 2741 5026 nihilo
2784 4970 2971 5024 melior
2997 4970 3102 5024 eris
3147 4968 3212 5021 iis
3256 4967 3344 5035 qui
3375 4966 3568 5019 infinite
3599 4965 3753 5017 sortis

2184 5076 2340 5130 sunt;
2388 5066 2494 5119 imo
2540 5063 2609 5117 ob
2649 5062 2752 5116 hoc
2791 5061 2962 5130 ipsum
3006 5060 3109 5112 illis
3137 5058 3354 5112 inferior
3379 5057 3504 5110 eris.
3533 5055 3754 5123 Quando

2184 5157 2324 5212 enim
2353 5155 2510 5209 iidem
2540 5154 2657 5223 ipsi,
2690 5152 2777 5221 qui
2809 5160 2857 5205 te
2875 5151 3162 5221 gloriosum
3190 5162 3252 5201 ac
3277 5146 3608 5215 splendidum
3631 5144 3749 5200 red-

2185 5247 2310 5301 dere
2352 5244 2601 5307 student,
2647 5242 2715 5295 ob
2747 5241 2849 5294 hoc
2875 5241 3045 5308 ipsum
3080 5247 3128 5290 te
3158 5236 3402 5291 derident
3423 5274 3437 5298 ,
3468 5236 3610 5304 quod
3638 5236 3751 5303 gloo

2184 5336 2316 5392 riam
2346 5335 2414 5388 ab
2440 5332 2568 5403 ipsis
2604 5331 2840 5401 requiras
2862 5370 2878 5395 ,
2917 5326 3182 5397 quomodo
3211 5341 3315 5379 non
3347 5325 3459 5378 haec
3486 5324 3744 5393 cupiditas

2187 5427 2278 5482 tibi
2306 5427 2357 5480 in
2379 5423 2699 5480 contrarium
2726 5420 3003 5481 vertetur?
3026 5418 3157 5473 Nam
3181 5417 3277 5483 illi,
3295 5416 3549 5486 quidquid
3566 5422 3739 5486 agant,

2186 5527 2521 5573 accusatores
2544 5514 2615 5568 tui
2639 5521 2781 5567 sunt.
