4058 6204
676 293 738 352 ’ίί
1394 276 1449 329 S.
1486 245 1772 330 JOANNIS
1808 269 2287 326 CIIRYSOSTOMI
2327 268 2641 324 ARCIHEP.
2681 260 3223 323 CONSTANTINOP.
3813 255 3854 313 δε

674 384 736 434 δι’
762 379 924 434 αὐτὸν
953 377 1324 447 καταφρονῶν,
1345 372 1442 441 τὴν
1466 373 1634 441 αὐτὴν
1662 369 1754 423 καὶ
1779 365 1930 436 παρὰ
1958 363 2066 416 τῶν
2089 360 2238 413 ἀλόνο

674 489 780 525 των
798 472 843 504 ⁸¹
893 470 1272 523 άπαιτείν.¹Ἀν
1303 483 1361 518 τε
1404 466 1510 534 γὰρ
1557 461 1822 532 σωμάτων
1867 456 2050 528 ἔρωτι,
2079 453 2145 506 ἄν
2181 468 2239 502 τε

675 562 992 632 χρημάτων,
1028 561 1090 613 ἀν
1137 575 1194 610 τε
1239 557 1392 626 δόξης
1431 553 1702 622 περιπέσῃ
1749 566 1852 613 τις,
1887 548 1981 600 καὶ
2021 543 2240 613 γεέννης

679 651 953 720 καταγελᾷ
995 649 1195 706 λοιπὸν.
1227 649 1317 700 καὶ
1362 645 1636 715 βασιλείας
1687 640 2033 710 καταφρονεῖ,
2064 635 2149 686 ἵνα
2184 632 2243 683 τὸ

678 743 887 811 θέλημα
937 741 1136 793 τούτων
1191 738 1509 808 ἐργάσηται.
1551 735 1642 803 Μὴ
1695 731 1874 784 τοίνυν
1929 724 2244 793 ἀπιστῶμεν

682 833 873 900 Παύλῳ
925 832 1151 894 λέγοντι.
1207 831 1287 882 ὅτι
1335 828 1426 880 τὸν
1471 825 1701 895 Χριστὸν
1747 820 1918 904 οῦτως
1971 815 2242 882 ἐφίλησεν.
2303 882 2306 888 ν

680 921 843 972 Ὅταν
864 919 971 988 γὰρ
991 917 1254 989 εὑρεθῶσί
1277 935 1420 981 τινες
1445 921 1554 979 τοῖς
1575 917 1799 971 πάθεσιν
1819 915 1960 969 οὕτω
1980 915 2244 968 δουλεύονο

675 1029 785 1075 τες,
815 1013 928 1074 πῶς
961 1011 1184 1064 ἄπιστον
1215 1012 1386 1062 ἐκεῖνο
1413 1009 1551 1074 δόξει
1579 1004 1717 1060 εἶναι
1753 1007 1970 1072 λοιπόν;
1999 1007 2108 1058 Καὶ
2139 1006 2246 1073 γὰρ

675 1104 760 1155 διὰ
790 1104 947 1155 τοῦτο
995 1107 1022 1155 6
1070 1104 1197 1172 περὶ
1245 1102 1335 1152 τὸν
1379 1100 1611 1170 Χριστὸν
1650 1098 1806 1162 πόθος
1842 1098 2241 1168 ἀσθενέστερος,

675 1195 862 1263 ἐπειδὴ
902 1195 1049 1246 πᾶσα
1073 1194 1204 1263 ήμῖν
1225 1194 1257 1261 ή
1287 1191 1514 1260 δύναμις
1537 1192 1618 1252 εἰς
1645 1189 1831 1242 τοῦτον
1854 1189 2245 1242 καταναλοῦται

572 1324 580 1337 .
677 1286 766 1336 τὸν
793 1285 988 1352 ἔρωτα,
1025 1282 1118 1334 καὶ
1165 1281 1502 1349 ἁρπάξομεν,
1535 1280 1630 1332 καὶ
1665 1277 2113 1346 πλεονεκτοῦμεν,
2154 1277 2247 1327 καὶ

677 1373 804 1442 δόξῃ
834 1371 1152 1440 δουλεύομεν
1181 1372 1342 1439 κενῇ·
1373 1365 1440 1439 ἧς
1480 1369 1532 1420 τί
1579 1369 1771 1434 γένοιτ’
1798 1369 1862 1420 ἂν
1891 1366 2006 1437 [65]
2034 1365 2246 1417 εὐτελέ-

680 1477 900 1529 στερονς
934 1461 1050 1512 Κᾶν
1076 1459 1184 1529 γάρ
1220 1458 1474 1528 μυριάκις
1521 1458 1652 1526 γένῃ
1698 1457 2070 1525 περίϐλεπτος,
2099 1455 2246 1507 οὐδὲν

677 1553 785 1606 τῶν
815 1552 1024 1621 ἀτίμων
1053 1550 1152 1621 ἔσῃ
1178 1550 1419 1618 βελτίων,
1444 1547 1578 1600 άλλά
1609 1548 1675 1599 δι’
1698 1547 1828 1599 αὐτὸ
1861 1548 1957 1616 μὲν
1981 1543 2073 1599 οῦν
2091 1545 2248 1598 τοῦτο

679 1644 773 1697 καὶ
810 1639 1325 1712 ἀτιμότερος.”οταν
1353 1640 1460 1709 γάρ
1490 1641 1540 1691 οἱ
1575 1639 1882 1709 βουλόμενοί
1916 1655 1973 1691 σε
2008 1637 2247 1700 δοξάζειν

677 1733 770 1783 καὶ
795 1730 1043 1800 λαμπρὸν
1065 1728 1468 1790 ἀποδεικνύναι,
1497 1728 1560 1781 δι’
1580 1729 1708 1781 αὐτὸ
1728 1728 1884 1780 τοῦτό
1914 1744 1972 1778 σε
1998 1726 2246 1792 γελῶσιν,

677 1823 757 1874 ὅτι
787 1823 884 1890 τῆς
913 1821 1041 1890 παρ’
1072 1821 1249 1872 αὐτῶν
1275 1819 1558 1888 ἐπιθυμεῖς
1584 1819 1761 1888 δόξης,
1793 1817 1909 1877 πῶς
1945 1818 2046 1868 οὐκ
2082 1817 2161 1877 εἰς
2190 1816 2251 1868 τὸ

679 1913 918 1965 ἐναντίον
959 1910 1427 1980 περιτραπήσεταί
1456 1926 1536 1961 σοι
1575 1910 1640 1963 τὰ
1680 1909 1778 1977 τῆς
1807 1906 2058 1975 τοιαύτης
2088 1923 2249 1959 σπου-

679 2003 772 2072 δῆς
795 2020 808 2066 ;
2093 2065 2110 2080 η

753 2100 805 2146 ι’.
830 2094 937 2144 Kal
959 2093 1062 2162 γὰρ
1084 2091 1188 2144 τῶν
1214 2092 1698 2163 κατηγορουμένων
1731 2090 1791 2142 τὸ
1829 2089 2059 2160 πρᾶγμά
2082 2091 2246 2142 ἐστιν.

686 2182 892 2250 Ὥσπερ
937 2179 1044 2249 γάρ
1085 2184 1175 2232 τὸν
1218 2177 1584 2248 ἐπιθυμοῦντα
1618 2177 1887 2246 μοιχεύειν
1915 2177 1946 2246 ἢ
1974 2176 2251 2248 πορνεύειν

683 2274 748 2326 ἂν
777 2274 971 2342 ἐπαινῇ
993 2288 1075 2332 τις
1104 2272 1198 2324 καὶ
1229 2271 1517 2341 κολακεύῃ,
1549 2269 1694 2339 αὐτῷ
1715 2269 1886 2339 τούτῳ
1909 2269 2107 2337 μᾶλλον
2129 2286 2254 2322 κατ-

686 2366 882 2432 ήγορος
916 2363 1128 2429 γίνεται¹
1171 2362 1202 2431 ἢ
1254 2363 1539 2430 ἐπαινέτης
1572 2359 1664 2412 τοῦ
1696 2360 1764 2412 τὰ
1793 2358 2013 2411 τοιαῦτα
2062 2358 2247 2410 ἐπιθυ-

653 2478 658 2479 ν
689 2451 914 2521 μοῦντος
934 2468 949 2482 °
978 2449 1120 2504 οὕτω
1152 2452 1244 2503 καὶ
1268 2450 1360 2503 τὸν
1386 2450 1541 2520 δόξης
1573 2448 1938 2518 ἐπιθυμοῦντα
1956 2486 1970 2508 ,
1994 2447 2121 2498 ὅταν
2153 2447 2250 2498 ἐπ-

685 2541 922 2612 αινῶμεν
951 2541 1207 2604 ἅπαντες,
1238 2542 1532 2612 κατήγοροι
1569 2540 1765 2610 μᾶλλόν
1791 2541 1956 2609 ἐσμεν
1979 2538 2012 2607 ἢ
2039 2537 2252 2590 ἐπαινέ⁸

572 2644 586 2656 ⁸
684 2650 772 2684 ται
795 2631 899 2684 τῶν
940 2632 1275 2702 βουλομένων
1309 2631 1644 2697 δοξάζεσθαι.
1682 2631 1747 2682 Τί
1783 2630 1959 2683 τοίνυν
1987 2629 2188 2698 ἐφέλκῇ
2208 2627 2253 2658 ⁸⁸

684 2723 744 2775 τὸ
771 2725 1023 2792 πρᾶγμα,
1058 2725 1149 2791 ἀφ’
1179 2718 1239 2778 οῦ
1271 2723 1332 2776 τὸ
1373 2723 1610 2775 ἐναντίον
1655 2737 1736 2773 σοι
1785 2719 2099 2790 συμϐαίνειν
2131 2715 2254 2770 εἵω-

686 2813 812 2879 θεν;
860 2814 922 2864 Εἰ
964 2814 1072 2882 γάρ
1119 2812 1433 2877 δοξάζεσθαι
1469 2811 1670 2882 βούλει,
1699 2809 2028 2879 καταφρόνει
2073 2805 2248 2876 δόξης,

687 2903 781 2956 καὶ
819 2903 1032 2956 πάντων
1059 2902 1155 2973 ἔσῃ
1187 2903 1581 2974 λαμπρότερος.
1614 2901 1678 2952 Τί
1707 2899 1934 2968 πάσχεις
1957 2899 2093 2966 ὅπερ
2120 2896 2254 2949 ἐπα-

686 2989 778 3042 θεν
821 2991 849 3041 6
892 2989 1384 3059 Ναϐουχοδονόσορ;
1432 2991 1541 3042 Kal
1578 2988 1686 3058 γὰρ
1724 2988 1817 3043 καὶ
1848 2988 2050 3047 ἐκεῖνος
2073 2984 2258 3038 εἰκόνα

686 3076 935 3147 ἔστησεν,
970 3078 1076 3132 ἀπὸ
1104 3079 1196 3131 τοῦ
1248 3077 1403 3142 ξύλου
1438 3079 1656 3146 καὶτῆς
1686 3075 2009 3145 ἀναισθήτου
2045 3074 2256 3146 μορφῆς

686 3168 1004 3238 προσθήκην
1043 3166 1275 3236 νομίζων
1304 3165 1483 3234 ἑαυτῷ
1500 3163 1743 3234 πορίζειν
1775 3161 2070 3236 εὐφημίας⁹
2098 3162 2190 3217 καὶ
2226 3163 2256 3214 6

682 3255 789 3317 ζῶν
835 3257 943 3309 ἀπὸ
972 3255 1065 3309 τοῦ
1099 3255 1174 3324 μὴ
1219 3253 1418 3318 ζῶντος
1464 3253 1838 3325 λαμπρότερος
1873 3251 2030 3322 ήθελε
2067 3251 2250 3320 φαίνε-

680 3350 824 3396 σθαι.
859 3343 1008 3408 Εἶδες
1040 3347 1138 3414 τῆς
1173 3345 1366 3414 μανίας
1413 3344 1510 3414 τὴν
1554 3341 1890 3414 ὑπερϐολήν;
1935 3341 2114 3394 Δοκῶν
2140 3342 2248 3412 γάρ

681 3434 870 3486 ἑαυτὸν
895 3437 1082 3505 τιμᾷν,
1117 3435 1313 3505 μᾶλλον
1338 3433 1814 3504 ἐξύϐρισεν.Ὂταν
1853 3433 1961 3504 γὰρ
1991 3433 2248 3503 φαίνηται

677 3522 756 3592 τῷ
787 3523 980 3594 ἀψύχῳ
1014 3523 1230 3595 θαρρῶν
1268 3524 1464 3594 μᾶλλον
1505 3525 1537 3594 ἢ
1573 3525 1750 3594 ἐαυτῷ
1779 3525 1873 3578 καὶ
1899 3529 1965 3595 τῇ
2012 3526 2069 3576 ὲν
2102 3524 2249 3593 αὐτῷ

679 3613 828 3685 ζώσῃ
849 3615 1014 3684 ψυχῇ,
1042 3615 1133 3667 καὶ
1162 3615 1250 3668 διὰ
1276 3614 1434 3668 τοῦτο
1464 3614 1526 3666 τὸ
1555 3613 1707 3678 ξύλον
1734 3615 1825 3667 ἐπὶ
1852 3614 2115 3684 τοσαύτην
2141 3615 2248 3684 ἄγῃ

597 3762 607 3772 ,
679 3705 986 3774 προεδρίαν,
1020 3704 1135 3766 πῶς
1186 3705 1285 3756 οὐκ
1326 3704 1389 3756 ἂν
1432 3705 1516 3774 εῖη
1552 3703 1784 3771 γέλωτος
1814 3703 1980 3768 ἄξιος,
2007 3705 2107 3756 οὐκ
2144 3704 2249 3757 ἀπὸ

677 3795 915 3864 τρόπων,
947 3795 1059 3848 ἀλλ’
1085 3794 1192 3847 ἀπὸ
1235 3795 1462 3847 σανίδων
1502 3794 1934 3858 καλλωπίζεσθαι
1965 3795 2206 3847 σπεύδων
2232 3813 2246 3860 ς

680 3885 887 3956 Ὥσπερ
918 3886 982 3938 ἀν
1028 3886 1080 3937 εἴ
1107 3903 1191 3948 τις
1220 3883 1309 3936 διὰ
1339 3884 1399 3936 τὸ
1427 3883 1624 3955 βάθρον
1652 3884 1712 3936 τὸ
1758 3886 1814 3937 έν
1861 3886 1926 3954 τῇ
1969 3884 2114 3955 οἰκίᾳ
2157 3887 2251 3938 καὶ

677 3975 765 4028 διά
789 3977 881 4047 τὴν
915 3977 1156 4046 κλίμακα
1188 3975 1354 4045 καλὴν
1393 3972 1558 4029 οὖσαν
1601 3974 1740 4039 ἀξιοῖ
1768 3975 1986 4044 μᾶλλον,
2017 3974 2050 4044 ἢ
2083 3975 2169 4027 διά
2191 3974 2252 4028 τὸ

677 4067 959 4138 ἄνθρωπος
987 4065 1142 4131 εἷναι,
1171 4067 1577 4138 έναϐρύνεσθαι.
1609 4066 1805 4119 Τοῦτον
1837 4066 1930 4118 καὶ
1976 4067 2058 4133 ἐφ’
2096 4067 2249 4135 ἡμῶν

679 4159 863 4212 πολλοί
913 4161 1202 4230 μιμοῦνται
1239 4161 1572 4228 νῦν.”Ωσπερ
1606 4160 1712 4230 γάρ
1753 4160 1958 4222 ἐκεῖνος
2003 4158 2111 4212 ἀπὸ
2153 4158 2251 4228 τῆς

677 4251 904 4312 εἰκόνος,
939 4249 1111 4314 οὕτως
1141 4253 1247 4302 ἀπὸ
1279 4252 1506 4318 ἱματίων
1527 4251 1724 4320 ἕτεροι,
1754 4251 1848 4303 καὶ
1875 4249 1933 4313 ἐξ
1961 4249 2136 4310 οἰκίας
2157 4248 2252 4303 ἄλ-

679 4341 780 4401 λοι,
822 4341 913 4392 καὶ
948 4339 1004 4404 ἐξ
1033 4341 1270 4407 ἡμιόνων
1299 4341 1391 4391 καὶ
1423 4340 1733 4407 ὀχημάτων,
1759 4340 1872 4410 [66]
1897 4341 1986 4391 καὶ
2007 4341 2113 4391 ἀπὸ
2136 4340 2249 4391 κιό-

682 4447 786 4480 νων
815 4428 921 4479 τῶν
946 4429 1001 4479 ἐν
1023 4429 1140 4488 ταῖς
1168 4427 1364 4488 οἰκίαις
1394 4425 1599 4489 ἀξιοῦσι
1625 4425 2016 4495 θαυμάζεσθαι.
2037 4427 2250 4497 Ἐπειδὴ

680 4516 790 4587 γάρ
813 4516 874 4569 τὸ
902 4515 1175 4586 ἄνθρωποι
1201 4511 1338 4567 εἶναι
1371 4514 1676 4577 ἀπώλεσαν,
1711 4515 2085 4586 περιέρχονται
2126 4517 2249 4567 συλ-

679 4607 928 4678 λέγοντες
964 4607 1173 4668 ἑαυτοῖς
1219 4604 1481 4674 ἑτέρωθεν
1526 4604 1624 4675 τήν
1657 4603 1848 4656 πολλοῦ
1898 4604 2129 4673 γέλωτος
2161 4607 2251 4674 γέι

683 4715 888 4767 μουσαν
930 4696 1106 4764 δόξαν.
1126 4695 1264 4748 Ἀλλ’
1288 4697 1385 4764 οὐχ
1419 4697 1466 4748 οἱ
1510 4697 1744 4763 γενναῖοι
1774 4697 1865 4749 καὶ
1899 4697 2121 4766 μεγάλοι
2156 4698 2248 4750 τοῦ

679 4787 812 4840 Θεοῦ
843 4785 1167 4856 θεράποντες
1193 4783 1460 4847 ἐντεῦθεν,
1491 4783 1602 4836 ἀλλ’
1635 4784 1725 4853 ἀφ’
1750 4777 1825 4836 ὧν
1855 4782 1962 4835 ἔδει
1995 4784 2246 4853 μάλιστα,

679 4881 743 4930 ἐκ
780 4878 982 4931 τούτων
1011 4879 1272 4946 ἔλαμπον.
1307 4877 1417 4930 Kal
1448 4876 1618 4945 γάρυθ
1645 4875 1976 4947 αἰχμάλωτοι
2011 4876 2103 4928 καί
2131 4876 2250 4928 δοῦ-

679 4967 759 5017 λοι
788 4966 880 5018 καὶ
908 4965 1015 5017 νέοι
1045 4965 1138 5017 καὶ
1169 4964 1304 5028 ξένοι
1343 4965 1437 5017 καὶ
1470 4964 1684 5018 πάντων
1722 4963 1830 5015 τῶν
1868 4963 2075 5016 οἴκοθεν
2100 4962 2250 5024 ὄντες

679 5057 894 5127 ἔρημοι,
918 5053 1012 5106 τοῦ
1045 5055 1218 5107 πάντα
1251 5054 1713 5125 περιϐεϐλημένου
1734 5053 1907 5107 ταῦτα
1938 5054 2250 5122 σεμνότεροι

681 5145 855 5215 πολλῷ
885 5144 1006 5197 τότε
1031 5145 1322 5214 ἐφάνησαν.
1359 5145 1468 5198 Kal
1517 5145 1593 5215 τῷ
1637 5145 1736 5216 μὲν
1780 5143 2250 5214 Ναϐουχοδονόσορ

683 5241 785 5293 οὐκ
817 5235 979 5290 εἰκὼν
1009 5235 1264 5304 τοσαύτη.
1310 5237 1370 5288 οὐ
1421 5239 1716 5308 σατράπαι,
1755 5238 1815 5290 οὐ
1844 5235 2158 5307 στρατηγοὶ,
2189 5234 2248 5285 οὐ

688 5328 1023 5403 στρατόπεδα
1067 5327 1268 5381 ἀπειοα
1333 5327 1390 5379 οὐ
1427 5327 1648 5400 χρυσίου
1698 5326 1919 5397 πλῆθος,
1973 5325 2074 5379 οὐκ
2121 5321 2251 5391 άλλη

2349 367 2610 435 φαντασία
2641 367 2776 436 πρὸς
2805 366 2904 436 τήν
2927 363 3220 435 ἐπιθυμίαν
3249 364 3468 434 ήρκεσε.
3492 365 3584 418 καὶ
3623 365 3685 418 τὸ
3727 365 3854 430 δεῖξε

2350 455 2550 525 μέγαν·
2588 455 2796 517 τούτοις
2842 454 2897 510 δέ
2952 454 3153 507 τούτων
3198 454 3412 505 πάντων
3463 455 3854 525 γεγυμνωμένοι

2344 545 2576 615 ἤρκεσεν
2599 546 2632 616 ή
2662 545 2943 612 φιλοσοφία
2970 545 3102 614 μόνη
3118 544 3185 605 ⁸⁸,
3214 543 3307 596 καὶ
3334 542 3427 595 τοῦ
3457 543 3515 595 τὸ
3536 543 3769 613 διάδημα
3801 561 3854 594 κα

2345 637 2446 705 τήν
2471 636 2770 705 πορφυρίδα
2804 636 3013 706 ἔχοντος
3039 635 3128 687 καὶ
3166 632 3387 686 τοιαῦτα
3419 632 3854 703 περιϐεϐλημένοι

2345 726 2472 788 τοὺς
2518 725 2667 778 οὐδὲν
2711 726 2911 778 τούτων
2956 723 3324 792 κεκτημένους
3353 721 3757 791 λαμπροτέρους
3795 722 3854 772 ἀπ

2347 817 2510 884 έφηνε
2541 813 2810 875 τοσοῦτον,
2833 815 2953 866 ὅσον
2991 815 3020 866 6
3051 813 3200 881 ⁴ἥλιός
3243 815 3357 879 ἐστι
3397 812 3676 881 μαργάρου
3698 811 3744 841 ⁸⁸
3769 810 3854 878 λαμ

2347 904 2626 974 πρότερος.
2657 903 2768 956 Kal
2796 902 2903 972 γὰρ
2932 904 2989 955 ὲν
3025 901 3172 971 μέσῳ
3204 902 3303 970 τῆς
3342 901 3662 969 οἰκουμένης
3692 899 3854 964 ἀπάστ

2347 995 2559 1064 ἤγοντο,
2587 994 2696 1047 νέοι
2723 1011 2782 1046 τε
2808 993 2958 1056 ὅντες
2987 992 3080 1046 καὶ
3111 992 3440 1062 αἰχμάλωτοι
3469 992 3561 1044 xal
3591 991 3779 1049 δοῦλοι,
3808 1007 3854 1041 κς

2347 1085 2619 1152 φανέντων
2650 1083 2852 1145 εὐθέως
2877 1085 2905 1135 6
2932 1081 3179 1151 βασιλεὺς
3209 1081 3320 1151 πῦρ
3353 1082 3455 1133 ἀπὸ
3480 1079 3587 1132 τῶν
3619 1078 3854 1147 ὀφθαλμιῖ

2346 1177 2513 1243 ήφίει,
2547 1177 2639 1227 καί
2673 1175 2964 1244 στρατηγοὶ
2996 1174 3090 1225 καὶ
3123 1172 3353 1243 ὕπαρχοι
3390 1173 3482 1225 καὶ
3518 1171 3782 1242 τοπάρχαι
3808 1187 3854 1222 xc

2348 1264 2492 1316 ἅπαν
2513 1257 2874 1315 τοῦίδιαϐόλου
2899 1263 2956 1315 τὸ
2979 1263 3203 1332 θέατρον
3233 1263 3627 1333 περιειστήκει,
3651 1262 3742 1314 καὶ
3757 1278 3854 1329 φων

2349 1351 2621 1420 συρίγγων
2647 1350 2978 1420 πανταχόθεν
3011 1350 3104 1403 καί
3132 1351 3445 1418 σαλπίγγων
3467 1350 3561 1402 καὶ
3581 1349 3758 1418 πάσης
3779 1365 3854 1418 μοι

2348 1439 2504 1508 σικῆς
2535 1438 2669 1505 πρὸς
2694 1438 2782 1489 τὸν
2816 1437 3042 1508 οὐρανὸν
3074 1438 3342 1509 φερομένη
3380 1441 3630 1508 περιήχει
3655 1437 3749 1499 τὰς
3771 1439 3848 1488 ἐκε

2347 1545 2451 1580 νων
2486 1527 2672 1589 ἀκοάς,
2705 1527 2798 1580 καὶ
2833 1528 3056 1596 κάμινος
3091 1529 3371 1582 ἀνεκαίετο
3420 1530 3554 1599 πρὸς
3587 1527 3716 1598 ὕψος
3761 1528 3854 1580 ἀπε

2350 1636 2462 1687 ρον,
2486 1619 2578 1672 καὶ⁹
2599 1619 2664 1671 αὐ
2676 1618 2776 1670 τῶν
2796 1619 2828 1687 ἡ
2854 1619 2982 1686 φλὸξ
3000 1620 3203 1688 ἥπτετο
3217 1620 3322 1673 τῶν
3348 1620 3604 1688 νεφελῶν,
3630 1621 3718 1674 καὶ
3739 1621 3854 1673 πάντ

2351 1709 2515 1776 φόϐου
2559 1711 2651 1760 καὶ
2698 1709 3008 1778 ἐκπλήξεως
3056 1705 3124 1779 ἧν
3176 1711 3472 1779 ἀνάμεστα.
3508 1711 3647 1763 Ἀλλ’
3678 1710 3854 1764 ἐκείνοι

2349 1795 2499 1847 οὐδὲν
2527 1795 2729 1847 τούτων
2763 1795 3080 1864 ἐξέπληξεν·
3113 1796 3225 1848 ἀλλ’
3246 1796 3432 1869 ὥσπερ
3467 1798 3673 1851 παίδων
3697 1798 3854 1860 παιζόε

2349 1903 2456 1937 των
2499 1884 2984 1952 καταγελάσαντες,
3016 1886 3113 1956 τὴν
3161 1887 3405 1958 ἀνδρείαν
3455 1888 3548 1939 καὶ
3598 1889 3695 1959 τήν
3746 1891 3849 1940 ὲπιε

2351 1992 2504 2028 κειαν
2532 1975 2925 2039 ἐπεδείκνυντο,
2958 1977 3050 2030 καί¹
3074 1976 3180 2028 τῶν
3212 1977 3524 2045 σαλπίγγων
3541 1979 3761 2031 ἐκείνων
3776 1979 3854 2046 λαι

2355 2066 2622 2136 προτέραν
2674 2066 2919 2133 ἀφιέντες
2961 2067 3141 2137 φωνὴν
3188 2068 3404 2136 ἔλεγον·
3446 2071 3732 2123 Γνωστὸν
3761 2070 3854 2121 ἔστ

2352 2156 2768 2220 σοι,,8ασιλεῦ.
2799 2155 2910 2228 [67]
2933 2157 3067 2210 Οὐδὲ
3101 2158 3209 2230 γὰρ
3237 2160 3398 2230 μέχρι
3431 2161 3674 2230 ῥήματος
3705 2160 3854 2228 ὑϐρίσπ

2355 2245 2633 2298 ἐϐούλοντο
2661 2246 2751 2299 τὸν
2778 2247 3057 2317 τύραννον,
3089 2248 3223 2302 ἀλλά
3265 2250 3363 2320 τὴν
3409 2251 3691 2304 εὐσέϐειαν
3719 2250 3848 2302 ὲπιδε

2354 2335 2546 2401 ξασθαι
2575 2336 2750 2405 μόνον.
2781 2339 2978 2407 Διόπερ
3021 2339 3140 2392 οὐδὲ
3190 2341 3429 2411 μακροὺς
3455 2342 3798 2395 άπετείναντο
3822 2339 3854 2389 λι

2360 2447 2506 2497 γους,
2533 2434 2646 2485 ἀλλ’
2675 2435 2732 2485 ἐν
2755 2433 2939 2503 βραχεῖ
2957 2416 3129 2486 πάντα
3155 2433 3570 2485 ἐπιδείκνυνταιο
3601 2434 3762 2486 Ἔστι
3779 2433 3854 2500 γὰρ

2361 2523 2512 2590 φησι,
2545 2523 2687 2588 Θεὸς
2718 2523 2785 2575 ἐν
2819 2520 3049 2590 οὐρανῷ
3089 2521 3342 2586 δυνατὸς
3383 2521 3695 2585 ἐξελέσθαι
3735 2518 3854 2588 ἡμᾶς

2359 2613 2424 2664 Τί
2455 2631 2543 2682 μοι
2569 2613 2626 2666 τὸ
2661 2613 2861 2684 πλῆθος
2882 2612 3171 2677 δεικνύεις;
3205 2611 3254 2664 τί
3285 2629 3372 2680 μοι
3400 2611 3496 2682 τὴν
3521 2613 3776 2682 κάμινον;
3798 2611 3841 2661 τί

2358 2702 2422 2754 τά
2447 2703 2570 2774 ξίφη
2595 2703 2659 2756 τὰ
2684 2704 3026 2773 ὴκονημένα;
3052 2703 3103 2756 τί
3124 2703 3248 2765 τοὺς
3270 2702 3532 2772 φοϐεροὺς
3553 2702 3854 2773 δορυφόρους

2359 2789 2577 2841 Πάντων
2606 2791 2809 2844 τούτων
2832 2790 3001 2843 ἀνώτε
3011 2808 3099 2862 ρος
3119 2793 3150 2861 ή
3159 2790 3274 2861 μῶν
3301 2791 3329 2842 6
3344 2791 3622 2862 Δεσπότης
3647 2792 3735 2844 καὶ
3757 2791 3854 2844 δυνι

2358 2874 2604 2947 τώτερος.
2647 2875 2778 2932 Εῐτα
2812 2881 3155 2951 ἐννοήσαντες
3200 2881 3280 2934 ὃτι
3321 2880 3609 2949 συμϐαίνει
3653 2879 3738 2934 τὸν
3782 2877 3854 2930 Θει

2361 2964 2682 3038 βουληθῆναι
2709 2971 2803 3022 καὶ
2831 2971 3176 3040 συγχωρῆσαι
3203 2970 3399 3030 αὐτοὺς
3423 2969 3709 3039 καυθῆναι,
3734 2969 3810 3020 ἵνα
3831 2984 3854 3034 μ

2358 3055 2545 3108 τούτου
2573 3059 2862 3126 γενομένου
2890 3059 3080 3124 δόξωσι
3119 3057 3288 3127 ψευδῆ
3341 3057 3539 3126 λέγειν,
3568 3057 3854 3130 προστιθέαι

2361 3147 2452 3200 καὶ
2495 3147 2672 3211 τοῦτο,
2703 3147 2970 3216 λέγοντες,
3009 3145 3088 3203 ὅτι
3131 3149 3266 3204 Ἐὰν
3306 3149 3392 3218 μὴ
3440 3149 3622 3204 τοῦτο
3664 3147 3854 3218 γένηαι

2358 3238 2627 3305 γνωστὸν
2652 3239 2807 3293 ἔστω
2835 3254 2953 3307 σοι,
2972 3241 3060 3294 ὅτι
3081 3241 3206 3308 τοῖς
3232 3241 3386 3307 θεοῖς
3412 3257 3527 3295 σου
3544 3243 3625 3295 οὐ
3646 3238 3854 3308 λατρεύι

2353 3345 2487 3398 μεν.

2436 3427 2523 3474 ια’.
2545 3422 2607 3474 Εἰ
2631 3423 2738 3494 γὰρ
2766 3418 2936 3489 εἶπον,
2954 3425 3033 3478 ὃτι
3049 3425 3116 3478 δι’
3133 3425 3500 3496 ἁμαρτήματα
3518 3423 3581 3476 οὐ
3604 3423 3794 3494 ῥύεται,
3810 3419 3854 3470 κέ

2363 3510 2437 3580 μὴ
2467 3511 2722 3582 ῥύσηται,
2747 3514 3124 3586 ἠπιστήθησαν
3145 3515 3229 3570 ἄν.
3261 3515 3360 3570 Διά
3385 3513 3543 3567 τοῦτο
3559 3512 3787 3566 ἐνταῦθα
3814 3507 3854 3578 μὶ

2359 3597 2518 3651 τοῦτο
2551 3600 2742 3667 σιγῶσι
2761 3617 2775 3630 θ
2805 3601 3017 3670 λέγουσι
3046 3603 3104 3656 δὲ
3131 3603 3259 3658 αὐτὸ
3283 3602 3375 3656 ἐπὶ
3403 3603 3500 3674 τῆς
3530 3602 3776 3672 καμίνου.
3803 3598 3854 3650 ἄν

2361 3688 2454 3740 καὶ
2478 3688 2629 3741 κάτω
2657 3691 2725 3743 τά
2744 3691 3110 3762 ἁμαρτήματα
3135 3691 3575 3762 προϐαλλόμενοι.
3597 3689 3716 3744 Ἐπί
3743 3686 3794 3739 δὲ
3817 3701 3854 3735 τι

2362 3778 2623 3848 βασιλέως
2654 3780 2806 3834 οὐδὲν
2829 3782 3084 3846 τοιοῦτον,
3114 3782 3229 3836 ἀλλ’
3251 3783 3331 3836 ὅτι
3364 3781 3465 3836 κᾶν
3511 3781 3757 3835 καίεσθαι
3787 3774 3854 3848 μέῖ

2359 3865 2512 3930 λωσι,
2556 3867 2654 3936 τήν
2701 3869 2979 3922 εὐσέϐειαν
3026 3872 3087 3924 οὐ
3135 3868 3518 3942 προδώσουσιν.
3555 3870 3634 3921 υύ
3681 3867 3781 3936 γὰρ
3826 3865 3849 3914 ἒ

2361 3958 2616 4028 ἀμοιϐαῖς
2650 3958 2742 4011 καί
2775 3959 3102 4012 ἀντιδόσεσιν
3134 3959 3399 4030 ἔπραττον
3445 3957 3590 4027 άπερ
3641 3956 3854 4025 ἔπραττο

2362 4050 2477 4104 ἀλλ’
2500 4050 2558 4117 ἐξ
2581 4051 2800 4121 ἀγάπης
2831 4053 2995 4122 μόνης
3017 4069 3028 4080 ·
3063 4053 3301 4119 καίτοιγε
3335 4050 3428 4103 καὶ
3439 4051 3484 4082 ⁸⁸
3507 4052 3563 4102 ὲν
3588 4046 3854 4118 αἰχμαλωσ

2362 4137 2535 4212 ἦσαν,
2579 4142 2672 4194 καὶ
2719 4144 2775 4196 ἐν
2817 4141 3061 4214 δουλείᾳ,
3111 4143 3204 4195 καὶ
3248 4142 3457 4205 οὐδενὸς
3501 4137 3853 4195 ἀπολελαυκότ

2365 4232 2622 4304 χρηστοῦ.
2658 4233 2768 4285 Kal
2805 4232 2911 4303 γὰρ
2950 4235 3040 4285 καὶ
3077 4233 3329 4304 πατρίδος
3363 4234 3457 4285 καί
3497 4231 3796 4302 ἐλευθερίας
3825 4245 3853 4279 κ

2366 4323 2474 4376 τῶν
2511 4323 2683 4375 ὄντων
2720 4323 2932 4376 πάντων
2989 4322 3264 4388 ἐξέπεσον.
3319 4325 3408 4393 Μὴ
3447 4323 3555 4394 γάρ
3591 4334 3684 4394 μοι
3727 4321 3816 4381 τὰς

2368 4416 2488 4476 ταῖς
2521 4412 2824 4480 βασιλικαῖς
2850 4413 3037 4475 αὐλαῖς
3066 4415 3222 4486 εἴπῃς
3241 4415 3422 4483 τιμάς.
3451 4416 3624 4469 Ὅσιοι
3647 4416 3750 4483 γάρ
3778 4412 3854 4461 δντ

2374 4500 2465 4550 καὶ
2511 4499 2726 4561 δίκαιοι,
2773 4502 3027 4569 μυριάκις
3083 4504 3148 4556 ἂν
3190 4506 3391 4559 εἴλοντο
3439 4513 3750 4578 προσαιτεῖν
3776 4509 3853 4562 οἵκ

2374 4589 2465 4641 καὶ
2497 4587 2603 4639 τῶν
2635 4591 2691 4641 έν
2719 4590 2798 4658 τῷ
2827 4591 2938 4660 ναῷ
2969 4593 3147 4645 καλῶν
3191 4597 3503 4652 ἀπολαύειν.
3539 4599 3853 4665 Ἐξελεξάμλ

2374 4679 2500 4746 γὰρ,
2529 4680 2680 4747 φησὶ,
2711 4684 3227 4748 παραρῤιπτεῐσθαι
3263 4687 3332 4738 ἐν
3363 4689 3443 4753 τῷ
3474 4691 3620 4755 οἴκῳ
3650 4690 3752 4744 τοῦ
3787 4691 3850 4741 Θτῑ

2367 5035 2551 5104 ρίφθαι
2584 5038 2739 5097 οἴκοι.
2775 5039 2806 5106 ἢ
2834 5039 3130 5107 βασιλεύειν
3185 5047 3244 5097 ἐν
3297 5046 3589 5103 Βαϐυλῶνι.
3641 5051 3744 5103 Καὶ
3774 5045 3854 5099 τοῦ

2363 5126 2519 5194 δῆλον
2547 5127 2604 5192 ἐξ
2637 5124 2710 5180 ὧν
2757 5131 2849 5182 καὶ
2893 5133 2949 5183 έν
2993 5134 3057 5202 τῇ
3097 5124 3308 5205 καμίνῳ
3338 5136 3574 5206 δηλοῦσι,
3609 5139 3854 5210 βαρούμει

2364 5216 2460 5286 τὴν
2488 5216 2602 5287 [681
2633 5219 2821 5272 αὐτόθι
2856 5221 3158 5296 διατριϐήν.
3194 5227 3257 5279 Et
3285 5228 3392 5298 γὰρ
3419 5231 3511 5282 καὶ
3540 5232 3691 5284 αὐτοί
3731 5229 3852 5284 πολ).

2363 5305 2633 5361 ἀπέλαυον
2664 5310 2848 5380 τιμῆς,
2885 5313 2983 5378 τὰς
3017 5315 3124 5368 τῶν
3167 5317 3340 5371 ἄλλων
3375 5321 3608 5390 ὁρῶντες
3645 5337 3853 5392 συμφορ

763 5687 805 5716 δ’
842 5684 1097 5754 ἀλόντωνΙ
1124 5683 1215 5738 Sic
1245 5683 1304 5737 Ι).
1341 5682 1399 5736 F.
1436 5683 1563 5754 δαν.
1600 5683 1834 5736 ἁλόντων
1857 5685 2033 5738 αὐτῶν
2162 5684 2342 5754 αὐτοῖς

2251 5684 2342 5745 τοῖς
2369 5680 2631 5754 ,Βηαύτόν
2662 5682 2720 5754 C_.
2755 5682 2816 5736 E.
2853 5681 2986 5754 Mor.
3013 5681 3142 5735 Ben.
3163 5750 3174 5754 _
3222 5682 3267 5714 ⁸³
3288 5681 3387 5754 ‘Sic
3419 5682 3478 5736 Ι).
3513 5683 3572 5736 F.
3600 5671 3853 5754 ἐφέλκῃς]

691 5752 825 5807 Edd.
861 5752 1129 5826 évélxelig.
1229 5755 1274 5785 “
1307 5753 1566 5826 καὶγὰρ]
1599 5755 1690 5826 καί
1714 5757 1819 5826 γάρ
1859 5755 1947 5806 καί

691 5826 842 5879 Ann.
922 5825 964 5855 *7
995 5823 1068 5897 τί]
1100 5827 1150 5876 τί
1193 5843 1280 5896 μοι
1309 5827 1368 5881 (ἶ.
1410 5825 1466 5880 Ι).
1505 5823 1563 5877 FZ
1644 5824 1686 5855 "“
1714 5824 1806 5878 καί
1835 5841 1940 5879 om.
1976 5823 2106 5876 Edd.

2235 5753 2279 5784 “
2314 5751 2471 5822 μόνη]
2489 5753 2649 5820 μόνον
2683 5751 2818 5807 Edd.

2919 5753 2961 5783 ’⁸⁸
2997 5750 3307 5823 μαργάρου]
3341 5754 3599 5826 βορϐόρου
3625 5744 3683 5804 ι).
3721 5744 3854 5798 FIAI
