4058 6208
355 314 419 370 5]
1511 305 1576 359 ΙΝ
1615 303 2017 361 ΜΑΤΤΙΙᾹΞιἏΙ
2085 305 2308 361 ιιυκει.
2356 306 2441 360 ιν.
3535 301 3604 359 53

423 413 512 468 10.
554 411 778 468 Gloriam
816 409 1130 476 consequitur
1169 410 1253 479 qui
1293 408 1506 480 gloriam
1535 410 1823 463 contemnit.
1852 437 1921 450 --

347 501 799 573 Quemadmodum
816 501 953 555 enim
972 499 1227 555 adulterio
1240 498 1322 553 vel
1340 497 1917 553 fornicationideditum

346 592 394 645 si
423 593 543 660 quis
567 591 887 654 laudaverit,
927 589 1011 644 vel
1038 588 1137 660 ipsi
1183 587 1430 643 adulatus
1474 587 1652 654 fuerit,
1696 603 1761 643 eo
1803 587 1920 656 ipso

347 681 524 750 potius
571 690 886 743 accusatur,
932 695 1091 749 qttam
1137 679 1379 734 laudator
1421 679 1563 734 illius
1591 687 1674 734 est
1702 696 1715 731 :
1743 679 1821 732 sic
1860 687 1914 732 et

346 785 497 824 vanre
521 772 701 841 gloriae
725 770 998 839 cupidum,
1027 786 1146 826 cum
1170 770 1445 825 laudamus
1471 785 1678 836 omnes,
1706 785 1922 824 accusa-

346 874 491 916 tores
531 863 704 931 potius
744 862 860 930 ejus
888 877 1048 932 quam
1083 861 1383 916 laudatores
1425 877 1627 916 sumus.
1658 863 1763 916 Cur
1791 877 1920 930 ergo

346 969 460 1008 rem
487 955 697 1008 venaris
724 994 739 1018 ,
779 953 933 1022 cujus
970 954 1298 1008 contrarium
1341 952 1432 1007 tibi
1459 952 1596 1008 solet
1623 952 1867 1006 accidere
1894 951 1918 1004 ?

346 1045 477 1100 Nam
509 1045 552 1100 si
581 1045 802 1116 gloriam
829 1045 1088 1115 consequi
1116 1045 1200 1100 vis
1219 1085 1235 1111 ,
1268 1044 1488 1114 gloriam
1514 1053 1795 1098 contemne
1815 1085 1828 1107 ,
1867 1052 1919 1097 et

345 1137 584 1190 monium
636 1136 1050 1206 gloriosissimus
1099 1135 1230 1190 eris.
1283 1133 1394 1188 Cur
1448 1133 1501 1189 id
1544 1134 1741 1204 pateris
1781 1134 1920 1204 quod

347 1244 537 1300 passus
583 1225 1242 1285 est'NabuchodonOsor?
1295 1227 1423 1281 Nam
1471 1238 1523 1283 et
1569 1228 1656 1282 ille
1697 1236 1924 1281 Statuam

348 1319 538 1385 erexit,
557 1335 620 1374 ex
643 1321 782 1388 ligno
800 1320 872 1389 (a)
890 1329 942 1373 et
961 1334 1026 1373 ex
1046 1317 1336 1372 insensibili
1357 1318 1519 1372 forma
1540 1326 1730 1388 putans
1747 1331 1806 1371 se
1826 1315 1925 1370 sibi

347 1409 544 1465 famam
570 1411 977 1466 conciliaturum
1005 1425 1124 1465 esse
1143 1451 1158 1475 ,
1191 1420 1246 1464 et
1269 1411 1356 1479 qui
1385 1411 1532 1464 vivus
1560 1418 1676 1463 erat
1715 1423 1780 1462 ex
1822 1421 1925 1460 non

347 1503 557 1556 vivente
588 1502 841 1554 illustrior
862 1515 1119 1569 apparere
1143 1499 1411 1568 cupiebat.
1450 1497 1632 1552 Viden‘
1656 1498 1922 1565 ingentem

343 1592 647 1648 insaniam?
680 1593 811 1647 Dum
842 1594 940 1646 sibi
971 1602 1119 1661 putat
1146 1593 1401 1647 honorem
1433 1595 1756 1663 conciliare,
1785 1609 1918 1649 con-

277 1728 287 1738 .
345 1684 621 1738 tumeliam
665 1684 838 1753 potius
866 1684 966 1738 sibi
998 1685 1155 1754 parit.
1187 1685 1316 1738 Dum
1344 1686 1482 1738 enim
1516 1686 1725 1740 videtur
1749 1686 1922 1739 inani-

343 1783 506 1828 mata:
535 1773 613 1827 rei
640 1773 810 1842 magis
833 1773 1015 1839 fidere,
1038 1789 1194 1842 quam
1225 1774 1325 1827 sibi
1354 1775 1448 1842 ipsi
1473 1814 1490 1839 ,
1516 1783 1572 1828 et
1592 1776 1783 1827 animm
1812 1789 1923 1827 sua:

344 1865 567 1931 viventi,
595 1874 752 1932 atque
777 1863 895 1917 ideo
927 1864 1122 1933 lignum
1155 1865 1206 1917 in
1241 1873 1440 1918 tantum
1474 1864 1691 1919 honoris
1712 1866 1920 1918 culmen

322 1954 614 2022 provehit,
647 1952 912 2022 quomodo
943 1967 1046 2005 non
1078 1953 1234 2006 fuerit
1262 1954 1372 2008 risu
1403 1953 1590 2024 digttus
1611 1995 1626 2016 ,
1660 1954 1783 2007 dum
1815 1969 1917 2007 non

348 2059 380 2097 a
406 2042 666 2107 moribus,
693 2042 785 2097 sed
814 2042 881 2097 ab
902 2043 1169 2097 asseribus
1196 2045 1373 2098 ornari
1418 2044 1626 2100 studet?
1654 2045 1913 2110 Quemad-

347 2133 568 2188 modum
595 2133 640 2186 si
667 2134 784 2203 quis
816 2149 878 2188 ex
912 2134 1214 2202 pavimento
1242 2135 1432 2190 domus
1459 2144 1550 2189 aut
1579 2151 1641 2190 ex
1687 2135 1920 2204 pulchri-

346 2222 532 2276 tudine
579 2223 734 2276 scalze
781 2223 976 2290 suspici
1017 2224 1187 2290 malit,
1223 2241 1379 2294 quam
1407 2240 1471 2280 ex
1502 2240 1567 2280 eo
1597 2226 1736 2295 quod
1762 2227 1920 2280 homo

345 2312 414 2365 sit
442 2329 454 2364 :
489 2311 791 2380 hujttsmodi
823 2312 993 2366 virum
1035 2313 1184 2366 multi
1226 2328 1366 2368 nunc
1397 2315 1686 2368 imitantur.
1718 2313 1912 2381 Quem-

342 2401 626 2454 admodum
666 2404 804 2456 cnim
834 2401 919 2454 ille
946 2402 1011 2456 ab
1037 2403 1294 2474 imagine,
1327 2405 1405 2457 sic
1447 2405 1534 2459 alii
1579 2420 1609 2458 a
1645 2405 1914 2471 vestibus,

343 2491 428 2544 alii
456 2490 524 2544 ab
567 2490 799 2557 mdibus,
849 2508 877 2544 a
925 2482 1112 2556 mulis,
1161 2507 1191 2545 a
1236 2495 1542 2561 carpentis,
1589 2509 1619 2547 a
1659 2495 1921 2548 columnis

343 2596 460 2648 qua:
485 2589 607 2634 sunt
631 2582 682 2634 in
710 2581 974 2647 domibus,
1005 2582 1057 2636 in
1088 2583 1440 2637 admiratione
1469 2583 1653 2637 haberi
1680 2585 1918 2652 cupiunt.

345 2669 475 2724 Nam
497 2686 616 2724 cum
648 2669 812 2736 illud,
844 2673 983 2741 quod
1012 2671 1254 2728 homines
1280 2674 1384 2726 sint
1410 2715 1425 2738 ,
1465 2674 1780 2740 amiserint,
1812 2676 1918 2728 cir-

342 2769 628 2824 cumeunt,
663 2771 719 2816 ut
760 2763 858 2816 sibi
885 2762 1098 2817 aliunde
1128 2763 1349 2832 gloriam
1375 2762 1542 2818 multo
1571 2765 1679 2818 risu
1704 2763 1916 2834 dignam

341 2850 649 2904 eonciIient.
688 2849 883 2904 Verum
930 2851 1174 2921 generosi
1207 2851 1282 2905 illi
1313 2859 1367 2906 et
1396 2852 1572 2922 magni
1612 2851 1705 2907 Dei
1734 2854 1916 2906 famuli

341 2957 447 2995 non
470 2941 756 3005 inde,vsed
787 2958 852 2997 ex
899 2943 1092 3012 quibus
1125 2958 1223 3013 par
1263 2950 1414 3009 erat,
1456 2943 1790 2999 effulserunt.
1825 2946 1916 2999 Et-

337 3031 486 3086 enim
514 3041 568 3085 et
595 3033 809 3102 captivi,
840 3041 894 3086 et
918 3033 1083 3096 servi,
1113 3042 1168 3087 et
1188 3033 1412 3100 juvenes
1431 3073 1446 3099 ,
1472 3044 1525 3088 et
1554 3036 1837 3104 peregrini,
1865 3049 1921 3090 et

339 3121 502 3176 rebus
528 3123 774 3176 omnibus
804 3123 1115 3177 domesticis
1145 3124 1313 3188 vacui,
1343 3124 1511 3179 multo
1539 3125 1796 3180 clariores
1821 3127 1915 3180 visi

341 3221 503 3277 sunt,
548 3228 706 3282 quam
753 3213 786 3266 ii
833 3213 921 3282 qui
964 3213 1068 3267 illis
1110 3214 1357 3268 omnibus
1396 3215 1704 3270 circumdati
1744 3226 1895 3271 erant

339 3300 496 3356 Certe
520 3301 1024 3358 Nabuchodonosori
1052 3319 1149 3360 nec
1176 3314 1319 3358 tanta
1345 3305 1430 3360 illa
1457 3316 1628 3361 statua
1651 3346 1667 3371 ,
1695 3321 1794 3360 nec
1821 3321 1918 3357 sa-

342 3403 508 3461 trapa:
527 3434 542 3457 ,
599 3409 698 3447 nec
745 3393 942 3460 duces,
972 3409 1069 3448 nec
1099 3395 1341 3448 immensi
1363 3397 1662 3460 exercitus,
1681 3410 1780 3450 nec
1804 3394 1916 3447 auri

340 3486 421 3538 vis
441 3526 455 3539 .
484 3500 582 3539 nec
608 3485 808 3554 qumvis
833 3486 933 3539 alia
963 3501 1151 3556 pompa
1171 3527 1186 3552 ,
1221 3486 1510 3541 secundum
1539 3487 1918 3556 concupiscen-

343 3576 467 3628 tiam
497 3575 613 3643 ejus
645 3575 794 3629 fuere
824 3575 974 3640 satis,
1008 3585 1064 3629 ut
1093 3591 1313 3645 magnus
1343 3587 1656 3646 appareret;
1688 3577 1770 3631 his
1790 3592 1918 3630 vero

339 3666 427 3731 qni
451 3664 555 3718 illis
577 3664 824 3718 omnibus
843 3664 1082 3719 destituti
1103 3675 1276 3726 erant,
1300 3667 1412 3720 sola
1432 3665 1762 3736 philosophia
1790 3667 1918 3720 satis

340 3755 435 3810 fuit
465 3773 478 3810 :
508 3772 626 3824 qua:
653 3756 742 3811 illo
769 3757 856 3826 qui
895 3757 1195 3813 diademate
1221 3767 1276 3812 et
1305 3773 1534 3827 purpura
1574 3766 1792 3812 ornatus
1816 3797 1832 3823 ,
1864 3770 1921 3813 et

339 3853 418 3900 tot
443 3846 562 3900 aliis
587 3847 976 3918 circumseptus
1005 3858 1119 3903 erat
1139 3889 1154 3914 ,
1198 3864 1293 3904 eos
1332 3851 1420 3919 qui
1449 3838 1580 3904 nihil
1611 3865 1796 3904 corum
1821 3851 1918 3904 ha—

337 3936 560 4002 bebant,
595 3943 742 3991 tanto
783 3937 1172 4006 splendidiores
1211 3937 1469 4006 faciebat,
1494 3950 1694 4010 quanto
1723 3941 1804 3995 sol
1839 3951 1922 3996 est

339 4026 648 4096 margarita‘
681 4026 1026 4096 splendidior.
1057 4027 1266 4083 Etenim
1296 4029 1346 4082 in
1382 4030 1613 4086 medium
1638 4030 1783 4086 orbis
1805 4031 1921 4086 uni-

337 4114 477 4170 versi
513 4113 913 4169 adducebantur
934 4115 1158 4184 juvenes
1181 4155 1196 4180 ,
1227 4117 1423 4184 captivi
1448 4158 1464 4180 .
1508 4119 1695 4184 servi,
1743 4119 1914 4187 iisque

336 4203 578 4257 adductis
619 4204 798 4258 statim
829 4219 925 4259 rex
965 4204 1140 4273 ignem
1183 4205 1251 4259 ab
1288 4206 1455 4261 oculis
1481 4209 1791 4273 emittebat,
1819 4207 1911 4262 ad~
1943 4192 1948 4198 ’

336 4296 601 4351 stantibus
625 4297 871 4362 ducibus,
905 4296 1194 4366 toparchis,
1220 4299 1546 4367 principibus
1573 4315 1635 4354 ac
1659 4309 1769 4355 toto
1791 4300 1910 4354 dia—

339 4382 440 4436 boli
469 4385 701 4448 theatro,
729 4385 854 4439 dum
887 4401 987 4439 vox
1019 4385 1311 4440 fistularum
1348 4403 1410 4442 ac
1443 4389 1686 4444 tubarum
1713 4391 1912 4444 omnis-

336 4490 438 4542 que
483 4477 670 4530 musici
714 4476 1050 4530 instrumenti
1078 4477 1142 4530 ad
1174 4479 1362 4532 cmlttm
1398 4493 1565 4549 usque
1590 4481 1907 4546 ascendens,

338 4565 547 4620 illorum
574 4567 792 4622 auribus
815 4575 1146 4636 personaret.
1177 4568 1386 4622 Fornax
1414 4571 1833 4625 succendebatttr
1858 4581 1912 4627 et

336 4657 548 4712 flamma
578 4659 643 4712 ad
692 4658 1003 4711 immensam
1049 4657 1379 4714 altitudinem
1422 4676 1590 4729 usque
1632 4661 1698 4716 ad
1743 4661 1910 4716 nubes

337 4747 698 4813 ascendebat,
753 4747 933 4800 omnia
983 4757 1125 4801 metu
1173 4756 1480 4818 terroreque
1537 4752 1686 4819 plena
1737 4764 1907 4808 erant.

339 4839 532 4895 Verum
578 4839 695 4893 illos
726 4838 939 4907 quidem
969 4838 1099 4892 nihil
1127 4839 1313 4894 horum
1353 4844 1646 4908 exterruit;
1687 4844 1781 4897 sed
1811 4845 1908 4898 ad-

337 4940 537 4986 stantes
561 4930 711 5000 quasi
733 4928 976 4984 ludentes
1001 4944 1193 4999 pueros
1221 4931 1542 4997 deriserunt,
1576 4948 1637 4986 ac
1662 4933 1907 4986 virtutem

338 5020 904 5090 mansuetudinemque
928 5035 1076 5074 suam
1109 5020 1478 5088 ostenderunt,
1512 5021 1746 5092 ipsisque
1769 5023 1908 5078 tubis

405 5303 476 5370 (a)
509 5305 866 5370 tticmemoria
885 5303 977 5370 labi
1016 5303 1205 5370 videtur
1245 5304 1630 5370 Chrysostomus,
1669 5320 1780 5370 cum
1809 5307 1920 5355 dicit

344 5365 544 5418 statuam
579 5367 706 5429 illam
739 5379 767 5415 a
792 5365 1253 5429 Nabuchodonosore
1295 5365 1465 5429 factam
1500 5378 1564 5429 ea:
1598 5366 1724 5429 tigno
1759 5368 1922 5416 fuisse.

343 5435 449 5478 Nam
473 5441 622 5479 aurea
649 5427 728 5476 illa
754 5428 801 5475 in
824 5425 1187 5488 exemplaribus
1203 5427 1426 5476 omnibus
1447 5425 1710 5488 Helwaiéis,
1726 5430 1919 5486 Griecis,

345 5491 517 5540 Latinis
538 5489 690 5538 fuisse
709 5488 902 5537 dicitur.

362 5612 371 5621 θ
397 5552 750 5664 'Aatattttscripti
777 5564 871 5601 non
895 5553 1030 5613 pauci
1052 5550 1242 5614 legunt,
1277 5549 1390 5611 luto,
1416 5565 1519 5614 pro,
1543 5551 1827 5626 margarita.
1862 5560 1911 5606 Et

362 5626 402 5662 ιε
467 5625 659 5662 manus.
1830 5623 1842 5633 -

334 5625 402 5662 διε
422 5623 559 5662 Allia]
565 5625 659 5661 tus.
1825 5623 1842 5633 "

2044 413 2320 469 clariorem
2347 414 2652 468 emittentes
2678 425 2860 469 vocem
2892 412 3134 470 dicebant
3159 433 3172 471 :
3201 415 3394 472 Notum
3420 422 3482 473 sit
3499 425 3606 485 tibi,

2042 519 2131 557 rea:
2161 501 2333 575 (Dan.
2367 503 2418 558 5.
2454 502 2518 557 18
2538 503 2579 572 ).
2623 502 2802 572 Neque
2831 506 2972 559 enim
3001 507 3175 561 verbis
3206 517 3483 578 tyrannum
3513 509 3608 563 de-

2043 592 2328 649 honestare
2357 593 2624 660 volebant,
2655 595 2748 651 sed
2778 605 2979 651 tantum
3009 598 3256 666 pietatem
3288 614 3435 652 suam
3462 601 3610 654 exhi-

2039 684 2184 740 bere.
2217 686 2549 755 Quapropter
2585 700 2690 739 non
2732 685 2904 756 longis
2947 689 3282 743 sermonibus
3323 700 3444 744 sunt
3489 692 3566 743 usi
3591 732 3606 753 ,

2042 776 2136 829 sed
2168 775 2351 844 paucis
2374 783 2563 828 cuncta
2593 774 2929 830 declararunt
2960 796 2972 831 :
3004 776 3131 845 Est,
3165 779 3436 848 inquiunt,
3468 779 3606 834 Deus

2038 865 2090 917 in
2118 863 2261 929 caelo,
2293 863 2378 932 qui
2404 873 2560 932 potest
2589 880 2677 917 nos
2700 880 2872 918 eruere
2892 865 2945 933 (Ι
2953 866 3054 921 bid.
3078 883 3124 920 υ.
3155 869 3265 938 17).
3296 869 3430 936 Quid
3461 870 3612 924 nobis

2039 960 2236 1006 tantam
2277 952 2664 1008 multitudinem
2694 953 2964 1008 ostendis?
2988 956 3112 1024 quid
3141 956 3448 1013 fornacem?
3483 959 3609 1028 qttid

2039 1043 2242 1112 gladios
2277 1053 2496 1108 acutos,
2546 1043 2672 1113 quid
2703 1043 2968 1098 terribiles
3011 1045 3132 1100 illos
3182 1048 3476 1103 satellites?
3520 1048 3612 1103 llis

2033 1132 2278 1188 omnibus
2311 1134 2554 1203 superior
2581 1147 2633 1190 et
2673 1136 2939 1204 potentior
2977 1146 3059 1190 est
3098 1137 3372 1191 Dominus.
3410 1139 3610 1192 Deinde

2033 1223 2324 1292 c0gitantes
2353 1225 2664 1294 contingere
2706 1241 2861 1295 posse
2895 1226 3061 1281 Deum
3094 1211 3165 1281 ita
3190 1227 3326 1281 velle
3349 1268 3362 1292 ,
3397 1244 3460 1281 ac
3491 1244 3611 1296 per-

2034 1312 2245 1366 mittere
2297 1323 2353 1367 ut
2401 1314 2499 1382 ipsi
2544 1315 3033 1380 comburerentur;
3079 1331 3146 1370 ne
3196 1316 3288 1371 illo
3335 1317 3613 1371 accidente

2034 1400 2342 1457 viderentur
2370 1404 2641 1458 mendacia
2674 1406 2876 1474 loquuti
2903 1420 3042 1472 esse,
3067 1406 3168 1461 hoc
3189 1407 3347 1462 etiam
3375 1407 3608 1462 addunt:

2039 1489 2186 1553 Quod
2215 1493 2258 1546 si
2279 1493 2372 1544 hoc
2399 1510 2496 1546 non
2523 1495 2612 1560 [iat
2635 1535 2650 1559 ,
2681 1505 2852 1548 notum
2880 1497 2944 1550 sit
2982 1496 3070 1550 tibi
3105 1513 3196 1551 nos
3233 1497 3350 1551 deos
3376 1507 3488 1552 tuos
3512 1515 3614 1551 non

2037 1583 2198 1635 colere
2219 1582 2357 1649 (Dan
2398 1585 2448 1638 5.
2485 1585 2591 1654 l8).

2107 1674 2194 1726 li.
2235 1673 2286 1728 Si
2317 1675 2458 1727 enim
2485 1674 2766 1738 dixissent,
2795 1676 2934 1732 Deus
2960 1677 3028 1732 ob
3060 1687 3274 1748 peccata
3306 1695 3408 1734 non
3451 1690 3606 1735 eruet

2036 1775 2152 1826 nos,
2181 1762 2321 1830 quod
2350 1763 2394 1815 si
2426 1779 2527 1815 non
2557 1766 2766 1832 eripiat,
2800 1765 2929 1820 ﬁdes
2960 1768 3088 1835 ipsis
3117 1784 3220 1822 non
3264 1768 3438 1824 habita
3486 1770 3616 1825 fuis-

2034 1862 2134 1904 set.
2169 1851 2290 1905 ldeo
2320 1851 2404 1904 hic
2427 1853 2554 1905 illud
2587 1863 2790 1917 tacent;
2825 1855 2874 1908 id
2905 1871 3032 1910 vero
3053 1857 3237 1911 dicunt
3281 1859 3332 1912 in
3371 1858 3609 1922 fornace,

2034 1939 2459 2009 frequentissime
2489 1952 2702 2011 peccata
2733 1956 3235 2001 commemorantes.
3265 1947 3456 2001 Coram
3489 1963 3615 2016 rege

2031 2041 2206 2086 autem
2237 2032 2367 2086 nihil
2396 2035 2696 2101 hujusmodi
2717 2050 2732 2101 ;
2756 2036 2848 2090 sed
2879 2038 3088 2092 etiamsi
3111 2039 3459 2094 comburendi
3483 2041 3611 2102 sint,

2031 2123 2170 2192 piam
2199 2124 2505 2192 religionem
2531 2139 2589 2179 se
2615 2140 2721 2179 non
2750 2128 3053 2196 prodituros
3093 2143 3212 2184 esse
3251 2129 3452 2184 dicunt.
3495 2127 3613 2184 Non

2031 2214 2169 2268 enim
2202 2229 2296 2281 pro
2328 2214 2678 2270 retributione
2707 2225 2866 2286 atque
2896 2217 3143 2273 mercede
3170 2219 3219 2272 id
3249 2220 3493 2289 agebant,
3518 2221 3613 2274 sed

2029 2318 2096 2357 ex
2120 2304 2232 2357 sola
2261 2306 2482 2358 caritate
2512 2323 2525 2358 :
2557 2306 2762 2361 etiamsi
2792 2306 2845 2361 in
2872 2309 3178 2377 captivitate
3203 2310 3327 2364 etin
3355 2311 3614 2366 servitute

2021 2403 2227 2459 essent,
2249 2394 2396 2448 nullo
2423 2395 2655 2452 fruentes
2685 2397 2844 2451 bono.
2868 2397 2999 2452 Nam
3027 2400 3265 2467 etpatria
3287 2410 3340 2454 et
3371 2400 3615 2456 libertate

2033 2491 2088 2536 et
2111 2483 2360 2537 omnibus
2381 2484 2534 2538 bonis
2572 2485 2899 2540 exciderant.
2945 2487 3024 2543 Ne
3050 2487 3180 2541 mihi
3223 2491 3364 2543 enim
3412 2490 3531 2543 illos
3559 2491 3612 2544 in

2037 2573 2199 2642 regali
2226 2573 2343 2626 aula
2375 2589 2765 2630 commemores
2805 2576 3058 2632 honores.
3088 2577 3220 2633 Cum
3259 2580 3402 2634 enim
3445 2581 3615 2635 sancti

2031 2673 2086 2719 et
2101 2664 2226 2732 justi
2250 2675 2448 2729 essent,
2472 2667 2768 2722 sexcenties
2782 2667 2926 2722 domi
2955 2669 3147 2738 stipem
3175 2685 3366 2739 cogere
3392 2671 3615 2724 maluis-

2032 2761 2175 2817 sent,
2207 2762 2260 2807 et
2295 2755 2473 2823 templi
2500 2755 2656 2810 bonis
2685 2755 2786 2810 frui
2812 2775 2825 2810 :
2858 2756 3005 2828 Elegi
3033 2759 3175 2812 enim
3197 2800 3211 2825 ,
3246 2761 3443 2828 inquit,
3471 2762 3612 2826 abfe-

2031 2862 2139 2907 ειυς
2161 2868 2268 2906 esse
2285 2867 2336 2904 τη
2366 2851 2514 2903 domo
2541 2849 2638 2902 Dei
2674 2849 2801 2912 mei,
2834 2849 2992 2917 magis
3021 2863 3170 2915 quant
3197 2848 3421 2899 habitare
3451 2852 3504 2900 in
3531 2854 3610 2899 ta-

2032 2946 2311 2997 bernacut'is
2337 2950 2652 3012 peccatorum
2679 2940 2696 3008 (
2725 2939 2870 2994 Psal.
2896 2940 2986 2994 83.
3019 2939 3078 2992 ll
3116 2939 3165 3006 );
3197 2948 3246 2992 et
3268 2979 3282 3002 ,
3317 2936 3500 2991 Melior
3537 2946 3614 2990 est

2032 3036 2138 3089 dies
2166 3053 2268 3088 una
2288 3035 2338 3087 in
2365 3034 2506 3086 atriis
2532 3033 2628 3085 tuis
2656 3047 2805 3100 super
2827 3030 2986 3083 millia
3006 3027 3210 3101 (Ibid.).
3239 3029 3414 3095 Longe
3435 3027 3610 3099 potius

2032 3139 2160 3195 ergo
2188 3124 2496 3178 maluissent
2517 3121 2708 3191 abjecti
2736 3135 2854 3175 esse
2875 3119 3039 3184 domi,
3070 3133 3226 3190 quam
3258 3119 3308 3172 itt
3340 3119 3610 3189 Babylone

2034 3232 2277 3286 regnare.
2307 3214 2363 3268 Id
2387 3213 2524 3283 quod
2548 3212 2722 3282 palam
2755 3223 2838 3266 est
2857 3227 2920 3266 ex
2950 3211 3014 3264 its
3038 3224 3156 3279 qua:
3185 3211 3235 3264 in
3274 3208 3488 3262 fornace
3514 3208 3614 3262 dc-

2029 3310 2254 3369 clarant,
2284 3322 2425 3377 :egre
2449 3321 2508 3360 se
2528 3305 2666 3360 ferre
2694 3319 2885 3372 nempe
2920 3303 3303 3357 habitationem
3333 3301 3615 3372 Babyloni-

2030 3413 2171 3452 cam.
2200 3398 2310 3451 Etsi
2338 3397 2478 3451 enim
2506 3396 2614 3449 illic
2644 3394 2810 3447 multo
2841 3393 3141 3447 fruerentur
3167 3392 3390 3457 honore,
3424 3406 3616 3460 magno

2035 3488 2164 3560 ipsis
2191 3488 2362 3543 dolori
2390 3493 2540 3540 erant
2565 3494 2905 3547 ctcterorum,
2933 3497 3066 3552 quas
3093 3484 3189 3551 ipsi
3225 3483 3491 3544 videbant,
3520 3497 3616 3534 ca-

2033 3579 2296 3632 lamitates
2322 3594 2335 3630 :
2365 3575 2506 3645 quod
2545 3576 2744 3630 sanctis
2774 3574 3007 3629 maxime
3046 3574 3319 3645 proprium
3362 3581 3463 3636 est,
3509 3589 3613 3625 non

2032 3667 2273 3737 gloriam,
2307 3683 2413 3721 non
2433 3665 2715 3731 honorem,
2734 3681 2841 3719 non
2867 3664 3010 3719 aliud
3039 3664 3327 3733 quidquam
3346 3663 3618 3732 proximo-

2033 3773 2152 3812 rum
2182 3757 2338 3811 saluti
2384 3764 2732 3824 anteponere.
2762 3753 2896 3808 Vide
2939 3753 3098 3824 igitur
3126 3751 3392 3823 quomodo
3430 3751 3480 3804 in
3511 3750 3618 3805 for-

2037 3861 2169 3902 nace
2193 3858 2309 3917 'pro
2352 3847 2498 3900 omni
2535 3846 2730 3916 populo
2764 3844 3142 3914 supplicarent.
3175 3842 3282 3897 Nos
3329 3851 3504 3896 autem
3550 3857 3618 3895 ne

2032 3937 2244 4006 quidem
2271 3951 2392 3991 cum
2414 3935 2697 4004 tranquille
2726 3934 2954 4002 agimus,
2981 3933 3202 3985 fratrum
3233 3930 3576 3984 recordamur
3597 3945 3615 3982 :

2032 4039 2229 4083 etcum
2281 4027 2487 4081 somnia
2525 4025 2884 4093 explorarent,
2917 4037 3022 4074 non
3072 4037 3186 4084 sua,
3245 4020 3338 4073 sed
3390 4020 3615 4071 aliorttnt

2034 4119 2316 4176 commoda
2362 4119 2413 4171 in
2454 4133 2617 4185 scopo
2664 4115 2973 4168 habebant:
3005 4112 3146 4181 quod
3192 4112 3334 4167 enim
3388 4121 3615 4164 mortem

2034 4216 2473 4273 contemnerent,
2527 4206 2709 4260 multis
2753 4215 2936 4274 postea
2987 4203 3345 4258 declararunt.
3411 4201 3617 4271 Ubique

2037 4310 2216 4355 autem
2254 4305 2450 4368 pratsto
2478 4305 2597 4352 sunt
2638 4297 2799 4350 Deum
2829 4295 3038 4365 placare
3084 4292 3380 4353 studentes.
3414 4291 3617 4346 Deinde

2034 4392 2155 4464 quia
2183 4408 2242 4448 se
2266 4407 2370 4446 non
2399 4390 2465 4444 ad
2498 4391 2547 4444 id
2579 4388 2824 4444 sufficere
2855 4388 3130 4455 putabant,
3164 4386 3228 4439 ad
3271 4396 3450 4455 patres
3485 4401 3615 4439 con-

2033 4485 2277 4556 fugiunt:
2309 4483 2408 4553 ipsi
2439 4491 2616 4536 autem
2661 4496 2764 4534 non
2805 4478 2947 4534 aliud
2976 4479 3170 4533 allcrre
3210 4477 3416 4543 dicunt,
3458 4492 3615 4546 quam

2034 4576 2277 4646 spiritum
2297 4575 2605 4629 contritum.
2639 4573 2746 4626 llos
2771 4573 2952 4639 itaque
2973 4578 3028 4624 et
3047 4585 3143 4625 nos
3170 4570 3453 4623 imitentur.
3485 4569 3617 4623 Nam

2033 4667 2192 4721 etiam
2221 4679 2361 4719 nunc
2381 4673 2482 4718 stat
2508 4677 2666 4717 aurea
2695 4662 2888 4730 imago,
2916 4673 3176 4712 mamona:
3203 4673 3394 4727 nempe
3438 4668 3617 4729 tyran-

2035 4758 2138 4812 nis.
2166 4757 2269 4813 Scd
2298 4772 2402 4811 non
2445 4754 2780 4810 attendamus
2830 4752 3116 4822 tympanis,
3160 4766 3268 4803 non
3299 4751 3440 4804 tibiis
3460 4791 3474 4816 ,
3507 4767 3612 4805 non

2033 4849 2274 4921 cinyris,
2320 4865 2426 4903 non
2484 4848 2686 4916 reliquo
2725 4843 3027 4899 divitiarum
3082 4843 3356 4911 apparatui
3389 4859 3611 4897 :vcrtttn

2034 4941 2242 4994 etiamsi
2277 4940 2326 4991 in
2357 4936 2677 5007 paupertatis
2697 4934 2966 4990 fornacem
2998 4932 3233 4986 incidere
3263 4941 3523 5002 oporteat.
3561 4935 3610 4989 id

2031 5043 2207 5110 potius
2234 5039 2547 5107 deligamus,
2588 5047 2729 5090 utne
2774 5036 2944 5104 ipsum
2975 5035 3280 5099 adoremus,
3321 5043 3376 5088 et
3414 5033 3517 5087 erit
3555 5048 3605 5084 tn

2034 5135 2209 5188 medio
2251 5131 2478 5185 fornacis
2525 5146 2611 5184 ros
2641 5130 2882 5183 sibilans.
2911 5128 2986 5184 Ne
3032 5133 3210 5198 itaque
3241 5136 3604 5196 paupertatem

2036 5233 2367 5286 horreau‘tus,
2386 5223 2508 5275 dum
2537 5223 2798 5275 fornacem
2822 5220 3066 5274 audimus
3095 5220 3135 5276 ¹.
3158 5219 3288 5275 Nam
3313 5229 3435 5274 tunc
3452 5219 3608 5272 etiam

2088 5480 2103 5509 ¹
2143 5485 2191 5526 In
2215 5469 2355 5525 savil.
2392 5478 2443 5519 et
2479 5467 2660 5530 aliquot
2694 5472 2800 5530 Mss.
2826 5464 3026 5527 legitur,
3050 5475 3118 5530 ne
3141 5462 3289 5530 igitur
3313 5461 3607 5530 {torrentium

2028 5521 2320 5605 paupertatis
2343 5521 2603 5605 fortiorem.
2629 5527 2720 5580 Sed
2759 5521 2993 5592 pra-stare
3018 5521 3206 5574 videtur
3236 5521 3382 5571 lectio
3405 5521 3607 5582 Morelti,

2027 5596 2134 5673 qua;
2157 5605 2205 5655 tn
2229 5605 2368 5650 textu
2387 5596 2537 5658 jacet.
