4058 6208
476 256 547 315 53
1162 264 1218 317 S.
1258 262 1539 318 JOANNIS
1576 261 2055 319 CHRYSOSTOMI
2094 266 2412 324 ARCHIEP.
2452 272 2991 329 CONSTANTINOP.
3632 282 3697 339 51

464 365 501 415 ii
525 365 615 431 qui
636 362 689 415 in
723 354 990 418 fornacem
1026 362 1324 418 inciderunt
1353 362 1671 418 illustriores
1703 363 1877 420 effecti
1907 382 1922 418 :
1947 370 2036 436 qui

463 463 640 508 autem
685 461 914 507 statuam
951 452 1321 515 adoravernut,
1365 453 1525 508 occisi
1572 462 1714 509 sunt.
1762 455 1866 510 Sed
1914 464 2039 509 tunc

463 547 640 600 omnia
682 546 838 601 simul
868 546 1003 601 facta
1033 555 1188 609 sunt;
1222 561 1362 601 nunc
1393 562 1520 601 vero
1558 547 1659 602 alia
1705 548 1813 612 hic,
1853 549 1955 603 alia
1986 551 2036 605 in

462 638 640 692 futuro
668 638 881 703 sazculo,
912 637 1010 690 alia
1036 645 1090 691 et
1126 635 1215 691 hic
1255 645 1311 691 et
1353 636 1403 690 in
1442 636 1619 692 futuro
1644 639 1862 694 sarculo.
1905 640 2037 694 Nam

461 729 573 798 qui,
602 745 671 783 ne
697 742 994 781 mamonam
1020 725 1325 791 adorarent,
1356 737 1718 796 paupertatem
1741 730 2036 798 elegerunt,

462 828 517 873 et
543 818 628 872 hic
652 829 705 872 et
729 817 835 872 illic
860 817 1252 886 splendidiores
1273 826 1429 872 erunt
1457 835 1471 871 :
1501 819 1588 887 qui
1631 834 1758 874 vero
1795 821 1879 873 hic
1904 819 2040 889 inju-

461 919 544 964 ste
568 909 778 963 divitias
809 907 1181 978 possederunt,
1212 917 1335 962 tunc
1359 919 1626 963 extremas
1653 909 1800 963 luent
1828 910 2034 978 poenas.

460 1001 542 1055 Ex
568 999 665 1054 hac
694 999 913 1054 fornace
931 998 1166 1052 Lazarus
1192 998 1344 1063 exiit,
1376 1013 1484 1053 non
1517 1000 1692 1054 minus
1719 1002 2039 1070 conspicuus

456 1108 614 1163 quam
660 1102 771 1148 tres
808 1090 885 1144 illi
925 1090 1115 1160 pueri;
1145 1089 1293 1144 dives
1339 1097 1540 1157 autem,
1586 1090 1673 1159 qui
1701 1090 2037 1147 adorantium

457 1195 688 1241 statuam
720 1184 887 1239 instar
913 1182 1033 1248 fuit,
1062 1180 1126 1235 ad
1154 1182 1452 1252 gehennam
1479 1180 1759 1237 damnatus
1783 1191 1885 1237 est.
1905 1183 2036 1239 Nam

456 1292 577 1347 qua:
605 1275 743 1329 dieta
775 1283 919 1336 sunt,
947 1274 1113 1342 figura
1141 1272 1357 1326 illorum
1384 1280 1553 1326 erant.
1587 1272 1654 1328 Ut
1685 1275 1844 1343 igitur
1870 1275 1906 1329 ii
1948 1277 2039 1345 qui

459 1368 512 1421 in
540 1366 814 1420 fornacem
848 1363 1181 1430 inciderunt,
1219 1362 1351 1416 nihil
1395 1364 1536 1432 passi
1575 1373 1732 1429 sunt;
1779 1367 1867 1435 qui
1910 1383 2039 1423 vero

461 1458 588 1513 foris
614 1466 785 1524 erant,
815 1471 1001 1526 magna
1020 1470 1140 1511 cum
1168 1454 1500 1509 vehementia
1538 1464 1661 1508 sunt
1681 1456 1884 1526 abrepti
1915 1476 1928 1512 :
1962 1460 2039 1514 sic

458 1558 513 1605 et
538 1559 664 1604 tunc
688 1548 823 1613 erit;
855 1545 1024 1600 sancti
1048 1547 1133 1615 qui
1162 1558 1258 1613 per
1281 1544 1497 1598 ﬂuvium
1525 1547 1735 1615 igneum
1764 1547 2037 1619 incedunt,

459 1642 590 1696 nihil
619 1641 883 1709 ingratum
932 1638 1220 1707 patientur,
1261 1636 1355 1691 sed
1402 1638 1510 1692 laeti
1551 1640 2035 1709 apparebunt;qui

456 1743 633 1787 autem
676 1730 956 1798 imaginem
1020 1729 1414 1794 adoraverunt,
1464 1729 1637 1798 ignem
1686 1729 1943 1785 videbunt
1981 1732 2034 1787 in

356 1876 359 1879 λ
400 1825 409 1830 ’
455 1838 516 1879 se
539 1823 723 1892 quavis
745 1821 853 1875 fera
878 1819 1074 1873 smvius
1092 1818 1405 1882 irruentem,
1428 1826 1481 1870 et
1502 1817 1642 1871 intus
1658 1819 2033 1876 attrahentem.

458 1918 638 1984 Itaque
664 1915 710 1968 si
730 1914 848 1983 quis
874 1911 1174 1981 gehennam
1197 1924 1302 1963 non
1328 1907 1518 1975 credit,
1542 1909 1679 1964 hanc
1706 1911 1891 1967 videns
1926 1912 2034 1968 for-

456 2008 665 2060 nacem,
691 2010 721 2048 a
755 1996 1099 2063 prmsentibus
1130 1996 1303 2050 futura
1341 1995 1564 2051 credere
1590 1995 1827 2063 ediscat,
1870 2011 1933 2050 ac
1961 2012 2030 2053 ne

455 2086 638 2143 timeat
674 2087 999 2156 paupertatis
1052 2086 1341 2148 fornacem,
1392 2085 1484 2140 sed
1537 2086 1711 2155 potius
1755 2085 2026 2142 fornacem

454 2177 678 2247 peccati.
714 2176 838 2230 llmc
864 2176 1005 2230 enim
1049 2186 1102 2230 et
1127 2175 1338 2230 ﬂamma
1369 2185 1424 2230 et
1454 2176 1609 2231 dolor
1637 2191 1747 2242 eSt;
1774 2177 1861 2232 illa
1902 2192 2029 2233 vero

454 2281 545 2322 ros
566 2275 621 2321 et
637 2268 869 2337 requies.
919 2268 974 2321 ιη
1008 2268 1096 2322 illa
1128 2268 1343 2323 fornace
1386 2276 1491 2323 stat
1519 2269 1789 2333 diabolus;
1836 2270 1888 2324 in
1930 2271 2028 2326 hac

450 2358 622 2427 angeli
652 2358 982 2412 excutientes
1007 2357 1299 2411 ﬂammam.

522 2448 611 2503 12.
651 2447 775 2501 llaec
799 2447 1019 2501 audiant
1040 2448 1253 2513 divites,
1281 2448 1368 2518 qui
1398 2450 1724 2518 paupertatis
1758 2450 2022 2505 ﬂammam

452 2536 767 2591 accendunt.
826 2538 1155 2606 Pauperibus
1206 2538 1347 2592 enim
1389 2538 1520 2592 nihil
1563 2541 1847 2603 nocebunt,
1904 2556 2025 2595 rore

450 2635 579 2702 ipsis
611 2634 1053 2703 superveniente;
1086 2649 1145 2688 se
1175 2648 1301 2687 vero
1327 2634 1470 2703 ipsos
1512 2632 1739 2687 ﬂammis
1778 2634 2019 2698 tradent,

444 2740 576 2793 quas
598 2726 694 2795 ipsi
721 2726 951 2795 propriis
994 2725 1239 2779 manibus
1272 2725 1652 2779 accenderunt.
1690 2726 1837 2778 Tunc
1861 2740 2021 2793 ange-

445 2816 525 2871 lus
544 2817 818 2872 descendit
844 2818 910 2872 ad
938 2832 1131 2886 pueros
1151 2833 1167 2881 ;
1188 2817 1299 2887 jam
1328 2834 1453 2871 vero
1481 2833 1577 2872 nos
1610 2817 1677 2871 ad
1714 2834 1827 2882 eos,
1850 2820 1939 2888 qui
1967 2822 2018 2872 in

444 2907 657 2963 fornace
685 2908 1016 2977 paupertatis
1036 2918 1190 2972 sunt,
1220 2908 1636 2973 descendamus,
1665 2918 1717 2961 et
1759 2924 1852 2977 per
1875 2910 2019 2964 elce-

441 3012 717 3067 mosynam
748 3012 924 3052 rorem
952 3000 1239 3066 pariamus,
1268 2998 1641 3068 flammamque
1666 3002 2013 3069 excutiamus,

442 3096 499 3141 ut
519 3102 638 3143 eum
675 3089 780 3143 illis
809 3103 1126 3143 coronarum
1166 3089 1332 3145 simus
1374 3099 1689 3154 consortes;
1723 3101 1882 3161 utque
1921 3109 2016 3161 ge-

439 3180 627 3232 hennae
670 3177 936 3231 ﬂammam
985 3178 1180 3232 Christi
1212 3193 1309 3233 vox
1336 3180 1567 3233 excutiat
1600 3180 1782 3235 dicens
1811 3222 1826 3245 ,
1874 3181 2009 3235 Esu-

436 3270 645 3323 rientem
673 3284 752 3323 nte
776 3268 990 3335 vidistis,
1019 3279 1067 3323 et
1100 3270 1305 3341 pavistis
1334 3272 1352 3339 (
1383 3269 1568 3323 Matth.
1599 3271 1693 3325 25.
1721 3272 1789 3326 55
1817 3271 1859 3343 ).
1890 3273 2014 3329 limo

435 3358 577 3412 enim
604 3374 709 3413 vox
764 3368 890 3414 tunc
919 3360 1073 3415 nobis
1121 3376 1217 3429 pro
1260 3376 1381 3416 rore
1423 3361 1593 3415 aderit
1641 3377 1736 3431 per
1782 3362 2010 3417 mediam

433 3451 698 3505 flammam
723 3450 963 3506 sibilans.
998 3452 1389 3508 Descendatnus
1432 3455 1608 3523 itaque
1628 3471 1746 3508 cum
1779 3456 2012 3512 elcemo-

431 3556 561 3611 syna
613 3542 665 3597 in
722 3542 989 3598 fornacem
1050 3545 1373 3612 paupertatis
1416 3544 1731 3601 :videamus
1780 3546 2013 3615 philoso-

434 3633 656 3699 phantes
694 3634 813 3688 illos
836 3634 925 3703 qui
956 3634 1008 3687 in
1038 3635 1149 3702 ipsa
1193 3635 1466 3689 ambulant
1489 3676 1503 3698 ,
1535 3644 1588 3689 et
1616 3636 1877 3691 carbones
1902 3637 2010 3691 cal-

428 3732 553 3778 cant
602 3727 668 3777 ιε
715 3725 991 3780 videamus
1040 3742 1152 3780 rem
1198 3741 1387 3780 novam
1442 3734 1601 3795 atque
1654 3728 2003 3796 stupendam,

430 3813 696 3869 hominem
748 3815 799 3869 in
853 3815 1066 3870 fornace
1111 3816 1444 3883 psallentem,
1477 3816 1745 3871 hominem
1790 3818 1844 3872 in
1885 3818 2005 3887 igne

424 3905 619 3973 gratias
644 3915 908 3975 agentem,
937 3916 1172 3961 extrema
1202 3907 1376 3975 inopia
1404 3908 1794 3977 colligatutn,et
1812 3910 2005 3966 multas

422 3996 635 4050 Christo
663 3997 850 4053 laudes
886 3997 1231 4053 referentem.
1257 3998 1467 4053 Etenim
1494 4000 1673 4068 pueris
1712 4000 1816 4054 illis
1846 4015 2003 4070 pares

422 4096 544 4141 sunt
560 4087 595 4141 ii
619 4087 710 4157 qui
727 4097 1090 4158 paupertatem
1117 4104 1238 4144 cum
1263 4089 1551 4159 gratiarum
1569 4090 1780 4146 actione
1801 4091 2015 4147 ferunt..

487 4239 506 4272 ί
540 4238 655 4300 Alii,
676 4247 721 4290 et
742 4241 968 4308 superbos
980 4243 1199 4308 ealcum.
1208 4242 1337 4293 Infra
1352 4245 1565 4308 quidam,
1582 4242 1759 4295 multas
1787 4251 1882 4295 Deo
1895 4242 1998 4295 lau-

422 4298 527 4351 des.
550 4298 653 4363 pro,
680 4298 853 4352 multus
875 4303 1062 4354 Christo
1084 4303 1268 4353 laudes.

2150 371 2281 427 Nam
2311 374 2432 446 igne
2461 375 2853 451 terribiliorest
2875 377 3205 445 mendicitas,
3242 381 3513 448 magisque
3536 378 3708 435 incen-

2146 461 2275 516 dere
2297 465 2451 518 solet.
2490 465 2593 520 Sed
2637 465 2848 521 ﬂamma
2896 481 3088 536 pneros
3135 466 3255 520 illos
3299 480 3405 521 non
3457 467 3704 537 incendit,

2147 569 2330 608 verum
2382 556 2503 624 quia
2555 558 2751 624 gratias
2804 559 3027 613 Domino
3074 558 3459 625 reddiderunt,
3508 563 3706 619 vincula

2147 659 2380 713 ipsorum
2406 647 2581 701 subito
2601 648 2771 703 soluta
2792 659 2935 703 sunt.
2962 649 3034 702 lta
3064 659 3116 703 et
3142 664 3303 715 nunc,
3332 651 3374 704 si
3418 652 3471 705 in
3494 668 3708 723 pauper-

2146 743 2307 789 tatem
2333 736 2508 804 lapsus
2537 739 2730 807 gratias
2750 753 2895 807 agas,
2913 739 3116 794 vincula
3135 739 3409 793 solvuntur
3427 751 3482 794 et
3504 740 3706 797 ﬂamma

2144 825 2524 894 exsdnguitur;
2556 828 2599 880 si
2631 842 2735 881 non
2763 829 3122 897 extinguatur,
3168 827 3219 881 id
3245 830 3384 898 quod
3417 831 3706 887 mirabilius

2143 920 2245 978 est,
2276 929 2370 983 pro
2391 916 2598 970 ﬂamma
2625 915 2744 971 fons
2764 917 2994 972 efficitur
3008 916 3029 946 ¹
3051 934 3066 982 ;
3089 918 3227 987 quod
3257 927 3380 973 tunc
3400 921 3561 975 etiam
3583 937 3729 999 cons

2145 1002 2255 1071 ligit
2288 1020 2456 1059 :-nam
2488 1006 2539 1059 in
2587 1006 2759 1061 media
2789 1007 3002 1063 fornace
3044 1023 3167 1063 rore
3205 1024 3337 1078 puro
3382 1004 3729 1067 fruebantur.'

2141 1090 2317 1162 Ignem
2345 1095 2557 1163 quidem
2606 1111 2712 1152 non
2755 1099 3028 1162 exstinxit,
3058 1099 3151 1153 sed
3180 1115 3247 1156 ne
3275 1100 3706 1158 comburerentur

2140 1185 2228 1253 qui
2255 1199 2320 1239 eo
2346 1184 2522 1255 injecti
2555 1186 2761 1241 fuerant
2791 1187 3083 1257 impedivit.
3127 1189 3235 1244 Hoc
3264 1190 3421 1244 etiam
3461 1191 3511 1244 in
3541 1191 3705 1260 philo-

2139 1273 2485 1341 s0phantibus
2514 1275 2694 1330 videre
2717 1285 2836 1331 est:
2863 1278 3059 1332 etenim
3116 1278 3169 1332 in
3206 1288 3515 1348 paupertate
3561 1282 3707 1335 timo-

2139 1368 2214 1422 ris
2264 1368 2429 1436 magis
2467 1377 2711 1437 expertes
2753 1379 2909 1436 sunt,
2965 1384 3123 1438 quam
3159 1369 3369 1425 divites.
3420 1370 3498 1426 Ne
3537 1372 3706 1443 itaque

2138 1465 2286 1509 extra
2315 1457 2580 1510 caminum
2598 1457 2896 1521 sedeamus,
2916 1457 3057 1512 nulla
3083 1473 3205 1527 erga
3223 1473 3486 1528 pauperes
3502 1462 3703 1516 miseri-

2137 1544 2317 1598 cordia
2347 1544 2544 1610 aﬂ'ecti,
2578 1562 2643 1600 ne
2670 1547 2935 1614 patiamur
2963 1546 3104 1616 quod
3132 1556 3258 1601 tunc
3286 1548 3360 1601 illi
3388 1551 3528 1618 passi
3565 1561 3701 1605 sunt.

2136 1634 2192 1689 Si
2216 1635 2355 1689 enim
2385 1634 2715 1691 descendens
2736 1637 2802 1690 ad
2834 1652 3027 1705 pueros
3054 1651 3173 1691 cum
3198 1638 3303 1691 illis
3323 1639 3558 1706 steteris,
3582 1640 3701 1696 nihil

2135 1725 2258 1777 mali
2304 1724 2396 1777 tibi
2440 1724 2633 1780 inferet
2682 1726 2817 1796 ignis
2857 1727 2947 1780 :si
3000 1735 3175 1781 autem
3222 1742 3451 1796 superne
3494 1730 3700 1795 sedens,
3770 1734 3773 1741 '

2133 1813 2442 1883 despexeris
2494 1816 2615 1870 illos
2665 1816 2715 1869 in
2763 1816 2974 1869 ﬂamma
3007 1818 3353 1886 paupertatis,
3403 1830 3455 1872 te
3499 1820 3701 1876 flamma

2133 1905 2424 1959 comburet.
2459 1904 2732 1960 Descende
2760 1906 2918 1976 igitur
2936 1907 2986 1959 in
3011 1906 3205 1975 ignem,
3230 1922 3296 1961 ne
3320 1907 3619 1964 incendaris
3641 1912 3702 1965 ab

2133 1996 2254 2065 igne
2282 2014 2295 2049 :
2329 2012 2396 2051 ne
2425 1997 2612 2051 sedeas
2631 2005 2780 2050 extra
2812 1998 3010 2067 ignem,
3038 2012 3106 2051 ne
3134 2008 3184 2051 te
3214 1998 3421 2052 flamma
3459 2000 3700 2070 abripiat.

2132 2085 2188 2141 Si
2216 2086 2354 2141 enim
2383 2095 2433 2140 te
2460 2087 2650 2140 viderit
2673 2103 2793 2141 cum
2821 2087 3159 2157 pauperibus,
3189 2102 3217 2140 a
3249 2097 3299 2142 te
3318 2089 3597 2154 abscedet;
3625 2092 3700 2145 sin

2132 2178 2199 2231 ab
2222 2177 2326 2231 illis
2353 2188 2674 2247 separatum,
2700 2180 2876 2233 statim
2904 2180 2955 2233 in
2980 2188 3031 2233 te
3057 2179 3268 2242 insiliet,
3287 2191 3441 2249 teque
3461 2182 3699 2251 abripiet.

2130 2263 2205 2321 Ne
2248 2266 2407 2335 igitur
2456 2265 2712 2319 abscedas
2765 2265 2835 2318 ab
2887 2265 2989 2319 illis
3023 2280 3088 2318 eo
3134 2266 3426 2333 conjectis:
3455 2266 3548 2320 sed
3578 2280 3694 2321 cum

2125 2359 2364 2413 diabolus
2388 2358 2608 2427 jusserit
2633 2373 2727 2411 eos
2742 2358 2829 2427 qui
2848 2372 3034 2410 aurum
3063 2372 3167 2410 non
3190 2356 3408 2411 adorent
3430 2357 3618 2426 conjici
3645 2358 3692 2411 in

2126 2448 2393 2503 fornacem
2422 2449 2770 2520 paupertatis,
2799 2463 2866 2502 ne
2886 2446 3048 2502 fueris
3073 2464 3137 2502 ex
3191 2448 3537 2517 injicientium
3559 2489 3575 2514 ,
3603 2448 3691 2502 sed

2122 2554 2187 2594 ex
2218 2538 2530 2607 injectorum
2552 2552 2809 2609 numero,
2843 2545 2901 2590 ut
2927 2538 3001 2591 sis
3025 2553 3089 2590 ex
3119 2536 3506 2591 servandorum
3533 2577 3548 2601 ,
3592 2553 3693 2591 non

2121 2646 2187 2684 ex
2214 2630 2536 2687 urendorum
2566 2643 2805 2683 numero.
2847 2628 2977 2681 Nam
3007 2643 3131 2683 vere
3166 2642 3254 2682 ros
3293 2637 3376 2682 est
3410 2629 3655 2697 copiosus
3676 2670 3692 2692 ,

2125 2736 2229 2775 non
2252 2722 2478 2776 detineri
2519 2720 2944 2790 concupiscentia
2965 2720 3266 2773 divitiarum
3289 2760 3303 2782 ,
3335 2729 3388 2773 et
3417 2734 3537 2772 cum
3567 2734 3689 2788 pau-

2121 2810 2336 2877 peribus
2364 2813 2585 2864 versari.
2612 2810 2675 2863 Hi
2701 2810 2937 2863 omnium
2982 2818 3104 2863 sunt
3154 2808 3564 2876 opulentissimi,
3609 2807 3692 2878 qui

2117 2902 2454 2971 cupiditatem
2468 2902 2764 2956 divitiarum
2782 2902 3240 2955 conculcaverunt.
3258 2900 3693 2969 Quandoquidem

2119 2993 2191 3045 illi
2220 2994 2307 3061 qui
2341 3002 2463 3047 tunc
2489 3008 2664 3062 regem
2690 2990 3272 3059 eontempserunt,ipso
3295 3005 3417 3058 rege
3447 2990 3695 3043 clariores

2122 3087 2456 3143 sunteﬂ’ecti.
2483 3088 2550 3142 Et
2578 3097 2631 3140 tu
2665 3086 2820 3156 igitur
2841 3085 2884 3140 si
2910 3101 2997 3142 res
3022 3085 3174 3156 hujus
3206 3088 3390 3141 mundi
3416 3087 3701 3160 despicias,

2124 3186 2235 3230 toto
2265 3176 2462 3231 mundo
2489 3176 2770 3245 pretiosior
2811 3176 2918 3230 eris
2942 3216 2958 3241 ,
2985 3185 3043 3231 ut
3078 3186 3132 3231 et
3166 3179 3333 3233 sancti
3375 3179 3480 3241 illi,
3513 3180 3697 3247 Quibus

2120 3268 2304 3338 dignus
2333 3284 2433 3321 non
2463 3277 2570 3321 erat
2594 3266 2811 3319 mundus
2836 3265 3021 3335 (Hebr.
3051 3267 3138 3320 11.
3166 3265 3279 3339 58).
3315 3268 3380 3322 Ut
3423 3269 3599 3339 itaque
3623 3271 3698 3325 di-

2122 3370 2257 3425 gnus
2286 3355 2382 3413 ﬂas
2413 3356 2720 3411 czeleStibus
2744 3358 2783 3422 ¹,
2812 3356 2996 3410 deride
3024 3358 3326 3425 praesentia.
3363 3357 3438 3412 lla
3477 3360 3617 3413 enim
3644 3370 3696 3415 et

2122 3443 2207 3498 hic
2230 3444 2558 3514 splendidior
2587 3446 2693 3499 eris
2714 3485 2728 3508 ,
2756 3454 2811 3499 et
2837 3444 3030 3499 futuris
3072 3445 3227 3499 bonis
3270 3446 3480 3512 frueris,
3528 3450 3693 3519 gratia

2122 3541 2177 3587 et
2201 3533 2524 3603 benignitate
2549 3534 2756 3588 Domini
2786 3535 2952 3589 nosui
2983 3534 3109 3588 Jesu
3135 3534 3356 3601 Christi,
3397 3538 3481 3591 cui
3527 3538 3693 3593 gloria

2123 3635 2177 3677 et
2204 3625 2482 3695 imperium
2511 3625 2563 3679 in
2591 3626 2786 3680 sarcula
2814 3627 3153 3681 saeculorum.
3184 3628 3373 3682 Amen.

2186 3811 2345 3881 *“posl,
2366 3813 2463 3881 μηδ’
2483 3824 2643 3881 voces,
2669 3824 2757 3881 pro
2781 3809 3356 3881 ﬂanmtafonse/pcitur,
3391 3815 3695 3881 manuscripti

2121 3874 2322 3925 Codices
2344 3872 2530 3934 plurimi
2544 3880 2603 3934 et
2624 3871 2763 3934 sai-il.
2780 3871 2834 3934 in
2850 3871 3068 3934 margine
3088 3871 3388 3934 sic'babent:
3410 3874 3541 3931 quod
3554 3871 3696 3923 etiam

2120 3934 2287 4003 videre
2309 3930 2380 4003 est
2401 3932 2451 3984 in
2468 3930 2907 4003 philosopltuntibus
2934 3930 2977 3981 :'
2986 3932 3169 4003 etenim
3186 3933 3236 4003 in
3254 3930 3535 4003 paupertate
3557 3936 3696 3985 timo-

2120 3996 2190 4046 ris
2211 3993 2363 4057 magis
2386 3992 2610 4061 expertes
2641 3992 2766 4053 eum,
2792 3992 3157 4061 quantdivites,
3179 4002 3224 4043 et
3249 3992 3299 4042 in
3322 3992 3480 4061 medio
3503 3996 3697 4061 fo‘mnce

2119 4069 2230 4106 rore
2260 4054 2385 4118 puro
2409 4054 2722 4120 pérfrutmtnr
2742 4069 2759 4111 ;
2781 4056 2917 4165 gnari
2942 4059 3054 4103 tunc
3091 4054 3238 4103 etiam
3267 4054 3461 4124 contigit
3488 4054 3509 4104 :'
3541 4056 3696 4119 ignem

2119 4117 2317 4165 quidem
2336 4130 2429 4165 non
2451 4115 2705 4165 exstinxit.
2728 4129 2780 4165 sc
2847 4128 2908 4165 ne
2941 4113 3331 4165 comburerentur
3355 4128 3438 4165 aut
3460 4128 3518 4165 eo
3538 4116 3696 4165 iniecti

2154 4113 2317 4168 itidem
2336 4113 2429 4167 non
2451 4113 2705 4179 exstinxit,
2728 4113 2815 4179 sed
2847 4128 2908 4166 ne
2941 4113 3331 4166 comburerentur
3355 4113 3438 4177 qui
3460 4128 3518 4167 eo
3538 4113 3699 4179 zﬂjccti

2143 4179 2333 4242 iterant,
2346 4178 2610 4242 impedivit.
2648 4186 2741 4229 Nec
2756 4177 2935 4241 itaque,
2960 4182 3056 4227 etc.

2189 4240 2206 4271 ί
2241 4238 2504 4304 s_ic'om_'ues
2526 4238 2849 4304 Manuscripti,
2877 4250 2928 4289 et
2957 4243 3029 4291 sic
3052 4240 3176 4302 legit
3206 4238 3443 4290 Anianus.
3469 4242 3611 4290 Savil.
3644 4245 3699 4289 et

2126 4300 2308 4360 ωσι-ει.ν
2324 4300 2476 4361 aulis,
2500 4314 2605 4364 pro,
2639 4300 2922 4352 cwleitibus.
3110 4300 3125 4302 '
3714 4320 3718 4325 ·
