4058 6208
492 411 826 428 .—

1173 272 1230 326 s.
1268 268 1548 326 JOANNIS
1588 261 2081 324 cnavsosmm
2121 258 2441 318 ARCHIEP.
2480 253 3024 315 cossmmmov.
3643 258 3713 313 εκ
3768 223 3775 229 ’

830 370 3681 423 ____.._‘_.._.—————-—————-——-————-———-——--—-—-—--—-—-

1932 477 2173 532 OMIAIA
2213 477 2287 529 E'.

485 610 757 689 Τοῦτο
780 611 925 689 ὅλον
942 607 1205 689 γέγονεν,
1225 604 1324 689 Ira
1647 602 1713 689 τὸ

560 682 666 735 τοῦ
692 680 912 745 Κυρίου
946 668 1040 728 διὰ
1062 673 1168 726 τοῦ
1202 668 1511 745 προερῄτου
1533 668 1837 745 λέγοντος-
1862 690 1880 720 ι

558 754 595 817 ἡ
627 738 919 817 παρθένος
963 745 1033 797 ἐν
1068 742 1277 817 ragth
1320 738 1465 817 ἔξει,
1493 742 1619 817 fug
1620 738 1861 803 τέξεται
1880 738 2049 817 υἱὸν,

555 809 652 873 καί
679 809 1012 870 θὶαλέσουσι
1038 809 1104 866 τὸ
1132 812 1319 877 ὄνομα
1337 809 1523 884 αυτοῦ
1566 809 1958 872 Ἐμμανουήλ.
1988 825 2009 858 ι

559 906 625 962 α’.
648 901 857 954 Πολλῶν
870 897 1051 952 ἀκούω
1064 896 1343 964 λεγόντων,
1358 895 1436 947 ὅτι
1453 896 1714 965 παρόντες
1731 898 1827 965 μὲν
1844 898 1935 949 καὶ
1947 897 2047 966 τῆς

488 984 797 1065 ἀκροάσεως
840 986 1233 1048 ἀπολαύοντες,
1271 982 1663 1053 συστελλόμεθα
1685 998 1699 1013 ·
1747 984 2049 1049 ἐξελθόντες

487 1087 565 1147 δὲ,
598 1085 773 1154 ἕτερον.
805 1080 965 1133 πάλιν
1006 1076 1116 1130 ἀνθ’
1160 1076 1360 1145 ἐτέρων
1389 1074 1667 1144 γινόμεθα,
1706 1077 1767 1127 τὸ
1813 1075 1925 1147 πῦρ
1950 1077 2049 1146 τῆς

489 1172 797 1243 προθυμίας
826 1166 1159 1226 σϐεννύντες.
1180 1163 1243 1215 Τί
1271 1159 1364 1216 οῦν
1390 1164 1453 1214 ἂν
1476 1163 1703 1229 γένοιτο,
1719 1164 1865 1227 ὃπως
1891 1165 2049 1218 τοῦτο

492 1263 570 1333 μὴ
616 1261 869 1328 γίνηται;
921 1256 1288 1323 Σκοπήσωμεν
1340 1252 1460 1306 ὅθεν
1502 1255 1725 1320 γίνεται.
1764 1256 1931 1308 Πόθεν
1956 1254 2049 1311 οῦν

490 1352 693 1419 γίνεται
750 1350 879 1417 ἡμῖν
911 1348 945 1416 ή
989 1346 1219 1414 τοσαύτη
1272 1344 1567 1413 μεταϐολήζ
1624 1346 1753 1398 Ἀπὸ
1799 1348 1897 1416 τῆς
1937 1349 2049 1401 δια-

488 1442 679 1514 τριϐῆς
729 1440 829 1508 τῆς
876 1438 948 1508 μὴ
992 1435 1399 1506 προσηκούσης,
1447 1436 1536 1487 καὶ
1587 1439 1684 1505 τῆς
1747 1436 1888 1507 [7‘2]
1940 1439 2049 1492 τῶν

490 1530 740 1601 πονηρῶν
773 1527 1071 1597 ἀνθρώπων
1111 1526 1409 1588 συνουσίας.
1465 1526 1537 1577 Ού
1592 1528 1699 1596 γὰρ
1732 1528 1898 1597 ἐχρῆν
1944 1529 2050 1583 ἀπὸ

490 1622 589 1691 τῆς
624 1618 892 1684 συνάξεως
918 1614 1347 1685 ἀναχωροῦντας,
1378 1616 1456 1676 είς
1487 1614 1556 1667 τά
1600 1618 1673 1685 μὴ
1708 1619 2049 1685 προσήκοντα

422 1770 428 1778 ⁴
490 1715 557 1781 τῇ
584 1708 793 1773 συνάξει
824 1706 1107 1776 ἐμϐάλλειν
1135 1706 1358 1767 ἑαυτοὺς
1388 1706 1697 1775 πράγματα
1721 1708 2047 1772 ἀλλἰεύθέως

422 1788 427 1791 ’
489 1798 665 1851 οἶκαδε
692 1795 936 1855 ἐλθόντας
972 1792 1033 1844 τὸ
1078 1791 1276 1864 βιϐλίον
1312 1791 1808 1860 μεταχειρίζεσθαι,
1836 1794 1926 1844 καὶ
1954 1794 2050 1862 τὴν

490 1892 721 1957 γυναῖκα
748 1888 841 1938 καὶ
862 1884 931 1936 τὰ
976 1881 1161 1934 παιδία
1208 1882 1343 1951 πρὸς
1376 1882 1473 1950 τὴν
1512 1882 1793 1933 κοινωνίαν
1822 1883 1918 1951 τῆς
1942 1882 2052 1935 τῶν

494 1979 795 2047 ειρημένων
822 1976 1003 2028 καλεῖν
1047 1978 1328 2047 συλλογῆς,
1369 1979 1462 2029 καὶ
1489 1977 1605 2029 τότε
1632 1977 1738 2029 τῶν
1789 1978 2055 2047 βιωτικῶν

494 2069 757 2123 ἅπτεσθαι
791 2069 1148 2138 πραγμάτων.
1184 2069 1246 2119 Et
1280 2067 1389 2137 γάρ
1428 2068 1535 2119 ἀπὸ
1565 2069 1838 2135 βαλανείου
1866 2071 1965 2122 ούκ
1991 2072 2053 2123 ἂν

492 2160 634 2211 ἕλοιο
656 2160 735 2221 είς
757 2158 959 2227 ἀγορὰν
976 2156 1280 2227 ἐμϐάλλειν,
1298 2156 1437 2208 ὥστε
1458 2158 1529 2226 μή
1544 2158 1641 2227 τὴν
1659 2160 1865 2211 ἐκεῖθεν
1877 2162 2056 2214 ἀνεσιν

494 2247 836 2317 λυμήνασθαι
862 2250 973 2308 τοῖς
1006 2249 1062 2298 ἐν
1096 2248 1268 2315 ἀγορᾷ
1297 2247 1615 2315 πράγμασι·
1654 2248 1829 2319 πολλῷ
1861 2250 2057 2319 μᾶλλον

494 2340 605 2391 ἀπὸ
632 2338 899 2401 συνάξεως
955 2338 1111 2389 τοῦτο
1150 2340 1318 2388 ποιεῖν
1356 2338 1539 2406 ἐχρῆν.
1580 2337 1693 2390 Νῦν
1736 2339 1791 2391 δὲ
1840 2342 2058 2393 τούναν-

494 2430 608 2481 τίον
641 2430 928 2497 ποιοῦμεν·
979 2428 1066 2480 διὰ
1097 2429 1160 2498 δὴ
1187 2428 1342 2480 τοῦτο
1390 2429 1481 2481 xal
1515 2428 1690 2480 πάντα
1732 2430 2053 2500 ἀπόλλυμεν.

440 2528 443 2529 ⁷
495 2518 664 2572 Οῦπω
712 2518 822 2587 γὰρ
870 2519 967 2587 τῆς
1006 2517 1270 2587 ὠφελείας
1304 2518 1410 2569 τῶν
1463 2517 1756 2587 λεχθέντων
1788 2522 2057 2591 παγείσης

496 2609 697 2671 καλῶς,
733 2610 764 2677 ή
800 2607 968 2676 πολλὴ
1023 2608 1167 2678 ῥύμη
1206 2608 1313 2660 τῶν
1361 2607 1556 2672 ἔξωθεν
1612 2611 2058 2678 προσπιπτόντων

497 2700 672 2753 πάντα
704 2696 1066 2768 παρασύρασα
1096 2698 1139 2729 ⁶²
1166 2698 1387 2767 οἴχεται.
1421 2698 1514 2750 Ἵν’
1547 2694 1640 2751 οῦν
1677 2698 1751 2769 μὴ
1786 2700 1939 2753 τοῦτο
1970 2702 2054 2769 γίο

494 2806 672 2860 νηται,
703 2788 810 2841 ἀπὸ
832 2788 1098 2853 συνάξεως
1124 2789 1441 2859 ἀναχωρῶν,
1466 2790 1627 2859 μηδὲν
1658 2790 1809 2843 ποιοῦ
1834 2792 1932 2862 τῆς
1950 2794 2053 2847 τῶν

493 2879 799 2949 εἰρημένων
824 2878 1082 2948 συλλογῆς
1106 2880 1544 2949 ἀναγκαιότερον.
1571 2882 1679 2934 Kal
1698 2882 1806 2954 γὰρ
1826 2885 2054 2955 ἐσχάτης

495 2968 885 3037 ἀγνωμοσύνης
918 2969 984 3021 ἂν
1014 2971 1121 3037 εῖη,
1151 2970 1310 3021 πέντε
1348 2971 1442 3021 καὶ
1472 2969 1534 3034 ἐξ
1554 2972 1763 3042 ἡμέρας
1791 2976 1904 3036 τοῖς
1934 2974 2051 3044 βιω·

496 3060 668 3119 τικοῖς
712 3058 1116 3127 ἀπονέμοντας,
1169 3063 1281 3121 τοῖς
1330 3063 1715 3130 πνευματικοῖς
1772 3063 1903 3132 μηδὲ
1933 3066 2058 3133 μίαν

496 3147 733 3216 ἡμέραν,
758 3148 954 3216 μᾶλλον
984 3149 1040 3201 δὲ
1074 3148 1207 3217 μηδὲ
1232 3150 1276 3181 ⁸⁸
1306 3151 1500 3221 μικρὸν
1527 3152 1626 3221 τῆς
1660 3153 1873 3223 ἡμέρας
1899 3155 2061 3226 μέρος

496 3236 698 3289 διδόναι
729 3236 793 3289 ⁸⁸.
823 3237 934 3306 υύχ
957 3238 1118 3306 ὁρᾶτε
1156 3238 1224 3290 τά
1253 3239 1441 3294 παιδία
1477 3240 1546 3293 τὰ
1580 3241 1819 3312 ήμέτερα
1849 3244 1894 3275 ⁸⁸
1916 3284 1931 3308 ,
1980 3246 2060 3297 ὃτι

506 3327 576 3379 τὰ
610 3326 926 3395 μαθήματα,
961 3327 1103 3398 άπερ
1136 3328 1202 3381 ἂν
1227 3328 1504 3395 δέξωνται,
1522 3330 1690 3384 ταῦτα
1721 3332 1785 3383 δι’
1807 3333 1934 3401 ὅλης
1967 3352 2058 3404 με⁸

506 3415 697 3467 λετῶσι
722 3416 819 3485 τὴς
840 3417 1047 3487 ἡμέρας
1069 3436 1083 3484 ;
1114 3418 1281 3472 Τοῦτο
1306 3420 1370 3490 δὴ
1391 3422 1483 3474 καὶ
1502 3423 1657 3491 ἡμεῖς
1681 3422 2056 3493 ἐργασώμεθα·

500 3512 624 3566 ἐπεὶ
654 3510 815 3563 πλέον
854 3510 1003 3562 οὐδὲν
1043 3513 1174 3580 ἡμῖν
1220 3511 1369 3565 ἐσται
1396 3514 1497 3581 τῆς
1531 3512 1764 3566 ἐνταῦθα
1797 3513 2066 3581 ἀφίξεως,

502 3603 582 3666 εις
610 3601 765 3654 πίθον
796 3600 1123 3671 τετρημένον
1146 3602 1396 3655 ἀντλοῦσι
1420 3603 1539 3656 καθ’
1574 3604 1809 3673 ἑκάστην
1836 3605 2065 3675 ἡμέραν,

506 3693 599 3745 καὶ
621 3691 753 3761 μηδέ
778 3692 1043 3761 τοσαύτην
1076 3693 1467 3761 παρεχομένοις
1494 3694 1728 3762 σπουδὴν
1758 3696 1824 3764 τῇ
1848 3694 1956 3745 τῶν
1991 3697 2073 3746 εί-
2120 3702 2127 3707 “

507 3783 754 3854 ρημένων
775 3782 1011 3851 φυλακῇ.
1040 3783 1171 3852 ὅσην
1193 3784 1320 3853 περὶ
1344 3784 1543 3852 χρυσὸν
1567 3784 1660 3837 καὶ
1686 3784 1923 3855 ἄργυρον
1950 3787 2071 3837 ἐπι-

507 3873 850 3943 δεικνύμεθα.
898 3873 1134 3943 Δηνάρια
1168 3874 1266 3942 μὲν
1292 3874 1401 3944 γάρ
1432 3892 1513 3937 τις
1546 3875 1701 3944 ὀλίγα
1730 3876 1907 3929 λαϐὼν
1931 3914 1946 3939 ,
1976 3877 2073 3931 καὶ

507 3965 587 4027 είς
618 3964 897 4033 βαλάντιον
956 3963 1289 4029 ἀποτίθεται,
1321 3966 1414 4018 καὶ
1439 3968 1703 4036 σφραγῖδα
1731 3967 2031 4038 ἐπιτίθησιν
2054 3983 2068 3997 ο

506 4058 664 4126 ⁴ἡμεῖς
683 4056 739 4109 δὲ
763 4057 854 4109 καὶ
883 4055 1103 4126 χρυσίου
1133 4058 1227 4110 καὶ
1254 4058 1416 4109 λίθων
1445 4058 1747 4111 πολυτελῶν
1773 4057 2074 4130 τιμιώτερα

504 4146 779 4216 δεχόμενοι
804 4146 977 4213 λόγια,
1008 4146 1100 4198 καὶ
1132 4148 1257 4209 τοὺς
1283 4146 1377 4199 τοῦ
1400 4146 1713 4217 Πνεύματος
1748 4147 2076 4217 ὑποδεχόμε-

507 4254 585 4290 νοι
616 4236 938 4306 θησαυροὺς,
978 4236 1078 4288 ούκ
1108 4238 1187 4298 είς
1216 4236 1284 4290 τὰ
1312 4240 1530 4307 ταμιεῖα
1560 4238 1659 4306 τῆς
1685 4237 1861 4308 ψυχῆς
1889 4238 2076 4290 ἀποτι-

508 4322 733 4391 θέμεθα,
763 4323 877 4375 ἀλλ’
905 4322 1091 4384 ἀπλῶς
1110 4323 1205 4375 καὶ
1237 4323 1311 4385 ὡς
1336 4323 1522 4391 ἔτυχεν
1547 4324 1722 4392 ἐῶμεν
1742 4325 1839 4393 τῆς
1873 4325 2073 4395 ἡμετέ-

514 4428 612 4482 ρας
644 4411 882 4473 διανοίας
900 4412 1101 4481 ἐκρεῖν.
1134 4410 1229 4472 Τίς
1257 4406 1350 4463 οῦν
1384 4413 1530 4480 ήμᾶς
1567 4410 1680 4481 [75]
1732 4413 1942 4481 ἐλεήσει
1967 4413 2075 4466 λοι·

513 4502 634 4564 τεὸν,
671 4500 1115 4563 ἐπιϐουλεύοντας
1161 4502 1393 4565 ἑαυτοῖς,
1438 4502 1533 4553 καὶ
1585 4502 1665 4563 είς
1691 4503 1955 4572 τοσαύτην
1979 4506 2077 4573 ἐμ-

514 4589 803 4656 ϐάλλοντας
841 4590 1062 4656 πενίαν;
1107 4589 1202 4642 Ἵν’
1246 4585 1340 4642 οὖν
1370 4589 1444 4660 μὴ
1471 4589 1629 4643 τοῦτο
1670 4591 1911 4661 γίνηται,
1943 4594 2077 4662 γρά-

512 4675 700 4746 ψωμεν
732 4679 941 4739 ἐαυτοῖς
971 4676 1132 4747 νόμον
1156 4676 1427 4747 ἀκίνητον,
1470 4680 1564 4731 καὶ
1592 4682 1710 4742 ταῖς
1739 4681 1952 4748 γυναιξὶ
1984 4682 2078 4735 καὶ

513 4767 623 4831 τοῖς
651 4770 804 4821 παισὶ
830 4770 941 4832 τοῖς
958 4768 1268 4839 ἡμετέροις,
1292 4769 1420 4838 μίαν
1440 4770 1537 4839 τῆς
1558 4770 1843 4841 ἑϐδομάδος
1870 4773 2079 4843 ἡμέραν

512 4858 717 4928 ταύτην
739 4859 866 4929 ὅλην
895 4860 938 4890 ⁸⁸
966 4859 1274 4913 ἀνατιθέναι
1297 4863 1363 4931 τῇ
1384 4860 1644 4931 ἀκροάσει
1670 4864 1763 4915 καὶ
1791 4862 1897 4915 τῶν
1920 4866 2082 4917 ἀκου-

518 4948 750 5002 σθέντων
799 4952 865 5019 τῇ
922 4950 1170 5021 συλλογῇ.
1222 4951 1376 5005 Οῦτω
1407 4953 1515 5024 γὰρ
1546 4956 1639 5007 καί
1695 4954 2081 5028 εὐμαθέστεροι

517 5039 654 5108 πρὸς
690 5039 758 5091 τά
778 5038 1037 5108 μέλλοντα
1060 5040 1391 5110 ῥηθήσεσθαι
1421 5044 1825 5115 ἀπαντήσομεν,
1844 5047 2081 5115 καὶήμῖν

518 5130 751 5183 ἐλάττων
800 5131 828 5182 0
857 5130 1016 5190 πόνος
1047 5132 1228 5197 ἔσται,
1265 5134 1359 5187 καὶ
1388 5135 1512 5205 ύμῖν
1558 5138 1619 5189 τὸ
1656 5138 1845 5208 κέρδος
1898 5139 2079 5203 πλέον,

518 5221 644 5273 ὅταν
675 5220 746 5272 τά
771 5219 960 5291 πρώην
987 5223 1250 5293 εἰρημένα
1283 5225 1538 5296 φέροντες
1559 5228 1650 5280 ἐπὶ
1681 5215 1917 5300 μνήμης,
1945 5230 2086 5283 οὓτω

517 5312 587 5364 τά
615 5310 754 5381 μετά
775 5310 949 5364 ταῦτα
981 5311 1234 5383 ἀκούητε.
1258 5314 1333 5368 Ού
1367 5315 1473 5388 γάρ
1508 5318 1701 5389 μικρόν
1730 5336 1780 5371 τι
1815 5323 1908 5383 καὶ
1932 5321 2087 5374 τοῦτο

513 5400 758 5456 συντελεῖ
805 5400 943 5472 πρὸς
987 5401 1084 5473 τὴν
1110 5403 1217 5456 τῶν
1261 5402 1566 5474 λεγομένων
1610 5406 1838 5471 σύνεσιν,
1872 5408 1935 5461 τὸ
1984 5412 2080 5475 τὴν

604 5564 648 5595 u
680 5560 1077 5632 παρασύρουσα
1106 5562 1170 5614 Α.
1210 5560 1271 5614 Ι).
1350 5562 1396 5632 ⁸7³
1429 5578 1502 5630 μη

537 5630 615 5700 μὴ
643 5630 841 5683 διδόναι
864 5630 925 5687 C.
1002 5632 1045 5661 “
1078 5632 1318 5700 ὑμέτερα
1352 5631 1417 5684 Α.
1458 5633 1562 5683 An.

613 5717 717 5751 νων
737 5701 970 5767 συλλογῇ
1005 5700 1064 5753 D.
1107 5698 1209 5753 An.
1253 5698 1330 5729 ’⁸⁷
1365 5699 1726 5753 καταϐάλλειν
1758 5698 1820 5751 BL
1856 5700 1917 5767 Ο.
1956 5698 2016 5750 Ε.

2181 590 2493 646 ἀκολουθίαν
2544 590 2738 642 είδεναι
2788 591 2922 658 μετά
2952 587 3231 659 ἀκριϐείας
3281 591 3388 643 τῶν
3422 592 3551 663 παρ’
3584 594 3731 661 ἡμῶν

2186 683 2555 754 ύιραινομένων
2586 682 2713 747 ὑμῖν
2758 680 3059 750 νοημάτων.
3136 681 3353 753 Ἐπειδὴ
3393 683 3501 753 γάρ
3536 683 3635 735 ούκ
3658 683 3731 737 ένι

2180 779 2357 832 πάντα
2402 781 2461 833 ἐν
2496 783 2596 851 μιᾷ
2646 781 2967 835 καταϐαλεῖν
2998 782 3041 812 ⁸⁷
3070 778 3274 851 ἡμέρᾳ,
3308 778 3376 831 τὰ
3407 780 3463 831 ὲν
3520 777 3732 842 πολλαῖς

2179 869 2304 939 ύμῖν
2334 871 2568 940 ἡμέραις
2594 871 2988 942 κατατιθέμενα
3018 874 3082 941 τῇ
3115 873 3213 939 τῆς
3244 869 3461 939 μνήμης
3491 867 3731 938 συνεχείᾳ
3757 856 3761 861 ’

2179 958 2366 1030 ὥσπερ
2399 962 2582 1031 σειράν
2618 978 2738 1015 τινα
2772 963 3109 1030 ποιήσαντες,
3138 959 3279 1011 οὕτω
3297 958 3362 1027 δὴ
3394 958 3730 1027 περιτίθεσθε

2178 1052 2243 1119 τῇ
2276 1050 2444 1120 ψυχῇ,
2484 1050 2624 1103 ὣστε
2673 1050 2962 1120 ὁλόκληρον
3011 1048 3293 1118 φαίνεσθαι
3318 1049 3379 1100 τὸ
3423 1048 3581 1117 σῶμα
3630 1047 3731 1100 τῶν

2180 1139 2429 1207 Γραφῶν.
2465 1141 2895 1210 Ἀναμνήσαντες
2920 1139 3097 1191 τοίνυν
3122 1139 3229 1190 τῶν
3260 1137 3483 1205 ἔναγχος
3516 1137 3734 1207 εἰρημέ-

2180 1246 2284 1280 νων
2314 1229 2538 1292 έαυτοὺς
2557 1268 2571 1293 ,
2623 1228 2763 1283 οὕτω
2798 1228 2890 1283 καὶ
2925 1229 3160 1299 σήμερον
3199 1227 3289 1281 ἐπὶ
3310 1226 3378 1280 τά
3407 1226 3735 1297 προκείμενα

2182 1316 2367 1388 ῐωμεν.

2254 1436 2319 1504 β’.
2339 1438 2473 1491 Τίνα
2492 1439 2550 1491 δέ
2574 1440 2688 1491 ἐστι
2716 1454 2783 1491 τα
2814 1437 3147 1509 προκείμενα
3173 1438 3442 1507 σήμερον;
3480 1436 3658 1491 Τοῦτο
3676 1436 3742 1490 δὲ

2183 1527 2330 1579 ὅλον
2362 1528 2608 1597 γέγονεν
2634 1569 2649 1590 ,
2684 1530 2785 1582 ἵνα
2822 1527 3106 1595 πληρωθῇ
3151 1528 3217 1581 τὸ
3262 1528 3451 1595 ῥηθὲν
3474 1527 3591 1580 ὑπὸ
3637 1528 3740 1582 τοῦ

2138 1625 2151 1641 ’
2184 1618 2401 1685 Κυρίου
2437 1618 2535 1672 διὰ
2577 1620 2685 1673 τοῦ
2727 1618 3034 1687 προφήτου
3067 1618 3369 1686 λέγοντος.
3418 1618 3609 1683 Ἀξίως
3650 1618 3741 1671 τοῦ

2183 1709 2489 1779 θαύματος,
2527 1710 2602 1773 ὼς
2651 1710 2801 1780 αὐτῷ
2828 1709 3049 1764 δυνατὸν
3081 1705 3169 1779 ἦν,
3198 1709 3509 1779 ἀνεϐόησεν,
3546 1707 3738 1760 είπιὶιν·

2188 1800 2365 1853 Τοῦτο
2389 1800 2457 1853 δὲ
2488 1802 2636 1854 ὅλον
2660 1802 2920 1870 γέγονεν.
2970 1801 3185 1871 Ἐπειδὴ
3210 1800 3318 1871 γὰρ
3354 1796 3458 1853 εἶδε
3484 1801 3547 1855 τὸ
3582 1800 3743 1853 πέλα-

2182 1906 2274 1957 γος
2298 1892 2391 1943 καὶ
2410 1892 2508 1960 τὴν
2535 1891 2767 1945 ἄϐυσσον
2793 1892 2891 1960 τῆς
2916 1891 3321 1959 φιλανθρωπίας
3339 1891 3432 1944 τοῦ
3462 1891 3618 1953 Θεοῦ,
3652 1892 3743 1945 καὶ

2180 1979 2240 2031 τὸ
2273 1978 2538 2049 μηδέποτε
2574 1979 2826 2032 ἐλπισθὲν
2858 1982 2939 2043 είς
2986 1980 3146 2050 ἔργον
3189 1980 3363 2043 ἐλθὸν,
3412 1982 3506 2035 καὶ
3534 1981 3743 2049 φύσεως

2182 2069 2437 2133 λυθέντας
2462 2071 2679 2141 νόμους,
2714 2072 2809 2124 καὶ
2839 2072 3181 2139 καταλλαγὰς
3212 2073 3519 2141 γινομένας,
3544 2074 3638 2125 καὶ
3656 2073 3743 2125 τὸν

2183 2160 2399 2214 πάντων
2431 2162 2696 2232 ἀνώτερον
2726 2163 2862 2233 πρὸς
2898 2164 2989 2216 τὸν
3022 2164 3236 2217 πάντων
3275 2163 3583 2234 κατώτερον
3612 2181 3741 2217 κατα

2188 2252 2355 2316 ιόντα,
2386 2253 2481 2305 καὶ
2524 2253 2591 2305 τὰ
2640 2254 2927 2323 μεσότοιχα
2957 2254 3213 2323 λυόμενα,
3244 2254 3430 2308 καὶτὰ
3450 2254 3743 2324 κωλύματα

2186 2343 2570 2413 ἀναιρούμενα,
2604 2346 2699 2397 καὶ
2718 2344 2894 2413 πολλῴ
2924 2344 3144 2398 πλείονα
3179 2345 3383 2398 τούτων
3412 2345 3577 2416 ἕτερα
3601 2346 3745 2413 γινό-

2187 2449 2341 2502 μενα,
2366 2434 2446 2486 ἐνὶ
2473 2435 2675 2503 ῥήματι
2695 2434 2755 2486 τὸ
2771 2433 2955 2502 θαῦμα
2972 2435 3333 2506 παρέστησεν,
3352 2436 3540 2488 εἰπών·
3564 2437 3747 2491 Τοῦτο

2182 2523 2251 2576 δὲ
2272 2524 2419 2576 ὅλον
2440 2524 2703 2593 γέγονεν,
2734 2525 2833 2577 ἵνα
2855 2524 3139 2592 πληρωθῇ
3176 2525 3241 2578 τὸ
3271 2528 3456 2593 ῥηθὲν
3487 2527 3607 2587 ὑπὸ
3641 2528 3744 2581 τοῦ

2186 2606 2425 2678 Κυρίου.
2453 2613 2542 2681 Μὴ
2565 2611 2672 2681 γὰρ
2709 2611 2955 2681 νομίσῃς,
3001 2610 3113 2683 [Ἱό]
3138 2614 3320 2681 φησὶν,
3356 2614 3437 2665 ὅτι
3463 2614 3558 2666 νῦν
3578 2614 3746 2666 ταῦτα

2182 2700 2326 2765 ἔδοξε
2344 2719 2357 2734 ο
2392 2702 2558 2755 πάλαι
2579 2701 2963 2771 προετυποῦτο.
2999 2703 3175 2773 Ὅπερ
3204 2705 3297 2757 καὶ
3322 2707 3349 2757 0
3383 2703 3593 2767 Παῦλος
3613 2722 3745 2757 παν-ο

2182 2791 2348 2862 ταχοῦ
2369 2790 2537 2855 δεῖξαι
2558 2790 2875 2843 ἐσπούδασε.
2910 2791 3019 2843 Καὶ
3044 2792 3405 2863 παραπέμπει
3436 2794 3528 2846 τὸν
3550 2793 3745 2862 Ἰωσὴφ

2181 2880 2259 2951 τῷ
2297 2882 2493 2951 Ἡσαΐᾳ
2518 2880 2717 2942 λοιπὸν,
2751 2881 2836 2931 ἵνα
2865 2878 2968 2931 κᾶν
2996 2880 3102 2934 τῶν
3134 2882 3294 2935 αὑτοῦ
3336 2883 3593 2952 ῥημάτων
3627 2883 3747 2935 ἐπι-

2181 2975 2408 3045 λάθηται
2432 2973 2807 3041 ἀφυπνισθεὶς,
2833 2974 2925 3026 ἀτε
2953 2974 3261 3042 πρόσφατον
3286 2974 3613 3043 εἰρημένων,
3636 2974 3741 3026 τῶν

2184 3064 2551 3135 προφητικῶν,
2575 3058 2654 3124 οἷς
2672 3062 3075 3132 συνανεστράφη
3101 3047 3471 3128 ⁶⁶’διαπαντδς,
3502 3063 3742 3131 ἀναμνη-

2187 3156 2351 3218 σθεὶς,
2379 3156 2472 3206 καὶ
2501 3152 2569 3206 τά
2594 3154 2725 3221 παρ’
2762 3150 2924 3203 αὐτοῦ
2950 3151 3204 3220 λεχθέντα
3226 3152 3494 3221 κατάσχῃ.
3540 3152 3650 3203 Καὶ
3675 3152 3739 3220 τῇ

2189 3244 2285 3311 μὲν
2314 3241 2531 3309 γυναικὶ
2576 3240 2726 3292 οὐδὲν
2774 3239 2974 3290 τούτων
3007 3239 3249 3308 εἴρηκεν,
3302 3238 3395 3290 ἆτε
3438 3238 3576 3309 κόρῃ
3610 3236 3741 3308 οὔσῃ

2186 3334 2277 3385 καὶ
2306 3332 2548 3401 ἀπείρως
2578 3330 2781 3382 τούτων
2814 3328 3009 3399 ἐχούσῃ
3029 3345 3041 3355 ·
3073 3328 3150 3398 τῷ
3174 3330 3231 3382 δὲ
3260 3330 3433 3400 ἀνδρὶ,
3464 3330 3659 3399 δικαίῳ
3684 3346 3743 3381 τε

2184 3423 2297 3474 ὄντι
2331 3423 2425 3474 καὶ
2457 3421 2743 3491 μελετῶντι
2776 3422 3058 3491 προφήτας
3079 3461 3093 3483 ,
3128 3419 3375 3472 ἐντεῦθεν
3420 3420 3742 3488 διαλέγεται.

2188 3512 2293 3562 Καὶ
2318 3511 2423 3579 πρὸ
2447 3511 2544 3579 μὲν
2580 3510 2790 3573 τούτου,
2812 3509 3045 3579 Μαριὰμ
3067 3510 3181 3577 τὴν
3209 3510 3464 3581 γυναῖκά
3489 3526 3627 3570 σου,
3662 3510 3746 3562 λέ-

2186 3615 2302 3666 γει·
2330 3599 2563 3653 ἐνταῦθα
2600 3600 2656 3651 δὲ
2702 3600 2790 3653 ὅτε
2841 3599 2930 3651 τὸν
2964 3602 3245 3670 προφήτην
3273 3601 3520 3653 εἵλκυσεν
3561 3603 3640 3665 είς
3689 3600 3747 3654 τὸ

2192 3687 2373 3757 μέσον,
2404 3690 2524 3741 τότε
2549 3688 2696 3759 αύτῷ
2726 3688 2966 3741 πιστεύει
3004 3690 3063 3742 τὸ
3093 3691 3190 3761 τῆς
3222 3690 3515 3760 παρθενίας
3542 3691 3743 3760 ὄνομα·

2188 3778 2247 3832 ού
2276 3777 2389 3849 «γὰρ
2415 3778 2584 3841 οὕτως
2610 3780 2880 3850 ἀτάραχος
2907 3782 2950 3814 ⁶⁹
2975 3781 3154 3850 ἔμενε,
3191 3781 3457 3851 παρθένον
3491 3783 3621 3850 παρ’
3647 3780 3745 3833 αὺ-

2188 3870 2280 3923 τοῦ
2316 3871 2547 3935 ἀκούων,
2577 3874 2625 3926 εί
2654 3871 2730 3944 μὴ
2754 3873 2799 3905 ⁷⁸
2828 3871 3040 3943 πρῶτον
3065 3875 3158 3925 καὶ
3179 3872 3328 3941 παρὰ
3368 3872 3612 3925 Ἡσαΐου.
3642 3871 3747 3924 Καὶ

2191 3960 2299 4030 γάρ
2328 3962 2476 4014 οὐδὲν
2515 3963 2680 4027 ξένον,
2724 3963 2861 4016 ἀλλά
2907 3964 2969 4016 τὸ
2997 3963 3225 4032 σύνηθες
3259 3963 3439 4016 καὶτὸ
3478 3964 3537 4015 ἐν
3572 3960 3747 4030 πολλῷ

2191 4054 2365 4124 χρόνῳ
2397 4054 2683 4124 μελεηθέν
2715 4053 2935 4124 ἔμελλεν
2977 4052 3299 4108 ἀκούσεσθαι
3326 4052 3474 4123 παρά
3496 4050 3592 4103 τοῦ
3620 4067 3749 4122 προ-

2193 4144 2382 4212 φήτου.
2422 4144 2518 4197 Διὰ
2552 4144 2708 4197 τοῦτο
2744 4145 2909 4198 ποιῶν
2944 4144 3342 4215 εύπαράδεκτον
3366 4143 3427 4194 τὸ
3458 4141 3746 4213 εἰρημένον

2191 4236 2219 4287 0
2247 4234 2492 4302 ἄγγελος,
2519 4236 2753 4304 παράγει
2785 4236 2863 4297 εἰς
2891 4234 3052 4304 μέσον
3083 4234 3171 4285 τὸν
3209 4233 3452 4284 Ἡσαΐαν.
3498 4232 3609 4285 Καὶ
3633 4230 3749 4283 οὐδὲ

2192 4324 2423 4377 ἐνταῦθα
2471 4325 2702 4387 ἵσταται,
2754 4326 2869 4377 ἀλλ’
2896 4325 2988 4375 ἐπὶ⁸
3016 4324 3105 4375 τὸν
3138 4323 3267 4374 Θεὸν
3300 4322 3508 4393 ἀναρτᾲ
3543 4322 3635 4375 τὸν
3662 4320 3750 4373 λό-

2194 4430 2286 4480 γον
2313 4430 2326 4444 ’
2354 4413 2413 4464 ού
2436 4413 2543 4481 γὰρ
2564 4412 2726 4465 αὑτοῦ
2747 4410 2883 4464 εἷναί
2911 4427 3042 4479 φησι
3072 4411 3131 4462 τὸ
3160 4410 3465 4480 εἰρημένον,
3497 4410 3635 4463 ἀλλά
3658 4407 3748 4461 τοῦ

2194 4502 2300 4553 τῶν
2356 4500 2490 4553 ὅλων
2542 4500 2695 4552 Θεοῦ.
2730 4499 2827 4553 Διά
2854 4499 3009 4552 τοῦτο
3039 4499 3139 4552 ούκ
3167 4496 3464 4560 εἷπεν,”1να
3493 4497 3749 4567 πληρωθῇ

2193 4590 2255 4642 τὸ
2315 4588 2475 4659 ῥηθὲν
2528 4591 2631 4641 ὑπὸ
2673 4589 2911 4648 Ἡσαΐου,
2964 4588 3095 4639 ἀλλά
3124 4626 3138 4649 ,
3176 4588 3241 4639 Τὸ
3265 4586 3452 4654 ῥηθὲν
3484 4586 3601 4638 ὑπὸ
3648 4584 3752 4638 τοῦ

2200 4682 2434 4748 Κυρίου.
2461 4680 2532 4731 Τὸ
2570 4680 2665 4747 μὲν
2694 4678 2800 4747 γάρ
2834 4678 3004 4747 στόμα
3023 4678 3064 4708 ⁷¹
3108 4678 3349 4737 Ἡσαΐου,
3378 4677 3406 4727 ὁ
3430 4676 3486 4726 δὲ
3509 4675 3753 4745 χρησμὸς

2197 4770 2398 4825 ἀνωθεν
2428 4770 2669 4840 ἐφέρετο.
2693 4769 2756 4821 Τί
2778 4764 2867 4821 οῦν
2892 4764 3043 4829 οὗτός
3066 4785 3227 4837 φησιν
3255 4768 3282 4819 ὁ
3306 4768 3577 4836 χρησμός;
3602 4766 3753 4818 Ἰδοὺ

2198 4865 2234 4931 ὴ
2270 4862 2559 4931 παρθένος
2585 4862 2653 4915 ἐν
2685 4860 2891 4929 γαστρὶ
2916 4860 3056 4925 ἕξει,
3093 4862 3187 4913 καὶ
3225 4859 3449 4922 τέξεται
3482 4858 3633 4920 υἱὸν,
3661 4858 3754 4910 καὶ

2198 4949 2525 5004 καλέσουσι
2558 4948 2621 5002 τὸ
2658 4949 2840 5018 ὄνομα
2865 4949 3048 5002 αὑτοῦ
3086 4947 3473 5016 Ἐμμανουήλ.
3515 4948 3637 5009 Πῶς
3667 4942 3757 4998 οῦν

2198 5046 2295 5097 ούκ
2316 5044 2540 5114 ἐκλήθη,
2569 5042 2721 5112 φησὶ,
2747 5042 2807 5093 τὺ
2832 5042 2997 5112 ὄνομα
3025 5039 3187 5094 αὑτοῦ
3241 5038 3603 5107 Ἐμμανουήλ,
3626 5038 3757 5091 ἀλλὰ

2213 5134 2413 5206 Ἰησοῦς
2458 5135 2726 5204 Χριστός;
2760 5133 2878 5184 ’Ὁτι
2935 5132 3032 5184 οὐκ
3092 5126 3239 5195 εἷπε,
3290 5128 3570 5190 Καλέσεις,
3605 5127 3755 5187 ἀλλὰ,

2202 5223 2605 5284 Καλέσουσιν,
2628 5223 2676 5274 οί
2710 5221 2854 5290 ὄχλοι
2885 5218 3148 5281 τουτέστι,
3178 5219 3270 5271 καὶ
3301 5219 3334 5287 ή
3365 5216 3471 5268 τῶν
3505 5214 3757 5284 πραγμά-

2201 5335 2307 5370 των
2336 5314 2577 5377 έκϐασις.
2638 5311 2897 5366 Ἐνταῦθα
2941 5311 3044 5380 γάρ
3077 5309 3136 5362 τὸ
3167 5308 3456 5379 συμϐαῖνον
3506 5307 3552 5340 ⁷⁸
3592 5308 3758 5377 ὄνομα

2203 5405 2411 5475 τίθησι·
2467 5404 2561 5458 καὶ
2604 5403 2721 5465 ἔθος
2749 5401 2901 5454 τοῦτο
2932 5403 2996 5470 τῇ
3030 5401 3236 5470 Γραφῇ,
3281 5400 3349 5459 τά
3398 5397 3758 5468 συμϐαίνοντα

1506 5560 1562 5613 δέ
1586 5574 1697 5615 om.
1733 5560 1799 5614 Α.
1832 5560 1893 5615 Β.
1933 5558 1995 5614 C.
2156 5556 2216 5630 “_
2236 5556 2459 5630 διδόναι]
2494 5559 2567 5630 μὴ
2591 5556 2789 5630 διδόναι
2812 5554 2969 5630 B.__E.
3004 5556 3222 5630 ἑαυτοῖς
3238 5555 3438 5630 διδόναι⁹
3459 5555 3543 5630 D._
3555 5554 3761 5630 ἑαυτοῖς

1659 5630 1704 5660 ⁸⁸
1727 5631 1925 5713 ὃληνκ·
1956 5627 2355 5713 ξυλλειῆλπὴκ
2381 5622 3353 5713 τῆξ,“ἀ*ιοᾴσε,ωςεδξιῐιγ,,ἐιγαῑιέέιφξ
3370 5627 3441 5713 ξῆ
3476 5622 3761 5713 2233591!-

2112 5693 2422 5775 ⁸⁸’ξξίςξερι
2433 5693 2493 5775 :el
2512 5693 2707 5775 _co'dd.‘_
2727 5693 3106 5775 συνανετράφη
3124 5695 3246 5775 "Ap.
3280 5693 3437 5775 κοάξ
3470 5694 3536 5775 ,ξ’
3556 5694 3758 5763 ἀτάρα-

538 5760 661 5829 ἱιτος
686 5783 767 5837 pr.
802 5770 861 5824 C.
911 5760 981 5801 '7'"
1010 5771 1056 5821 ει
1086 5769 1161 5839 μὴ
1186 5784 1293 5824 om.
1325 5783 1536 5823 omnes.
1615 5768 1653 5799 τι
1690 5766 1892 5840 στόμα]
1918 5769 2043 5823 add.

2185 5770 2235 5823 [3.
2264 5768 2325 5821 D.
2363 5760 2376 5768 ’
2405 5768 2449 5799 ⁷³
2480 5768 2537 5819 τὺ
2566 5763 2883 5835 συμϐαῖνονί
2906 5760 2982 5827 τῶ
3008 5760 3355 5823 συμϐαίνοντι
3384 5762 3447 5818 D.
3470 5760 3531 5817 F.
