4058 6204
366 321 674 341 ——_

1525 180 1590 239 lN
1622 181 1874 237 MATTH.

1978 181 2034 238 Μ
2075 182 2313 240 ηοιιιι.
2355 187 2419 241 γ.
3515 199 3585 254 56

679 319 3564 352 __._______.__._.___._.___________.__.________

1734 463 2082 526 HOMlLlA
2125 466 2200 525 V.

335 628 465 686 Car.
499 629 542 693 l,
573 644 626 682 v.
656 628 744 682 2‘2.
781 625 892 680 Hoc
934 635 1111 680 autem
1156 635 1322 681 totum
1359 627 1556 698 factum
1597 634 1693 690 est,
1733 637 1789 680 ut
1822 629 1920 680 ad.
2015 644 2124 683 non
2149 642 2442 699 possumus
2467 631 2647 684 omnia
2680 648 2790 686 uno
2823 633 2911 687 die
2943 637 3256 704 complecti,
3283 639 3435 704 sica,
3462 655 3597 710 quae

411 719 724 790 impleretur
753 719 893 788 quod
937 717 1136 771 dictum
1180 727 1256 770 est
1293 737 1324 771 a
1375 718 1600 771 Domino
1653 734 1744 787 per
1791 735 1918 787 pro-

2016 721 2247 790 singulis
2298 721 2457 775 vobis
2509 722 2707 776 diebus
2756 727 3143 793 proponimus,
3199 727 3253 780 in
3307 733 3588 786 memoria:

411 812 620 881 phetam
641 810 902 862 dicentem
934 825 951 863 :
978 809 1068 863 25.
1095 808 1228 862 Ecce
1258 809 1409 878 Virgo
1439 811 1490 862 in
1515 817 1662 863 utero
1692 809 1918 875 habebit,
2013 813 2249 881 quadam
2282 813 2426 867 serie
2458 814 2610 881 quasi
2641 823 2891 867 catenam
2929 817 3180 882 teneatis,
3212 819 3290 872 sic
3321 820 3373 872 in
3401 831 3587 876 mente

411 911 460 955 et
504 903 680 972 pariet
723 900 924 969 ﬁlium,
963 907 1011 954 et
1047 901 1302 954 uocabunt
1337 917 1521 953 nomen
1556 903 1667 970 ejus
1704 901 1920 954 Emma-
2013 902 2262 969 reponite
2287 942 2301 964 ,
2345 911 2407 955 ut
2449 909 2620 956 totum
2661 903 2958 971 Scriptura!
2989 920 3188 974 corpus
3229 908 3388 961 simul
3423 925 3586 978 appa-

413 990 536 1044 ιιιιεί
582 989 724 1069 (Ira.
759 991 812 1043 7.
857 990 978 1059 H).

400 1177 452 1230 l.
496 1173 831 1228 Externarum
855 1189 1021 1228 rerum
1049 1175 1289 1227 tumultus
1307 1178 1521 1243 fructum
1540 1175 1791 1229 concionis
1810 1194 1902 1229 au-

319 1266 444 1334 fert.
474 1295 541 1305 —
569 1265 758 1320 Multos
773 1264 930 1318 audio
972 1264 1243 1331 dicentes,
1289 1266 1418 1318 Dum
1460 1276 1746 1333 praesentes
1774 1283 1900 1321 cou-

315 1355 457 1409 cioni
483 1369 688 1420 sumus,
720 1363 774 1409 et
794 1353 1035 1409 doctrina
1063 1354 1208 1408 verbi
1258 1352 1498 1419 fruimur,
1529 1355 1594 1408 ad
1626 1356 1898 1410 meliorem

315 1443 518 1514 frugem
542 1444 875 1508 reducimur;
903 1447 1104 1513 egressi
1130 1458 1274 1507 vero,
1295 1445 1379 1496 alii
1402 1444 1680 1508 eflicimur,
1704 1460 1766 1499 ac
1785 1445 1891 1498 fer-

313 1537 460 1590 voris
489 1536 662 1604 ignem
684 1519 1089 1604 exstinguimus.
1121 1534 1256 1600 Quid
1281 1549 1408 1603 ergo
1437 1534 1721 1603 agendum,
1752 1550 1818 1588 ue
1844 1535 1894 1587 id

310 1627 556 1680 eveniat?
603 1625 997 1695 Explorandum
1029 1625 1166 1680 unde
1202 1625 1423 1680 accidat.
1452 1625 1581 1692 Qua:
1607 1639 1766 1679 causa
1796 1625 1893 1694 igi-

314 1724 404 1768 tur
433 1715 581 1769 nobis
609 1724 690 1769 est
722 1716 840 1770 talis
878 1716 1214 1770 mutationis?
1257 1715 1407 1782 Quod
1435 1716 1544 1770 loca
1587 1715 1890 1784 frequente-

311 1821 431 1859 mus
458 1820 561 1858 non
585 1805 976 1868 convenientia,
995 1814 1049 1860 et
1073 1806 1211 1874 quod
1236 1821 1356 1859 cum
1389 1805 1644 1874 improbis
1668 1820 1890 1860 consor-

315 1895 444 1949 tium
463 1894 774 1949 habeamus.
792 1895 906 1949 Non
936 1897 1078 1951 enim
1100 1896 1378 1964 oportebat
1392 1911 1421 1948 a
1439 1897 1695 1953 concione
1711 1911 1893 1966 egres-

305 2000 421 2049 sos,
442 1986 494 2038 in
519 1987 728 2056 negotia
749 2002 846 2040 nos
863 1988 1104 2056 ingerere
1119 1987 1360 2042 concioui
1383 2001 1488 2041 non
1507 1987 1884 2056 congruentia:

301 2074 397 2128 sed
443 2077 622 2128 statim
647 2076 862 2129 domum
893 2087 1130 2145 petentes
1178 2076 1368 2131 librum
1411 2077 1674 2146 accipere,
1723 2087 1882 2147 atque

301 2179 524 2218 uxorem
571 2175 625 2218 et
651 2165 784 2220 filios
810 2166 874 2220 ad
899 2182 1084 2220 eorum
1122 2181 1241 2236 qua:
1282 2165 1420 2220 dicta
1473 2167 1678 2222 fuerant
1715 2168 1878 2224 colle-

297 2254 532 2308 ctionem
555 2272 800 2322 evocare,
828 2272 889 2310 ac
914 2267 1036 2311 tunc
1058 2256 1124 2310 ad
1156 2257 1275 2311 vita:
1299 2259 1595 2312 necessaria
1624 2273 1722 2312 nos
1751 2274 1880 2314 con-

285 2347 450 2401 ferre.
498 2348 553 2402 Si
595 2347 736 2401 enim
763 2361 827 2400 ex
856 2347 1046 2401 balneo
1085 2346 1222 2401 nolis
1249 2347 1300 2401 in
1326 2349 1498 2401 forum
1529 2360 1581 2404 te
1609 2351 1870 2406 conferre.

286 2454 357 2492 ne
381 2453 450 2493 ex
496 2437 594 2491 fori
638 2438 866 2507 negotiis
909 2437 1081 2492 balnei
1125 2438 1508 2493 recreationem
1550 2449 1604 2494 et
1648 2441 1872 2496 fructum

285 2529 574 2583 labefactes
598 2545 611 2582 :
637 2529 804 2582 multo
833 2530 999 2597 magis
1017 2543 1046 2581 a
1063 2530 1319 2583 concione
1338 2543 1608 2599 egressum
1626 2531 1676 2585 id
1701 2533 1874 2588 facere

285 2620 587 2689 oportebat.
606 2619 722 2673 Jam
748 2633 872 2672 vero
887 2620 1210 2674 cotitrarium
1233 2618 1452 2673 facimus
1472 2661 1486 2684 ,
1512 2620 1732 2692 ideoque
1756 2636 1870 2676 om-

281 2709 374 2762 nia
413 2709 703 2778 perdimus.
745 2707 872 2761 Nam
915 2692 1170 2762 lectionis.
1191 2706 1420 2762 fructum
1449 2709 1500 2762 in
1533 2719 1710 2765 mente
1731 2727 1866 2767 non-

281 2799 412 2852 dum
455 2799 615 2868 probe
645 2799 898 2862 defixum,
928 2807 1264 2851 externarum
1296 2815 1470 2852 rerum
1501 2803 1752 2857 tumultus
1782 2804 1866 2857 in-

280 2887 471 2943 cidens
518 2897 684 2942 totum
733 2889 902 2941 aufert
933 2897 986 2941 et
1013 2889 1224 2956 abripit.
1272 2887 1348 2942 Ne
1387 2889 1561 2958 itaque
1591 2891 1641 2944 id
1668 2892 1775 2956 fiat,
1801 2909 1864 2948 ex

273 2978 542 3033 mncioue
561 2993 830 3047 egressus,
871 2977 998 3030 nihil
1027 2977 1193 3046 magis
1217 2981 1575 3032 necessarium
1602 2989 1752 3048 putes
1779 2982 1867 3037 illa

278 3070 542 3123 doctrinm
587 3067 920 3123 collectione.
964 3067 1169 3122 Etenim
1209 3077 1460 3122 extrema:
1506 3069 1722 3124 desidiae
1749 3069 1864 3128 fue-

279 3160 374 3225 rit,
404 3161 636 3230 quinque
663 3174 823 3214 sexve
845 3159 962 3213 dies
1002 3158 1345 3212 swcnlaribus
1391 3161 1614 3229 negotiis
1658 3161 1866 3230 impen-

277 3251 432 3313 dere,
465 3249 824 3319 spiritualibus
858 3263 987 3303 vero
1018 3264 1082 3302 ne
1113 3262 1269 3301 unam
1309 3247 1523 3316 quidem
1567 3249 1727 3314 diem,
1760 3250 1866 3305 imo

279 3345 649 3408 neminimam
687 3343 902 3412 quidem
940 3340 1044 3394 diei
1087 3349 1289 3407 partem
1338 3340 1624 3394 insumere.
1673 3342 1863 3396 Annon

277 3435 478 3490 videtis
499 3433 733 3504 quotidie
767 3447 960 3502 pueros
990 3440 1199 3485 nostros
1224 3431 1530 3500 disciplinas
1557 3447 1689 3501 quas
1713 3448 1866 3490 acce-

278 3535 476 3598 perunt
501 3541 597 3595 per
641 3534 804 3579 totam
851 3524 992 3578 diem
1039 3523 1387 3578 meditantes?
1430 3522 1658 3592 ldipsum
1689 3532 1744 3578 et
1767 3540 1866 3580 nos

278 3618 575 3680 faciamus;
603 3615 837 3684 alioquin
878 3612 1009 3666 nihil
1039 3611 1192 3665 nobis
1217 3612 1486 3679 supererit
1511 3627 1574 3665 ex
1609 3612 1689 3666 his
1732 3627 1862 3666 con-

277 3707 553 3771 ventibus,
577 3706 620 3759 si
647 3704 792 3758 dolio
822 3711 1035 3772 pertuso
1059 3700 1292 3772 quotidie
1331 3701 1636 3756 bauriamus
1654 3754 1666 3766 ,
1695 3717 1866 3772 neque

279 3812 487 3856 tantam
523 3794 882 3851 custodienda:
905 3793 1159 3848 doctrina:
1176 3792 1582 3847 sollicitudinem
1610 3791 1832 3846 adhibea
1851 3819 1864 3833 -

288 3903 433 3954 mus,
461 3899 712 3958 quantam
753 3891 891 3944 circa
929 3904 1118 3942 aurum
1145 3900 1195 3943 et
1221 3900 1496 3960 argentum
1539 3891 1871 3946 exhibemus.

293 3980 353 4036 Si
394 3981 514 4052 quis
553 3981 696 4036 enim
738 3981 988 4036 denarios
1013 3997 1208 4050 paucos
1251 3985 1537 4052 acceperit,
1576 3984 1708 4037 etin
1751 3999 1875 4038 cru-

290 4089 450 4129 mena
496 4084 704 4142 reponit
727 4083 781 4128 et
821 4074 996 4137 suillo
1035 4077 1235 4139 munit;
1284 4090 1382 4129 nos
1421 4085 1598 4130 autem
1639 4077 1875 4146 acceptis

287 4165 520 4235 eloquiis
556 4175 612 4219 et
629 4179 763 4219 auro
782 4174 838 4219 et
873 4168 1095 4235 gemmis
1135 4167 1558 4236 pretiosioribns,
1585 4170 1875 4239 perceptis-

292 4270 403 4324 qoe
431 4251 660 4322 Spiritus
686 4254 855 4308 sancti
902 4255 1184 4322 thesauris,
1206 4273 1310 4310 non
1332 4271 1396 4311 ea
1425 4257 1689 4312 inanima:
1732 4274 1871 4328 penu

286 4346 650 4410 recondimus,
669 4345 762 4402 sed
784 4348 1112 4418 negligenter
1129 4353 1346 4403 omnino
1367 4350 1589 4404 sinimus
1609 4367 1673 4405 ex
1696 4360 1874 4406 mente

288 4449 472 4494 nostra
496 4440 734 4497 effluere.
759 4441 889 4508 Quis
933 4442 1090 4511 igitur
1131 4442 1264 4495 ultra
1295 4444 1462 4498 nostri
1511 4442 1868 4507 miserebitur,

286 4547 413 4586 eum
442 4532 593 4586 nobis
615 4533 741 4601 ipsis
771 4533 987 4587 insidias
1011 4547 1278 4602 paremus,
1302 4534 1426 4587 etin
1457 4542 1652 4587 tantam
1681 4543 1873 4602 sponte

288 4623 588 4679 incidamus
620 4627 1024 4694 paupertatem?
1049 4625 1124 4680 Ne
1150 4625 1306 4694 igitur
1327 4625 1375 4679 id
1405 4626 1634 4688 eveniat,
1668 4625 1871 4680 scriba-

290 4730 416 4769 mus
457 4716 611 4769 nobis
659 4717 930 4770 immotam
971 4716 1143 4783 legem
1171 4725 1225 4770 et
1255 4715 1509 4770 uxoribus
1538 4725 1588 4769 et
1619 4717 1743 4769 filiis
1771 4730 1870 4770 no-

285 4803 437 4867 stris,
464 4814 522 4857 ut
561 4805 698 4860 hanc
736 4822 894 4858 unam
933 4803 1280 4860 hebdomada:
1322 4805 1461 4859 diem
1497 4819 1873 4861 consecremus

281 4911 411 4948 eum
452 4895 727 4950 audiendm
753 4896 1031 4960 doctrinm,
1053 4904 1162 4950 tum
1201 4895 1510 4964 colligendis
1541 4895 1606 4948 iis
1629 4911 1746 4964 qua:
1772 4911 1868 4950 au-

278 4988 394 5041 dita
422 4999 562 5041 sunt.
589 4987 662 5042 ita
691 4989 832 5042 enim
855 4988 1022 5042 multo
1040 4987 1321 5042 dociliores
1340 4986 1406 5041 ad
1433 5001 1494 5041 ea
1511 5002 1630 5057 qua:
1645 4987 1868 5042 dicenda

279 5086 413 5132 sunt
427 5092 804 5140 occurremus;
846 5078 1103 5148 nobisque
1123 5077 1272 5132 labor
1293 5079 1466 5131 minor
1483 5119 1496 5138 ,
1511 5091 1574 5131 ac
1596 5077 1743 5131 vobis
1759 5094 1874 5132 ma-

273 5167 365 5236 jus
389 5167 595 5221 luctum
616 5171 851 5230 accedet,
886 5183 1006 5223 cum
1031 5183 1092 5222 ea
1117 5182 1235 5236 qua:
1261 5182 1428 5236 nuper
1447 5166 1584 5220 dicta
1609 5176 1733 5221 sunt
1758 5181 1871 5220 me-

282 5260 453 5310 moria
475 5259 788 5323 retinentes,
820 5259 896 5312 sic
922 5257 1197 5327 sequentia
1223 5256 1467 5310 audietis.
1501 5257 1615 5310 Non
1644 5257 1788 5311 enim
1815 5257 1867 5312 id

278 5361 468 5415 parum
503 5348 710 5402 confert
741 5348 806 5401 ad
833 5348 1093 5403 dictorum
1139 5347 1534 5416 intelligentiam
1555 5387 1570 5413 ,
1601 5348 1644 5400 si
1673 5347 1866 5403 seriem

275 5439 667 5493 sententiarum
691 5446 991 5494 nostrarum
1012 5445 1260 5494 accurate
1283 5436 1529 5494 teneatis.
1565 5436 1698 5505 Quia
1722 5438 1864 5494 enim

2010 999 2147 1043 reat.
2200 991 2489 1046 Revocatis
2537 993 2704 1062 igitur
2749 995 2803 1046 in
2852 1003 3089 1047 mentem
3131 996 3200 1049 iis
3241 1013 3361 1065 qute
3412 1012 3584 1067 nuper

2007 1079 2151 1134 dicta
2183 1091 2337 1145 sunt,
2373 1085 2452 1138 sic
2481 1083 2646 1138 hodie
2681 1084 2748 1138 ad
2793 1099 2856 1138 ea
2890 1099 3010 1153 quae
3058 1086 3414 1154 proponenda
3457 1093 3586 1142 sunt

2007 1172 2358 1226 accedamus.

2049 1347 2099 1397 ‘2.
2134 1348 2258 1409 Qua:
2295 1351 2358 1398 sit
2402 1349 2468 1399 ris
2509 1352 2685 1401 horum
2727 1357 2985 1403 verborum
3052 1351 3221 1424 Isaia,
3249 1357 3363 1411 lloc
3399 1365 3562 1412 totum

1981 1433 2170 1486 factum
2215 1447 2313 1488 est.
2348 1435 2450 1488 Cur
2468 1437 2658 1506 Joseplt
2680 1441 2747 1490 ad
2763 1439 2956 1493 Isaiam
2986 1445 3276 1498 remittitur.
3301 1446 3404 1500 Cur
3418 1448 3566 1501 Chri-

1978 1536 2082 1578 stus
2109 1543 2208 1579 non
2242 1526 2540 1581 Emmanuel
2565 1531 2711 1597 vulgo
2749 1533 3054 1600 appellatur.
3082 1564 3148 1575 —
3175 1536 3428 1601 Quaenam
3470 1541 3566 1609 igt-

1978 1626 2063 1670 tur
2091 1619 2243 1672 nobis
2287 1619 2442 1673 hodie
2484 1622 2822 1689 proponenda
2846 1625 3004 1677 sunt?
3042 1623 3152 1679 Hoc
3193 1637 3360 1681 autem
3400 1640 3563 1687 totum

1976 1712 2166 1777 factum
2191 1721 2261 1763 est
2293 1721 2345 1763 ut
2369 1712 2656 1780 impleretur
2681 1715 2815 1781 quod
2835 1715 3024 1767 dictum
3050 1727 3121 1770 est
3146 1734 3176 1770 a
3207 1717 3428 1772 Domino
3473 1737 3562 1787 per

1975 1803 2268 1871 prophetam
2299 1803 2560 1856 dicentem.
2597 1804 2758 1873 Digna
2787 1805 3042 1860 miraculo
3069 1824 3198 1862 voce
3237 1825 3334 1878 pro
3357 1813 3562 1867 viribus

1975 1893 2218 1946 clamavit
2260 1894 2446 1946 dicens
2480 1913 2492 1947 :
2531 1893 2642 1947 Hoc
2685 1906 2850 1948 autem
2877 1906 3035 1950 totum
3080 1902 3270 1968 factum
3305 1911 3395 1954 est.
3429 1902 3560 1968 Quia

1974 1982 2113 2034 enim
2156 1982 2284 2036 vidit
2308 1983 2520 2052 pelagus
2549 1994 2599 2036 et
2629 1983 2878 2054 abyssum
2912 1986 3253 2056 benignitatis
3290 1989 3405 2056 Dei,
3434 2001 3486 2044 et
3509 1991 3562 2044 id

1974 2072 2112 2139 quod
2132 2087 2418 2140 numquam
2443 2082 2708 2141 speratum
2734 2075 2902 2128 fuerat
2921 2076 3184 2141 evenisse,
3202 2089 3403 2132 natura:
3419 2080 3565 2132 solu-

1977 2173 2054 2216 tas
2076 2165 2240 2234 leges,
2281 2165 2765 2220 reconciliationem
2794 2166 3006 2229 factam,
3035 2177 3087 2222 et
3114 2170 3351 2223 omnium
3379 2187 3564 2240 supre-

1976 2269 2117 2306 mum
2133 2255 2197 2307 ad
2215 2255 2451 2307 omnium
2471 2255 2706 2308 infimum
2721 2255 3084 2321 descendisse,
3105 2259 3336 2312 medium
3354 2276 3561 2313 murum

1974 2344 2257 2409 sublatum,
2291 2356 2344 2400 et
2370 2345 2746 2414 impedimenta
2768 2346 2971 2411 abacta,
3006 2351 3280 2418 multoque
3309 2350 3456 2417 plura
3481 2350 3564 2404 his

1973 2446 2118 2505 gesta
2133 2437 2256 2501 alia,
2279 2452 2382 2490 uno
2397 2438 2560 2491 verbo
2573 2438 2883 2492 miraculum
2900 2438 3190 2492 declaravit
3213 2441 3396 2494 dicens
3417 2459 3430 2495 :
3459 2440 3565 2494 lloc

1972 2539 2137 2581 autent
2167 2536 2319 2580 totum
2341 2532 2526 2598 factum
2557 2538 2647 2590 est,
2665 2540 2716 2580 ut
2737 2527 3030 2596 impleretur
3066 2530 3199 2598 quod
3221 2531 3406 2584 dictum
3439 2541 3509 2584 est
3533 2548 3564 2583 a

1975 2617 2212 2671 Domino.
2231 2616 2306 2670 Nc
2323 2617 2614 2681 existimes,
2631 2617 2816 2685 inquit,
2849 2617 2897 2668 id
2924 2617 3081 2670 modo
3096 2617 3371 2671 decretum
3403 2635 3525 2672 esse
3546 2639 3561 2680 ;

1969 2709 2079 2778 jam
2106 2709 2231 2762 olim
2262 2707 2652 2776 prteiiguratum
2695 2706 2885 2761 fuerat.
2909 2706 2962 2760 Id
2989 2708 3127 2776 quod
3169 2708 3328 2760 etiam
3372 2708 3564 2763 l‘attlns

1975 2801 2171 2869 ubique
2215 2799 2582 2853 demonstrare
2612 2797 2834 2852 studuit.
2875 2798 2990 2852 Jam
3019 2813 3147 2851 vero
3175 2797 3465 2865 Josephum
3498 2800 3563 2852 ad

1978 2889 2167 2944 Isaiam
2215 2889 2458 2956 remittit,
2489 2900 2545 2942 ut
2579 2890 2623 2943 si
2664 2899 3006 2958 experrectus
3049 2889 3329 2944 verborum
3376 2891 3564 2959 ipsius,

1991 3001 2173 3060 utpote
2219 3005 2406 3045 recens
2454 2989 2739 3051 dictorum.
2785 2990 2982 3044 oblitus
3025 3000 3194 3051 esset,
3237 2992 3571 3060 prophetico-

1991 3099 2130 3146 rum,
2159 3098 2212 3136 ιιι
2238 3097 2462 3151 quorum
2507 3081 2851 3135 meditatione
2880 3082 3110 3134 nutritus
3139 3081 3326 3145 fuerat,
3359 3098 3571 3152 semper

1989 3175 2297 3227 recordatus
2320 3213 2335 3236 ,
2362 3188 2480 3243 quae
2507 3172 2646 3227 dicta
2671 3173 2769 3226 sibi
2801 3182 2953 3226 erant
2985 3174 3256 3227 retineret.
3290 3172 3452 3228 Uxori
3476 3191 3571 3228 au-

1989 3270 2094 3316 tem
2126 3263 2255 3317 nihil
2287 3263 2392 3318 tale
2439 3263 2590 3328 dixit,
2625 3272 2806 3332 utpote
2835 3279 2953 3333 qua:
2994 3265 3162 3332 puella
3183 3264 3354 3316 adhuc
3381 3265 3565 3318 horum

1989 3353 2226 3408 notitiam
2272 3370 2374 3409 non
2413 3354 2637 3410 haberet
2666 3373 2678 3407 :
2711 3356 2822 3408 viro
2847 3365 3025 3409 autem
3074 3364 3256 3423 utpote
3287 3357 3452 3424 justo,
3481 3357 3568 3426 qui

1985 3444 2271 3514 prophetas
2307 3445 2670 3506 meditaretur,
2692 3445 2814 3498 hinc
2836 3445 3102 3499 edisserit.
3125 3446 3188 3499 Et
3210 3447 3434 3500 antehac
3454 3448 3572 3516 qui-

1983 3533 2103 3589 dent
2128 3534 2332 3588 dixerat
2366 3553 2378 3586 :
2412 3534 2629 3587 Mariam
2651 3537 2914 3606 conjugem
2945 3545 3124 3590 tuam:
3152 3536 3234 3590 hic
3266 3552 3392 3589 vero
3420 3546 3566 3603 post-

1981 3639 2140 3693 quam
2186 3625 2498 3694 prophetam
2544 3625 2761 3679 atlduxit
2789 3625 2837 3678 in
2870 3625 3125 3689 medium,
3173 3643 3311 3680 nunc
3351 3628 3564 3681 demunt

1984 3729 2176 3769 nomen
2225 3715 2556 3785 virginitatis
2587 3717 2660 3770 illi
2711 3716 2936 3771 credidit
2971 3726 3025 3771 et
3066 3718 3344 3788 patefecit;
3398 3734 3566 3787 neque

1981 3805 2123 3858 enim
2153 3812 2258 3857 tam
2312 3806 2694 3873 impcrturbalo
2721 3808 2898 3858 animo
2931 3806 3134 3869 fuisset,
3165 3807 3346 3860 audito
3389 3807 3564 3874 Virgi-

1981 3894 2063 3949 nis
2107 3897 2341 3960 nomine,
2379 3895 2480 3949 nisi
2529 3897 2674 3966 prius
2711 3896 2758 3948 id
2789 3898 2857 3950 ab
2896 3897 3026 3951 Isaia
3072 3897 3380 3951 audivisset.
3424 3898 3562 3951 Nihil

1977 3984 2118 4038 enim
2164 3986 2506 4053 stupendum,
2538 3986 2632 4040 sed
2674 4002 2783 4038 rem
2817 3986 2914 4039 sibi
2967 3985 3081 4039 hzcc
3110 3988 3278 4039 multo
3323 3997 3563 4055 tempore

1977 4074 2254 4129 meditanti
2284 4074 2597 4128 familiarem
2625 4075 2900 4128 auditurus
2923 4083 3040 4128 erat
3067 4092 3095 4128 a
3124 4073 3402 4144 prOpheta.
3438 4077 3562 4132 Ideo

1974 4163 2194 4234 angelus
2237 4173 2294 4218 ut
2337 4179 2448 4218 rem
2495 4165 2804 4220 credibilem
2849 4161 3128 4229 redderet,
3159 4166 3341 4220 Isaiam
3375 4167 3424 4220 iu
3453 4184 3535 4222 me

1973 4253 2118 4308 dium
2176 4252 2410 4308 adducit.
2460 4253 2640 4324 Neque
2696 4255 2779 4309 hic
2837 4255 3058 4326 gradum
3110 4258 3287 4321 sistit,
3340 4259 3432 4313 sed
3493 4273 3552 4312 au

1977 4343 2142 4397 Deum
2169 4343 2281 4398 hmc
2304 4344 2606 4413 loquentem
2625 4345 2779 4416 erigit
2803 4361 2959 4410 eum;
2993 4361 3098 4400 non
3129 4348 3269 4402 enim
3290 4349 3553 4418 prophetae

1979 4436 2138 4488 verba
2183 4449 2302 4490 esse
2349 4435 2479 4490 dixit
2508 4479 2522 4502 ,
2568 4437 2660 4490 sed
2700 4454 2727 4490 a
2760 4438 2867 4491 Deo
2911 4439 3276 4493 universorum
3333 4443 3557 4510 prolata.

1975 4524 2098 4580 Ideo
2143 4541 2248 4580 non
2287 4525 2442 4592 dixit,
2491 4537 2545 4581 ut
2577 4528 2889 4598 impleretur
2937 4529 3079 4597 quod
3119 4530 3318 4584 dictum
3361 4541 3441 4585 est
3491 4549 3518 4583 a

1974 4613 2140 4679 Isaia;
2183 4614 2312 4680 sed,
2370 4615 2517 4682 Quod
2558 4617 2744 4668 dictum
2783 4627 2854 4669 est
2896 4634 2928 4668 ιι
2963 4616 3179 4670 Domino
3195 4636 3218 4672 ,ο
3249 4633 3310 4671 os
3362 4621 3534 4688 quipp

1970 4714 2084 4760 erat
2111 4705 2259 4760 Isaia:
2282 4748 2297 4772 ,
2325 4708 2599 4761 oraculum
2637 4723 2762 4761 vero
2789 4723 2820 4761 e
2849 4709 3092 4776 supernis
3135 4710 3389 4766 delatura.
3419 4714 3538 4778 Qllit

1969 4805 2146 4852 autem
2177 4798 2249 4853 ait
2273 4797 2374 4852 hoc
2397 4799 2667 4852 oraculum
2694 4815 2707 4852 :
2733 4796 2865 4851 Ecce
2897 4797 3050 4870 Virgo
3078 4801 3130 4854 in
3157 4812 3296 4855 utero
3322 4804 3516 4858 habebit
3537 4849 3552 4870 ,

1968 4897 2013 4940 et
2035 4889 2197 4958 pariet
2240 4889 2438 4957 ﬁlium,
2483 4899 2527 4942 et
2567 4889 2807 4942 vocabunt
2847 4906 3027 4944 noutcn
3071 4893 3181 4962 ejus
3227 4892 3550 4950 Emmanuel.

1969 4977 2119 5046 (luti.
2149 4980 2199 5031 7.
2230 4977 2342 5048 lt).
2364 4978 2469 5033 Cur
2486 4995 2634 5049 ergo,
2663 4979 2829 5044 dices,
2844 4995 2947 5035 non
2978 4992 3196 5036 vocatus
3219 4993 3299 5037 est
3339 4984 3544 5040 Emma-

1969 5074 2111 5133 nuel,
2137 5069 2230 5124 sed
2272 5067 2427 5123 Iesus
2466 5070 2752 5124 Christus?
2794 5071 2926 5137 Quia
2960 5088 3067 5127 non
3114 5072 3273 5137 dixit,
3298 5074 3547 5140 Vocal-is,

1969 5162 2084 5226 sed,
2118 5161 2399 5229 Vocabunt,
2432 5179 2622 5233 nempe
2672 5165 2870 5234 populi,
2894 5173 2950 5220 et
2987 5165 3100 5235 ipse
3143 5182 3319 5221 rerum
3353 5168 3543 5222 exitus.

1971 5253 2062 5306 llic
2085 5253 2159 5306 rei
2185 5268 2304 5322 quae
2338 5255 2559 5324 conligit
2600 5269 2792 5310 nomen
2822 5256 3080 5325 imponit:
3115 5267 3168 5311 et
3197 5257 3283 5311 hic
3312 5267 3391 5310 cst
3430 5273 3547 5310 mos

1967 5343 2277 5412 Scriptum,
2311 5358 2400 5398 res
2422 5360 2542 5413 qua:
2590 5346 2903 5414 contingunt
2932 5362 3027 5416 pro
3066 5348 3278 5402 nomine
3323 5361 3541 5413 ponere.

1967 5431 2103 5488 Nihil
2131 5433 2273 5489 enim
2300 5433 2443 5490 aliud
2465 5443 2548 5492 est
2577 5434 2997 5504 illud,Vocalnmt
3027 5435 3342 5503 Emmanuel,
3363 5448 3542 5506 quam.
