4058 6204
673 286 743 339 5⁷
1364 302 1422 357 8.
1462 300 1738 357 JOANNIS
1773 298 2238 355 cnnvsosront
2279 298 2589 354 ancnmp.
2629 300 3155 357 coxsnmmor.
3830 308 3870 359 είς

673 396 941 451 Videbunt
982 398 1147 450 Deum
1178 410 1297 450 cum
1344 397 1673 460 ltutttittibus;
1715 413 1834 449 nam
1874 411 2085 465 semper
2124 412 2244 450 cum
2339 397 2767 463 rumacceptioni
2812 401 3138 457 obnoxiam?
3175 405 3354 476 Neque
3396 423 3536 462 enim
3586 431 3731 469 cunt-
3757 426 3860 471 lllSl

674 487 977 542 hominibus
1000 485 1128 550 fuit,
1156 486 1249 540 sed
1278 501 1562 553 numquam
1593 487 1664 539 ita
1692 486 1991 541 manifeste.
2020 488 2169 554 Quod
2199 487 2243 541 si
2334 480 2600 549 quidpiam
2627 494 2681 538 et
2702 494 2851 554 turpe
2873 494 3259 562 suspicabatur.
3287 499 3431 552 illam
3461 503 3599 571 apud
3626 520 3685 559 se
3711 511 3870 563 retine

672 578 1004 646 impudenter
1050 577 1309 630 obsistunt
1349 575 1516 630 Juda-i
1542 617 1558 642 ,
1608 578 2048 647 interrogabimus
2091 594 2185 633 eos
2226 594 2241 631 :

662 675 1007 742 Quandonam
1048 686 1262 730 vocatus
1298 685 1378 731 est
1400 692 1549 745 puer,
1584 677 1693 731 Cito
1722 678 1970 747 pradare,
2002 678 2236 733 velociter

658 767 823 832 spolia
837 767 1019 829 aufer?
1051 764 1153 819 Sed
1184 764 1312 818 nihil
1336 766 1659 834 reSpondere
1682 775 1945 835 poterunt.
1970 768 2078 821 Cur
2106 782 2235 837 ergo

659 856 915 922 propheta
944 855 1074 908 dixit
1098 873 1110 906 :
1158 855 1288 908 Voca
1316 872 1493 908 nomen
1523 858 1661 924 ejus,
1690 856 1799 910 Cito
1824 858 2053 927 prcedere
2077 856 2230 928 (Isai.

657 943 709 996 8.
740 945 823 1009 5)?
865 944 1122 1010 Quoniam
1166 945 1280 1013 ipso
1329 956 1453 998 nato
1491 946 1827 1013 depopulatio
1864 956 1916 1001 et
1941 947 2229 1017 spoliorum

654 1034 879 1103 direptio
907 1035 1041 1088 facta
1066 1044 1149 1087 est
1180 1054 1191 1087 :
1223 1036 1443 1104 ideoque
1471 1052 1584 1091 rem
1610 1053 1726 1102 qua!
1755 1040 1893 1091 circa
1918 1038 2087 1107 ipsum
2106 1053 2232 1093 con-

654 1124 789 1193 tigit,
812 1124 961 1192 quasi
994 1139 1186 1178 nomen
1216 1126 1311 1193 ipsi
1343 1126 1583 1194 imponit.
1604 1126 1671 1179 Et
1696 1128 1889 1191 civitas,
1928 1128 2113 1197 inquit,
2145 1145 2229 1181 vo-

652 1215 848 1267 cabitur
892 1216 1066 1268 civitas
1101 1216 1336 1285 justitite,
1380 1219 1669 1284 metropolis
1713 1220 1877 1285 fidelis
1919 1219 2045 1273 Sion
2072 1217 2225 1285 (Isai.

655 1304 705 1356 l.
730 1304 825 1372 26)
854 1322 867 1357 :
896 1314 951 1358 et
971 1319 1228 1373 nusquam
1279 1305 1573 1360 invenimus
1614 1307 1756 1361 illam
1801 1307 1960 1361 fuisse
1992 1319 2227 1362 vocatam

646 1392 904 1461 justitiam
936 1396 974 1457 ¹,
1005 1396 1098 1448 sed
1143 1411 1334 1449 nomen
1366 1395 1465 1464 ipsi
1502 1398 1694 1449 mansit
1727 1397 2092 1471 Jerosolyma;
2132 1415 2222 1453 ve-

648 1498 767 1536 rum
806 1484 926 1552 quia
961 1485 1071 1553 ipsa
1103 1487 1153 1536 in
1176 1486 1367 1539 melius
1391 1496 1712 1539 commutata
1742 1487 1840 1539 hoc
1885 1488 1982 1554 ipsi
2013 1489 2223 1552 accidit,

650 1575 770 1628 ideo
794 1576 959 1643 ipsam
984 1578 1053 1627 ita
1086 1576 1261 1628 vocari
1290 1576 1440 1629 dixit.
1476 1576 1574 1631 Ubi
1601 1576 1741 1630 enim
1773 1578 2031 1645 contingit
2057 1578 2225 1646 quod-

646 1667 766 1719 dam
803 1666 1114 1734 prteelarum
1159 1665 1385 1732 facinus,
1436 1666 1575 1735 quod
1618 1667 1812 1721 clarius
1854 1684 2009 1735 quam
2051 1668 2223 1736 ipsum

583 1796 588 1802 .
645 1755 914 1823 pr0prium
945 1771 1137 1808 nomen
1169 1755 1365 1809 indicat
1402 1766 1672 1809 auctorem
1702 1756 1838 1821 ejus,
1866 1767 1959 1809 aut
1985 1772 2103 1809 eum
2132 1756 2222 1825 qui

642 1848 758 1917 ejus
785 1846 1006 1901 fructum
1033 1849 1285 1915 percepit,
1311 1862 1504 1901 nomen
1523 1848 1638 1917 ejus
1658 1848 1927 1915 Scriptura
1954 1850 2077 1902 dicit
2102 1863 2223 1903 esse

642 1939 717 1991 rei
740 1937 1036 1990 veritatem.
1070 1937 1220 2002 Quod
1246 1939 1289 1990 si
1322 1937 1446 1991 hinc
1483 1938 1735 1991 eonfutati
1774 1938 1913 1991 aliud
1957 1949 2218 2007 qumrant,

641 2040 831 2093 nempe
859 2026 927 2078 de
952 2026 1252 2096 virginitate
1280 2026 1501 2090 dictum,
1532 2036 1585 2080 et
1614 2028 1866 2095 objiciunt
1889 2029 2042 2082 nobis
2084 2029 2220 2083 alios

640 2116 976 2183 interpretes,
1006 2116 1246 2170 dicentes
1270 2134 1282 2168 :
1310 2116 1371 2169 lli
1404 2133 1509 2170 non
1538 2117 1785 2171 dixerunt
1812 2118 2098 2187 Virginem,
2122 2120 2217 2175 sed

640 2208 865 2275 puellam
896 2208 991 2276 (a):
1022 2208 1187 2275 primo
1229 2208 1445 2277 quidem
1482 2209 1610 2263 illud
1642 2210 1881 2263 dicemus
1903 2251 1917 2269 ,
1945 2211 2065 2279 jure
2086 2211 2211 2280 Sep-

639 2301 872 2368 tuaginta
904 2301 1219 2369 interpretes
1239 2300 1356 2354 aliis
1376 2300 1479 2355 lide
1505 2301 1769 2369 digniores
1790 2301 1992 2355 haberi.
2012 2301 2142 2356 Nam
2163 2303 2215 2357 hi

638 2392 891 2459 postremi
916 2400 1037 2459 post
1062 2391 1259 2445 Christi
1286 2392 1572 2447 adventum
1595 2394 1920 2461 interpretati
1958 2403 2099 2457 sunt,
2121 2394 2216 2448 Ju-

635 2482 838 2551 dzeique
882 2492 1228 2547 manserunt,
1261 2482 1399 2537 unde
1430 2482 1478 2535 in
1508 2483 1861 2551 suspicionem
1893 2483 2102 2546 cadant,
2128 2494 2211 2538 ut-

636 2580 759 2640 pote
795 2571 884 2639 qui
912 2586 976 2624 ex
1005 2572 1277 2624 inimicitia
1302 2572 1379 2625 sic
1408 2572 1582 2641 potius
1604 2572 1856 2636 dixerint,
1888 2587 1950 2626 ac
1978 2572 2210 2642 prophe-

635 2663 733 2714 tias
774 2661 841 2714 de
871 2661 1126 2715 industria
1157 2663 1383 2716 obscure
1426 2663 1787 2717 converterint
1819 2679 1832 2715 :
1865 2663 2209 2732 Septuaginta

631 2767 760 2806 vero
788 2753 878 2821 qui
916 2761 1129 2806 centum
1155 2762 1244 2805 aut
1275 2753 1515 2821 pluribus
1543 2754 1698 2807 annis
1726 2763 1849 2807 ante
1872 2752 2073 2808 Christi
2109 2754 2207 2808 ad-

630 2854 846 2899 ventum
874 2846 996 2899 huic
1044 2846 1121 2899 rei
1172 2854 1250 2898 tot
1293 2860 1517 2899 numero
1561 2860 1776 2897 manum
1824 2844 2206 2911 admoverunt,

630 2936 696 2989 ab
722 2937 865 2988 omni
890 2936 1190 3002 Imjusmodi
1222 2936 1524 3001 suspicione
1548 2934 1698 2987 liberi
1726 2942 1883 2999 sunt,
1914 2947 1976 2986 ac
2005 2942 2112 2986 tum
2138 2934 2207 2987 ob

628 3037 832 3089 tempus
886 3036 994 3077 tum
1023 3026 1091 3077 ob
1121 3026 1539 3088 multitudinem,
1588 3035 1699 3080 tttm
1722 3026 1791 3079 ob
1811 3035 2046 3079 mutuum
2066 3040 2198 3079 con-

626 3127 840 3164 sensum
872 3115 972 3169 fide
998 3115 1142 3178 digni
1166 3115 1388 3168 habendi
1418 3125 1559 3169 sunt.

698 3288 751 3342 5.
792 3287 884 3342 Sin
914 3297 1091 3342 autem
1123 3290 1473 3344 recentiorum
1507 3292 1864 3345 testimonium
1906 3290 2196 3358 proferant,

624 3378 782 3432 etiam
811 3379 909 3432 hoc
939 3379 1097 3433 modo
1120 3380 1335 3433 victoria
1368 3395 1528 3449 penes
1559 3396 1653 3433 nos
1679 3381 1781 3435 erit
1812 3398 1825 3433 :
1859 3396 1978 3433 nam
2009 3379 2198 3449 puella:

623 3471 836 3524 nomine
873 3472 1009 3525 solet
1047 3469 1316 3539 Scriptura
1358 3472 1611 3539 virginem
1657 3488 1874 3535 vocare;
1908 3472 2064 3540 idque
2092 3486 2197 3524 non

619 3561 689 3615 de
722 3562 1033 3617 mulieribus
1071 3574 1304 3629 unitum,
1341 3564 1432 3617 sed
1463 3564 1623 3617 etiam
1672 3562 1739 3617 de
1787 3564 1913 3615 viris
1957 3563 2150 3617 dicitur
2181 3580 2196 3616 :

622 3665 744 3704 nam
788 3653 890 3716 ait,
942 3650 1157 3705 Juvenes
1201 3662 1245 3705 et
1270 3653 1515 3722 virgines,
1561 3668 1701 3705 senes
1746 3669 1861 3704 cum
1910 3652 2199 3721 junioribus

622 3738 804 3807 (Psul.
842 3740 961 3794 148.
1011 3740 1134 3808 19.).
1167 3742 1239 3793 Ac
1268 3756 1475 3793 rursum
1505 3740 1572 3794 de
1601 3740 1767 3808 puella
1800 3740 2022 3808 loquens
2047 3740 2200 3806 cujus

622 3829 893 3898 virginitas
915 3830 1186 3897 impetitur
1209 3831 1334 3884 dicit
1367 3848 1380 3883 :
1412 3830 1473 3885 Si
1502 3832 1789 3883 clamaverit
1818 3830 1989 3896 puella
2023 3831 2196 3897 (Deut.

617 3918 707 3972 9.2.
765 3920 904 3988 27),
956 3920 1005 3973 id
1041 3932 1158 3984 est,
1202 3922 1382 3991 virgo,
1420 3922 1467 3975 id
1500 3938 1624 3973 vero
1654 3922 2001 3975 confirmatur
2038 3937 2105 3975 ex
2135 3921 2199 3975 iis

615 4024 735 4075 qua:
772 4024 929 4077 supra
962 4010 1098 4062 dicta
1138 4021 1282 4063 sunt.
1316 4010 1494 4079 Neque
1520 4012 1661 4065 enim
1695 4010 2005 4079 simpliciter
2024 4009 2157 4063 dixit
2180 4050 2196 4075 ,

616 4096 750 4154 Ecce
787 4104 924 4171 virgo
970 4102 1021 4154 in
1066 4112 1202 4156 utero
1247 4103 1480 4168 habebit;
1509 4103 1604 4156 sed
1633 4117 1751 4156 cum
1776 4113 1898 4157 ante
1937 4102 2193 4169 dixisset,

616 4189 748 4244 Ecce
775 4192 912 4244 dabit
941 4191 1184 4245 Dominus
1219 4194 1325 4260 ipse
1351 4193 1486 4245 vobis
1511 4194 1708 4261 signum
1727 4234 1742 4257 ,
1777 4201 1901 4245 tunc
1930 4192 2191 4262 subjecit,

616 4276 748 4331 Ecce
767 4280 905 4347 virgo
940 4280 989 4330 in
1018 4289 1154 4332 utero
1186 4281 1379 4333 habebit
1421 4282 1445 4349 (
1462 4280 1588 4334 Isai.
1632 4282 1686 4336 8.
1726 4283 1849 4346 14).
1899 4284 2055 4352 Atqui
2095 4283 2193 4337 nisi

618 4368 764 4435 virgo
787 4366 969 4419 fuisset
996 4367 1078 4419 illi
1110 4384 1227 4435 qua:
1259 4370 1487 4435 paritura
1523 4382 1638 4422 erat
1658 4411 1672 4433 ,
1705 4381 1758 4423 et
1784 4372 1826 4424 si
1849 4388 1913 4425 ex
1941 4372 2191 4426 connubii

620 4456 735 4523 lege
776 4456 824 4508 id
863 4455 1094 4508 futurum
1136 4468 1286 4522 erat,
1331 4458 1470 4527 quod
1507 4459 1716 4511 tandem
1749 4460 1797 4512 id
1830 4461 2035 4529 signum
2069 4462 2196 4515 fuis-

616 4546 733 4599 set?
763 4546 981 4615 Signum
1018 4548 1157 4601 enim
1191 4563 1366 4601 rerum
1396 4563 1731 4601 connnunem
1764 4550 2003 4603 ordinem
2036 4550 2195 4605 debet

615 4636 875 4690 excedere
896 4676 908 4699 ,
938 4645 1096 4705 atque
1133 4638 1351 4691 omnino
1393 4638 1806 4707 inexspectatum
1847 4649 1899 4693 et
1926 4640 2193 4694 insolitum

614 4739 766 4790 esse;
790 4726 1017 4794 alioquin
1048 4728 1317 4796 quomodo
1355 4730 1559 4798 signum
1582 4729 1873 4807 essettﬂ.
1911 4729 2197 4799 Exsurgens

617 4824 785 4866 autem
809 4812 999 4883 Joscph
1026 4834 1056 4868 a
1078 4836 1279 4884 sonmo,
1320 4822 1436 4891 fecit
1462 4822 1587 4873 sicut
1622 4823 1856 4889 prteccpit
1893 4821 1942 4873 ei
1988 4821 2197 4890 angelus

625 4902 849 4956 Domini.
868 4905 1107 4963 Vidistin‘
1132 4910 1528 4979 obsequentium
1556 4922 1608 4964 et
1644 4911 1876 4963 animum
1920 4911 2195 4980 obtempe-

620 4995 867 5049 tantem?
900 4995 1123 5050 vidistin‘
1157 4999 1385 5054 animam
1423 5001 1655 5071 vigilem,
1689 5011 1741 5057 ct
1765 5002 1895 5056 nulli
1938 5017 2196 5071 persona-

677 5244 691 5275 ι
730 5241 821 5290 Alii
848 5254 940 5289 uon
962 5241 1342 5301 male,jnstitiw.

674 5305 746 5366 (Ἰ)
781 5305 872 5373 Qui
901 5316 1031 5373 vero
1044 5313 1298 5373 verterunt
1336 5304 1563 5373 puellam,
1609 5317 1719 5373 sunt
1752 5310 1943 5373 Aquila,
1978 5317 2185 5373 Symma-

610 5364 803 5429 chttsret
825 5364 1106 5429 't'lteodotio,
1124 5372 1179 5411 ut
1206 5364 1371 5413 videas
1395 5368 1440 5415 in
1466 5364 1692 5429 tlexaplis
1715 5364 1888 5419 nostris
1914 5364 2022 5418 Isai:
2040 5370 2086 5426 7,
2112 5370 2185 5418 ll.

612 5434 703 5475 ttae
723 5428 787 5473 de
811 5440 869 5475 re
902 5426 1385 5493 vide‘lticronymum
1405 5441 1453 5476 tn
1482 5426 1669 5487 lsaiam,
1705 5432 1785 5491 qui
1824 5435 1996 5493 probat
2018 5444 2185 5479 vocem

612 5512 905 5569 ttebraicam,
930 5486 1092 5568 τηυξ-ιτ
1112 5551 1125 5568 .
1167 5486 1259 5557 non
1283 5510 1441 5572 modo,
1468 5486 1908 5573 virginem-sedet,
1927 5511 2181 5563 abscondi—

609 5589 706 5631 tmn
731 5578 977 5644 virginem,
1003 5580 1294 5642 signiﬁcare.

2330 586 2390 625 re
2421 573 2604 639 voluit,
2637 590 2810 645 neque
2836 591 3007 634 amota
3034 586 3332 651 suspicione
3352 627 3367 648 ,
3392 589 3533 642 illam
3564 594 3697 645 ultra
3722 595 3869 651 dimit

2333 671 2443 719 tere
2471 667 2714 720 sustinuit
2738 685 2750 730 ;
2780 669 2885 723 imo
2914 687 3041 725 vero
3073 675 3211 728 illam
3240 680 3487 745 retinuit;
3514 698 3578 736 ac
3606 685 3765 739 totius
3794 687 3870 743 dis

2332 755 2653 846 pensationis
2692 758 2931 813 minister
2969 761 3185 817 ell‘ectus
3213 777 3312 821 est.
3349 768 3412 820 Et
3438 773 3662 839 accepit,
3692 776 3856 846 inquit

2338 840 2553 895 Mariam
2579 847 2842 915 conjugent
2874 865 3037 903 suam.
3084 852 3269 908 Vidcn'
3294 873 3449 925 quam
3480 840 3785 933 frequenter
3809 868 3870 919 bo

2333 946 2533 986 nomen
2586 934 2828 1002 proferat
2883 941 3238 1010 evangelista,
3291 945 3439 1013 quod
3494 950 3631 1003 nolit
3684 952 3869 1009 interit

2332 1024 2649 1093 mysterium
2706 1026 2839 1081 illud
2903 1030 3193 1099 revelare,
3242 1032 3372 1088 dum
3433 1038 3632 1093 malam
3688 1057 3870 1099 amove

2331 1116 2699 1185 suspicionem
2719 1119 2744 1172 ‘i

2396 1276 2562 1331 Maria
2596 1290 2707 1348 post
2744 1295 2946 1352 partum
2975 1290 3112 1358 virgo
3141 1295 3343 1347 mansit.
3377 1297 3552 1351 —25.
3588 1299 3710 1354 Cum
3735 1316 3869 1358 auter

2320 1369 2587 1435 accepisset
2637 1388 2781 1433 eam,
2828 1391 2928 1428 non
2974 1382 3206 1447 cognovit
3262 1382 3442 1451 illaut,
3499 1388 3659 1442 donec
3710 1410 3870 1463 peperi

2319 1454 2482 1522 ﬁlium
2519 1473 2663 1510 suum
2711 1462 3132 1532 primogenitum;
3176 1469 3300 1524 illud
3342 1472 3509 1527 Donec
3554 1477 3637 1531 hic
3677 1454 3853 1547 posuit

2321 1562 2425 1600 non
2453 1553 2831 1618 utsuspiceris,
2863 1555 3003 1611 illam
3032 1570 3212 1628 postea
3243 1568 3557 1632 cognovisse
3577 1569 3865 1641 Joeephum

2317 1636 2409 1690 sed
2459 1648 2515 1691 ut
2564 1640 2699 1695 scias
2748 1642 3013 1713 Virginem
3067 1665 3233 1717 usque
3276 1653 3341 1706 ad
3389 1667 3590 1721 partum
3636 1636 3869 1714 iitiactan‘

2319 1724 2496 1781 fuisse.
2529 1729 2635 1783 Cur
2674 1732 2851 1802 itaque
2880 1737 2980 1796 ait.
3013 1738 3181 1792 Donec
3210 1745 3441 1810 peperit?
3486 1747 3580 1800 llic
3639 1766 3754 1804 mos
3804 1752 3870 1804 lu-

2315 1818 2511 1884 quendi
2539 1819 2588 1873 in
2616 1820 2890 1892 Scriptura
2932 1844 3073 1897 stepe
3098 1830 3439 1899 observatur;
3469 1838 3535 1891 ita
3560 1850 3617 1893 ut
3648 1842 3760 1897 lucc
3790 1860 3870 1897 vo'

2316 1921 2419 1959 non
2463 1923 2558 1976 pro
2596 1911 2815 1969 definito
2839 1918 3065 1985 quodam
3096 1930 3332 1991 tempore
3375 1938 3621 1995 ponatur.
3652 1931 3781 1987 Nam
3832 1936 3870 1989 d.

2313 2010 2435 2051 arca
2485 1999 2706 2071 loquens
2752 2005 2827 2059 ait
2870 2025 2883 2061 :
2928 2007 3047 2063 Non
3084 2029 3308 2070 reversus
3364 2028 3437 2071 est
3477 2036 3689 2090 corvus,
3735 2026 3869 2079 done

2315 2089 2586 2146 siccaretur
2632 2103 2764 2150 terra
2803 2098 2970 2165 (Cen.
3014 2104 3066 2155 8.
3113 2104 3216 2173 7),
3269 2110 3367 2161 etsi
3418 2122 3597 2179 postea
3655 2089 3868 2173 reverso

2317 2194 2419 2232 non
2444 2181 2531 2235 sit.
2566 2182 2643 2237 De
2670 2185 2785 2253 ipso
2812 2189 2969 2243 etiam
3002 2191 3108 2245 Deo
3137 2195 3212 2248 sic
3242 2196 3475 2265 loquitur
3507 2220 3520 2255 :
3560 2202 3604 2255 Α
3633 2209 3821 2260 steculo
3847 2227 3870 2263 e

2315 2286 2469 2337 usque
2510 2272 2560 2324 in
2587 2276 2823 2329 sa'culum
2853 2288 2906 2331 tu
2931 2296 2982 2332 es
3008 2280 3186 2351 (Psal.
3217 2286 3305 2340 89.
3334 2289 3435 2357 2);
3467 2294 3637 2347 nullos
3665 2295 3752 2351 hic
3786 2307 3869 2352 ter

2318 2360 2491 2415 minos
2531 2378 2768 2432 ponens;
2814 2384 3101 2441 rursusque
3153 2380 3562 2444 przenuntians:
3606 2384 3813 2440 Oriettu-
3842 2391 3870 2441 ἰι

2316 2450 2487 2504 diebus
2524 2454 2632 2520 ejus
2665 2455 2871 2521 justitia
2906 2468 2952 2511 et
2995 2460 3305 2518 abundantia
3333 2469 3506 2535 pacis,
3539 2472 3698 2527 donec
3748 2483 3869 2547 aufe

2313 2551 2456 2593 ratur
2482 2542 2602 2595 luna
2638 2542 2824 2611 (Psal.
2854 2548 2940 2601 7|.
2966 2550 3068 2620 7);
3102 2553 3301 2607 nullum
3344 2559 3625 2614 terminum
3670 2542 3870 2632 pulcbn

2316 2632 2434 2684 huic
2464 2632 2729 2687 elemento
2754 2638 2955 2689 statuit.
2987 2639 3058 2693 lta
3089 2650 3141 2694 et
3172 2642 3272 2697 hoc
3302 2645 3445 2709 loco,
3480 2648 3680 2715 Donec,
3713 2654 3851 2708 dixit

2316 2732 2369 2773 ut
2393 2738 2509 2788 qum
2538 2732 2744 2790 partum
2771 2729 3156 2784 antecedebant
3183 2733 3446 2799 ﬁrmaret,
3467 2750 3513 2790 et
3547 2755 3664 2808 qum
3696 2757 3869 2814 seque

2316 2820 2504 2869 ’mntur
2545 2815 2637 2867 tibi
2680 2818 3060 2872 consideranda
3101 2822 3442 2892 relinqueret.
3472 2828 3622 2892 Quod
3654 2833 3798 2886 enim
3830 2836 3870 2887 al

2309 2928 2369 2960 t-u
2406 2910 2498 2963 tibi
2542 2910 2855 2967 discendum
2886 2924 3033 2981 erat,
3066 2916 3166 2973 hoe
3194 2919 3327 2974 dixit
3348 2962 3361 2986 ,
3400 2940 3589 2997 nempe
3616 2928 3869 2997 Virginea

2308 3014 2469 3068 usque
2500 3002 2564 3055 ad
2596 3013 2805 3072 partum
2839 3005 3084 3059 intactam
3114 3011 3373 3067 mansisse
3402 3030 3416 3068 :
3446 3017 3585 3084 quod
3618 3032 3798 3075 autem
3826 3042 3870 3077 ei

2305 3090 2458 3142 dictis
2481 3093 2733 3161 consequi
2756 3093 2886 3149 etin
2915 3096 3154 3152 confesso
3183 3113 3301 3154 esse
3329 3103 3623 3170 videbatur,
3646 3108 3751 3165 hoc
3786 3114 3867 3167 tibi

2306 3178 2703 3249 intelligendum
2744 3183 2974 3253 reliquit.
3019 3186 3221 3255 Nempe
3252 3192 3419 3246 virum
3462 3195 3607 3250 illum
3640 3198 3849 3267 justum

2301 3286 2416 3325 eam
2448 3287 2567 3340 qum.
2609 3274 2685 3328 sic
2715 3284 2883 3329 mater
2911 3277 3094 3331 ell‘ecta
3116 3320 3130 3344 ,
3176 3295 3237 3333 ac
3279 3290 3383 3336 tam
3416 3300 3553 3341 novo
3579 3298 3633 3341 et
3670 3290 3866 3347 insoliti

2306 3364 2586 3432 puerperio
2616 3364 2824 3434 dignata
2853 3368 3053 3429 fuerat,
3083 3379 3298 3439 tangere
3339 3390 3440 3428 non
3468 3392 3652 3432 ausum
3698 3381 3865 3436 fuisse

2304 3453 2433 3507 Nam
2463 3455 2507 3509 si
2548 3457 2887 3525 cognovisset
2935 3474 3051 3512 eam
3098 3470 3152 3513 et
3197 3464 3374 3517 uxoris
3414 3465 3530 3521 loco
3570 3468 3850 3524 habuisset

2298 3544 2563 3610 quomodo
2592 3546 2733 3599 illam
2774 3549 2921 3616 quasi
2963 3550 3165 3603 nullum
3208 3552 3486 3610 habentem
3519 3559 3686 3612 virum
3724 3562 3861 3617 disci

2300 3636 2420 3700 pulo
2470 3637 2935 3702 commendasset,
2982 3641 3173 3707 jubens
3218 3658 3333 3696 eam
3367 3645 3418 3699 itt
3457 3661 3548 3699 sua
3584 3650 3861 3717 accipere

2296 3726 2409 3791 Quo
2439 3736 2589 3794 pacto
2620 3744 2767 3798 ergo,
2801 3729 3005 3798 inquies
3026 3773 3039 3795 ,
3068 3732 3293 3787 Jacobus
3319 3747 3371 3789 et
3394 3738 3515 3801 alii,
3546 3739 3663 3806 ejus
3692 3740 3859 3795 fratre

2295 3816 2665 3883 appellantur?
2713 3820 3162 3885 Quemadmodum
3214 3832 3266 3877 ct
3307 3824 3502 3895 Joseph
3563 3828 3645 3881 vir
3698 3830 3860 3885 Maria

2294 3920 2411 3958 esse
2441 3907 2859 3961 existimabatur.
2906 3910 3063 3964 Multa
3103 3913 3242 3965 enim
3280 3925 3432 3968 erant
3460 3918 3627 3983 posita
3656 3921 3857 3975 velatni

2295 4011 2358 4048 na
2379 4036 2393 4058 ,
2426 4006 2481 4049 ut
2510 3997 2805 4066 ltujusmodi
2837 4010 3018 4067 partus
3043 4002 3398 4059 occultaretur
3425 4023 3438 4059 :
3472 4004 3701 4076 ideoque
3721 4010 3857 4065 Joan

2294 4102 2385 4141 nes
2415 4090 2532 4142 illos
2562 4090 2637 4144 sic
2666 4092 2887 4144 vncabat
2932 4092 3014 4145 bis
3060 4093 3234 4147 verbis
3257 4135 3270 4158 ,
3331 4096 3503 4167 Neque
3530 4100 3662 4151 enim
3693 4105 3856 4170 fratre

2294 4179 2401 4245 ejus
2435 4179 2695 4232 credebant
2748 4180 2798 4233 in
2848 4198 2961 4234 eum
3016 4182 3208 4250 (Joan.
3252 4185 3302 4237 7.
3368 4187 3468 4251 5).
3518 4188 3775 4245 Attamen
3823 4192 3856 4245 ii

2291 4268 2377 4335 qui
2428 4270 2572 4337 prius
2618 4287 2719 4323 non
2764 4272 3139 4335 crediderant,
3186 4273 3481 4330 admirandi
3529 4286 3581 4331 et
3631 4282 3854 4346 praeolat

2292 4369 2471 4427 postea
2518 4364 2853 4415 exstiterunt.
2913 4362 3137 4427 Quando
3191 4378 3319 4433 ergo
3357 4365 3661 4435 dogmatum
3715 4385 3851 4425 caus

2292 4451 2485 4505 Paulus
2538 4453 2921 4523 Jerosolymam
2975 4456 3323 4522 ascendebat,
3374 4456 3627 4513 Jacobutn
3693 4462 3852 4515 statim

2290 4540 2453 4593 adiit:
2481 4541 2569 4609 qui
2606 4542 2673 4594 ita
2700 4542 3042 4597 admirandus
3070 4555 3182 4599 erat
3202 4587 3217 4611 ,
3246 4556 3303 4599 ut
3330 4546 3470 4601 illius
3491 4549 3637 4602 urbis
3656 4552 3850 4619 episce

2293 4638 2466 4697 patum
2511 4631 2709 4697 primus
2752 4632 3034 4701 acciperet.
3089 4634 3317 4688 Narrant
3359 4647 3535 4693 autem
3568 4638 3721 4692 illttm
3772 4651 3850 4694 tam

2288 4732 2477 4786 aspere
2513 4724 2670 4772 vitam
2702 4721 2945 4788 duxisse,
2992 4732 3050 4777 ut
3093 4726 3329 4779 membra
3359 4727 3471 4795 ejus
3503 4728 3684 4781 omnia
3721 4746 3848 4799 quas

2286 4816 2525 4865 entertua
2555 4823 2751 4878 essent,
2784 4824 2942 4885 atque
2980 4832 3044 4871 ex
3084 4818 3333 4886 precandi
3374 4819 3712 4885 assiduitate,
3744 4823 3847 4876 dut

2285 4904 2478 4972 jugiter
2506 4904 2556 4958 in
2603 4905 2901 4974 pavimento
2938 4909 3340 4976 procumberet,
3370 4908 3596 4964 frontem
3638 4911 3769 4979 ejus
3810 4914 3846 4967 il

2286 4992 2601 5049 obduruisse
2623 5036 2636 5055 ,
2679 5003 2735 5048 ιιι
2771 5011 2999 5064 genuum
3036 4998 3227 5051 cameli
3256 4998 3505 5054 duritiem
3539 5014 3677 5068 pene
3707 5003 3844 5055 attiu

2285 5092 2432 5150 geret
2458 5082 2532 5153 (a)
2558 5125 2572 5149 ,
2600 5084 2669 5137 ita
2711 5084 3015 5155 frequenter
3055 5087 3200 5140 illam
3239 5089 3355 5143 solo
3379 5088 3728 5157 applicuerat.
3785 5091 3844 5145 Ill

2284 5187 2495 5243 quoque
2520 5174 2760 5240 Paulum,
2792 5177 2879 5245 qui
2910 5175 3084 5232 denuo
3105 5176 3491 5249 Jerosolymam
3513 5179 3842 5235 ascenderat

2352 5403 2422 5470 _(_a)
2455 5402 2985 5470 Anianiipterpretatio
3006 5404 3177 5470 refert,
3201 5408 3360 5457 Jacobi
3384 5420 3544 5470 genua
3567 5410 3840 5463 obduruiss

2287 5464 2426 5521 callo,
2454 5464 2500 5511 id
2523 5464 2650 5526 quod
2675 5466 2721 5512 in
2743 5464 2907 5514 Grzeco
2931 5479 3026 5514 non
3049 5467 3279 5516 habetur:
3294 5464 3518 5519 versione
3538 5476 3700 5518 tamen
3730 5472 3839 5523 Ani

2289 5528 2336 5634 :li
2351 5527 2479 5635 (litic‘lrl
2505 5540 2594 5633 l||‘0ll
2611 5528 2756 5649 ipim?
2780 5527 2821 5574 id
2837 5527 3222 5589 Cltrysostomum
3240 5529 3305 5579 de
3324 5537 3368 5581 S.
3380 5531 3555 5581 Jacobo
3572 5531 3775 5582 dixisse
3791 5546 3838 5597 pl

2310 5601 2367 5633 an
2396 5623 2407 5633 .
2479 5622 2489 5635 .
2543 5600 2688 5635 rma.
2764 5601 2808 5635 v.
