4058 6208
355 249 421 304 57
1456 241 1524 294 IN
1566 240 1912 297 ΜΑΤΤΗΑΞΈ

2026 236 2252 293 HOMIL.
2295 233 2341 284 ν
3508 243 3580 300 58

350 346 651 418 πράγματα
687 347 810 400 ἀντὶ
840 344 1114 416 ὀνομάτων
1166 342 1388 397 τιθέναι.
1439 342 1602 396 Οὑδέν
1655 337 1748 396 οὖν
1782 339 1908 392 ἄλλο

347 435 498 506 δηλοῖ
521 438 601 502 τὸ,
634 436 1013 491 Καλέσουσιν
1036 435 1433 505 Ἐμμανουήλ,
1467 437 1504 506 ἢ
1535 435 1618 487 ὅτι
1651 432 1902 502 ’Ὀψοντα⁹

341 529 474 581 Θεὸν
511 531 648 599 μετά
675 529 770 582 ἀνθ
781 529 974 598 ρώπων
991 545 1006 561 ο
1041 531 1126 581 ἀεὶ
1149 529 1246 598 μὲν
1269 529 1376 599 γὰρ
1408 527 1522 600 [75]
1549 527 1738 597 γέγονε
1771 528 1910 599 μετά

338 618 660 690 ἀνθρώπων,
685 619 939 672 οὐδέποτε
963 618 1020 670 δέ
1045 617 1186 671 οὑτω
1215 619 1422 686 σαφῶς.
1457 619 1517 670 Εἰ
1544 619 1600 670 δὲ
1622 619 1907 688 ἀναισχυν-

338 711 477 760 τοῖεν
519 698 779 770 Ἰουδαῖοι,
801 708 1112 778 ἐρησόμεθα
1136 707 1330 772 αὑτούς
1353 725 1366 738 ο
1399 708 1537 763 Πότε
1563 707 1764 777 ἐκλήθη
1784 709 1843 760 τὸ
1862 707 1910 739 ⁷³

338 795 566 859 παιδίον,
607 795 837 864 Ταχέως
859 797 1230 858 σκύλευσον,
1253 796 1436 860 ὀξέως
1459 797 1875 863 προνόμευσον
1888 811 1909 858 ;

351 885 486 936 Ἀλλ’
525 885 625 937 οὑκ
679 885 746 938 ἂν
789 885 961 956 ἔχοιεν
995 887 1188 938 εἰπεῖν.
1236 884 1362 947 Πῶς
1401 880 1494 937 οὖν
1551 885 1579 936 ὁ
1627 885 1908 953 προφήτης

338 974 488 1041 ἐλεγε
509 988 522 1000 ·
552 975 829 1029 Κάλεσον
859 977 926 1028 τὸ
959 975 1145 1044 ὄνομα
1164 974 1369 1036 αὐτοῦ,
1399 973 1625 1042 Ταχέως
1647 973 1906 1025 σκύλευ-

338 1079 488 1126 σον;
545 1065 668 1118 Ὀτι
702 1065 1054 1135 γεννηθέντος
1107 1063 1268 1116 αὑτοῦ
1327 1063 1572 1134 προνομὴ
1625 1062 1836 1114 σκύλων
1861 1061 1909 1093 ⁷⁵

337 1155 553 1222 ἐγένετο
576 1156 669 1208 καὶ
695 1157 922 1226 διανομὴ
945 1172 962 1188 ο
989 1155 1078 1208 διὰ
1103 1154 1261 1207 τοῦτο
1286 1155 1345 1206 τὸ
1377 1154 1461 1206 ἐπ’
1489 1153 1653 1206 αὑτοῦ
1676 1153 1906 1223 πρᾶγμα

341 1245 682 1315 συμϐεϐηκὸς
710 1246 785 1308 ὡς
808 1246 977 1313 δνομα
1003 1243 1165 1297 αὑτοῦ
1190 1245 1390 1314 τίθησι.
1421 1244 1530 1297 Καὶ
1555 1245 1592 1311 η
1615 1244 1790 1308 πόλις
1815 1241 1902 1300 δὲ.

339 1334 492 1402 φησὶ,
520 1335 887 1402 κληθήσεται
909 1336 1085 1398 πόλις
1104 1334 1516 1400 δικαιοσύνης,
1541 1333 1908 1403 μητρόπολις

337 1422 523 1490 πιστὴ
550 1422 698 1476 Σιών
717 1440 730 1453 ·
763 1423 858 1476 καὶ
882 1423 1115 1493 οὐδαμοῦ
1146 1424 1470 1494 εὑρίσκομεν
1490 1424 1572 1476 ὅτι
1597 1421 1906 1489 δικαιοσύνη

337 1514 541 1584 ἐκλήθη
564 1515 598 1584 ἡ
631 1516 803 1578 πόλις,
826 1515 940 1568 ἀλλ’
963 1515 1177 1585 ἔμεινεν
1208 1515 1554 1585 Ἰεροσόλυμα
1576 1512 1903 1582 καλουμένη·

336 1603 450 1656 ἀλλ’
477 1603 663 1674 ἐπειδὴ
695 1604 849 1656 τοῦτο
878 1604 1059 1672 ἐξέϐη,
1092 1603 1227 1672 πρὸς
1273 1603 1333 1656 τὸ
1369 1602 1573 1671 βέλτιον
1602 1601 1772 1670 αὐτῆς
1807 1617 1904 1670 με-

333 1693 720 1764 ταϐληθείσης,
754 1694 842 1746 διά
886 1692 1043 1745 τοῦτο
1076 1692 1243 1762 αὐτὴν
1290 1692 1432 1745 οὑτω
1460 1691 1740 1744 καλεῖσθαι
1777 1688 1904 1758 ἐφη.

338 1785 510 1837 Ὅταν
535 1785 645 1854 γάρ
668 1801 720 1836 τι
749 1786 925 1852 συμϐῇ
954 1785 1204 1854 πρᾶγμα,
1237 1782 1266 1834 ὸ
1293 1781 1393 1848 τῆς
1416 1778 1784 1849 προσηγορίας
1810 1793 1904 1830 σα-

337 1875 599 1943 φέστερον
627 1875 877 1942 γνωρίζει
900 1873 989 1924 τὸν
1016 1870 1379 1941 κατορθοῦντα
1407 1869 1557 1930 αὑτὸ,
1589 1867 1621 1937 ἢ
1653 1867 1745 1920 καὶ
1773 1867 1906 1920 ἀπο-

335 1963 564 2016 λαύοντα
584 1963 767 2023 αὑτοῦ,
797 1963 967 2032 ὄνομα
997 1961 1145 2030 αὑτῷ
1175 1977 1338 2031 φησιν
1365 1955 1503 2011 εἶναι
1530 1956 1624 2010 τοῦ
1650 1957 1906 2027 πράγμα-

335 2071 428 2117 τος
463 2055 562 2124 τὴν
596 2054 869 2124 ἀλήθειαν.
908 2054 970 2105 Εἰ
1024 2053 1081 2104 δὲ
1133 2050 1378 2104 ἐντεῦθεν
1437 2047 1902 2118 ἐπιστομισθέντες

336 2143 522 2212 ἕτερον
548 2143 776 2212 ζητοῖεν,
803 2143 864 2194 τὸ
901 2142 1152 2212 περὶτῆς
1201 2139 1497 2210 παρθενίας
1545 2135 1752 2208 λεχθὲν,
1811 2138 1905 2189 καὶ

339 2233 719 2303 προϐάλλοιντο
748 2234 875 2304 ήμῖν
899 2232 1116 2299 ἐτέρους
1144 2228 1504 2300 ἐρμηνευτάς,
1535 2227 1804 2295 λέγοντες,
1823 2227 1905 2279 ὅτι

339 2323 452 2375 Ούκ
480 2318 631 2373 εἷπον
663 2320 943 2390 παρθένον,
971 2319 1106 2373 ἀλλά
1127 2320 1304 2371 νεᾶνιν
1325 2334 1339 2349 ·
1367 2317 1583 2388 πρῶτον
1618 2317 1715 2387 μὲν
1732 2318 1905 2369 ἐκεῖνο

341 2410 591 2480 ἐροῦμεν,
619 2411 698 2462 ὅτι
729 2409 834 2461 τῶν
861 2409 1033 2462 ἄλλων
1075 2407 1271 2478 μᾶλλον
1313 2409 1565 2460 ἁπάντων
1603 2406 1663 2459 τὸ
1691 2405 1904 2470 ἀξιόπι-

343 2517 464 2552 στον
489 2502 538 2551 οἱ
571 2499 968 2568 Ἐϐδομήκοντα
993 2498 1162 2568 ἐχοιεν
1179 2497 1244 2551 ἂν
1264 2497 1506 2560 δικαίως.
1533 2498 1594 2548 Οἰ
1615 2496 1712 2566 μὲν
1731 2495 1843 2566 γὰρ
1859 2496 1906 2528 ⁷⁵

343 2589 480 2660 μετά
514 2588 612 2656 τὴν
641 2586 734 2639 τοῦ
766 2586 998 2657 Χριστοῦ
1030 2587 1334 2658 παρουσίαν
1373 2587 1744 2656 ἠρμήνευσαν,
1772 2586 1906 2649 ,Ἰου-

337 2679 475 2730 δαῖοι
511 2677 809 2746 μείναντες.
866 2677 959 2729 καὶ
989 2676 1210 2740 δικαίως
1256 2675 1323 2729 ἂν
1354 2673 1759 2737 ὑποπτεύοιντο,
1809 2672 1906 2724 ἅτε

338 2766 603 2835 ἀπεχθείᾳ
635 2765 831 2833 μᾶλλον
859 2767 1159 2836 εἰρηκότες,
1190 2767 1285 2819 καὶ
1320 2766 1418 2829 τάς
1451 2763 1783 2834 προφητείας
1815 2779 1897 2814 συ.

338 2853 650 2917 σκιάζοντες
682 2854 950 2922 ἐπίτηδες
994 2855 1118 2908 οίδὲ
1163 2855 1554 2924 Ἐϐδομήκοντα
1586 2851 1690 2921 πρὸ
1716 2851 1904 2904 ἐκατὸν

336 2947 373 3016 ἢ
399 2948 494 3001 καὶ
521 2947 781 3000 πλειόνων
806 2947 941 3000 ἐτῶν
973 2948 1071 3017 τῆς
1095 2946 1189 3000 τοῦ
1219 2945 1454 3018 Χριστοῦ
1484 2943 1784 3014 παρουσίας
1817 2939 1912 2991 ἐπί

338 3037 496 3091 τοῦτο
527 3037 772 3100 ἐλθόντες
823 3037 917 3090 καὶ
943 3036 1184 3089 τοσοῦτοι
1223 3036 1394 3098 ὄντες,
1429 3035 1610 3103 πάσης
1652 3030 1899 3098 τοιαύτης

340 3130 475 3182 εἰσὶν
505 3127 738 3197 ὑποψίας
767 3127 1192 3197 ἀπηλλαγμένοι,
1224 3127 1318 3178 κα)⁸
1349 3125 1436 3177 διά
1456 3123 1546 3176 τὸν
1578 3120 1786 3191 χρόνον,
1812 3120 1901 3172 καὶ

338 3223 427 3279 διὰ
452 3223 514 3276 τὸ
541 3224 766 3294 πλῆθος,
823 3227 916 3279 καὶ
951 3226 1038 3279 διά
1061 3219 1185 3299 {76]
1219 3227 1316 3299 τὴν
1362 3228 1676 3297 συμφωνίαν
1708 3227 1906 3298 μᾶλλον

337 3313 404 3367 ἂν
423 3309 536 3366 εἷεν
562 3313 912 3368 πιστεύεσθαι
937 3316 1155 3370 δίκαιοι.

411 3404 482 3472 γ’.
507 3405 571 3457 Εἰ
595 3404 652 3457 δὲ
680 3406 770 3458 καὶ
791 3406 888 3478 τὴν
910 3407 1130 3460 ἐκείνων
1151 3408 1445 3481 παράγοιεν
1468 3409 1793 3480 μαρτυρίαν,
1816 3407 1911 3462 καὶ

341 3492 484 3545 οὑτω
520 3493 588 3545 τὰ
620 3495 908 3566 νικητήρια
933 3498 1060 3567 παρ’
1083 3498 1232 3567 ἡμῖν.
1263 3499 1370 3551 Καὶ
1403 3497 1512 3568 γὰρ
1554 3497 1614 3549 τὸ
1659 3497 1760 3568 τῆς
1784 3514 1912 3552 νεα-

343 3583 584 3654 νιότητος
627 3583 796 3654 ὄνομα
828 3585 919 3638 ἐπὶ
955 3585 1056 3655 τῆς
1092 3588 1384 3657 παρθενίας
1438 3587 1626 3641 εἴωθεν
1655 3589 1689 3658 ἡ
1723 3588 1910 3658 Γραφὴ

342 3671 574 3735 τιθέναι,
606 3673 705 3726 οὑκ
731 3675 822 3727 ἐπὶ
849 3677 1115 3744 γυναικῶν
1150 3678 1308 3748 μόνον
1332 3679 1400 3741 ’⁸,
1425 3679 1560 3732 ἀλλὰ
1583 3677 1677 3732 καὶ
1708 3679 1801 3730 ἐπὶ
1821 3679 1915 3731 ἀν-

344 3761 486 3833 δρῶν
510 3778 524 3793 ο
553 3764 875 3818 Νεανίσκοι
902 3766 1040 3836 γὰρ,
1075 3769 1207 3838 φησὶ
1231 3808 1245 3831 ,
1275 3769 1372 3821 καί
1421 3769 1722 3836 παρθένοι,
1769 3782 1911 3836 πρε-

347 3853 625 3919 σϐύτεροι
641 3854 792 3922 μετὰ
815 3855 1131 3924 νεωτέρων.
1164 3859 1273 3912 Καὶ
1302 3860 1427 3928 περὶ
1451 3860 1497 3890 ⁷⁷
1529 3860 1698 3930 κόρης
1725 3858 1784 3911 δέ
1805 3859 1918 3910 ἐπι-

348 3941 744 4013 ϐουλευομένης
788 3944 1138 4019 διαλεγομένη
1176 3949 1367 4012 πάλιν,
1414 3948 1549 4002 Ἐὰν
1597 3949 1847 4018 φωνήσῃ
1876 3949 1914 4014 ’ἠ

348 4031 574 4098 νεᾶνις,
597 4034 750 4105 φησὶ,
769 4036 1044 4089 τουτέστιν
1070 4039 1103 4108 ή
1127 4038 1411 4110 παρθένος.
1438 4040 1550 4093 Καὶ
1579 4039 1650 4092 τὰ
1680 4039 1785 4111 πρὸ
1799 4039 1919 4092 τού-

352 4141 446 4178 του
473 4125 532 4177 δὲ
581 4127 847 4196 εἰρημένα
877 4128 1063 4182 τοῦτον
1101 4130 1192 4183 τὸν
1216 4131 1375 4199 λόγον
1413 4131 1742 4200 συνίστησιν.
1784 4130 1920 4184 Οὑδέ

353 4214 461 4285 γὰρ
488 4214 673 4278 ἁπλῶς
695 4212 868 4281 εἴπεν,
885 4217 1038 4272 Ἰδοὺ
1059 4219 1098 4286 η
1125 4220 1425 4287 παρθένος
1444 4221 1514 4273 ἐν
1537 4220 1748 4288 γαστρί
1767 4219 1889 4283 ἕξει
1904 4236 1919 4250 ο

356 4304 491 4357 ἀλλά
523 4305 786 4378 πρότερον
832 4306 1019 4374 εἰπὼν,
1084 4309 1236 4364 Ἰδοὺ
1266 4309 1452 4364 δώσει·
1485 4311 1697 4378 Κύριος
1741 4308 1924 4375 αὐτὸς

357 4395 498 4464 ὑμῖν
533 4396 805 4464 σημεῖον,
843 4399 963 4452 τότε
1009 4401 1289 4472 ἐπήγαγεν
1310 4418 1324 4433 ο
1367 4400 1525 4455 Ἰδοὺ
1559 4403 1598 4470 ἡ
1626 4400 1923 4469 παρθένος

360 4484 428 4536 ἐν
445 4487 654 4554 γαστρί
682 4486 824 4551 ἔξει.
846 4489 1036 4542 Καίτοι
1059 4491 1106 4543 εἰ
1131 4491 1203 4561 μὴ
1229 4491 1494 4562 παρθένος
1510 4486 1578 4562 ἦν
1596 4493 1630 4559 ἡ
1657 4491 1924 4560 μέλλουσα

363 4575 532 4642 κύειν,
583 4578 718 4630 ἀλλά
747 4579 891 4649 νόμῳ
915 4580 1090 4650 γάμου
1122 4579 1280 4634 τοῦτο
1321 4581 1530 4648 ἐγίνετο
1560 4581 1628 4645 ⁷⁸,
1679 4583 1830 4634 ποῖον
1858 4580 1923 4636 ἂν

363 4667 446 4736 εἰη
478 4670 702 4737 σημεῖον
729 4670 792 4721 τὸ
816 4670 1128 4739 γινόμενον;
1162 4672 1236 4724 Τὸ
1267 4671 1374 4742 γὰρ
1417 4674 1637 4742 σημεῖον
1661 4671 1930 4742 ὑπερϐαί-

364 4772 474 4808 νειν
499 4757 581 4810 δεῖ
605 4758 703 4828 τὴν
731 4758 840 4811 τῶν
870 4758 1076 4813 πολλῶν
1122 4760 1460 4826 ἀκολουθίαν,
1495 4761 1590 4814 καὶ
1612 4760 1759 4825 ξένον
1788 4755 1926 4812 εἶναι

367 4845 458 4898 καὶ
506 4848 954 4918 παρηλλαγμένον
977 4867 990 4880 ο
1029 4850 1150 4903 ἐπεὶ
1178 4850 1292 4915 πῶς
1323 4852 1388 4904 ἂν
1414 4852 1498 4922 εἴη
1531 4852 1789 4921 σημεῖον;
1837 4855 1928 4903 Δι-

2034 341 2218 410 μένην,
2250 342 2344 395 καὶ
2388 343 2446 394 ἐν
2475 341 2675 394 ἅπασιν
2723 340 3053 408 ἀδέκαστον;
3103 339 3241 394 Οὑτε
3289 341 3399 411 7&9
3423 341 3588 411 ἡνίκα

2034 431 2442 488 ὑπώπτευσενη
2479 433 2638 505 ἀηδές
2666 449 2720 486 τι
2761 434 2855 486 καὶ
2881 433 3110 496 ἄτοπον,
3158 434 3446 500 κατασχεῖν
3492 433 3587 498 ὴν-

2023 523 2211 593 ἐσχετο
2233 525 2330 595 τὴν
2347 524 2638 595 Παρθένον,
2654 525 2777 577 ούτε
2793 525 2838 555 ⁸ο
2865 524 3049 592 ἐπειδὴ
3073 523 3274 594 ταύτης
3297 522 3584 592 ἀπηλλάγη

2021 612 2119 680 τῆς
2153 612 2406 682 ὑποψίας,
2431 613 2676 666 ἐκϐαλεῖν
2704 614 2994 682 ὑπέμεινε]
3017 629 3031 641 ·
3065 613 3199 666 ἀλλὰ
3227 614 3318 666 καὶ
3344 615 3583 682 κατέχει,

2019 702 2116 754 καὶ
2150 702 2472 757 διακονεῖται
2500 708 2564 774 τῇ
2599 706 2876 776 οἰκονομίᾳ
2896 705 3064 776 πάσῃ.
3089 705 3197 758 Καὶ
3224 705 3522 773 παρέλαϐε
3541 706 3586 736 ⁸¹

2017 794 2253 860 Μαρίαν
2301 794 2418 859 τὴν
2449 793 2703 862 γυναῖκα
2726 797 2931 848 αὐτοῦ.
2992 792 3142 856 Εἶδες
3187 796 3303 858 πῶς
3349 796 3589 866 συνεχῶς

2016 880 2175 933 τοῦτο
2199 879 2378 949 τίθησι
2404 881 2463 934 τὸ
2486 881 2658 952 ὄνομα
2689 884 2717 934 ὁ
2745 883 3154 953 εὑαγγελιστὴς,
3172 885 3233 936 οὑ
3268 884 3590 954 βουλόμενος

2018 970 2420 1040 ἐκκαλυφθῆναι
2456 971 2517 1024 τὸ
2559 973 2853 1042 μυστήριον
2886 974 3062 1025 ἐκεῖνο
3109 974 3245 1037 τέως
3274 1013 3288 1037 ,
3353 974 3448 1027 καὶ
3490 973 3590 1044 τὴν

2018 1061 2258 1131 πονηρὰν
2291 1061 2335 1093 ⁸³
2369 1063 2582 1131 ἐκείνην
2605 1063 2842 1134 ἀναιρῶν
2868 1064 3131 1132 ὑποψίανς

2087 1151 2454 1218 Παραλαϐὼν
2483 1151 2552 1204 δὲ
2593 1153 2806 1220 αὐτὴν,
2861 1155 2970 1206 οὐκ
3014 1155 3342 1222 ἐγίνωσκεν
3371 1156 3588 1222 αὐτὴν,

2017 1240 2128 1305 ἕως
2165 1235 2236 1294 οὗ
2269 1240 2434 1293 ἔτεκε
2475 1241 2582 1294 τὸν
2633 1244 2770 1295 υἱὸν
2810 1242 2999 1309 αὐτῆς
3037 1246 3144 1295 τὸν
3192 1232 3587 1310 πρωτότοκον.

2021 1328 2134 1400 [77]
2165 1329 2258 1391 Τὸ,
2284 1330 2450 1394 Ἕως,
2479 1331 2710 1383 ἐνταῦθα
2743 1333 2984 1402 εἴρηκεν,
3009 1333 3106 1402 οὑχ
3134 1334 3219 1385 ἵνα
3245 1334 3591 1404 ὑποπτεύσῃς

2018 1421 2100 1473 ὃτι
2137 1422 2273 1490 μετὰ
2305 1422 2478 1474 ταῦτα
2510 1423 2680 1492 αὑτὴν
2708 1423 2870 1490 ἔγνω,
2911 1423 3025 1476 ἀλλ’
3056 1425 3142 1476 ἵνα
3175 1424 3350 1494 μάθῃς
3375 1425 3456 1476 ὅτι
3483 1425 3590 1492 πρὸ

2019 1509 2128 1562 τῶν
2162 1509 2365 1564 ὠδίνων
2394 1510 2612 1573 πάντως
2642 1511 2918 1579 ἀνέπαφος
2939 1508 3007 1582 ἦν
3044 1514 3077 1582 ἠ
3107 1513 3399 1582 Παρθένος.
3435 1513 3593 1575 Τίνος

2019 1593 2111 1653 οὖν
2142 1600 2348 1664 ἕνεκεν,
2375 1599 2527 1671 φησὶ,
2561 1600 2642 1664 τὸ,
2681 1601 2856 1666 Ἕως,
2888 1601 3160 1665 τέθεικεν;
3207 1602 3331 1654 ’Ὁτι
3377 1601 3497 1664 ἔθος
3521 1604 3587 1672 τῇ

2019 1691 2207 1761 Γραφῇ
2229 1691 2386 1744 τοῦτο
2413 1691 2671 1753 πολλάκις
2709 1694 2901 1756 ποιεῖν,
2951 1693 3046 1745 καὶ
3076 1693 3175 1762 τὴν
3209 1693 3365 1762 ῥῆσιν
3389 1692 3595 1761 ταύτην

2028 1780 2103 1848 μὴ
2141 1780 2232 1832 ἐπὶ
2263 1781 2632 1850 διωρισμένων
2664 1781 2709 1813 ⁸³
2741 1782 2946 1834 τιθέναι
2972 1783 3198 1852 χρόνων.
3230 1783 3339 1834 Καὶ
3370 1781 3478 1853 7&9
3500 1782 3594 1834 καὶ
3684 1824 3687 1826 μ

2025 1869 2118 1922 ἐπὶ
2143 1869 2240 1938 τῆς
2266 1870 2499 1924 κιϐωτοῦ
2520 1888 2682 1941 φησιν
2701 1884 2714 1897 ⁸
2732 1874 2856 1940 Οὐχ
2877 1872 3257 1940 ὑπέστρεψεν
3281 1873 3328 1904 ⁸⁵
3355 1876 3388 1925 ό
3408 1872 3594 1939 κόραξ

2022 1960 2132 2026 ἕως
2160 1957 2232 2016 οὗ
2261 1960 2557 2030 ἐξηράνθη
2589 1962 2626 2028 ἡ
2659 1961 2734 2032 γῆ
2752 1977 2766 1992 ·
2817 1962 3058 2031 καίτοιγε
3101 1963 3221 2016 οὑδέ
3254 1962 3392 2033 μετά
3422 1962 3597 2015 ταῦτα

2023 2051 2350 2122 ὑπέστρεψε.
2379 2053 2488 2106 Καὶ
2515 2052 2644 2123 περὶ
2665 2050 2757 2105 τοῦ
2783 2052 2916 2106 Θεοῦ
2946 2053 3001 2106 δέ
3029 2053 3382 2123 διαλεγομένη
3407 2052 3590 2123 φησίν·

2031 2143 2162 2195 Ἀπὸ
2192 2142 2298 2196 τοῦ
2340 2143 2552 2208 αἰῶνος
2598 2143 2696 2196 καὶ
2725 2142 2837 2207 ἓως
2875 2144 2982 2197 τοῦ
3009 2143 3224 2209 αἰῶνος
3272 2143 3354 2196 σὺ
3383 2143 3468 2196 εἷ’
3495 2143 3594 2212 οὑχ

2021 2232 2178 2303 ὅρους
2219 2232 2428 2286 τιθεῖσα
2459 2233 2690 2287 ἐνταῦθα
2707 2235 2753 2266 ⁸⁸
2777 2249 2788 2262 ⁸
2813 2234 2908 2287 καὶ
2947 2235 3106 2288 πάλιν
3135 2233 3594 2303 εὑαγγελιζομένη

2022 2323 2116 2375 καὶ
2141 2321 2373 2390 λέγουσα
2407 2322 2452 2355 ⁸⁸
2473 2339 2486 2352 ·
2535 2322 2831 2376 Ἀνατελεῐ
2866 2323 2934 2375 ἐν
2965 2323 3094 2390 ταῖς
3135 2324 3383 2392 ἡμέραις
3405 2321 3594 2375 αὑτοῦ

2021 2411 2373 2476 δικαιοσύνη
2421 2411 2520 2466 καὶ
2565 2411 2796 2478 πλῆθος
2844 2413 3120 2480 εἰρήνης,
3169 2415 3280 2480 ἓως
3324 2410 3396 2470 οὗ
3449 2415 3590 2468 ἀντο

2022 2499 2304 2568 αναιρεθῇ
2325 2502 2364 2567 ἡ
2386 2501 2640 2570 σελήνη·
2663 2503 2724 2555 οὑ
2750 2503 2921 2572 πέρας
2948 2503 3128 2557 δίδωσι
3153 2504 3229 2574 τῷ
3254 2503 3402 2574 καλῷ
3421 2504 3596 2573 τούτῳ

2027 2591 2292 2661 στοιχείῳ.
2345 2591 2500 2644 Οῦτω
2527 2592 2590 2662 δὴ
2621 2594 2716 2645 καὶ
2742 2593 2971 2646 ἐνταῦθα
2998 2595 3078 2656 τὸ,
3135 2595 3308 2661 Ἕως,
3357 2590 3499 2656 εἷπε,
3526 2595 3595 2647 τά

2029 2679 2134 2750 πρὸ
2163 2677 2271 2731 τῶν
2302 2678 2501 2732 ὠδίνων
2531 2682 2937 2753 ἀσφαλιζομένη
2957 2725 2972 2746 ,
3002 2686 3071 2738 τά
3103 2686 3158 2737 δέ
3189 2687 3326 2755 μετὰ
3348 2688 3520 2740 ταῦτα
3552 2690 3599 2720 "

2029 2770 2110 2822 σοὶ
2129 2768 2610 2837 καταλιμπάνουσα
2628 2773 3053 2841 συλλογίζεσθαι.
3083 2777 3148 2827 Ὀ
3174 2771 3278 2845 μὲν
3304 2777 3410 2848 γὰρ
3433 2780 3603 2847 ἀναγ-

2029 2861 2182 2910 καῖον
2202 2855 2269 2929 ἦν
2295 2860 2424 2930 παρ’
2454 2859 2617 2912 αὑτοῦ
2648 2879 2707 2914 σε
2739 2864 2948 2932 μαθεῖν,
2975 2865 3133 2919 τοῦτο
3161 2868 3321 2930 αὑτὸς
3353 2871 3598 2940 εἴρηκεν,

2028 2948 2108 2999 ὅτι
2137 2948 2412 3018 ἀνέπαφος
2435 2946 2502 3020 ἦν
2531 2953 2563 3020 ή
2601 2952 2874 3022 Παρθένος
2909 2955 3014 3016 ἕως
3050 2957 3144 3009 τοῦ
3172 2958 3333 3010 τόκου
3355 2976 3369 2989 ο
3394 2961 3423 3012 ὸ
3446 2961 3501 3012 δὲ
3535 2963 3602 3014 ἐκ

2030 3036 2136 3090 τῶν
2191 3041 2494 3110 είρημένων
2532 3042 2822 3097 ἀκόλουθόν
2864 3062 2925 3097 τε
2969 3048 3219 3115 ἐφαίνετο
3269 3050 3362 3102 καὶ
3395 3051 3603 3119 ὡμολο-

2031 3127 2288 3196 γημένον,
2313 3129 2468 3182 τοῦτο
2499 3133 2580 3184 σοὶ
2605 3132 2787 3186 λοιπὸν
2817 3135 3010 3206 ἀφίησι
3057 3139 3290 3191 συνιδεῖν
3313 3156 3325 3168 ·
3357 3136 3488 3208 οἷον,
3519 3142 3602 3194 ὅτι

2029 3219 2148 3272 οὑῶ
2178 3219 2313 3287 μετά
2349 3221 2520 3274 ταῦτα
2551 3223 2649 3292 τὴν
2686 3224 2829 3277 οὑτω
2852 3227 3151 3299 γενομένην
3200 3229 3414 3299 μητέρα
3439 3271 3453 3292 ,
3506 3231 3607 3284 καὶ

2032 3309 2233 3362 καινῶν
2253 3309 2457 3364 ὠδίνων
2481 3314 2575 3366 καὶ
2597 3313 2760 3378 ξένων
2787 3317 3215 3381 καταξιωθεῖσαν
3233 3319 3603 3390 λοχευμάτων,

2031 3398 2128 3449 οὑκ
2154 3397 2220 3451 ἂν
2249 3399 2454 3464 δίκαιος
2481 3401 2557 3456 ὣν
2594 3404 2798 3468 ἐκεῖνος
2838 3407 3096 3477 ὑπέμεινε
3138 3409 3341 3476 γνῶναι
3394 3411 3602 3464 λοιπόν.

2034 3487 2093 3538 Εἰ
2127 3486 2235 3555 γὰρ
2257 3487 2396 3555 ἔγνω
2416 3490 2608 3561 αὑτήν,
2629 3493 2723 3545 καὶ
2751 3497 2810 3546 ἐν
2841 3496 2992 3562 τάξει
3031 3499 3288 3564 γυναικὸς
3316 3497 3448 3569 εἶχε,
3486 3501 3604 3564 πῶς

2031 3577 2105 3637 ὡς
2133 3578 2565 3648 ἀπροστάτευτον
2591 3584 2762 3654 αὐτὴν
2787 3585 2882 3638 καὶ
2898 3586 3091 3642 ούδένα
3125 3588 3354 3659 ἔχουσαν
3386 3589 3463 3661 τῷ
3496 3609 3605 3662 μα-

2033 3667 2167 3739 θητῇ
2199 3671 2572 3740 παρατίθεται,
2603 3674 2695 3726 καὶ
2729 3675 2937 3729 κελεύει
2979 3678 3129 3749 αὑτῷ
3163 3681 3242 3743 είς
3270 3680 3338 3733 τὰ
3367 3680 3472 3735 ίδια
3501 3683 3607 3736 αὑ-

2029 3759 2128 3828 τὴν
2153 3760 2366 3826 λαϐεῖν;
2395 3763 2520 3826 Πῶς
2546 3760 2658 3828 οῦν,
2689 3766 2872 3838 φησὶν,
2900 3769 3115 3837 ἀδελφοὶ
3139 3771 3301 3826 αὑτοῦ
3331 3790 3435 3844 χρη
3445 3774 3606 3842 ματί-

2033 3847 2211 3912 ζουσιν
2230 3852 2280 3902 οί
2307 3854 2436 3922 περὶ
2466 3853 2754 3921 Ἰάκωϐονς
2785 3856 2996 3928 Ὠσπερ
3017 3859 3113 3912 καὶ
3134 3860 3294 3922 αὑτὸς
3325 3861 3607 3930 ἐνομίζετο

2030 3941 2169 4012 ἀνὴρ
2189 3943 2290 4012 τῆς
2310 3943 2522 4014 Μαρίας
2549 3946 2616 4000 ⁸³.
2647 3947 2822 4000 Πολλά
2846 3949 2956 4018 7&9
2983 3950 3202 4017 ἐγένετο
3237 3951 3308 4002 τά
3351 3969 3604 4020 παραπε-

2029 4033 2302 4103 τάσματα,
2336 4033 2475 4086 ὥστε
2528 4036 2917 4105 συσκιασθῆναι
2956 4038 3091 4100 τέως
3127 4040 3218 4091 τὸν
3245 4040 3485 4094 τοιοῦτον
3514 4043 3606 4095 τό-

2031 4141 2144 4177 κον.
2177 4124 2270 4177 Διὸ
2297 4125 2391 4178 καὶ
2425 4125 2674 4196 Ἰωάννης
2696 4126 2869 4188 οὑτως
2893 4128 3091 4191 αὑτοὺς
3121 4129 3167 4160 ⁸⁵
3199 4130 3380 4183 ἐκάλει
3405 4131 3602 4200 λέγων’

2032 4213 2184 4266 Οὐδὲ
2213 4214 2324 4282 γὰρ
2343 4218 2398 4268 οἰ
2417 4215 2670 4284 ἀδελροί
2703 4217 2890 4270 αὐτοῦ
2916 4218 3241 4274 ἐπίστευον
3262 4224 3350 4287 είς
3392 4225 3600 4280 αὐτόν.

2041 4303 2180 4356 Ἀλλ’
2209 4304 2354 4373 ὅμως
2381 4305 2432 4358 οἰ
2463 4305 2537 4386 μὴ
2577 4307 2922 4372 πιστεύοντες
2953 4309 3238 4381 πρότερον,
3296 4311 3604 4382 θαυμαστοὶ

2028 4395 2120 4448 καὶ
2145 4399 2462 4466 περιφανεῖς
2483 4399 2771 4467 γεγόνασιν
2800 4400 3043 4472 ὕστερον.
3071 4403 3202 4455 Ὅτε
3228 4402 3360 4472 γοῦν
3387 4406 3468 4466 είς
3506 4405 3603 4458 Ὶε-

2031 4483 2298 4554 ροσόλυμα
2325 4485 2553 4555 ἀνῆλθον
2572 4487 2622 4538 οί
2643 4488 2772 4558 περὶ
2807 4489 3016 4543 Παῦλον
3033 4489 3150 4563 [78]
3179 4491 3464 4562 δογμάτων
3487 4493 3602 4546 ἐνε-

2027 4590 2141 4638 κεν,
2177 4575 2313 4644 πρὸς
2341 4576 2504 4629 αὑτὸν
2531 4578 2577 4610 ⁹⁰
2604 4578 2807 4643 εὐθέως
2835 4582 3083 4651 εἰσῆλθον
3117 4583 3183 4636 ⁹¹.
3211 4583 3368 4637 Οὑτω
3395 4584 3502 4653 7&9
3532 4581 3603 4657 ἦν

2027 4663 2353 4732 θαυμαστὸς,
2377 4665 2453 4730 ὡς
2469 4669 2562 4721 καὶ
2580 4669 2681 4738 τὴν
2704 4673 3008 4742 ἐπισκοπὴν
3024 4673 3431 4743 ἐγχειρισθῆναι
3448 4675 3601 4744 πρῶ-

2026 4772 2134 4818 τος.
2164 4757 2299 4808 Φασὶ
2330 4757 2385 4810 δὲ
2413 4759 2573 4812 αὑτὸν
2601 4763 2695 4813 καὶ
2720 4761 3108 4834 σκληραγωγίᾳ
3154 4766 3446 4836 προσέχειν
3478 4785 3601 4820 τοσ-

2027 4843 2185 4914 αύτῃ,
2210 4843 2287 4906 ὼς
2310 4844 2404 4897 καὶ⁵
2431 4845 2499 4898 τὰ
2527 4846 2660 4917 μέλη
2695 4849 3030 4919 νεκρωθῆναι
3074 4853 3290 4908 ἅπαντα
3310 4895 3324 4918 ,
3369 4856 3460 4909 καὶ
3491 4859 3600 4912 ἀπὸ

364 4939 623 5006 εγερθεὶς
644 4937 711 4991 δὲ
738 4939 1004 5008 όἾωσὴςο
1033 4940 1151 4994 ἀπὸ
1173 4941 1280 4993 τοῦ
1310 4941 1524 5005 ὕπνου,
1546 4941 1834 5008 ἐποίησεν
1851 4943 1932 5005 ὡς
2035 4933 2122 5002 τῆς
2153 4933 2409 5004 συνεχοῦς
2434 4935 2617 5005 εὐχῆς,
2654 4938 2874 5006 καὶτῆς
2900 4940 3180 5010 διηνεκοῦς
3211 4946 3348 5012 πρὸς
3385 4948 3448 5000 τὸ
3481 4949 3596 5002 ἐδα-

369 5026 738 5099 προσέτάξεν
794 5033 951 5099 αὐτῷ
979 5038 1014 5089 ὁ
1044 5035 1296 5104 ἄγγελος
1345 5035 1581 5103 Κυρίου.
1642 5029 1792 5096 Εἶδες
1832 5036 1931 5087 ὑπ⁹

373 5126 556 5195 ακοὴν,
581 5126 674 5179 καὶ
689 5127 994 5196 καταπειθῆ
1007 5127 1244 5206 διάνοιαν
1263 5145 1278 5193 ;
1305 5122 1445 5190 εἶδες
1461 5127 1635 5196 ψυχὴν
1655 5127 1933 5196 διεγηγερ-

437 5282 485 5318 ⁹³
511 5283 573 5338 τό
604 5299 715 5338 om.
746 5282 902 5338 D.‘F.

977 5281 1655 5356 "_cxé).._§7év._gai]_xa}
1683 5284 1834 5356 σκύλ.
1862 5283 2088 5356 ἐγέν.(2.
2119 5286 2180 5340 D.
2219 5285 2282 5341 ιτ.
2312 5285 2412 5356 Ep.

2031 5041 2123 5092 ρος
2148 5025 2366 5094 ὁμιλίας
2383 5028 2444 5079 τὸ
2475 5029 2723 5097 μέτωπον
2745 5030 2917 5096 οὕτως
2950 5034 3097 5104 αὑτῷ
3143 5039 3596 5111 κατεσκληκέναι,

2032 5117 2099 5179 ,ὸς
2133 5118 2298 5187 μηδὲν
2335 5117 2555 5188 ἄμεινον
2581 5122 2820 5188 γονάτων
2865 5125 3111 5195 καμήλου
3143 5128 3445 5186 διακεῖσθαι
3493 5135 3595 5204 τῆς

2507 5287 2702 5373 ’ἶτάερῖ
2735 5289 2863 5344 θάαο
2885 5289 3107 5373 Erl-“An;

3210 5294 3250 5326 "
3284 5295 3441 5362 μόνον

372 5353 553 5433 Ερμδέ
594 5353 766 5433 μόνον,
787 5354 852 5433 Βἶ
869 5355 942 5433 ᾗ.
1017 5351 1370 5433 ⁷ζ.περί]“8ἱς
1398 5351 1686 5433 βιικῖξιιῑιι.
1717 5353 1808 5405 ἐπί
1842 5351 1911 5433 Ι),

2028 5355 2277 5433 ’ἐγένετο
2306 5351 2372 5408 Di
2435 5357 2507 5433 ft
2539 5351 2859 5433 ὑπιξπτευεν
2977 5361 3036 5417 F.
3071 5364 3169 5433 Ep.
3243 5351 3294 5396 '5
3322 5351 3469 5433 οὔτε]
3501 5358 3592 5414 Sic

369 5419 429 5492 Ἐξ
456 5422 552 5492 Ep.
585 5419 766 5476 émleri
801 5423 940 5476 οὐδέ.

1045 5419 1090 5452 ⁸¹
1125 5419 1422 5492 παρέλαϐε]
1444 5419 1578 5475 ιιιΜ.
1608 5421 1734 5492 γὰρ,
1763 5423 1895 5491 φησί
1928 5421 2065 5477 Edd.

534 5491 903 5564 διωρισμένον⁴
921 5531 958 5545 ..
999 5490 1218 5564 χρόνονς
1236 5490 2004 5564 Διωρισμένου-χρόνουΕιηὴ.

2168 5427 2214 5496 af
2241 5424 2508 5496 πονηράν]
2539 5427 2594 5481 δέ
2625 5429 2684 5484 F.
2730 5428 2828 5495 Ep.
2908 5430 2956 5462 ⁸³
3007 5424 3193 5487 8ἰοἈ.
3225 5433 3284 5487 C.
3319 5424 3497 5486 σκιά-ἰ
3531 5438 3591 5482 ut

2108 5493 2157 5569 '3’
2177 5492 2264 5548 STC
2292 5492 2395 5569 Ep:
2417 5492 2757 5569 ἐπέστρεψεν
2779 5492 2840 5555 ἰ).
2873 5499 2935 5556 F.
3040 5504 3086 5536 ⁸⁸
3117 5502 3352 5555 ἐνταῦθα
3387 5501 3589 5555 habent

366 5556 424 5614 Ι).
449 5559 510 5614 F.
545 5556 712 5641 Eu'i‘h.
734 5556 1212 5641 ᾉιιοΑςιιιΪὺιΞιενί
1242 5556 1521 5641 οῐηὶιιμηι.
1595 5556 1760 5641 δεῖκαὶ
1791 5562 1912 5641 λὲγο

2031 5556 2435 5641 ...δικαιοσύνη
2467 5556 2952 5641 καίΪΗίεε-νεηιο,
2978 5588 3097 5641 quae
3120 5573 3317 5641 desunt
3347 5571 3402 5623 in
3426 5570 3586 5641 (τοίω.

367 5637 584 5700 tuemur
616 5628 713 5700 Ep.
747 5630 1035 5700 An.iArm.
1070 5631 1188 5700 Mox
1217 5640 1336 5699 post
1365 5631 1584 5700 εἰρήνηῑ
1620 5630 1828 5684 addunt
1863 5628 1912 5684 ἐκ

2056 5632 2235 5694 λέγειν
2267 5628 2459 5691 οιηηεέ

2501 5635 2696 5709 printer
2896 5643 2940 5671 δ’
2973 5635 3168 5709 ταῦτα]
3201 5641 3326 5694 add.
3363 5640 3587 5708 ἐσίγησε

367 5701 425 5753 Δ.
454 5698 512 5751 Β.
544 5700 604 5753 C.
640 5697 702 5750 Ε.
779 5699 823 5732 ³⁸
850 5698 1087 5839 Μαρίας]
1117 5697 1240 5752 add}
1266 5703 1294 5753 ὁ
1332 5697 1628 5770 Ἰωσῆφῖλ
1704 5700 1747 5732 ⁸³
1779 5701 1912 5752 αύτο

367 5767 544 5820 αὐτῶν
567 5767 738 5833 λέγει.
814 5767 860 5798 ⁹⁰
896 5768 1057 5821 αὑτὸν
1122 5769 1540 5839 Ἰάκωϐον-ΕΜ.
1615 5771 1661 5801 ⁹¹
1695 5769 1912 5839 εἰσῆλθο

2026 5702 2193 5754 εκάλει
2223 5704 2402 5773 (καλεῖ
2426 5697 2518 5773 Μ
2552 5703 2749 5774 λέγων]
2780 5709 2868 5762 Sic
2913 5709 2973 5762 ι).
3009 5708 3070 5764 F.
3104 5697 3207 5764 Αῖι.
3237 5711 3422 5766 caueri
3457 5697 3588 5783 ἐτέρι

2026 5772 2227 5839 ινῆλθον
2253 5776 2310 5839 Ο,
2334 5771 2496 5839 ἦλθον
2532 5779 2593 5830 Λ.
2625 5777 2683 5831 Β,
2712 5776 2873 5839 ἦλθεν
2900 5777 2957 5829 Ε.
3372 5833 3387 5839 ,

359 5767 544 5820 αὐτῶν
567 5767 738 5833 λέγει.
814 5767 860 5798 ⁹⁰
896 5768 1057 5821 αὑτὸν

1122 5769 1540 5841 Ἰάκωϐον-ΕΜ.
1615 5771 1661 5801 ⁹¹
1695 5769 1965 5841 εἰσῆλθον]
2001 5769 2310 5842 ἀνῆλθονὈ,
2334 5769 2510 5844 ἦλθον
2532 5779 2593 5830 Λ.
2625 5769 2683 5831 Β,
2712 5769 2873 5848 ἦλθεν
2900 5777 2957 5829 Ε.

3500 5291 3592 5345 Sic
3693 5338 3712 5356 ,
