4058 6208
474 253 538 309 59
1176 227 1235 280 Β.
1274 220 1550 278 JOANNIS
1586 214 2053 274 CIIRYSOSTOMI
2088 213 2405 271 ARCHIEP.
2445 212 2974 270 CONS'I'ANTINOP.
3648 210 3716 264 (ιθ

476 326 791 411 οντιτυπίας
824 345 1010 399 ’ἐνεκεν
1036 325 1206 411 αὐτῆς
1235 341 1300 391 ’⁸.
1334 328 1502 397 Οὗτος
1550 333 1642 386 καὶ
1689 332 1780 384 τὸν
1830 328 2037 381 Παῦλον

483 440 623 511 μετά
651 438 822 491 ταῦτα
847 436 1007 489 πάλιν
1036 435 1114 496 είς
1140 436 1209 484 τά
1239 427 1583 499 Ἰεροσόλυμα
1615 422 1905 475 ἀνελθόντα
1948 422 2067 490 ῥυο,

481 509 666 599 θμίζει
718 527 919 594 λέγων’
974 521 1235 589 Θεωρεῖς,
1266 516 1512 585 ἀδελφέ,
1544 516 1739 599 πόσαι.
1760 509 2046 581 μυριάδες

480 596 593 667 sic!
643 614 762 668 τῶν
796 610 1317 680 συνεληλυθότων.
1375 602 1625 670 Τοσαύτη
1678 598 1745 671 ἦν
1791 598 1956 652 αὑτοῦ
2006 596 2039 664 ή

482 702 709 763 σύνεσις,
734 705 827 756 καὶ
852 705 879 754 6
912 701 1071 770 ζῆλος
1092 716 1106 731 ·
1146 697 1345 769 μᾶλλον
1368 696 1425 748 δὲ
1464 691 1698 759 τοσαύτη
1728 692 1762 759 ἡ
1789 686 1882 741 τοῦ
1909 689 2046 758 Χρι-

482 795 604 847 στοῦ
627 795 871 864 δύναμις.
898 796 959 846 Ol
982 794 1089 864 γὰρ
1111 790 1456 861 διασύροντες
1485 785 1646 838 αὑτὸν
1676 781 1873 845 ζῶντα,
1910 777 2049 849 μετὰ

482 885 537 937 16
573 884 857 937 ἀποθανεῖν
893 884 1065 946 οὕτως
1096 883 1141 914 ’³
1179 880 1577 946 ἐξεπλάγησαν,
1614 874 1688 936 ώς
1720 871 1813 925 καὶ
1846 868 2051 922 ἀποθα-

482 977 586 1026 νεῖν
616 974 752 1044 ὑπὲρ
782 974 948 1028 αὑτοῦ
991 972 1127 1043 μετά
1161 970 1361 1039 πολλῆς
1400 968 1501 1036 τῆς
1529 963 1836 1036 προθυμίας
1857 976 1869 988 ·
1908 961 2051 1029 άπερ

481 1062 711 1130 μάλιστα
739 1063 975 1115 δείκνυσι
1002 1062 1100 1129 τῆς
1127 1059 1473 1119 ἀναστάσεως
1495 1056 1592 1125 τὴν
1617 1052 1789 1121 ἰσχύν.
1825 1048 1921 1101 Διὰ
1944 1048 2053 1118 γάρ

481 1168 559 1204 τοι
582 1152 739 1204 τοῦτο
767 1154 835 1205 τά
862 1153 1216 1222 λαμπρότερα
1242 1148 1465 1217 ὕστερον
1486 1146 1753 1213 ἐτηρεῖτο,
1775 1141 1859 1193 ἴνα
1879 1140 2055 1206 ἀναμ-

482 1242 809 1310 φισϐήτητος
831 1242 968 1310 αὕτη
992 1243 1025 1310 ἡ
1046 1239 1315 1302 ἀπόδειξις
1339 1237 1583 1305 γένηται.
1614 1235 1676 1285 Εἰ
1699 1232 1806 1301 γὰρ
1830 1227 2055 1283 καὶτῶν

484 1331 540 1380 ἐν
572 1331 640 1399 τῇ
670 1328 780 1397 ζωῇ
805 1328 1231 1396 Θαυμαζομένων
1263 1327 1391 1395 παρ’
1416 1326 1544 1393 ἡμῖν
1574 1320 1910 1374 ἀπελθόντων
1932 1318 2055 1369 ἐπι-

485 1416 875 1484 λανθανόμεθα,
904 1415 1018 1477 πῶς
1046 1416 1094 1466 οἱ
1118 1414 1164 1445 ³⁸
1188 1413 1365 1475 ζῶντα
1384 1407 1821 1478 διαχλευάζοντες
1845 1404 2052 1468 τοῦτον,

487 1506 713 1577 ὕστερον
745 1506 875 1557 Θεὸν
908 1500 1046 1557 εἶναι
1078 1503 1354 1571 ἐνόμισαν,
1392 1502 1440 1552 εί
1464 1499 1570 1551 τῶν
1601 1496 1807 1550 πολλῶν
1836 1491 1915 1557 εἷς
1944 1490 2011 1564 ἦν
2037 1508 2052 1557 ;

488 1597 605 1660 πῶς
626 1599 669 1649 δ’
702 1597 765 1649 ἂν
797 1597 934 1664 ὑπὲρ
963 1592 1123 1646 αὐτοῦ
1160 1594 1250 1646 καὶ
1289 1591 1557 1660 σφαγῆναι
1610 1587 1978 1650 κατεδέξαντο,
2006 1585 2055 1637 εί

491 1691 566 1759 μὴ
600 1688 742 1756 σαφῆ
777 1688 873 1755 τῆς
905 1684 1252 1745 ἀναστάσεως
1294 1681 1481 1733 ἔλαϐον
1519 1681 1617 1747 τὴν
1648 1675 1953 1740 ἀπόδειξιν;

556 1776 622 1828 δ’.
646 1776 690 1807 ⁸⁸
706 1773 888 1826 Ταῦτα
905 1773 961 1825 δὲ
978 1773 1077 1841 ούχ
1093 1772 1178 1823 ἵνα
1195 1768 1427 1838 ἀκούητε
1445 1768 1491 1799 ⁹⁶
1510 1766 1738 1834 λέγομεν
1760 1758 2058 1832 μόνον,ἀλλ’

490 1868 577 1920 ῐνα
601 1867 695 1920 καὶ
732 1864 971 1937 μιμῆσθε
998 1864 1098 1931 τήν
1126 1878 1183 1913 τε
1215 1862 1258 1891 ⁸⁷
1292 1858 1541 1927 ἀνδρείαν
1561 1898 1577 1922 ,
1616 1856 1715 1925 τήν
1740 1870 1798 1907 τε
1848 1853 2063 1922 παῤῥη-

490 1959 631 2020 σίαν,
665 1958 765 2026 τήν
786 1972 844 2007 τε
870 1952 1215 2022 δικαιοσύνην
1238 1951 1454 2004 ἃπασαν
1478 1965 1493 1979 ο
1520 1948 1607 1999 ἵνα
1643 1945 1830 2016 μηδεὶς
1870 1940 2061 1995 ἐαυτοῦ

492 2048 843 2120 ἀπογινώσκῃ
867 2087 882 2110 ,
941 2046 1044 2099 κάν
1077 2044 1183 2115 πρὸ
1212 2044 1401 2095 τούτου
1456 2040 1695 2111 ῥᾴθυμος
1722 2034 1788 2109 ἦν
1812 2053 1825 2066 ⁸
1864 2036 1949 2088 ἵνα
1986 2037 2065 2098 είς
2092 2068 2097 2073 ο

494 2142 659 2213 μηδὲν
695 2140 879 2208 ἕτερον
912 2137 1011 2207 ἔχη
1042 2136 1140 2198 τὰς
1172 2134 1426 2197 ἐλπίδας,
1479 2130 1618 2202 μετά
1665 2128 1753 2182 τὸν
1782 2128 1927 2181 ἐλεον
1972 2126 2064 2178 τοῦ

494 2232 650 2293 Θεοῦ,
688 2231 801 2284 ἀλλ’
834 2232 913 2293 είς
946 2229 1146 2299 ἀρετὴν
1172 2224 1397 2279 οἰκείαν.
1433 2224 1496 2275 El
1525 2222 1631 2293 γάρ
1652 2213 1796 2272 οὗτοι
1831 2216 1941 2290 [79]
1966 2217 2067 2285 τῆς

501 2325 747 2394 τοιαύτης
783 2324 935 2377 ούδέν
962 2320 1249 2374 ἀπώναντο
1280 2314 1617 2384 συγγενείας,
1662 2312 1755 2365 καὶ
1795 2310 1941 2362 οἴκου
1976 2308 2068 2361 καὶ

496 2418 730 2487 πατριᾶς
758 2416 860 2480 τῆς
890 2413 1061 2482 αὐτῆς
1121 2411 1277 2472 ὄντες
1318 2408 1396 2477 τῷ
1431 2403 1651 2475 Χριστῷ
1675 2443 1689 2466 ,
1735 2402 1840 2464 ἕως
1869 2399 2068 2470 ἀρετὴν

496 2506 856 2571 ἐπεδείξαντο,
880 2503 1022 2564 τίνος
1042 2499 1383 2570 δυνησόμεθα
1414 2492 1717 2549 ἀπολαῦσαι
1745 2488 2070 2559 συγγνώμης

499 2599 676 2666 ἡμεῖς,
708 2596 987 2661 συγγενεῖς
1014 2593 1107 2645 καὶ
1137 2589 1397 2657 ἀδελφοὺς
1428 2585 1668 2646 δικαίους
1702 2579 2071 2652 προϐαλλόμε-

499 2702 595 2749 νοι,
626 2683 692 2735 ἀν
722 2683 797 2751 μὴ
828 2682 1033 2750 σφόδρα
1059 2674 1207 2749 ὦμεν
1252 2677 1512 2737 ἐπιεικεῖς
1555 2675 1649 2726 καὶ
1678 2672 1735 2724 ἐν
1774 2672 1941 2741 ἀρετῇ
1979 2667 2069 2737 βε-

499 2773 791 2837 ϐιωκότες;
826 2772 934 2825 Kal
958 2771 1064 2840 γὰρ
1088 2771 1116 2822 6
1140 2768 1421 2837 προφήτης
1464 2763 1596 2817 αὐτὸ
1638 2761 1796 2815 10610
1849 2758 2073 2812 αίνιττό-

498 2883 654 2936 μενος
684 2864 869 2932 ἔλεγεν
891 2880 904 2893 ο
949 2860 1228 2929 Ἀδελφὸς
1246 2861 1317 2912 οὐ
1344 2856 1684 2925 λυτροῦται,
1706 2851 2071 2919 λυτρώσεται

499 2958 837 3023 ἄνθρωποςς
866 2954 968 3008 κάν
994 2955 1234 3023 Μωῦσῆς
1263 2948 1321 3024 ᾖ,
1355 2949 1455 3002 κᾶν
1484 2946 1752 3017 Σαμουὴλ,
1778 2943 1880 2997 κάν
1909 2943 2069 3013 Ἰερε-

502 3050 649 3118 μίας.
681 3049 946 3098 ’Λκουσον
975 3044 1103 3112 γοῦν
1132 3042 1184 3094 τί
1209 3057 1340 3109 φησι
1367 3038 1501 3108 πρὸς
1534 3035 1694 3088 αὑτὸν
1715 3036 1743 3085 6
1770 3032 1932 3094 Θεός·
1974 3029 2070 3097 Μὴ

504 3138 845 3205 προσεύχου
862 3134 1011 3200 ὑπὲρ
1029 3131 1134 3185 τοῦ
1150 3130 1301 3185 λαοῦ
1318 3131 1554 3186 τούτου,
1576 3126 1664 3177 ὅτι
1680 3126 1790 3177 οὐκ
1805 3122 2075 3177 εἰσακού-

504 3200 685 3297 σομαί
702 3200 841 3279 ἀὸυ.
867 3225 976 3276 Kal
998 3223 1050 3274 τί
1080 3219 1380 3291 θαυμάζεις
1400 3220 1447 3270 εί
1473 3216 1567 3269 σοῦ
1593 3216 1693 3268 ούκ
1721 3213 1933 3278 ἀκούω;
1965 3200 2074 3265 Kal

506 3319 612 3385 γὰρ
636 3316 797 3378 αὐτὸς
817 3317 845 3367 6
871 3312 1133 3380 Μωῦσῆς,
1164 3310 1348 3381 φησὶν,
1370 3310 1416 3362 εί
1446 3308 1646 3378 παρῆν,
1678 3306 1773 3358 xal
1800 3302 2070 3373 Σαμουὴλ,

507 3414 605 3465 ούκ
635 3411 701 3463 ἂν
731 3410 910 3462 αὐτῶν
940 3407 1209 3477 ἐδεξάμην
1244 3406 1341 3475 τὴν
1377 3404 1516 3473 ὑπὲρ
1545 3401 1745 3455 τούτων
1769 3404 2069 3473 ίκετηρίαν.

510 3503 628 3556 Κάν
671 3500 925 3570 Ἰεζεκιὴλ
1020 3501 1048 3550 6
1088 3495 1441 3568 παρακαλῶν,
1470 3495 1784 3559 ἀκούσεται,
1817 3496 1899 3547 ὅτι
1941 3488 2076 3545 Ἐὰν

509 3593 629 3661 στῇ
656 3592 801 3656 Νῶε,
838 3592 935 3645 καὶ
984 3590 1131 3652 Ἰὼϐ,
1161 3591 1253 3643 καὶ
1284 3590 1525 3655 Δανιὴλ,
1549 3588 1717 3652 υἱοὺς
1742 3585 1939 3640 αὐτῶν
1976 3583 2075 3638 καὶ

511 3685 836 3753 θυγατέρας
863 3686 933 3737 οὐ
976 3682 1055 3750 μὴ
1088 3680 1427 3743 ἐξέλωνται.
1468 3678 1584 3731 Κάν
1633 3677 1881 3747 Ἀϐραὰμ
1913 3678 1941 3727 6
1972 3691 2070 3726 πα-

511 3776 775 3847 τριάρχης
903 3773 1042 3843 ύπέρ
1085 3772 1193 3824 τῶν
1211 3771 1258 3803 ⁹⁸
1293 3770 1497 3840 σφόδρα
1545 3767 1737 3820 ἀνίατα
1783 3766 2079 3819 νοσούντων

512 3867 606 3919 καὶ
632 3864 706 3935 μὴ
732 3861 1215 3933 μεταϐαλλομένων
1228 3856 1877 3930 δεόμενος,ἀπελεύσεται
1899 3856 1927 3907 6
1948 3854 2080 3917 Θεὸς

511 3957 675 4011 αὐτὸν
717 3955 1210 4026 ἐγκαταλιμπάνων
1252 3955 1320 4019 ⁹⁹,
1369 3951 1509 4005 ὥστε
1555 3951 1628 4021 μὴ
1675 3948 1928 4013 δέξασθαι
1981 3947 2080 4017 τὴν

513 4050 654 4120 ὑπὲρ
697 4048 901 4101 τούτων
934 4048 1135 4117 φωνήν.
1172 4045 1290 4099 Κάν
1331 4039 1637 4116 Σαμουὴλῇ
1678 4041 1837 4095 πάλιν
1866 4041 1894 4092 6
1926 4038 2085 4092 10610

517 4142 701 4203 ποιῶν,
729 4143 845 4211 ἐρεῖ
866 4139 1002 4211 πρὸς
1022 4138 1183 4192 αὐτόν
1200 4154 1214 4170 ο
1233 4136 1328 4206 Μὴ
1355 4126 1557 4189 πένθει
1578 4134 1709 4201 περὶ
1731 4133 1837 4187 τοῦ
1861 4132 2078 4185 Σαούλ.

512 4233 633 4286 Κάν
657 4233 797 4302 ὑπὲρ
834 4232 1068 4300 ἀδελφῆς
1110 4247 1194 4292 τις
1235 4228 1527 4298 παρακαλῇ
1565 4228 1637 4295 μὴ
1677 4224 2081 4296 προσηκόντως,

513 4322 802 4374 ἀκούσεται
840 4321 1000 4373 πάλιν
1046 4319 1181 4387 ὅπερ
1225 4317 1498 4385 Μωῦσῆς·
1548 4318 1618 4368 Εἰ
1670 4314 1946 4381 ἐμπτύων
1992 4313 2086 4363 ἐν·

514 4411 779 4463 ἐπτυσεν
812 4412 843 4461 ό
882 4406 1079 4473 πατὴρ
1110 4408 1196 4469 εὶς
1226 4405 1290 4459 τὸ
1330 4405 1652 4472 πρόσωπον
1676 4401 1882 4466 αὐτῆς.
1908 4400 1998 4468 Μὴ
2022 4398 2085 4468 δὴ

519 4499 651 4568 πρὸς
684 4497 901 4567 ἐτέρους
921 4490 1072 4566 ὦμεν
1092 4493 1401 4564 κεχηνότες.
1430 4494 1651 4561 Ἔχουσι
1679 4490 1774 4558 μὲν
1796 4492 1903 4557 γάρ
1928 4489 2084 4539 δύνα-

524 4606 613 4659 μιν
641 4590 697 4642 al
725 4589 879 4659 εὐχαὶ
908 4587 1016 4640 τῶν
1037 4584 1210 4653 ἁγίων
1231 4584 1513 4654 μεγίστην,
1536 4581 1650 4633 ἀλλ’
1663 4581 1789 4632 ὃταν
1813 4580 1905 4632 καὶ
1927 4580 2088 4647 ἡμεῖς

525 4681 873 4751 μετανοῶμεν
904 4678 996 4732 καὶ
1016 4673 1297 4745 γινώμεθα
1326 4672 1586 4743 βελτίους.
1626 4669 1779 4721 Ἐπεὶ
1807 4668 1901 4721 καὶ
1934 4668 2088 4720 Μωῦο

522 4773 620 4841 σῆς
644 4774 735 4825 τὸν
762 4770 988 4839 ἀδελφὸν
1018 4769 1110 4822 16v
1145 4764 1338 4820 ἑαυτοῦ
1383 4763 1477 4815 καὶ
1520 4760 1786 4831 μυριάδας
1827 4758 2089 4828 ἐξήκοντα

521 4864 621 4932 τῆς
654 4863 912 4932 θεηλάτου
947 4862 1067 4913 τότε
1097 4861 1113 4891 ¹
1153 4858 1324 4929 ὀργῆς
1358 4854 1693 4925 ἐξαρπάσας.
1722 4851 1819 4922 τὴν
1859 4850 2091 4920 ἀδελφὴν

521 4955 622 5007 οὐκ
655 4954 871 5022 ίσχυσεν
906 4950 1179 5016 ἐξελέσθαι
1199 4965 1210 4978 '
1244 4948 1486 5015 καίτοιγε
1528 4945 1628 4997 οὐκ
1677 4943 1790 4996 ίσον
1821 4940 1881 4994 τὸ
1908 4940 2091 5011 ἀμάρ-

524 5063 674 5116 τημα
701 5041 800 5115 ῆν·
832 5042 1013 5111 ἐκείνη
1058 5040 1155 5110 μὲν
1189 5039 1300 5110 γὰρ
1326 5036 1416 5091 16v
1446 5034 1683 5089 Μωῦσέα
1719 5033 1970 5103 ὕϐρισεν·
2011 5033 2094 5083 ἐν-

525 5136 699 5191 ταῦθα
738 5135 795 5189 δὲ
827 5131 1047 5187 ἀσέϐεια
1076 5127 1144 5200 ἦν
1175 5130 1237 5182 16
1268 5127 1556 5199 τολμηθὲν.
1604 5124 1761 5177 Ἀλλά
1795 5122 1951 5175 10610
1998 5122 2093 5190 μὲν

529 5231 659 5300 ὑμῖν
687 5227 887 5298 ἀφίημι
917 5228 978 5281 τὸ
1008 5227 1256 5296 ζήτημα’
1286 5222 1347 5276 16
1375 5222 1429 5273 δέ
1457 5219 1535 5272 ἔτι
1572 5216 1758 5271 τούτου
1790 5210 2096 5284 χαλεπώτε-

533 5340 624 5396 ρον
674 5320 925 5375 ἐπιλῦσαι
969 5317 1320 5389 πειράσομαι.
1360 5313 1425 5366 Τί
1476 5310 1585 5381 γὰρ
1628 5307 1734 5379 χρὴ
1776 5306 1954 5375 λέγειν
1999 5304 2097 5373 τὴν

529 5392 796 5484 ἀδελφήν;
840 5411 898 5465 '0
946 5409 1055 5480 γὰρ
1096 5406 1350 5462 τοσούτου
1394 5404 1565 5473 δήμου
1607 5398 1870 5471 προστὰς,
1923 5392 2099 5463 ἐαυτῷ

607 5529 653 5559 ³⁸
675 5519 868 5592 αὐτῆς]
900 5518 1102 5588 ταύτης
1134 5516 1194 5572 Β.
1220 5516 1323 5585 τῆς
1350 5511 1543 5581 αὐτῆς.

537 5595 630 5656 ζον
662 5594 721 5646 F.
824 5594 867 5624 "
901 5588 1183 5642 ΗΘΙΚΟΝ.
1220 5587 1343 5639 Ὅτι
1369 5582 1543 5656 ού-δεῖ

572 5614 630 5647 ον
663 5614 721 5646 ι’.

1618 5508 1668 5541 ⁸⁸
1688 5505 1886 5577 οὕτως]
1910 5504 2035 5577 add:
2059 5500 2219 5577 a616_v
2254 5495 2409 5577 DLK.
2445 5565 2457 5577 .
2484 5490 2750 5577 "-1163;A0}

2169 333 2399 402 ἀρκέσαι
2438 335 2538 387 ούκ
2568 335 2804 403 ἴσχυσεν,
2843 329 2954 402 [80]
3001 326 3137 381 ἀλλά
3170 322 3306 395 μετὰ
3343 322 3467 382 τοὺς
3500 317 3725 388 μυρίους

2171 427 2363 488 πόνους
2386 423 2590 487 καὶτὰς
2614 419 3003 490 ταλαιπωρίας,
3026 417 3119 469 καὶ
3130 415 3227 484 τὴν
3239 413 3298 464 ἐν
3319 408 3723 479 τεσσαράκοντα

2171 519 2315 571 ἐτεσι
2356 517 2706 589 προσεδρείαν
2756 516 2799 577 ²,
2845 511 3111 565 ἐκωλύετο
3156 506 3256 574 τῆς
3303 505 3406 572 γῆς
3450 499 3726 567 ἐπιϐῆναι,

2173 610 2312 679 ὑπὲρ
2438 584 3029 674 ἐπαγγελίαιτοσαύται
3061 597 3155 650 καὶ
3186 593 3529 661 ὑποσχέσεις.
3557 589 3620 640 Τί
3641 584 3727 640 οὖν

2166 690 2230 743 16
2252 673 2455 754 avi1z6v;
2491 673 2604 742 Ούκ
2645 687 2712 754 ἢν
2742 681 3091 737 λυσιτελοῦσα
3131 681 3166 749 ὴ
3204 679 3362 748 χάρις
3400 675 3564 742 αὕτη,
3594 673 3725 724 ἀλλά

2167 784 2260 833 καὶ
2296 781 2429 834 πολὺ
2462 780 2524 831 16
2570 777 2762 848 βλάϐος
2788 775 3004 844 ἔχουσα,
3048 771 3139 824 καὶ
3179 768 3405 829 πολλοὺς
3444 764 3553 817 τῶν
3594 764 3725 814 ’1ου-

2165 874 2326 926 δαίων
2368 870 2740 933 ὑποσκελίζειν
2768 867 3009 938 ἔμελλεν.
3052 865 3115 915 Εἰ
3143 862 3251 933 γάρ
3279 859 3467 927 ἐπειδὴ
3498 858 3597 925 τῆς
3633 856 3725 907 Αί-

2165 964 2371 1028 γύπτου
2404 965 2569 1034 μόνης
2590 960 2999 1031 ἀπηλλάγησαν,
3026 955 3116 1007 τὸν
3136 953 3267 1005 Θεὸν
3292 950 3540 1017 ἀφέντες,
3573 948 3723 1001 llin-

2168 1058 2262 1110 σέα
2319 1058 2562 1126 ἐζήτουν,
2608 1053 2701 1105 καὶ
2742 1048 2891 1119 αύτῷ
2935 1048 2995 1101 τὸ
3034 1047 3140 1099 πᾶν
3184 1040 3518 1109 ἐλογίζοντο⁶
3551 1039 3599 1089 εἰ
3636 1037 3725 1089 καὶ

2166 1147 2527 1215 εἰσαγαγόντα
2564 1140 2702 1197 εἶδον
2738 1142 2817 1203 εἰς
2844 1138 2940 1209 τὴν
2967 1138 3069 1207 γῆν
3107 1135 3206 1204 τῆς
3239 1129 3592 1198 ἐπαγγελίας,
3625 1126 3724 1179 ποῦ

2165 1240 2264 1293 οὐκ
2307 1239 2372 1291 ἂν
2412 1234 2701 1301 ἐξώκειλαν
2751 1230 3032 1291 ἀσεϐείας;
3080 1226 3179 1279 Διά
3210 1242 3289 1277 τοι
3334 1220 3497 1275 τοῦτο
3547 1219 3668 1273 ούδέ
3697 1218 3725 1267 6

2166 1330 2338 1396 τάφος
2365 1325 2530 1379 αὐτοῦ
2561 1321 2859 1391 κατάδηλος
2891 1319 3102 1386 γέγονε.
3143 1316 3255 1366 Kal
3285 1309 3538 1380 Σαμουὴλ
3559 1309 3615 1361 δέ
3638 1308 3725 1360 τὸν

2170 1420 2266 1489 μὲν
2301 1417 2470 1470 Σαοὺλ
2511 1415 2611 1468 οὐκ
2652 1415 2869 1483 ἴσχυσεν
2905 1404 3209 1470 ἀπαλλάξαι
3257 1403 3357 1472 τῆς
3394 1400 3599 1455 ἀνωθεν
3634 1399 3724 1469 6p-

2165 1513 2288 1578 γῆς.
2318 1510 2445 1570 τοὺς
2489 1506 2545 1558 δὲ
2591 1502 2927 1573 Ἰσραηλίτας
2960 1497 3218 1558 πολλάκις
3255 1492 3500 1546 διέσωσε.
3545 1489 3656 1543 Kal
3700 1491 3728 1541 6

2179 1598 2447 1669 Ἱερεμίας
2483 1594 2754 1656 Ἰουδαίοις
2784 1592 2882 1663 μέν
2911 1590 3011 1643 οὐκ
3032 1589 3285 1659 ἤρκεσεν,
3314 1586 3502 1653 ἕτερον
3522 1581 3580 1634 δέ
3610 1597 3727 1632 τινα

2168 1689 2434 1757 ἐκάλυψεν
2462 1689 2521 1739 ἐν
2554 1688 2620 1755 τῇ
2662 1680 2987 1753 προφητείᾳ.
3029 1677 3142 1731 Kal
3176 1677 3206 1729 6
3231 1673 3431 1743 Δανιὴλ
3468 1672 3596 1734 τοὺς
3632 1670 3728 1740 μὲν

2170 1780 2474 1851 βαρϐάρους
2498 1774 2727 1841 ἐξείλετο
2759 1767 3174 1840 σφαττομένους,
3199 1766 3325 1827 τοὺς
3355 1762 3413 1815 δὲ
3446 1760 3728 1822 Ἰουδαίους

2166 1870 2266 1924 οὐκ
2296 1867 2525 1934 ἐξείλετο
2543 1859 3126 1934 αἰχμαλωτιζομένους.
3142 1856 3250 1910 Καὶ
3275 1856 3331 1907 ἐν
3353 1855 3462 1917 τοῖς
3492 1852 3730 1919 Εὐαγγε-

2168 1960 2304 2020 λίοις
2323 1958 2381 2013 δὲ
2410 1954 2656 2026 ὀψόμεθα
2678 1953 2779 2004 οὐκ
2808 1949 2892 2020 ἐφ’
2913 1947 3134 2019 ἐτέρων,
3162 1945 3274 2001 ἀλλ’
3297 1945 3391 1997 ἐπὶ
3415 1942 3525 1996 τῶν
3552 1941 3729 1996 αὐτῶν

2169 2051 2452 2122 ἀμφότερα
2490 2045 2663 2100 ταῦτα
2710 2042 2969 2111 γινόμενα
2992 2054 3007 2067 ⁸
3053 2038 3148 2091 καὶ
3183 2037 3274 2089 τὸν
3311 2033 3472 2087 αὐτὸν
3502 2031 3597 2087 νῦν
3633 2031 3729 2102 μὲν

2168 2120 2477 2211 ἀρκέσαντα
2510 2132 2707 2202 ἐαυτῷ,
2742 2131 2838 2185 νῦν
2883 2128 2940 2182 δὲ
2978 2124 3382 2198 προδεδομένον.
3423 2122 3486 2177 ’0
3526 2122 3634 2192 γὰρ
3665 2120 3730 2174 τὰ

2174 2209 2341 2301 μυρία
2377 2226 2612 2280 τάλαντα
2658 2220 2917 2290 ὀφείλων,
2969 2216 3063 2271 καὶ
3108 2215 3341 2279 ἐξείλετο
3393 2211 3585 2264 ἐαυτὸν
3635 2209 3729 2262 106

2170 2298 2414 2375 κινδύνου
2445 2316 2678 2386 δεηθεὶς,
2713 2312 2805 2365 καὶ
2838 2309 2998 2363 πάλιν
3040 2307 3138 2360 ούκ
3166 2305 3409 2373 ἴσχυσεν·
3441 2302 3627 2370 ἐτερος
3674 2298 3730 2352 δὲ

2170 2411 2539 2481 ἀντιστρόφως
2569 2406 2832 2475 πρότερον
2881 2399 3068 2454 ἐαυτὸν
3109 2396 3368 2466 προδοὺς,
3410 2391 3634 2460 ὕστερον
3664 2388 3729 2441 τά

2174 2479 2409 2575 μέγιστα
2435 2497 2609 2567 ἐαυτῷ
2641 2495 2901 2565 βοηθῆσαι
2933 2494 3139 2575 ἴσχυσε.
3174 2486 3268 2575 Τίς
3304 2479 3725 2575 δέοὖτόςέστινς

2181 2590 2240 2641 '0
2272 2588 2370 2656 τὴν
2408 2581 2667 2652 πατρῴαν
2707 2573 3038 2643 καταφαγὼν
3067 2570 3272 2624 οὐσίαν.
3306 2568 3467 2619 ’Ὥστε
3504 2563 3598 2615 ὲάν
3635 2562 3729 2631 μὲν

2175 2653 2531 2752 ρᾳθυμῶμεν,
2575 2671 2695 2725 οὐδὲ
2734 2662 2800 2721 δι’
2830 2668 3031 2737 ἐτέρων
3055 2657 3395 2732 δυνησόμεθα
3423 2653 3690 2717 σώζεσθαι
3714 2668 3727 2682 ο

2171 2744 2264 2824 ἐάν
2290 2744 2346 2821 δέ
2374 2744 2650 2837 νήφωμεν,
2677 2762 2770 2814 καὶ
2793 2759 2859 2810 δι’
2888 2754 3093 2809 ἐαυτών
3121 2752 3280 2805 τοῦτο
3302 2748 3614 2818 ίσχύσομεν,
3642 2744 3728 2837 καὶ

2171 2823 2236 2913 διί
2287 2823 2495 2911 ἐαυτών
2530 2823 2749 2923 μᾶλλον,
2785 2849 2818 2917 ἢ
2849 2848 2917 2900 δι’
2945 2844 3165 2915 ἐτέρων.
3217 2842 3327 2893 Kal
3372 2838 3480 2908 γὰρ
3526 2838 3554 2888 6
3604 2823 3729 2895 Θεὸς

2173 2951 2301 3018 ἡμῖν
2352 2944 2548 3016 μᾶλλον
2582 2941 2763 2995 δοῦναι
2798 2936 3041 3011 βούλεται
3090 2932 3187 3002 τὴν
3227 2930 3404 2999 χάριν,
3446 2926 3479 2996 ἢ
3528 2923 3731 2994 ἑτέροις

2173 3014 2312 3106 ύπέρ
2355 3014 2547 3103 ημῶν·
2590 3032 2678 3084 ἴνα
2726 3028 2821 3080 καὶ
2873 3022 3183 3095 παρρησίας
3218 3020 3602 3085 ἀπολαύωμεν,
3642 3014 3731 3065 καὶ

2177 3129 2414 3201 βελτίους
2451 3123 2763 3195 γινώμεθα,
2807 3117 3192 3181 σπουδάζοντες
3224 3114 3386 3181 αὑτοῦ
3434 3113 3592 3166 λῦσαι
3637 3112 3733 3180 τὴν

2171 3190 2361 3292 δργήν.
2393 3190 2548 3270 Οὕτω
2568 3190 2664 3284 τὴν
2692 3211 2998 3266 Χαναναίαν
3028 3208 3140 3281 [81]
3178 3209 3406 3278 ἠλέησεν
3424 3223 3438 3236 ·
3464 3190 3611 3257 οὕτω
3641 3205 3734 3274 τὴν

2173 3316 2376 3386 πόρνην
2404 3312 2626 3374 ἔσωσεν,
2655 3306 2796 3361 οὕτω
2830 3306 2922 3359 16v
2956 3303 3175 3375 λῃστὴν,
3202 3299 3412 3362 ούδενδς
3442 3297 3731 3367 γενομένου

2178 3404 2397 3477 μεσίτου
2427 3403 2521 3457 xal
2547 3399 2871 3471 προστάτου.

2252 3567 2315 3631 ε’.
2352 3574 2455 3628 Kal
2494 3572 2665 3626 1a61a
2697 3570 2863 3637 λέγω,
2892 3568 2990 3637 ούχ
3027 3568 3113 3619 ἴνα
3146 3566 3218 3635 μὴ
3254 3562 3583 3631 ίκετεύωμεν
3619 3561 3739 3622 τοὺς

2182 3660 2389 3727 ἁγίους,
2425 3659 2537 3713 ἀλλ’
2567 3658 2653 3711 ἴνα
2690 3658 2763 3727 μὴ
2804 3653 3165 3726 ρᾳθυμῶμεν,
3196 3652 3328 3721 μηδέ
3354 3650 3743 3709 ἀναπίπτοντες

2183 3751 2336 3804 αὐτοὶ
2364 3751 2454 3803 καὶ
2479 3748 2850 3809 καθεύδοντες,
2878 3747 3081 3815 ἐτέροις
3107 3743 3175 3796 τὰ
3197 3743 3317 3795 καθ’
3350 3742 3495 3811 ἡμᾶς
3524 3739 3744 3810 ἐπιτρέ-

2194 3859 2384 3911 πωμεν
2427 3841 2626 3911 μόνοις.
2666 3839 2775 3892 Kal
2814 3838 2921 3909 γὰρ
2955 3814 2983 3868 ³Ϋ
3022 3835 3221 3896 εἰπὼν,
3265 3830 3561 3898 Ποιήσατε
3611 3814 3748 3900 ὑμῖῦ

2186 3935 2425 4002 φίλους,
2468 3932 2568 3985 ούκ
2602 3931 2728 3999 ἔστη
2763 3928 2922 3998 μέχρι
2960 3926 3147 3980 τούτου
3183 3925 3370 3995 μόνον,
3407 3922 3544 3975 ἀλλά
3586 3937 3749 3991 προσ·-

2191 4024 2402 4094 έθηκεν,
2440 4024 2539 4076 Ἐκ
2568 4021 2673 4075 τοῦ
2699 4020 2909 4075 ἀδίκου
2940 4015 3188 4088 μαμωνὰ
3206 4034 3220 4047 ·
3254 4015 3339 4068 ἵνα
3368 4013 3531 4067 πάλιν
3573 4012 3663 4067 σὺν
3692 4011 3752 4063 16

2192 4116 2519 4186 κατόρθωμα
2538 4113 2763 4184 γένηται
2778 4129 2791 4142 ’
2814 4110 2965 4163 ούδέν
2983 4108 3091 4179 γάρ
3115 4107 3298 4179 ἕτερον
3325 4105 3358 4175 ἢ
3386 4102 3750 4173 ἐλεημοσύνην

2192 4206 2425 4259 ἐνταῦθα
2454 4206 2691 4276 ᾐνίξατο.
2744 4203 2850 4256 Kal
2887 4202 2949 4253 16
2982 4200 3047 4270 δὴ
3087 4196 3417 4268 θαυμαστὸν,
3453 4196 3535 4247 ὃτι
3566 4193 3589 4225 ⁸⁵
3636 4190 3749 4245 οὐδὲ

2197 4298 2628 4366 ἀκριϐολογεῖται
2665 4295 2799 4363 πρὸς
2825 4293 2994 4362 ἡμᾶς,
3024 4290 3116 4341 ἐὰν
3141 4286 3467 4355 ἀποστῶμεν
3507 4284 3609 4352 τῆς
3646 4281 3753 4335 ἀδι-

2193 4388 2334 4449 κίας.
2363 4390 2428 4441 Ὃ
2461 4388 2570 4456 γάρ
2603 4386 2749 4452 λέγει
2781 4381 3018 4435 τοιοῦτόν
3045 4381 3189 4432 ἐστιν
3213 4395 3227 4409 ο
3265 4375 3511 4446 Ἐκτήσω
3537 4373 3744 4437 κακῶςς

2195 4479 2470 4532 ἀνάλωσον
2506 4475 2704 4537 καλῶς.
2751 4469 3046 4535 Συνέλεξας
3089 4466 3324 4530 ἀδίκως;
3354 4466 3649 4533 σκόρπισον
3679 4462 3750 4514 δι-

2199 4570 2387 4631 καίως.
2412 4566 2669 4632 Καίτοιγε
2692 4563 2819 4616 ποία
2844 4561 3001 4615 τοῦτο
3034 4557 3201 4629 ἀρετὴ
3224 4557 3286 4609 16
3311 4557 3376 4609 ἐκ
3400 4555 3509 4608 τῶν
3542 4555 3561 4586 ⁸
3584 4552 3755 4606 τοιού-

2197 4679 2305 4715 των
2333 4659 2562 4719 διδόναι;
2597 4655 2734 4707 Ἀλλ’
2752 4655 2901 4723 ὅμως
2925 4652 2953 4704 6
2977 4650 3130 4712 Θεὸς,
3156 4646 3535 4717 φιλάνθρωπος
3550 4642 3650 4706 ὣν,
3667 4641 3758 4695 καὶ

2202 4753 2362 4823 μέχρι
2382 4749 2572 4802 τούτου
2598 4744 2913 4800 καταϐαίνει
2935 4742 2957 4774 ⁸
2973 4758 2984 4773 ’
3020 4739 3122 4794 κᾶν
3136 4737 3277 4792 οὕτω
3302 4734 3562 4805 ποιῶμεν,
3595 4730 3762 4785 πολλὰ

2202 4846 2331 4915 ἡμῖν
2360 4837 2751 4908 ἐπαγγέλλεται
2782 4835 2981 4903 ἀγαθά.
3023 4831 3163 4885 Ἀλλ’
3196 4831 3356 4899 ἡμεῖς
3392 4829 3471 4889 είς
3513 4823 3762 4877 τοσοῦτον

2204 4914 2561 5004 ἀναισθησίας
2583 4930 2809 5000 ἥκομεν,
2836 4926 2912 4990 ώς
2936 4923 3070 4995 μηδὲ
3094 4924 3158 4975 ἐκ
3187 4920 3280 4973 τοῦ
3318 4918 3503 5004 ἀδίκου
3530 4914 3730 4967 διδόναι
3747 4926 3760 4941 ’

2209 5024 2337 5079 ἄλλά
2369 5002 2537 5093 μυρία
2565 5015 2923 5089 ἁρπάζοντες,
2955 5012 3021 5065 ἂν
3061 5006 3345 5062 πολλοστὸν
3393 5002 3557 5074 μέρος
3599 5017 3766 5052 κατα-

2210 5091 2478 5185 ϐάλωμεν,
2503 5111 2563 5165 16
2588 5110 2695 5164 πᾶν
2711 5103 3004 5178 νομίζομεν
3018 5095 3457 5168 πεπληρωκέναι.
3479 5092 3593 5144 Ούκ
3608 5091 3767 5185 ηκου-

2214 5226 2305 5271 σας
2338 5178 2550 5260 Ῑλαύλου
2574 5202 2843 5269 λέγοντος,
2876 5197 2956 5249 ὅτι
2997 5193 3060 5245 '0
3090 5188 3354 5254 σπείρων
3385 5178 3766 5251 φειδομένως,

2209 5268 2568 5371 φειδομένως
2586 5268 2681 5348 καὶ
2710 5291 2951 5359 θερίσει;
2978 5284 3134 5344 Τίνος
3158 5275 3250 5333 οὖν
3275 5276 3459 5371 ἕνεκεν
3483 5271 3637 5371 φείδῃ
3699 5268 3769 5338 μὴ

2215 5360 2322 5462 γὰρ
2372 5360 2636 5456 ἀνάλωμα
2680 5382 2742 5435 16
2796 5374 3028 5449 πρᾶγμά
3065 5374 3215 5436 ἐστι;
3251 5367 3323 5438 μὴ
3373 5362 3482 5433 γὰρ
3532 5360 3767 5428 δαπάνηε

2941 5481 3057 5542 πῶς
3078 5479 3138 5533 δν
3164 5475 3259 5531 καὶ
3281 5465 3764 5542 ζῶντα-διεχλεύα-

824 5536 868 5624 ﬁ
900 5536 1102 5588 ταυτης
1136 5536 1194 5572 ιι.
1220 5536 1323 5585 της
1350 5536 1543 5601 αυτης.
1621 5536 1667 5541 η
1688 5536 1886 5577 ουτως]
1910 5536 2035 5559 αυυ.
2059 5536 2217 5557 υιυω.
2254 5536 2316 5552 υ.
2351 5536 2409 5588 ι..
2524 5536 2666 5577 ..η-ι
2704 5536 2749 5571 τ
2775 5536 2820 5552 τ-
2852 5536 2925 5562 η,-
2980 5568 2996 5583 .
3039 5536 3054 5542 -
3292 5536 3304 5539 -
3575 5536 3603 5538 η

901 5588 1183 5660 uerm-
1220 5587 1343 5639 ὀτι
1369 5582 1545 5660 me!
1571 5577 1975 5660 έτέρωιάρίῖτι
2010 5572 2255 5660 θαρρεῖν
2287 5551 3124 5660 91.3%“ﬁliisfmiﬁxﬁﬁ
3169 5544 3317 5660 ’δέτέ
3340 5536 3762 5660 τθῐίζξςὶἒῖωζαέξ

539 5603 630 5656 ζον
663 5603 721 5646 Γ.
824 5603 867 5624 ’³
901 5603 1183 5642 ηυιιςυιν.
1232 5603 1343 5639 ὐτι
1369 5603 1431 5636 ου
1460 5603 1543 5634 οει
1571 5603 1773 5644 ετερων
1804 5603 1975 5647 αρετῇ
2011 5603 2071 5625 υυι

539 5664 586 5695 ⁸⁸
616 5663 885 5731 ἀκούσητε
914 5658 971 5712 Ρ.
1048 5658 1178 5731 ’τλτε
1214 5671 1325 5731 0m_.
1356 5652 1514 5731 codd:
1539 5660 1738 5731 P'ra‘zlcr'
1759 5645 1817 5731 [ᾖ.
1973 5644 2071 5728 τῶι

2181 5603 2579 5695 661662065?
2612 5603 3122 5689 ἷῖέἷᾶἒᾶλίμπάνων
3168 5615 3230 5669 D.
3257 5612 3317 5668 F.
3396 5611 3412 5641 ί
3444 5606 3591 5676 τότε]
3638 5603 3768 5658 ταύο

2215 5714 2233 5731 ι
2261 5706 2395 5731 -.σει-ι
2429 5704 2524 5731 -9...
2556 5698 2593 5731 IL‘
2647 5696 2798 5731 m‘.R!u
2826 5691 2962 5731 Ιιῖιὶίί-
3058 5688 3078 5718 ³
3111 5688 3174 5731 ὲκ
3207 5680 3334 5731 16M
3366 5679 3473 5731 ἀπό
3500 5680 3565 5731 Α.
3592 5677 3651 5730 Β.
3702 5673 3759 5726 E-

543 5725 1247 5865 ῖηὲυξῗιὲιέσξίηῖῖῗθὲπδρίαν
1286 5725 1386 5778 An'

1487 5721 1507 5751 ³
1540 5711 1651 5773 Kal
1677 5713 1806 5785 γάρ]
1846 5715 1905 5765 ’0
1934 5715 2042 5782 γάρ
2077 5711 2136 5764 F.

2215 5673 2615 5776 ξ’ὀοέἕέῖέἷὲὲἰτ.
2647 5673 2963 5748 οὸὲὲιῖιςίίά.
3058 5688 3078 5718 ι
3111 5688 3174 5738 ἐκ
3207 5680 3335 5751 τῶν]
3366 5679 3473 5733 ἀπό
3500 5673 3651 5733 Ain.
3702 5673 3759 5726 E.
