4058 6208
314 260 384 318 ss
812 220 820 227 ’
1535 267 1599 323 1N
1638 260 2045 326 unauana
2085 269 2314 326 llOMIL.
2351 269 2417 325 v.
3512 265 3581 319 ϐο

312 371 482 426 fausta
524 374 776 428 nuntians
814 373 892 428 sic
928 372 1248 442 compellat:
1289 371 1476 438 Vides,
1525 375 1717 440 frater,
1768 387 1885 440 quos
2011 381 2105 434 per
2143 381 2314 421 annos
2338 367 2680 438 quadraginta
2708 371 2900 440 populo
2946 369 3265 440 praefuerat,
3310 391 3360 428 tn
3391 384 3585 431 terrain

311 461 474 514 millia
500 465 1072 530 suntqniconvenerunt
1101 462 1252 529 (Act.
1283 462 1371 514 21.
1401 461 1546 531 21))?
1577 462 1746 514 Tanta
1771 470 1887 514 erat
2011 456 2166 510 toties
2221 457 2534 525 promissam
2583 458 2782 513 intrare
2839 461 3138 529 prohibitus
3185 465 3308 516 est?
3353 465 3464 531 Qua
3518 467 3588 522 do

301 549 422 608 eius
448 553 724 620 prudentia
745 592 761 615 ,
792 560 966 606 tantus
991 553 1170 616 zelus;
1202 553 1310 607 imo
1333 568 1462 607 vero
1505 563 1648 607 tanta
1679 551 1877 606 Christi

303 642 495 696 virtus.
539 642 668 696 Nam
708 642 796 712 qui
842 643 988 697 illum
1032 644 1404 712 vituperabaut
1457 645 1759 710 viventem,
1809 645 1879 697 ita

301 739 424 799 post
449 741 672 786 mortem
702 732 874 800 ipsum
906 733 1152 787 admirati
1183 745 1341 798 sunt,
1371 742 1427 788 nt
1453 749 1576 788 eum
1604 733 1880 788 alacritate

292 835 492 889 magna
539 822 698 875 vitam
744 837 841 891 pro
876 823 993 892 ipso
1042 823 1453 893 profunderent;
1485 839 1605 893 qute
1631 823 1879 878 virtutem

295 911 707 965 resurrectionis
761 926 884 966 cum
936 913 1117 981 primis
1163 923 1601 968 commonstrant.
1657 912 1884 981 Ideoque

299 1000 415 1063 illa,
447 1015 567 1069 quae
591 1000 819 1055 clariora
847 1012 1000 1057 erant
1018 1044 1032 1067 ,
1056 1002 1128 1054 'ad
1160 1012 1454 1058 extremum
1478 1011 1684 1071 tempus
1709 1017 1884 1056 rescr-

281 1089 598 1184 ‘vabantur,
645 1099 702 1144 ut
730 1089 845 1146 haec
870 1092 999 1145 nulli
1033 1092 1192 1146 dubio
1219 1092 1446 1147 obnoxia
1483 1100 1627 1147 esset
1660 1091 1881 1146 demon-

301 1179 507 1234 stratio.
538 1178 669 1233 Nam
691 1180 735 1233 si
765 1180 882 1234 illos
910 1181 1068 1235 etiam
1097 1181 1186 1250 qui
1225 1182 1278 1235 in
1306 1183 1410 1236 vita
1455 1196 1547 1236 sua
1576 1181 1874 1235 admirandi

299 1279 488 1334 erant,
534 1268 811 1324 defunctos
856 1271 1246 1337 obliviscimur,
1285 1286 1392 1341 quo
1433 1280 1590 1343 pacto
1627 1273 1736 1336 illi,
1779 1270 1868 1340 qui

302 1358 571 1414 viventem
599 1363 770 1430 ipsum
813 1361 1138 1428 irridebant,
1171 1363 1336 1418 Deum
1365 1376 1486 1417 esse
1523 1362 1882 1418 existimavis-

301 1457 452 1515 sent,
493 1449 537 1502 si
579 1449 850 1505 hominem
892 1451 1285 1506 credidissent?
1321 1451 1590 1520 quomodo
1626 1465 1724 1520 pro
1765 1448 1883 1519 ipso

303 1549 531 1595 mortem
575 1540 757 1596 subire
785 1541 1110 1606 voluissent,
1144 1542 1242 1596 nisi
1275 1542 1606 1611 perspicuam
1647 1542 1884 1610 accepis-

301 1637 422 1682 sent
450 1629 860 1685 resurrectionis
877 1629 1388 1686 demonstrationem
1408 1630 1431 1687 ‘.’

365 1824 584 1897 Cognati
631 1827 762 1895 justi
809 1825 1006 1878 nonnisi
1036 1823 1344 1892 resipiscenti
1374 1823 1620 1890 peccaturi
1647 1829 1878 1887 prosunt.

295 1918 544 1972 Precibus
580 1926 865 1970 sanctorum
904 1933 1004 1970 non
1051 1915 1201 1969 nimis
1250 1915 1532 1983 ﬁdentium.
1580 1913 1720 1967 —4.
1755 1912 1880 1966 ﬂrec

297 2022 465 2077 porro
493 2006 740 2072 dicimus,
772 2020 877 2060 non
907 2012 964 2059 ut
991 2005 1215 2059 audiatis
1254 2013 1476 2069 tantum,
1508 2003 1601 2058 sed
1627 2011 1684 2057 ut
1708 2001 1883 2056 imite-

298 2097 428 2152 mini
445 2095 1049 2160 fortitudinem,dicendi
1087 2093 1345 2160 iduciam,
1373 2093 1736 2162 justitiamque
1763 2106 1882 2148 om-

302 2203 462 2250 nem;
487 2196 546 2242 ut
569 2201 729 2242 nemo
751 2187 820 2241 de
844 2202 904 2241 se
930 2185 1198 2254 desperet,
1229 2183 1438 2239 etiamsi
1459 2183 1681 2237 antehac
1708 2181 1885 2251 segnis

300 2277 704 2346 desidiosusque
749 2276 939 2340 fuerit;
989 2283 1149 2343 utque
1193 2274 1337 2328 nulla
1382 2273 1434 2327 in
1493 2287 1554 2327 re
1605 2271 1712 2325 alia
1735 2285 1886 2340 spem

302 2366 514 2432 habeat,
543 2365 644 2420 nisi
671 2373 789 2434 post
815 2365 905 2419 Dei
934 2363 1351 2419 misericordiam
1377 2363 1429 2415 in
1453 2376 1658 2415 morum
1685 2361 1886 2415 sancti-

303 2455 564 2511 tate.Nam
585 2455 630 2509 si
649 2454 777 2510 nihil
793 2455 896 2509 illis
919 2451 1270 2524 profuitquod
1284 2467 1349 2507 ex
1365 2452 1699 2522 cognatione,
1727 2449 1887 2503 domo

303 2553 358 2600 et
377 2546 547 2614 patria
569 2545 761 2600 Christi
789 2554 969 2599 essent
989 2584 1004 2608 ,
1035 2543 1207 2598 donec
1235 2543 1427 2596 virtute
1450 2541 1747 2596 clarerent:
1779 2555 1881 2608 qua

305 2638 461 2693 venia
501 2636 643 2707 digni
683 2636 917 2703 erimus,
944 2635 1069 2691 dum
1110 2644 1362 2704 cognatos
1399 2642 1455 2687 et
1489 2633 1676 2688 fratres
1713 2633 1881 2700 iustos

306 2727 670 2794 ostendimus,
719 2728 818 2780 nisi
876 2741 995 2779 cum
1051 2740 1241 2796 magna
1280 2724 1530 2794 aequitate
1579 2722 1879 2790 virtuteque

305 2822 467 2873 vitam
524 2818 819 2873 ducamus?
873 2817 1008 2871 Illud
1060 2817 1202 2872 enim
1242 2812 1886 2882 subindicanspropheta

305 2909 515 2963 dicebat
545 2926 560 2960 :
592 2907 774 2960 Frater
798 2922 898 2960 non
921 2907 1140 2971 redimit,
1173 2905 1380 2959 redimet
1415 2905 1562 2957 homo
1592 2902 1771 2971 (Psal.
1798 2901 1888 2957 48.

306 3001 407 3070 ’1);
441 2999 652 3054 etiamsi
683 2999 888 3070 Moyses
921 2998 1115 3063 fuerit,
1149 2997 1352 3051 etiamsi
1391 2995 1642 3061 Samuel,
1684 2992 1892 3048 etiamsi

305 3089 586 3145 Jeremias.
633 3089 766 3142 Audi
798 3090 937 3142 enim
960 3087 1086 3158 quid
1118 3087 1191 3141 illi
1220 3086 1360 3141 dicat
1391 3087 1529 3141 Deus
1561 3101 1579 3141 :
1614 3084 1739 3138 Noli
1767 3101 1887 3153 pre-

306 3181 414 3234 cari
451 3196 543 3250 pro
573 3181 760 3250 papula
787 3179 899 3244 hoc,
931 3179 1166 3246 quoniam
1209 3193 1308 3230 non
1333 3176 1601 3229 exaudiam
1643 3185 1692 3228 te
1743 3172 1883 3241 (Jer.

309 3272 396 3325 11.
430 3270 549 3341 14).
573 3270 638 3323 Ει
661 3267 786 3338 quid
815 3267 1023 3322 miraris
1049 3267 1093 3320 si
1121 3275 1174 3321 te
1199 3282 1306 3320 non
1335 3264 1530 3319 audio?
1551 3264 1681 3318 Nam
1707 3264 1748 3317 si
1773 3277 1888 3330 Ipse

310 3363 520 3433 Moyses
541 3401 556 3425 ,
583 3361 790 3430 inquit,
814 3359 859 3413 si
880 3357 1095 3414 Samuel
1121 3355 1398 3419 adessent,
1430 3370 1613 3410 eorum
1646 3368 1742 3422 pro
1780 3352 1894 3405 istis

306 3457 745 3525 supplicationem
791 3472 896 3529 non
950 3455 1284 3510 admitterem
1333 3453 1481 3513 (Jer.
1518 3454 1599 3507 15.
1635 3454 1717 3520 1).
1746 3452 1878 3505 Eze-

308 3547 444 3602 chiel
469 3546 676 3599 etiamsi
713 3547 972 3613 supplicet
993 3587 1007 3611 ,
1037 3547 1136 3600 hoc
1176 3545 1357 3599 audiet
1389 3562 1400 3595 :
1443 3543 1503 3598 Si
1524 3542 1747 3595 steterint
1773 3538 1888 3593 Noe

308 3649 352 3691 et
378 3638 478 3691 Job
527 3647 572 3689 et
601 3635 815 3700 Daniel,
864 3638 998 3705 ﬁlios
1047 3637 1277 3704 ﬁliasque
1317 3651 1435 3688 snas
1471 3651 1572 3686 non
1611 3631 1886 3686 liberabant

306 3725 535 3795 (Eucti.
586 3725 950 3796 14.11.16).
1003 3726 1225 3779 Etiamsi
1273 3724 1538 3780 Abraham
1586 3719 1885 3792 patriarcha

308 3833 406 3886 pro
427 3818 491 3870 iis
511 3818 600 3887 qui
625 3817 901 3871 incurabili
928 3817 1114 3872 morbo
1133 3816 1394 3880 laborant,
1421 3831 1517 3870 nec
1547 3814 1882 3884 resipiscunt,

307 3906 602 3975 supplicet,
639 3907 775 3960 Deus
814 3907 1065 3962 abscedet
1105 3915 1160 3961 et
1204 3907 1468 3976 relinquet
1507 3921 1665 3970 eum;
1711 3906 1781 3957 ita
1831 3913 1890 3957 ut

307 4010 492 4050 eorum
536 3997 702 4065 gratia
753 3997 1000 4052 emissam
1054 4011 1239 4051 vocem
1289 4013 1393 4050 non
1433 3995 1631 4050 audiat.
1666 3993 1887 4048 Etiamsi

309 4089 526 4143 Samuel
554 4087 656 4143 hoc
683 4089 854 4157 ipsum
881 4089 1100 4154 fecerit,
1128 4087 1270 4143 dicet
1294 4089 1392 4156 ipsi
1425 4105 1438 4141 :
1473 4085 1555 4141 Ne
1581 4087 1775 4156 ﬂeveris
1797 4100 1888 4153 pro

312 4178 470 4232 Sm'tle
495 4179 590 4248 (1.
617 4178 742 4250 Reg.
776 4180 863 4234 16.
893 4181 984 4251 1).
1015 4178 1236 4233 Etiamsi
1276 4194 1371 4247 pro
1415 4192 1598 4232 sorore
1627 4176 1887 4245 quispiam

310 4283 416 4324 non
432 4279 732 4339 opportune
752 4270 1004 4334 oraverit,
1030 4269 1256 4339 idipsum
1284 4268 1462 4323 audiet
1481 4267 1621 4338 quod
1648 4268 1884 4338 Moyses:

311 4359 371 4414 Si
431 4376 713 4430 conspuens
762 4360 1070 4431 conspuisset
1108 4369 1250 4430 pater
1292 4360 1400 4428 ejus
1452 4360 1504 4412 in
1561 4359 1741 4428 faciem
1780 4358 1889 4427 ejus

310 4447 508 4519 (Num.
563 4449 652 4504 12.
716 4448 852 4519 14).
901 4449 978 4504 Ne
1029 4450 1205 4514 itaque
1257 4450 1482 4503 aliorum
1539 4447 1888 4518 patrocinium

311 4542 490 4596 hiante
517 4557 612 4597 ore
636 4553 956 4612 spectemus.
984 4541 1112 4596 Nam
1145 4557 1330 4610 preces
1351 4541 1562 4612 quidem
1585 4549 1889 4596 sanctorum

309 4632 415 4687 vim
445 4631 642 4687 habent
670 4632 996 4697 maximam;
1026 4633 1118 4686 sed
1157 4632 1201 4686 si
1233 4647 1330 4686 nos
1369 4632 1732 4700 paenitentiam
1763 4646 1889 4702 aga-

312 4737 430 4778 mus
479 4731 534 4778 et
593 4722 986 4792 resipiscamus.
1024 4722 1460 4792 Quandoquidem
1511 4723 1756 4794 Moyses,
1799 4725 1889 4793 qui

312 4814 528 4870 fratrem
575 4829 730 4870 suum
754 4827 808 4870 et
832 4824 1082 4871 sexcenta
1109 4815 1269 4870 millia
1300 4815 1574 4870 hominum
1618 4816 1686 4870 ab
1714 4816 1890 4871 immi-

311 4915 470 4960 nente
513 4905 591 4960 ira
639 4905 915 4972 liberavit,
968 4921 1210 4962 sororem
1263 4923 1368 4961 non
1417 4908 1588 4977 potuit
1639 4908 1884 4978 eripere;

311 4994 518 5049 etiamsi
544 5009 650 5050 non
679 5010 775 5065 par
799 5005 1069 5067 peccatum
1098 5006 1241 5052 esset
1271 5013 1285 5050 :
1319 4996 1406 5051 illa
1433 4997 1628 5067 quippe
1650 4995 1887 5069 Moysem

311 5087 628 5142 contumelia
653 5085 938 5153 affecerat;
963 5088 1014 5142 hi
1040 5096 1218 5143 autem
1242 5087 1460 5157 impium
1493 5087 1697 5144 facinus
1717 5088 1890 5144 admi-

312 5184 508 5231 serant.
543 5174 736 5231 Verum
765 5176 900 5231 hanc
932 5193 1031 5247 ego
1057 5178 1205 5232 vobis
1234 5179 1582 5248 quzcstionem
1609 5179 1885 5249 relinquo,

313 5265 404 5320 sed
442 5267 530 5320 illa
585 5267 881 5336 graviorem
923 5269 1134 5324 solvere
1171 5268 1424 5324 conabor.
1472 5270 1609 5338 Quid
1647 5271 1788 5326 enim
1821 5274 1888 5329 de

219 5429 224 5432 _
312 5368 498 5412 sorore
522 5355 781 5421 dicamus,
812 5358 1022 5427 quando
1050 5358 1164 5429 ipse
1191 5359 1350 5415 etiam
1393 5362 1520 5414 tanti
1547 5362 1728 5430 populi
1757 5363 1884 5429 dux,

313 5443 362 5498 id
392 5446 532 5515 quod
567 5461 667 5516 pro
694 5447 868 5515 seipso
897 5449 1113 5518 rogabat
1143 5449 1425 5520 impetrare
1453 5465 1559 5505 non
1579 5452 1764 5519 valuit,
1792 5454 1887 5510 sed

309 5546 429 5605 post
468 5547 544 5594 tot
590 5546 873 5610 tantosque
919 5539 1127 5598 labores
1171 5551 1226 5598 et
1268 5557 1567 5611 aerumnas,
1609 5552 1886 5613 postquam

2002 547 2201 600 causa?
2246 545 2360 600 Non
2410 548 2551 601 utilis
2609 547 2723 602 ha'c
2763 551 2929 618 gratia
2972 550 3194 618 fuisset,
3245 553 3352 606 imo
3401 554 3576 609 damni

2004 639 2224 691 multum
2251 639 2548 700 intulisset,
2584 639 2997 711 Judteorumque
3038 645 3233 698 multos
3271 645 3578 714 supplanta-

2003 729 2187 782 visset.
2215 730 2267 783 Si
2298 731 2440 783 enim
2480 745 2544 783 ex
2569 729 2802 802 Egypto
2844 743 3044 786 tantum
3069 749 3100 787 a
3121 735 3301 806 Moyse
3330 737 3531 790 liberati
3558 777 3572 801 ,

1996 818 2102 872 Deo
2133 817 2376 884 dimisso,
2401 820 2614 890 Moysen
2643 823 2986 888 requirebant
3013 825 3217 895 ipsique
3245 837 3410 880 totum
3436 827 3569 880 refe-

1995 908 2184 962 rebant
2215 925 2229 961 :
2259 909 2302 962 si
2335 925 2394 964 se
2438 910 2692 964 vidissent
2720 911 2787 964 ab
2824 913 2914 966 illo
2941 914 3272 969 introductos
3304 918 3352 969 in
3383 929 3576 970 terram

1992 999 2357 1068 promissionis
2380 1041 2395 1063 ,
2428 1016 2535 1070 quo
2556 1017 2659 1056 non
2691 1003 3058 1071 prorupissent
3087 1005 3411 1074 impietatis?
3430 1006 3576 1061 Ideo-

1989 1106 2090 1160 que
2135 1092 2431 1160 sepulcrum
2475 1093 2590 1162 ejus
2633 1094 2895 1148 occultum
2924 1095 3117 1149 mansit
3143 1096 3331 1164 (Deut.
3365 1099 3453 1152 51.
3485 1099 3578 1168 6).

1992 1183 2208 1238 Samuel
2237 1199 2364 1238 vero
2401 1184 2612 1240 Suillem
2659 1185 2882 1240 liberare
2909 1187 3143 1256 nequivit
3171 1202 3200 1240 a
3237 1187 3413 1242 divina
3463 1191 3536 1242 ira
3562 1231 3576 1252 ,

1990 1275 2078 1340 qui
2121 1283 2294 1330 tamen
2341 1274 2606 1329 lsraelitas
2657 1291 2799 1345 srpe
2840 1278 3070 1330 servavit
3109 1277 3192 1348 (1.
3224 1278 3348 1347 Reg.
3389 1281 3469 1333 16.
3508 1281 3578 1349 1).

1990 1365 2247 1420 Jeremias
2276 1365 2489 1421 Jud:cos
2541 1381 2754 1422 servare
2791 1383 2897 1421 non
2956 1369 3160 1436 potuit,
3200 1369 3352 1423 alteri
3405 1383 3580 1424 tamen

1991 1454 2044 1508 in
2098 1455 2370 1524 prophetia
2422 1471 2514 1510 sua
2564 1458 2926 1525 patrocinatus
2981 1471 3084 1513 οδε.
3155 1460 3339 1514 Daniel
3391 1461 3582 1514 barba-

1992 1562 2082 1601 ros
2127 1547 2216 1617 qui
2263 1547 2638 1617 jugulabantur
2687 1549 2911 1618 eripuit,
2973 1565 3071 1604 nec
3123 1550 3338 1604 Iudaeos
3393 1567 3458 1606 ne
3527 1551 3581 1606 in

1992 1636 2345 1704 captivitatem
2376 1636 2766 1691 abducerentur
2807 1653 3023 1692 servare
3063 1641 3232 1708 potttit
3259 1643 3276 1708 (
3305 1641 3434 1695 Dan.
3466 1641 3502 1694 2
3527 1645 3570 1712 ).

1993 1726 2048 1780 in
2079 1727 2380 1796 Evangeliis
2405 1743 2614 1796 quoque
2655 1745 2757 1780 non
2792 1729 2842 1782 in
2873 1729 3134 1794 diversis,
3167 1731 3261 1785 sed
3295 1732 3344 1784 in
3388 1732 3581 1786 iisdem

1992 1821 2119 1889 ipsis
2147 1829 2430 1888 utrumque
2478 1821 2836 1887 conspicimus
2879 1839 2892 1874 :
2945 1823 3299 1890 eumdemqne
3330 1823 3575 1877 videmus

1990 1911 2216 1965 salutem
2247 1909 2345 1963 sibi
2373 1924 2579 1976 parare,
2606 1921 2656 1964 et
2689 1921 2869 1980 postea
2898 1911 3121 1965 salutem
3149 1928 3301 1966 suam
3323 1913 3572 1980 prodere.

1990 2000 2122 2055 Nam
2159 1999 2248 2070 qui
2278 1999 2467 2054 decem
2502 2000 2664 2052 millia
2700 2000 2893 2053 talenta
2923 2000 3184 2064 debebat,
3235 2002 3584 2071 supplicando

1992 2108 2050 2148 se
2074 2108 2136 2148 ex
2163 2093 2398 2161 periculo
2432 2093 2628 2162 eripuit
2658 2101 2946 2162 posteaque
2977 2093 3208 2162 idipsunt
3239 2110 3342 2147 non
3374 2095 3578 2164 potuit;

1990 2183 2126 2237 alius
2153 2192 2337 2236 contra
2361 2224 2376 2245 ,
2407 2184 2494 2251 qui
2541 2183 2685 2251 prius
2729 2183 2960 2250 seipsqu
3009 2183 3319 2252 prodiderat
3351 2225 3363 2246 ,
3400 2193 3580 2251 postea

1990 2273 2089 2328 sibi
2117 2273 2212 2340 ipsi
2240 2274 2524 2342 plurimum
2569 2274 2823 2343 prodesse
2867 2276 3060 2344 potuit.
3090 2275 3219 2343 Quis
3249 2275 3336 2329 ille
3361 2286 3441 2328 est
3466 2276 3489 2328 ?
3537 2275 3584 2328 ls

1990 2364 2079 2433 qui
2106 2373 2374 2434 paternam
2399 2366 2745 2421 subsmntiam
2789 2366 3132 2421 devoraverat
3157 2366 3305 2440 (Luc.
3341 2369 3426 2423 15.
3464 2367 3580 2436 50).

1992 2456 2173 2524 Itaque
2209 2457 2253 2511 si
2299 2472 2488 2526 segnes
2511 2467 2564 2512 et
2589 2458 2840 2513 socordes
2870 2459 3122 2514 fuerimus
3142 2501 3158 2526 ,
3207 2477 3274 2515 Ile
3324 2476 3422 2530 per
3447 2460 3585 2515 alios

1992 2547 2204 2617 quidem
2235 2548 2432 2601 servari
2465 2549 2790 2616 poterimus;
2840 2550 2884 2602 si
2925 2559 3100 2605 autem
3131 2551 3408 2620 vigilemus
3429 2592 3444 2616 ,
3487 2566 3584 2619 per

1994 2638 2348 2706 nosmetipsos
2377 2637 2427 2690 id
2465 2639 2761 2692 valebimus
2788 2657 2800 2692 :
2834 2639 2941 2694 imo
2969 2641 3136 2710 magis
3180 2649 3392 2702 nostra,
3420 2656 3580 2709 quam

1993 2729 2216 2784 aliorum
2265 2742 2447 2796 opera.
2490 2727 2686 2781 Mavult
2732 2729 2928 2798 quippe
2974 2730 3112 2784 Deus
3157 2733 3378 2799 gratiam
3424 2731 3579 2782 nobis

1997 2819 2125 2889 ipsis
2145 2817 2303 2885 dare,
2335 2833 2492 2887 quam
2516 2819 2620 2872 alio
2646 2835 2742 2887 pro
2773 2821 2924 2873 nobis
2952 2833 3200 2888 precante
3220 2843 3229 2874 ;
3251 2835 3307 2872 ιιι
3322 2828 3578 2874 curantes

2013 2912 2186 2982 ipsius
2249 2914 2379 2968 iram
2411 2916 2653 2983 placare,
2683 2930 2803 2969 cum
2834 2914 3020 2967 fiducia
3047 2928 3261 2981 agamus
3298 2921 3351 2967 et
3396 2912 3582 2982 resipi-

2007 3017 2236 3058 scamus.
2255 3003 2342 3056 Sic
2357 3003 2708 3060 Chananteam
2728 3006 3008 3060 miseratus
3022 3013 3101 3058 est
3116 3020 3131 3069 ;
3151 3004 3228 3056 sic
3246 3004 3580 3059 meretricem

2007 3094 2177 3149 salute
2205 3093 2437 3155 donavit,
2462 3094 2539 3148 sic
2565 3095 2823 3150 latronem
2844 3136 2858 3162 ,
2892 3095 3034 3149 nullo
3061 3094 3446 3148 interveniente
3473 3108 3583 3147 me-

2006 3183 2212 3240 diatore
2238 3195 2291 3238 et
2324 3172 2564 3250 patrono.

2073 3363 2124 3429 5,
2152 3363 2456 3416 Sanctorum
2475 3362 2737 3417 invocatio.
2763 3359 3110 3430 Eleemosynte
3128 3359 3343 3428 fructus.
3368 3388 3436 3400 ——
3459 3357 3584 3413 Huic

2001 3465 2178 3508 autem
2203 3454 2323 3508 dico
2345 3495 2360 3520 ,
2391 3470 2494 3506 non
2528 3463 2584 3508 ut
2610 3454 2808 3508 sanctis
2837 3470 2940 3508 non
2972 3453 3363 3522 supplicemus,
3391 3451 3485 3508 sed
3515 3467 3586 3508 ne

2002 3547 2168 3601 simus
2196 3546 2542 3617 negligentes,
2568 3562 2698 3601 neve
2723 3548 2773 3600 in
2801 3546 3097 3600 socordiam
3122 3561 3473 3616 somnumque
3492 3544 3585 3600 de-

2003 3636 2172 3706 lapsi,
2202 3637 2319 3690 aliis
2365 3637 2596 3707 ipsisque
2635 3638 2761 3692 solis
2805 3652 2889 3690 res
2928 3646 3138 3690 nostras
3167 3637 3583 3691 committamus.

2000 3727 2130 3782 Nam
2159 3743 2279 3783 cum
2301 3729 2540 3793 dixisset,
2571 3728 2748 3784 Facite
2771 3730 2905 3783 vobis
2931 3730 3138 3795 amicos,
3167 3747 3272 3784 non
3305 3729 3388 3784 hic
3414 3731 3585 3798 stetit,

2001 3821 2095 3876 sed
2125 3821 2344 3888 addidit,
2375 3822 2456 3876 Ex
2481 3823 2650 3892 iniquo
2681 3840 2913 3876 mamona
2944 3821 3109 3891 (an.
3140 3822 3226 3876 16.
3260 3823 3292 3876 9
3319 3825 3335 3891 )
3370 3841 3382 3875 :
3413 3832 3470 3878 ut
3498 3840 3586 3878 rc-

2001 3923 2084 3967 cte
2111 3913 2306 3967 factum
2338 3929 2460 3967 vere
2487 3915 2554 3967 sit
2583 3923 2747 3967 tuum.
2783 3913 2920 3967 Nihil
2949 3914 3090 3967 enim
3117 3913 3258 3967 aliud
3289 3913 3392 3978 hic,
3425 3930 3584 3984 quam

2003 4004 2393 4072 eleemosynam
2427 4004 2674 4056 indicavit
2706 4022 2718 4056 :
2753 4004 2998 4072 quodque
3026 4004 3418 4068 admirandum,
3453 4005 3583 4059 nihil

2002 4092 2136 4147 ultra
2163 4109 2194 4147 a
2222 4094 2372 4148 nobis
2399 4094 2580 4160 exigit,
2612 4096 2655 4146 si
2683 4093 2750 4146 ab
2776 4093 3049 4161 iniquitate
3077 4093 3443 4148 abscedamus.
3471 4095 3584 4150 Hoc

2001 4183 2141 4237 enim
2179 4183 2290 4236 vult
2327 4182 2622 4251 significare
2656 4199 2668 4234 :
2696 4180 2876 4251 Inique
2911 4181 3132 4251 adeptus
3158 4183 3261 4238 es?
3289 4183 3449 4237 Recte
3478 4183 3582 4238 im-

2001 4271 2192 4340 pende.
2238 4269 2432 4340 lujuste
2471 4271 2762 4340 collegisti?
2791 4270 2937 4325 Juste
2969 4271 3234 4342 disperge.
3268 4273 3425 4344 Atqui
3465 4291 3585 4343 qua:

2003 4358 2214 4428 tandem
2255 4359 2369 4413 haec
2407 4359 2573 4413 virtus
2598 4370 2711 4426 est,
2739 4360 2806 4414 de
2837 4361 3029 4415 talibus
3065 4360 3305 4417 donare?
3335 4365 3583 4419 Attamen

2003 4451 2162 4516 Deus,
2188 4451 2442 4522 benignus
2470 4468 2590 4506 cum
2615 4453 2703 4518 sit,
2726 4468 2792 4508 eo
2818 4469 2985 4522 usque
3013 4469 3131 4508 sese
3151 4455 3400 4510 demittit.
3430 4456 3482 4512 Si
3511 4457 3583 4512 ita

2003 4540 2272 4606 faciamus,
2301 4542 2436 4596 bona
2466 4543 2619 4597 nobis
2644 4544 2805 4598 multa
2837 4545 3127 4614 pollicetur.
3159 4547 3348 4602 At'nos
3373 4548 3438 4602 ad
3467 4558 3587 4603 tan-

2004 4644 2109 4688 tam
2141 4635 2437 4690 socordiam
2467 4635 2811 4703 devenimus,
2843 4646 2900 4691 ut
2941 4654 3006 4692 ne
3049 4638 3259 4707 quidem
3299 4655 3364 4694 ex
3403 4640 3584 4709 inique

2001 4728 2165 4797 partis
2194 4729 2514 4798 largiamur;
2546 4730 2638 4783 sed
2672 4731 2960 4784 innumeris
2988 4730 3125 4784 aucti
3162 4731 3359 4800 rapinis
3379 4774 3392 4796 ,
3425 4732 3467 4786 si
3498 4734 3581 4788 vel

2003 4819 2276 4873 minimam
2298 4829 2497 4888 partem
2519 4819 2842 4881 dederimus,
2868 4835 2966 4875 nos
2985 4829 3151 4875 totum
3173 4821 3465 4878 absolvisse
3485 4840 3586 4894 pn-

2001 4916 2194 4963 temus.
2225 4907 2340 4963 Non
2379 4909 2569 4963 audisti
2610 4909 2829 4964 Paulum
2860 4911 3154 4978 dicentem,
3186 4912 3287 4979 Qui
3322 4931 3471 4983 parce
3498 4933 3581 4969 se-

2001 5000 2177 5066 minat,
2208 5017 2359 5070 parce
2385 5011 2431 5060 et
2455 5010 2598 5054 metet
2627 5001 2700 5072 (2.
2733 4999 2850 5055 Cor.
2883 5001 2935 5057 9.
2965 5001 3059 5073 6)?
3083 5002 3191 5058 Cur
3219 5019 3346 5075 ergo
3375 5005 3585 5074 parcis?

2002 5109 2125 5147 mnu
2152 5103 2392 5162 sumptus
2417 5102 2499 5147 est
2525 5093 2650 5147 illud
2669 5094 2694 5148 ?
2712 5111 2838 5149 num
2864 5111 3095 5166 expensa
3115 5098 3138 5150 ‘i
3162 5097 3273 5154 lmo
3286 5089 3583 5168 proventus

2000 5192 2054 5236 ct
2080 5182 2383 5252 negotiatio.
2412 5183 2508 5238 Ubi
2535 5184 2674 5239 enim
2705 5199 2886 5240 semen
2910 5186 3122 5256 jacitur,
3152 5188 3218 5241 ibi
3249 5192 3434 5246 messis
3455 5207 3584 5245 cou-

2001 5273 2239 5344 sequitur
2271 5291 2283 5326 :
2314 5272 2400 5328 ubi
2429 5289 2610 5330 semen
2631 5315 2648 5342 ,
2679 5276 2750 5332 ibi
2777 5286 2832 5332 et
2855 5278 3224 5349 multiplicatio
3243 5281 3279 5332 ¹.
3314 5281 3392 5334 Tu
3418 5268 3576 5346 vero,

2009 5555 2054 5605 lo
2069 5493 2385 5621 id?
2405 5493 2677 5559 nemina“
2702 5495 2773 5549 ibi
2793 5502 2839 5548 e'
2861 5494 3173 5556 αθυηάαηιὶαν
3200 5494 3246 5543 id
3259 5494 3388 5557 quod
3411 5493 3462 5545 in
3477 5489 3585 5546 nui-
