4058 6204
696 253 755 309 61
1396 263 1449 318 S.
1488 265 1769 321 JOANNIS
1806 268 2287 326 CHRYSOSTOMI
2326 268 2642 324 ABClllEP.
2684 266 3223 324 CONSTARTINOP.
3837 272 3866 323 6

691 372 737 425 si
762 379 960 424 terram
986 371 1216 427 haberes
1241 374 1493 444 pinguem
1517 386 1571 430 et
1594 376 1849 444 fertilem,
1875 397 1995 450 qua:
2017 382 2247 450 plurima

688 470 876 529 posset
907 463 1156 531 excipere
1187 466 1413 525 semina,
1450 466 1593 519 illam
1625 469 1853 532 coleres,
1886 486 1949 523 ac
1974 486 2095 538 quas
2115 487 2247 539 sup-

688 559 939 617 peterent
958 569 1254 622 spargeres.
1280 565 1334 608 et
1354 556 1422 608 ab
1444 557 1562 610 aliis
1584 560 1926 613 commodato
1948 562 2243 630 acciperes,

687 643 1183 711 parcimoniamque
1223 660 1285 697 ea
1332 646 1384 698 in
1418 662 1474 700 re
1505 647 1894 703 detrimentum
1935 667 2055 704 esse
2086 662 2245 721 puta—

685 743 774 781 res
811 748 822 781 :
850 738 903 782 at
936 746 1055 783 cum
1089 734 1277 786 escium
1310 736 1489 788 colere
1522 753 1661 804 opus
1689 747 1793 800 est,
1825 742 1958 793 nulli
1987 742 2130 795 aeris
2160 742 2246 794 in-

686 824 962 887 temperiei
988 837 1308 887 onnoxrum,
1334 841 1427 879 seu
1456 843 1576 880 cum
1608 829 1814 883 foenore
1842 832 2079 884 maximo
2100 834 2243 901 jacta

682 912 887 963 semina
916 913 1281 975 redditurum,
1317 918 1495 985 segnis
1523 934 1602 980 es,
1634 920 1856 988 refugis,
1892 937 2065 990 neque
2094 922 2241 989 cogi-

680 1008 782 1061 tas,
830 1018 986 1070 parce
1042 1015 1291 1074 agentem
1341 1010 1594 1076 perdere,
1645 1011 1849 1065 affatim
1901 1024 2239 1083 spargentem

678 1093 912 1145 multum
956 1094 1175 1148 lucrari.
1226 1097 1482 1167 DiSperge
1533 1099 1737 1168 itaque,
1787 1117 1854 1154 ne
1896 1102 2122 1171 perdas;
2172 1120 2240 1158 ne

679 1183 873 1243 retine,
904 1192 961 1235 ut
990 1184 1258 1249 retineas;
1287 1188 1511 1255 projice,
1543 1200 1601 1241 ut
1625 1190 1932 1256 custodias;
1964 1192 2237 1260 impende,

679 1277 1016 1337 utlnereris.
1045 1277 1200 1341 Quod
1226 1279 1268 1331 si
1300 1294 1519 1333 servare
1550 1281 1638 1333 illa
1664 1292 1931 1350 oporteat,
1962 1299 2029 1337 ne
2054 1300 2241 1339 serves

677 1381 733 1425 tu
769 1390 782 1424 :
821 1388 943 1425 nam
977 1369 1327 1443 illaprorsus
1352 1372 1666 1439 perditurus
1694 1389 1789 1437 es;
1815 1375 1906 1428 sed
1939 1375 2050 1428 Deo
2086 1392 2239 1429 com--

676 1464 859 1516 mittas
892 1481 903 1515 :
941 1464 1067 1517 inde
1104 1476 1358 1533 namque.
1377 1477 1538 1515 nemo
1565 1463 1819 1531 abripiet.
1853 1465 1931 1518 Ne
1976 1474 2032 1519 tu
2069 1482 2239 1537 uego-

675 1554 856 1619 tieris];
894 1556 1071 1608 nescis
1099 1554 1528 1625 quippelucruri
1560 1571 1571 1603 :
1604 1553 1705 1615 sed.
1740 1555 2027 1609 maximam
2069 1557 2236 1612 totius

669 1654 878 1714 partem
912 1646 1107 1698 fmnori
1140 1646 1268 1700 dato
1305 1646 1353 1699 ei
1390 1646 1480 1714 qui
1514 1662 1731 1699 usuram
1772 1645 1867 1701 tibi
1905 1647 2233 1715 praebiturus

669 1743 771 1790 est.
792 1736 868 1789 lbi
901 1736 1076 1791 fumus
1100 1738 1327 1796 colloca,
1356 1739 1447 1790 ubi
1478 1740 1623 1791 nulla
1651 1738 1871 1799 invidia,
1895 1739 2042 1792 nulla
2067 1754 2231 1792 accu-

669 1824 827 1887 satio,
869 1827 1031 1881 nulla:
1060 1826 1290 1887 insidias,
1334 1828 1496 1879 timor
1535 1828 1736 1880 nullus.
1782 1828 1995 1881 Fcenori
2024 1829 2149 1881 dato
2179 1830 2228 1882 ei

668 1919 762 1985 qui
794 1918 943 1969 nullo
974 1918 1199 1985 indiget,
1231 1928 1285 1971 et
1316 1926 1539 1986 propter
1567 1928 1617 1972 te
1654 1930 1833 1973 tamen
1866 1935 2003 1987 opus
2029 1920 2225 1985 habet;

666 2007 716 2058 ei
751 2006 843 2074 qui
876 2022 1066 2059 omnes
1090 2006 1210 2068 alit,
1250 2019 1305 2061 et
1331 2008 1523 2071 esurit,
1562 2024 1629 2062 ne
1665 2018 1718 2061 tu
1756 2009 1895 2064 fame
1922 2012 2224 2079 prcmaris;

666 2096 715 2151 ei
741 2097 830 2164 qui
862 2112 1067 2165 pauper
1090 2096 1319 2151 effectus
1346 2109 1449 2163 est,
1476 2108 1533 2152 ut
1558 2110 1613 2154 tu
1638 2099 1892 2154 ditcscas.
1924 2101 2126 2155 Frenus
2150 2102 2224 2154 ibi

665 2188 920 2250 colloces,
967 2188 1107 2242 unde
1145 2204 1254 2242 non
1288 2200 1541 2253 mortem,
1577 2191 1669 2243 sed
1716 2192 1879 2244 vitam
1915 2207 2014 2260 pro
2050 2204 2226 2246 morte

665 2282 720 2334 in
768 2282 1001 2336 fructum
1056 2283 1342 2353 percipies.
1398 2284 1521 2338 llaec
1573 2285 1775 2338 frenora
1834 2301 2079 2354 regnum,
2134 2286 2223 2339 illa

664 2369 965 2437 gehennam
1022 2373 1281 2440 pariunt:
1313 2374 1426 2427 lucc
1481 2375 1627 2427 enim
1680 2376 1746 2428 ad
1790 2376 2094 2438 avaritiam,
2134 2375 2223 2431 illa

663 2460 731 2512 ad
798 2462 1195 2531 philosophiam
1252 2466 1581 2534 pertinent:
1640 2467 1731 2519 illa
1788 2467 2219 2530 crudelitatem,

663 2550 778 2603 hare
842 2552 1233 2609 humanitatem
1306 2567 1559 2620 arguunt.
1616 2556 1785 2622 Quam
1852 2557 2222 2613 defensionem

661 2642 1003 2710 habebimus,
1050 2648 1092 2701 si
1145 2664 1269 2701 cum
1320 2648 1594 2717 possimus
1644 2648 1796 2717 plura
1846 2649 2113 2717 accipere,
2159 2664 2223 2703 ac

661 2741 779 2786 tuto
810 2734 973 2803 inque
1016 2744 1255 2806 tempore
1299 2746 1628 2807 opportuno,
1657 2753 1780 2793 cum
1821 2738 2075 2792 libertate
2106 2755 2213 2793 ma.

659 2838 802 2891 gna,
859 2826 959 2879 tuti
1013 2826 1081 2879 ab
1135 2829 1473 2897 opprobriis,
1535 2829 1854 2890 timoribus,
1918 2830 2217 2896 periculis;

660 2912 763 2964 hoc
792 2913 1016 2967 dimisso
1047 2915 1232 2980 lucro,
1277 2917 1367 2969 illa
1399 2918 1753 2985 insequamur
1798 2916 2003 2984 turpia,
2046 2918 2183 2969 levia
2204 2958 2219 2979 ,

658 3000 889 3064 fallacia,
935 3003 1098 3068 ﬂuxa,
1128 3020 1249 3073 quas
1288 3022 1389 3059 nos
1426 3007 1480 3059 in
1515 3006 1788 3059 fornacem
1818 3006 2092 3073 ingentem
2129 3007 2223 3059 de-

653 3089 845 3159 jiciant
866 3093 889 3143 ?

728 3177 924 3235 Contra
958 3201 1195 3239 usuram.
1226 3217 1296 3226 ——
1324 3186 1469 3241 Nihil
1507 3187 1675 3250 enim,
1712 3187 1845 3240 nihil
1894 3196 2041 3241 certe
2086 3203 2224 3257 prae-

2352 383 2490 437 senti
2516 397 2680 436 usura
2707 384 2943 451 turpius,
2963 383 3099 436 nihil
3119 381 3416 435 crudelius.
3441 380 3576 434 Nam
3599 380 3867 450 hujusmod

2350 471 2647 525 fmnerator
2692 471 2748 524 in
2793 472 3023 525 aliorum
3075 472 3439 524 calamitatem
3485 470 3809 537 negotiatur,
3846 488 3867 522 ρ

2350 571 2676 631 proventum
2704 562 2807 615 sibi
2847 570 2998 630 parat
3024 576 3090 614 ex
3120 560 3348 613 aliorum
3386 559 3725 625 infelicitate,
3759 576 3867 613 mer

2348 653 2646 722 cedemquc
2695 653 3050 706 humanitatis
3092 651 3259 720 exigit
3292 669 3303 702 :
3338 666 3402 705 ac
3443 650 3610 703 veluti
3658 659 3867 705 metuen

2347 757 2415 795 ne
2455 742 2845 796 immisericors
2884 749 3160 811 appareat,
3208 739 3562 809 benignitatis
3605 741 3783 807 specie
3824 742 3867 792 fit

2346 849 2499 886 veam
2532 833 2940 902 profundiorem
2974 832 3125 895 fodit,
3155 832 3393 899 dumque
3424 830 3529 883 fert
3558 846 3736 899 Opem,
3768 847 3867 898 pau

2345 940 2530 993 perem
2569 924 2853 994 Opprimit,
2894 924 3023 976 dum
3059 938 3279 976 manum
3324 922 3574 991 porrigit,
3606 922 3809 991 dejieit,
3841 939 3865 974 a

2344 1014 2471 1066 dum
2505 1013 2659 1082 quasi
2698 1012 2752 1065 in
2787 1022 3001 1082 portum
3032 1013 3278 1080 recipere
3322 1012 3559 1073 videtur,
3592 1011 3647 1065 in
3676 1014 3865 1064 naufra

2342 1103 2512 1173 gium,
2561 1102 2615 1155 in
2656 1103 2938 1171 sc0pulum
2967 1110 3022 1155 et
3053 1101 3105 1154 in
3148 1116 3274 1154 saxa
3305 1100 3527 1155 latentia
3562 1101 3765 1169 dejicit.
3794 1100 3867 1155 Set

2341 1194 2471 1262 quid
2501 1195 2739 1262 quaeris?
2772 1194 3026 1262 inquies;
3062 1208 3129 1245 an
3166 1202 3228 1245 ut
3266 1193 3547 1245 collectam
3588 1192 3868 1260 pecuniam

2341 1285 2474 1338 mihi
2518 1285 2725 1349 utilem,
2770 1284 2923 1337 alteri
2958 1284 3011 1337 in
3055 1299 3210 1336 usum
3246 1283 3390 1345 dem,
3436 1298 3537 1336 nec
3566 1283 3729 1335 ullam
3774 1284 3861 1335 ind

2342 1376 2643 1429 mercedem
2676 1376 3003 1444 reposcam?
3035 1374 3189 1427 Absit
3218 1392 3231 1426 :
3268 1389 3376 1426 non
3420 1373 3495 1426 ita
3524 1374 3718 1442 loquor
3745 1391 3760 1438 ;
3791 1375 3867 1426 im

2340 1467 2501 1535 cupio
2542 1478 2593 1519 te
2633 1466 2763 1519 hinc
2803 1465 3107 1521 mercedem
3151 1465 3419 1532 accipere,
3458 1479 3566 1517 non
3608 1464 3769 1518 vilem
3806 1482 3867 1517 an

2338 1557 2608 1626 exiguam,
2645 1557 2739 1609 sed
2775 1556 2945 1608 multo
2973 1554 3230 1623 majorem
3261 1572 3275 1606 :
3309 1570 3408 1622 pro
3437 1569 3573 1607 auro
3609 1562 3661 1607 te
3704 1556 3867 1608 emlun

2341 1647 2395 1701 in
2432 1663 2653 1701 usuram
2681 1647 2929 1716 accipere
2959 1647 3101 1700 volo.
3131 1645 3241 1700 Cur
3269 1660 3399 1715 ergo
3430 1654 3482 1699 te
3521 1645 3574 1699 in
3602 1656 3862 1714 pauperta

2342 1747 2448 1792 tem
2479 1737 2697 1806 redigis,
2744 1737 2875 1790 dum
2905 1737 2959 1789 in
2999 1746 3139 1790 terra
3172 1735 3452 1795 volutaris,
3490 1743 3545 1788 et
3594 1750 3757 1803 parva
3796 1751 3867 1802 pri

2338 1828 2546 1898 magnis
2587 1827 2793 1896 exigis?
2839 1826 2975 1879 lllud
3027 1827 3171 1879 enim
3223 1834 3307 1879 est
3348 1825 3480 1893 quid
3532 1826 3642 1878 sint
3686 1825 3867 1877 diviti:

2336 1921 2567 1974 nescire.
2598 1918 2733 1973 Cum
2775 1918 2917 1971 Deus
2944 1932 3043 1985 pro
3081 1916 3291 1985 exiguis
3322 1916 3430 1969 illis
3473 1916 3721 1984 pecuniis
3747 1915 3867 1967 bona

2338 2008 2433 2061 tibi
2464 2008 2694 2061 caelestia
2710 2005 2997 2075 promittit,
3026 2016 3081 2058 tu
3107 2020 3236 2057 vero
3259 2004 3417 2065 dicis,
3441 2004 3517 2058 Ne
3542 2005 3675 2057 mihi
3698 2005 3868 2057 eaalun

2334 2098 2570 2162 dederis,
2611 2096 2705 2151 sed
2734 2112 2831 2166 pro
2860 2098 2989 2151 caelo
3011 2111 3204 2148 aurum
3234 2095 3363 2148 illud
3401 2095 3701 2163 periturum
3730 2112 3743 2146 :
3780 2094 3868 2146 ιιο.

2332 2199 2415 2243 est
2439 2190 2575 2243 velle
2605 2190 2661 2241 in
2690 2188 2947 2257 pauperie
2979 2202 3219 2240 manere.
3260 2186 3336 2239 Ita
3369 2186 3461 2253 qui
3487 2201 3644 2238 veras
3669 2185 3863 2238 divitia

2333 2280 2688 2348 concupiscit,
2732 2280 2778 2332 is
2808 2278 3082 2332 manentia
3120 2292 3220 2346 pro
3254 2276 3535 2345 perituris,
3569 2275 3867 2328 inexbanst

2332 2384 2433 2439 pro
2477 2368 2653 2430 ﬂuxis,
2698 2369 2867 2421 multa
2914 2382 3012 2435 pro
3050 2367 3258 2435 paucis,
3306 2364 3742 2432 incorruptibilia
3793 2381 3867 2432 pri

2331 2460 2776 2529 corruptibilibus
2821 2460 2983 2527 eliget
3013 2476 3026 2510 :
3051 2467 3107 2511 et
3150 2458 3229 2511 sic
3258 2457 3346 2510 illa
3376 2457 3539 2509 etiam
3567 2465 3868 2523 sequentur

2330 2554 2463 2606 Nam
2487 2553 2579 2621 qui
2606 2560 2802 2604 terram
2832 2558 2956 2603 ante
2986 2550 3173 2603 caelum
3196 2548 3408 2617 quaerit,
3435 2548 3502 2600 ab
3543 2548 3631 2599 illa
3663 2563 3863 2615 prorsu

2329 2641 2585 2695 excidet:
2622 2638 2717 2708 qui
2760 2647 2940 2691 autem
2967 2637 3158 2690 caelum
3195 2645 3350 2689 term
3378 2634 3697 2702 praetulerit,
3732 2645 3863 2687 utro

2328 2748 2433 2801 que
2465 2746 2627 2800 supra
2654 2729 2873 2783 modum
2900 2728 3130 2781 fruetur.
3168 2725 3321 2791 Quod
3367 2735 3425 2777 ut
3462 2739 3868 2791 consequamur

2329 2827 2613 2894 praesentia
2636 2823 2817 2878 omnia
2841 2829 3272 2881 contemnentes,
3301 2818 3483 2871 futura
3511 2818 3651 2871 bona
3675 2817 3868 2886 deliga.

2328 2932 2469 2969 mus.
2501 2916 2573 2969 Ita
2605 2915 2749 2968 enim
2783 2923 2839 2968 et
2871 2914 2957 2966 his
2985 2923 3042 2966 et
3068 2912 3174 2965 illis
3203 2912 3467 2973 fruemur,
3498 2909 3667 2977 gratia
3703 2917 3764 2961 et
3802 2910 3867 2960 be

2328 3006 2590 3074 nignitate
2616 3004 2831 3058 Domini
2861 3002 3033 3055 nostri
3060 3002 3188 3055 Iesu
3213 2998 3414 3052 Christi
3452 3014 3464 3048 :
3500 2997 3586 3050 cui
3629 2996 3808 3066 gloria
3840 3013 3867 3049 e

2330 3096 2619 3150 imnerium
2646 3094 2700 3148 in
2726 3093 2922 3147 saecula
2950 3092 3291 3147 szeculorum.
3319 3090 3513 3142 Amen.

2030 3824 2379 3886 HOMILIA
2422 3824 2526 3885 VI.

651 4122 777 4179 CAP.
813 4126 879 4179 ll.
912 4142 963 4179 v.
998 4126 1046 4178 l.
1092 4123 1224 4179 Cum
1266 4131 1420 4175 natus
1472 4130 1597 4172 esset
1636 4119 1785 4173 Iesus
1833 4122 1887 4172 in
1920 4118 2215 4173 Belide/rem

722 4216 918 4269 ludicre
944 4217 996 4266 in
1019 4216 1194 4267 diebus
1215 4214 1432 4267 Herodis
1458 4213 1611 4281 regis,
1635 4227 1747 4263 ecce
1765 4213 1904 4281 magi
1937 4212 1999 4263 ab
2020 4213 2216 4263 oriente

720 4316 973 4361 venerunt
1016 4306 1423 4374 Jerosolymam,
1452 4305 1504 4356 2.
1548 4305 1772 4357 dicentes
1804 4322 1821 4357 :
1866 4304 1958 4357 Ubi
2009 4315 2082 4356 est
2127 4304 2215 4373 qui

724 4407 879 4449 natus
911 4406 986 4448 est
1019 4412 1110 4448 rex
1137 4396 1443 4447 Judarorum
1477 4395 1500 4445 ?
1548 4394 1779 4447 Vidimus
1825 4396 1963 4446 enim
2004 4394 2215 4447 stellam

722 4484 834 4554 ejus
862 4486 914 4536 in
951 4484 1168 4546 oriente,
1196 4492 1244 4534 et
1274 4484 1505 4539 venimus
1542 4484 1767 4535 adorare
1795 4499 1930 4533 eum.

725 4662 1115 4732 Refelluntnrii
1147 4662 1236 4732 qui
1274 4676 1335 4714 ea:
1365 4660 1523 4713 stella
1573 4676 1849 4723 magorum
1891 4661 2214 4714 occasionem

655 4758 981 4826 arripiebant
1043 4754 1387 4824 astrologiam
1441 4752 1727 4806 asserendi.
1757 4781 1823 4789 —
1850 4751 2015 4804 Multa
2056 4752 2216 4806 nobis

655 4862 793 4915 Opus
818 4856 900 4899 est
931 4848 1227 4917 vigilantia,
1255 4846 1441 4900 multis
1471 4846 1746 4913 precibus,
1793 4854 1853 4896 ut
1887 4852 2209 4912 praesentem

656 4934 835 4989 locum
890 4937 1161 5005 explicare
1206 4937 1497 5007 possimus,
1552 4952 1616 4989 ac
1671 4936 1810 4989 scire
1852 4934 1947 5005 qui
1993 4934 2104 4989 sint
2156 4935 2209 4987 hi

656 5024 818 5095 magi,
852 5025 1017 5085 unde,
1048 5026 1342 5093 quomodo,
1376 5034 1431 5079 et
1466 5041 1576 5095 quo
1606 5025 1871 5079 suadente
1906 5025 2158 5078 venerint
2193 5042 2209 5089 ;

656 5119 713 5167 et
740 5128 985 5181 quamam
1018 5113 1105 5165 illa
1144 5114 1296 5167 stella
1323 5114 1507 5167 fuerit.
1542 5114 1653 5167 lmo
1699 5114 1862 5167 etiam
1888 5153 1903 5175 ,
1934 5113 1979 5166 si
2005 5113 2171 5165 vultis
2193 5151 2209 5177 ,

656 5216 721 5255 ea
752 5202 983 5270 primum
1039 5202 1095 5254 in
1147 5204 1385 5256 medium
1432 5205 1804 5266 adducamus,
1853 5219 1975 5271 qua:
2018 5204 2211 5257 dicunt

657 5291 903 5345 veritatis
943 5290 1171 5343 inimici.
1206 5292 1421 5344 Etenim
1445 5308 1615 5359 usque
1642 5293 1778 5345 adeo
1806 5291 2057 5345 diabolus
2085 5291 2206 5343 illos

660 5384 880 5445 amavit,
914 5392 971 5435 ut
998 5382 1122 5435 inde
1154 5383 1276 5436 illos
1303 5399 1451 5436 arma
1492 5391 1681 5459 contra
1724 5384 2010 5437 veritatem
2050 5382 2213 5436 mini-

657 5487 831 5530 strare
866 5475 1177 5531 tentaverit.
1232 5474 1370 5537 Quid
1426 5476 1590 5537 igitur
1637 5475 1864 5529 dicunt?
1920 5477 2077 5539 Ecce,
2130 5476 2211 5528 in-

2314 4117 2530 4186 quiunt,
2559 4118 2778 4173 Christo
2823 4130 2954 4174 nato
2992 4121 3146 4175 stella
3200 4120 3491 4189 apparuit,
3545 4120 3697 4189 quod
3756 4136 3862 4176 san

2315 4208 2528 4276 signum
2583 4219 2665 4263 est
2706 4212 3052 4281 astrologiam
3096 4226 3278 4264 veram
3326 4226 3447 4264 esse
3498 4210 3862 4279 disciplinam

2313 4299 2594 4363 Quomodo
2639 4317 2768 4370 ergo
2807 4303 2850 4356 si
2898 4304 2991 4355 illo
3041 4303 3149 4355 ritu
3207 4309 3262 4355 et
3310 4302 3473 4355 modo
3536 4312 3705 4355 natus
3755 4314 3852 4357 est

2314 4388 2659 4456 astrologiam
2698 4391 2877 4449 solvit.
2920 4390 3090 4443 fatum
3124 4391 3365 4453 sustulit,
3417 4390 3733 4444 daemonum
3790 4408 3860 4445 or

2313 4476 2608 4539 obturavit,
2650 4493 2894 4531 errorem
2928 4481 3155 4548 expulit,
3183 4488 3238 4534 et
3260 4496 3453 4534 omnes
3480 4481 3860 4549 bujusoemod

2314 4566 2613 4637 prarstigias
2663 4568 3330 4634 eliminavit?’Quomodo
3373 4570 3542 4623 etiam
3581 4571 3730 4639 magi
3773 4589 3851 4640 pe.

2313 4656 2622 4724 hujusmodi
2655 4658 2866 4711 stellam
2896 4660 3148 4713 ediscunt
3181 4660 3361 4729 ipsum
3397 4674 3518 4714 esse
3558 4675 3752 4727 regem
3788 4664 3860 4718 Ju

2312 4748 2600 4803 dazorum?
2649 4766 2774 4804 cum
2831 4763 2979 4807 certe
3030 4768 3139 4806 non
3200 4751 3517 4821 huiusmodi
3568 4754 3729 4821 regni
3798 4771 3858 4811 re

2311 4849 2475 4903 esset,
2508 4850 2565 4893 ut
2600 4842 2713 4910 ipse
2756 4843 2929 4897 Pilato
2962 4844 3179 4898 dicebat
3210 4861 3223 4896 :
3256 4843 3491 4914 Regnum
3537 4860 3717 4896 meum
3789 4864 3858 4900 ne

2312 4940 2388 4983 est
2417 4932 2479 4984 de
2504 4934 2599 4985 hoc
2624 4935 2817 4985 mundo
2845 4933 3022 5004 (Joan.
3061 4934 3147 4989 i8.
3170 4934 3281 5002 56).
3326 4934 3474 4989 Nihil
3525 4933 3739 5002 quippe
3785 4939 3857 4991 la}

2312 5025 2635 5077 monstravit
2686 5041 2699 5077 :
2762 5040 2873 5078 non
2918 5024 3184 5091 hastatos,
3224 5041 3334 5079 non
3390 5025 3667 5095 clypeatos
3702 5065 3720 5088 ,
3779 5044 3858 5083 no

2312 5128 2503 5182 equos,
2534 5130 2643 5167 non
2677 5115 2953 5169 mulorum
2985 5116 3196 5186 jugum,
3248 5130 3426 5184 neque
3457 5113 3753 5183 quidpiam
3823 5136 3853 5173 s

2312 5203 2439 5257 mile
2486 5204 2693 5257 circum
2744 5220 2801 5258 se
2852 5205 3084 5270 habuit;
3136 5204 3231 5259 sed
3274 5204 3439 5257 vilem
3488 5213 3543 5258 et
3574 5219 3847 5273 paupere

2313 5294 2479 5347 vitam
2529 5296 2755 5363 agebat,
2809 5295 3099 5349 duodecim
3161 5304 3370 5348 tantum
3436 5294 3623 5356 viros,
3663 5309 3855 5367 eosqt

2315 5382 2780 5449 despicatissimos
2836 5383 3272 5437 circumducens.
3340 5382 3446 5435 Sed
3509 5382 3759 5443 etiamsi;
3819 5386 3856 5456 i1

2318 5488 2437 5527 sum
2501 5474 2706 5527 scirent
2779 5490 2899 5528 esse
2973 5490 3154 5543 regem
3188 5514 3203 5538 ,
3261 5488 3360 5527 cur
3424 5471 3641 5527 tandem
3724 5473 3855 5530 illu‘
