4058 6208
249 266 318 317 στί
1295 224 1298 226 Ὺ
1415 265 1480 319 ιδ
1517 258 1822 318 Multitth

1962 267 2188 317 ιιωιιι..
2234 260 2317 317 V’l.
3441 267 3514 323 δι

170 372 173 373 ⁷
249 371 482 424 adi-unt?
509 371 689 442 Neque
709 373 847 428 enim
874 372 996 425 illini
1023 381 1400 427 astronomiam
1429 389 1652 445 spectat,
1685 389 1739 431 ut
1766 396 1827 432 cx

249 460 420 514 stellis
445 471 834 532 cognoscantur
860 462 890 514 ii
920 463 1008 531 qui
1048 472 1374 529 nascuntur;
1406 466 1496 519 sed
1527 475 1582 520 ut
1607 481 1669 519 ex
1701 469 1828 527 liora

247 564 350 615 qua
383 561 704 617 nascuntur,
738 551 1155 620 prmuuutientur
1178 566 1241 606 ea
1269 568 1386 622 qum
1426 554 1554 623 ipsis
1579 566 1832 610 eventura

245 648 393 704 sunt,
419 641 498 693 uti
523 641 738 710 quidem
765 651 998 696 narrant.
1028 641 1090 696 lli
1123 658 1250 699 vero
1271 659 1440 714 neque
1466 647 1688 714 parienti
1713 663 1830 702 ma-

248 731 316 784 tri
343 731 567 784 aderant
590 772 604 794 ,
635 747 804 801 neque
843 741 1050 802 tempus
1081 744 1372 800 noverant,
1399 751 1505 807 quo
1531 746 1685 791 natus
1711 748 1791 793 est
1812 780 1826 802 ,

212 890 224 918 ‘
247 837 423 892 neque
451 822 570 878 inde
597 823 748 877 initio
770 824 950 892 ducto,
979 841 1048 882 ex
1070 827 1340 882 stellarum
1361 839 1510 884 motu
1530 845 1648 900 quie
1667 847 1826 886 evru-

211 914 221 932 "
247 921 361 966 tura
383 923 535 966 erant
560 914 924 982 pia-dixerunt
946 933 958 969 :
983 917 1078 972 sed
1107 932 1138 971 e
1163 920 1450 982 contrario,
1473 934 1592 974 cuni
1620 923 1828 976 stellam

245 1003 413 1055 multo
447 1012 572 1058 ante
608 1014 846 1074 tempore
880 1006 932 1060 iii
974 1009 1190 1076 regione
1224 1022 1316 1063 sua
1349 1009 1632 1079 lidgcnteiii
1659 1012 1822 1064 vidis-

241 1107 359 1152 sent
381 1139 396 1163 ,
427 1107 606 1154 natum
647 1101 812 1156 visuri
850 1105 1110 1160 accedunt
1140 1125 1154 1162 :
1185 1107 1329 1176 quod
1371 1124 1498 1164 sane
1537 1111 1827 1179 majoribus

238 1189 525 1243 obnoxium
553 1191 950 1250 difﬁcultatibus
978 1207 1080 1258 est.
1110 1213 1269 1266 quam
1295 1197 1348 1253 id
1376 1201 1516 1270 quod
1556 1202 1823 1270 prati-edit.

236 1277 492 1342 Quaauam
536 1279 655 1334 illos
699 1283 838 1336 ratio
883 1286 1096 1339 movit?
1137 1302 1241 1356 qua
1280 1301 1375 1356 spe
1413 1288 1526 1343 fulti
1569 1307 1632 1345 ex
1679 1300 1825 1345 tanta

240 1379 502 1425 terrarum
549 1373 722 1440 spatio
769 1374 1046 1430 adoratum
1086 1393 1268 1447 regem
1311 1382 1570 1435 veniunt?
1608 1381 1741 1436 Nam
1779 1383 1830 1436 si’

233 1460 455 1530 quidem
485 1477 577 1517 rex
610 1463 843 1532 ipsorum
872 1464 1084 1520 futurus
1113 1477 1227 1522 erat
1249 1509 1266 1533 ,
1299 1484 1366 1524 ne
1395 1471 1472 1524 sie
1499 1471 1658 1524 etiam
1689 1486 1789 1525 con
1808 1501 1820 1510 -

239 1561 521 1618 grueutem
549 1552 785 1608 habuere
814 1556 1096 1610 rationem.
1121 1556 1331 1611 Etenim
1361 1560 1404 1612 si
1433 1560 1484 1612 in
1515 1563 1674 1630 regiis
1698 1561 1824 1614 trdi-

141 1717 146 1720 _
233 1645 338 1700 bus
377 1653 536 1700 natus
580 1645 810 1713 fuisset,
853 1663 978 1717 rege
1019 1658 1172 1718 patre
1215 1663 1516 1720 prmsente,
1555 1654 1674 1723 jure
1707 1655 1828 1722 quis

231 1734 460 1798 diceret,
489 1735 640 1803 ipsas
682 1746 735 1790 ut
767 1739 899 1806 patri
957 1740 1230 1808 placerent
1266 1750 1444 1794 natum
1478 1758 1699 1810 puerum
1730 1739 1826 1795 ad;

233 1827 505 1890 oravis~e,
541 1837 595 1879 ut
619 1828 716 1879 hoc
737 1829 1007 1895 jil'll'HIiSSl)
1035 1830 1200 1893 cultu,
1231 1832 1370 1898 regis
1409 1832 1827 1887 benevolentiam

230 1916 338 1969 sibi
361 1917 730 1971 conciliarent.
753 1917 882 1971 Cum
906 1933 1032 1973 vero
1053 1921 1252 1974 scirent
1274 1924 1446 1990 ipsum
1471 1938 1648 1990 regem
1671 1938 1822 1976 suum

233 2021 348 2059 non
377 2020 500 2060 esse
540 2007 769 2059 futurum
790 2048 806 2070 ,
835 2007 928 2061 sed
959 2008 1146 2063 aliena:
1174 2010 1348 2079 gentis
1369 2053 1384 2076 ,
1417 2025 1446 2064 a
1485 2012 1698 2081 regione
1728 2026 1822 2066 sua

235 2095 400 2165 longe
430 2107 672 2160 remotae,
705 2097 984 2166 ipsumque
1007 2100 1072 2152 ad
1095 2100 1189 2153 viri
1212 2110 1420 2154 (etatem
1449 2102 1680 2155 nondum
1705 2118 1826 2171 per-

234 2187 470 2249 venisse,
504 2202 601 2241 cur
630 2197 828 2241 tantam
872 2191 1348 2259 peregrinationem
1383 2193 1699 2262 suscipiunt,
1730 2208 1826 2246 cur

237 2281 380 2331 dona
409 2277 658 2343 alferunt,
690 2279 903 2347 quando
933 2283 1160 2335 maxime
1186 2298 1307 2336 cum
1340 2283 1576 2351 periculo
1607 2283 1721 2338 hinc
1749 2285 1826 2337 la-

233 2369 378 2423 cturi
418 2370 608 2423 erant?
648 2371 917 2438 Siquidem
962 2372 1060 2426 hoc
1098 2372 1277 2427 audito
1317 2371 1552 2428 Herodes
1583 2375 1824 2429 turbatus

233 2471 362 2525 est,
392 2461 633 2514 turbatus
674 2462 798 2516 item
842 2464 1064 2531 populus
1107 2473 1246 2519 totus
1270 2506 1286 2530 ,
1317 2480 1435 2519 cum
1478 2465 1593 2520 hare
1622 2482 1685 2520 ex
1723 2467 1825 2520 illis

234 2550 468 2605 audiret.
492 2551 578 2611 At,
610 2551 832 2620 inquies,
860 2553 972 2607 lnrc
998 2554 1070 2607 illi
1099 2569 1201 2608 non
1226 2556 1596 2624 praisciebant.
1629 2556 1822 2610 Verum

239 2639 294 2694 id
318 2655 439 2694 cum
469 2641 670 2694 ratione
696 2649 911 2712 pugnat.
936 2642 1064 2696 Nam
1089 2645 1186 2698 etsi
1209 2644 1491 2699 admodum
1515 2646 1824 2715 insipientes

235 2731 504 2794 fuissent,
548 2732 792 2802 ignorare
835 2750 938 2787 non
984 2745 1259 2804 poterant,
1298 2751 1356 2791 se
1397 2738 1449 2791 iu
1491 2738 1674 2792 urbem
1714 2738 1824 2807 regi

238 2821 507 2876 subditam
533 2823 826 2888 venientes,
856 2823 1084 2891 taliaque
1111 2826 1434 2891 nuntiantes,
1466 2827 1733 2896 aliumque
1757 2827 1825 2880 ab

239 2927 308 2967 eo
327 2911 416 2983 qui
445 2921 552 2966 tum
579 2913 832 2982 regnabat
852 2928 1029 2984 regem
1057 2930 1175 2969 esse
1201 2927 1580 2983 monstrantes,
1603 2932 1824 2972 sexcen-

239 3002 312 3056 tis
340 3016 460 3057 sese
489 3004 675 3056 mortis
715 3003 963 3072 periculis
1001 3004 1250 3075 objicere.
1281 3006 1392 3061 Cur
1421 3015 1598 3062 autem
1638 3010 1826 3078 pannis

237 3092 536 3146 involutum
565 3092 896 3147 adorarunt?
921 3093 1052 3148 Nam
1081 3095 1124 3148 si
1159 3096 1241 3150 vir
1267 3097 1455 3151 Saltem
1487 3097 1690 3161 luisset,
1721 3097 1825 3152 dici

237 3186 501 3253 potuisset
535 3185 654 3238 illos
675 3225 692 3250 ,
723 3187 864 3254 quod
892 3201 1046 3256 opem
1086 3188 1203 3257 ejus
1241 3199 1649 3258 exspectarent,
1681 3205 1740 3245 se
1769 3189 1823 3244 in

238 3285 485 3344 apertum
533 3275 825 3345 periculum
864 3276 1157 3346 conjecisse
1198 3295 1212 3332 :
1249 3278 1390 3349 quod
1432 3289 1604 3335 tamen
1653 3281 1825 3350 ipsum

238 3378 502 3422 extremae
559 3369 855 3429 dementia:
913 3372 1128 3438 fuisset,
1187 3374 1444 3440 Persam,
1493 3377 1825 3444 barbarum,

239 3457 337 3525 qui
377 3457 517 3512 nihil
551 3475 844 3517 commune
876 3463 1106 3519 haberet
1134 3481 1258 3519 cum
1296 3465 1612 3520 ludam-um
1641 3473 1824 3536 gente,

237 3566 270 3602 a
307 3550 533 3620 propria
574 3560 722 3608 terra
755 3553 1042 3612 discedere
1089 3557 1252 3622 velle,
1307 3573 1373 3612 ac
1416 3557 1692 3628 patriam,
1733 3573 1828 3613 co-

241 3648 436 3710 gnatos
467 3651 524 3696 et
567 3643 792 3700 domum
833 3647 1187 3717 relinquere,
1235 3663 1404 3719 seque
1446 3649 1606 3705 alteri
1657 3663 1828 3722 regno

235 3731 540 3805 subjicere.

313 3944 370 4000 2.
425 3945 578 4011 Quod
625 3946 670 4001 si
724 3946 824 4003 hoc
868 3949 1090 4005 stultum
1133 3951 1354 4019 fuisset,
1401 3955 1543 4024 quod
1592 3957 1835 4026 sequitur

248 4034 408 4106 longe
448 4036 682 4092 stultius.
727 4039 990 4107 Quidnam
1032 4042 1160 4096 illud
1212 4044 1337 4098 est?
1377 4045 1526 4112 Quod
1555 4058 1659 4101 tam
1692 4049 1831 4118 longi

244 4127 478 4194 Spatium
527 4129 730 4184 itineris
771 4133 1005 4197 emensi,
1057 4143 1332 4203 postquam
1360 4136 1744 4204 adoraverant,
1779 4149 1834 4194 et

245 4225 452 4272 tantum
495 4220 635 4290 apud
683 4237 869 4277 omnes
913 4225 1194 4278 tumultum
1233 4227 1622 4294 excitaverant,
1653 4232 1830 4285 statim

243 4311 447 4365 reversi
493 4312 618 4367 sint.
669 4314 798 4380 Qua:
845 4316 1056 4371 tandem
1099 4317 1347 4373 viderunt
1383 4321 1530 4389 regni
1571 4321 1834 4392 insignia?

244 4399 568 4470 Tugurium,
618 4420 887 4474 prtesepe,
940 4409 1219 4477 puerulum
1265 4411 1316 4465 in
1364 4413 1676 4480 cunabulis,
1719 4430 1835 4469 ma-

243 4499 381 4545 trem
430 4509 737 4562 panperem.
777 4498 999 4552 Cuinam
1030 4515 1254 4557 munera
1283 4501 1622 4569 obtulerunt,
1650 4514 1706 4560 et
1729 4521 1833 4574 qua

241 4583 313 4640 de
347 4587 554 4641 causa?
597 4589 678 4643 An
721 4605 783 4644 ea
827 4591 908 4646 lex
934 4632 950 4652 .
989 4592 1034 4646 is
1071 4608 1188 4648 mos
1211 4603 1358 4660 erat,
1387 4604 1441 4649 ut
1467 4597 1712 4652 omnibus
1738 4613 1834 4667 per

245 4678 432 4734 orbem
473 4682 819 4738 nascentibus
857 4685 1072 4755 regibus
1113 4686 1165 4741 id
1191 4687 1430 4758 obsequii
1463 4689 1832 4745 tribueretur?

245 4785 314 4824 an
333 4785 550 4840 semper
565 4780 830 4828 terrarum
856 4776 1040 4830 orbem
1065 4777 1380 4844 circuibant,
1402 4789 1460 4833 ut
1480 4796 1616 4850 quos
1635 4781 1833 4837 scirent

243 4876 314 4915 ex
345 4862 538 4917 vilibus
574 4874 630 4919 et
670 4866 992 4935 pauperibus
1025 4883 1184 4939 reges
1207 4869 1442 4936 futuros,
1469 4881 1752 4942 antequam
1779 4874 1832 4929 in

247 4955 449 5023 regium
497 4956 689 5011 solium
730 4959 1114 5026 ascenderem,
1157 4961 1483 5017 adorarent?
1511 4964 1676 5020 Nemo
1702 4979 1834 5021 sane

242 5043 370 5098 illud
417 5045 632 5102 dixerit.
675 5047 786 5103 Cur
828 5064 958 5120 ergo
1002 5051 1150 5105 illuni
1197 5050 1532 5107 adorarunt?
1571 5054 1626 5110 Si
1653 5071 1831 5110 rerum

241 5137 584 5202 praesentium
633 5153 823 5206 causa,
869 5141 993 5212 quid
1032 5157 1093 5197 se
1131 5157 1348 5212 sperare
1377 5154 1620 5214 poterant
1643 5162 1672 5201 a
1705 5163 1833 5217 pue-

241 5226 362 5280 rulo
389 5237 446 5282 et
468 5229 630 5299 inope
649 5241 822 5286 matre
848 5238 1205 5304 accepturos?
1228 5235 1274 5291 si
1302 5235 1598 5292 futurorum
1624 5241 1790 5309 gratia
1812 5281 1828 5299 .

239 5318 380 5373 unde
404 5320 546 5375 scire
567 5331 814 5390 poterant
846 5325 1122 5393 puerulum
1148 5327 1200 5381 iii
1228 5328 1505 5384 cunabulis
1525 5329 1829 5396 adoratum,

235 5423 422 5464 eorum
449 5427 572 5483 quae
598 5422 708 5467 tum
738 5424 885 5485 gesta
912 5424 1040 5470 sunt
1062 5417 1462 5473 recordaturum
1493 5422 1654 5476 esse?
1677 5421 1828 5488 Quod

234 5501 282 5555 ti
332 5514 504 5560 mater
553 5506 704 5560 illum
757 5507 1093 5565 admonitum
1140 5519 1288 5574 erat,
1346 5513 1604 5582 supplicio
1654 5518 1830 5586 potius

234 5610 393 5664 quam
435 5597 658 5668 praviuio
681 5597 824 5671 digni
855 5612 1039 5670 erant,
1067 5604 1156 5674 qui
1187 5605 1237 5658 in
1263 5615 1502 5675 apertum
1537 5607 1826 5676 periculum

1931 395 2080 449 illum
2124 393 2498 464 conjecissent.
2547 389 2752 445 Exinde
2794 389 2935 443 enim
2967 387 3202 443 Herodes
3231 385 3470 440 turbatus
3495 427 3511 449 ,

1931 487 2207 558 qurerebat‘
2246 487 2392 540 illum
2415 526 2428 549 ,
2461 483 2830 548 scrutabatur,
2861 491 2916 536 et
2935 480 3235 536 interﬁcere
3256 477 3516 533 tentabai.

1934 579 2108 648 Atque
2136 578 2331 650 ubique
2357 586 2619 631 terrarum
2641 617 2654 639 ,
2685 576 2772 645 qui
2801 574 3034 643 aliquem
3059 575 3110 626 iu
3144 570 3334 624 tenella
3362 578 3516 621 uitale

1935 672 2237 742 privatum,
2278 678 2619 740 regnaturum
2661 683 2780 722 esse
2817 668 2987 738 palam
3015 663 3354 735 praedixerit,
3389 660 3516 714 nihil

1935 760 2076 814 aliud
2114 762 2254 824 agit,
2295 774 2450 829 quani
2481 758 2621 827 quod
2648 758 2818 826 ipsum
2849 757 2963 811 neci
2995 755 3197 818 tradat,
3226 754 3308 808 vel
3334 764 3519 806 contra

1925 861 2072 915 illum
2115 858 2249 913 bella
2279 855 2473 909 excitet
2497 853 2794 906 innumera.
2820 849 3010 905 Viden’
3036 861 3230 921 quanta
3261 851 3386 906 hinc
3413 853 3511 907 ab-

1924 951 2083 1006 surda
2115 955 2432 1006 nascantur,
2461 944 2506 998 si
2532 947 2820 998 secundum
2846 956 3023 996 rerum
3053 941 3402 997 humanarum
3429 958 3516 999 se-

1925 1043 2094 1102 riem,
2152 1039 2526 1106 vulgaremque
2565 1047 2768 1087 morem
2814 1046 2900 1086 res
2946 1033 3293 1102 exploretur?
3333 1033 3516 1105 Neque

1930 1141 2106 1186 tamen
2153 1129 2266 1183 haec
2298 1137 2499 1182 tantum
2523 1168 2537 1190 ,
2568 1124 2661 1179 sed
2691 1124 2854 1179 etiam
2880 1123 3047 1178 multo
3079 1124 3226 1191 plura
3252 1124 3356 1180 diei
3388 1142 3515 1194 pos-

1928 1233 2051 1280 sent
2072 1264 2088 1288 ,
2113 1239 2230 1293 qua:
2262 1221 2491 1289 majores
2523 1219 2585 1272 iis
2605 1259 2619 1283 ,
2643 1231 2774 1287 quas
2795 1230 2956 1285 supra
2984 1215 3242 1278 diximus,
3271 1228 3516 1286 parerent

1930 1316 2271 1388 qua‘stiones.

1995 1505 2158 1562 Stella
2177 1545 2191 1570 ,
2221 1520 2333 1575 qua:
2352 1504 2625 1574 apparuit,
2654 1521 2756 1558 non
2781 1521 2808 1556 e
2836 1519 3043 1558 numero
3072 1515 3370 1560 cwterarum
3391 1508 3512 1563 stel-

1922 1598 2089 1654 larum
2133 1608 2259 1652 erat.
2294 1627 2364 1636 --
2401 1595 2506 1652 Sed
2539 1612 2604 1652 ne
2628 1594 2967 1650 difﬁcultates
2988 1597 3386 1654 difficultatibus
3413 1617 3513 1654 ne-

1921 1702 2163 1756 ctentes,
2215 1690 2266 1746 in
2311 1690 2590 1760 caliginem
2631 1689 3117 1760 obscuritatemque
3158 1707 3253 1746 vos
3291 1691 3512 1761 dejicia-

1922 1799 2080 1846 mus;
2124 1796 2223 1852 age
2260 1781 2474 1836 demum
2503 1779 2568 1833 ad
2597 1781 2942 1849 quaesitorum
2967 1782 3284 1837 solutionem
3319 1799 3512 1852 prope-

1921 1889 2132 1938 remus,
2158 1881 2214 1928 et
2233 1889 2262 1927 a
2292 1872 2442 1927 stella
2466 1871 2723 1926 ducamus
2750 1873 2976 1926 initium.
2999 1872 3054 1926 Si
3080 1873 3222 1926 enim
3243 1873 3513 1928 discamus

1921 1984 2041 2038 quae
2084 1966 2168 2022 vel
2211 1965 2386 2036 qualis
2434 1965 2524 2019 illa
2567 1964 2674 2029 sit,
2719 1979 2788 2017 an
2815 1979 2882 2019 ex
2913 1980 3138 2020 numero
3162 1965 3416 2032 aliarum,
3444 1981 3512 2019 an

1922 2060 2135 2114 diversa
2173 2058 2241 2112 ab
2288 2056 2428 2120 illis,
2475 2071 2541 2109 an
2593 2063 2783 2110 natura
2831 2069 2961 2119 sua,
3003 2066 3073 2110 an
3099 2057 3280 2125 Specie
3310 2065 3512 2110 tantum

1923 2152 2074 2206 stella
2095 2191 2110 2213 ,
2164 2159 2288 2205 tunc
2319 2149 2472 2204 facile
2497 2158 2689 2205 cetera
2720 2149 2901 2202 omnia
2926 2149 3178 2203 sciemus.
3208 2148 3364 2204 Unde
3385 2166 3520 2219 erga

1927 2245 2040 2298 haec
2078 2241 2509 2311 eomperiamus?
2553 2239 2632 2295 Ex
2679 2240 2788 2308 ipsa
2825 2238 3122 2309 Scriptura.
3171 2240 3328 2306 Quod
3369 2242 3516 2296 enim

1926 2335 2042 2389 haec
2089 2334 2243 2389 stella
2287 2349 2391 2387 non
2437 2348 2505 2386 ex
2555 2345 2786 2386 numero
2816 2331 3076 2396 aliarum,
3118 2332 3231 2386 imo
3267 2347 3335 2387 ne
3359 2333 3523 2390 stella

1927 2426 2142 2496 quidem
2161 2433 2340 2486 esset,
2367 2432 2423 2477 ut
2452 2423 2578 2476 milii
2604 2423 2818 2491 quidem
2840 2423 3084 2490 videtur,
3112 2423 3206 2478 sed
3236 2424 3515 2479 invisibilis

1926 2517 2169 2588 quiedam
2195 2519 2383 2581 virtus,
2411 2531 2529 2585 qua:
2555 2516 2724 2570 stella:
2750 2515 2985 2583 speciem
3017 2515 3311 2585 praeferret,
3341 2517 3517 2586 primo

1928 2611 1995 2663 ab
2039 2609 2155 2676 ejus
2199 2607 2386 2660 itinere
2431 2607 2689 2675 arguitur.
2733 2605 2886 2660 Nulla
2931 2607 3113 2671 enim,
3161 2608 3304 2661 nulla
3334 2607 3518 2676 utique

1929 2699 2081 2755 stella
2128 2707 2211 2753 est
2255 2712 2372 2764 qua:
2415 2696 2505 2750 tali
2546 2704 2734 2765 pergat
2757 2697 2838 2748 via
2871 2712 2884 2748 :
2919 2711 3040 2748 nam
3069 2706 3126 2749 et
3153 2697 3322 2750 solem
3349 2706 3401 2750 et
3429 2698 3517 2751 lu-

1931 2805 2051 2845 nam
2074 2831 2088 2851 ,
2137 2800 2193 2843 et
2231 2788 2362 2841 alias
2403 2800 2593 2841 omnes
2629 2785 2812 2839 stellas
2846 2785 2917 2839 ab
2946 2785 3154 2839 oriente
3183 2785 3423 2838 videmus
3447 2786 3516 2840 ad

1927 2883 2259 2938 occidentem
2304 2893 2528 2950 pergere
2575 2896 2588 2931 :
2622 2877 2735 2930 haec
2763 2891 2890 2931 vero
2917 2876 3068 2931 stella
3099 2891 3129 2928 a
3155 2877 3518 2945 septentrione

1931 2975 1996 3028 ad
2036 2972 2309 3027 meridiem
2359 2971 2630 3026 ferebatur
2657 2958 2686 3022 7:
2734 2969 3026 3024 Palatstinae
3051 2969 3246 3037 quippe
3272 2967 3357 3023 hic
3382 2969 3519 3026 situs

1931 3075 2012 3121 est
2040 3066 2087 3119 si
2116 3062 2382 3118 Persidem
2411 3071 2642 3130 spectes.
2668 3058 2949 3124 Secundo,
2984 3059 3114 3113 illud
3143 3060 3302 3114 etiam
3324 3074 3354 3113 a
3380 3068 3519 3114 tem—

1934 3172 2062 3226 pore
2101 3156 2316 3225 probari
2346 3162 2540 3224 potest.
2571 3152 2754 3223 Neque
2777 3153 2920 3206 enim
2945 3161 3106 3206 noctu
3136 3159 3390 3222 apparet,
3422 3151 3518 3206 sed

1933 3251 1985 3304 iu
2016 3247 2238 3303 meridie
2256 3287 2272 3311 ,
2301 3247 2513 3301 lucente
2552 3247 2705 3310 sole;
2747 3259 2906 3314 quam
2934 3243 3039 3298 vim
3066 3258 3165 3298 nec
3188 3243 3340 3298 stella
3367 3284 3381 3309 ,
3412 3243 3518 3297 into

1933 3357 2002 3396 ne
2043 3339 2165 3394 luna
2207 3337 2423 3409 quidem
2472 3338 2584 3404 ipsa
2627 3336 2826 3402 habet,
2869 3351 2990 3406 qua:
3018 3335 3143 3390 licet
3167 3335 3344 3390 omnia
3373 3344 3518 3392 astra

1934 3439 2171 3497 superet,
2204 3439 2324 3482 orto
2353 3429 2481 3482 solis
2503 3427 2708 3497 fulgore
2736 3428 2916 3482 statim
2945 3419 3240 3481 occultatur
3261 3442 3359 3482 nec
3386 3443 3514 3482 eon-

1931 3526 2169 3596 spicitur.
2215 3525 2339 3580 llzec
2364 3541 2492 3581 vero
2516 3526 2667 3582 stella
2696 3525 2998 3597 splendoris
3021 3525 3102 3580 sui
3134 3526 3185 3579 vi
3208 3525 3368 3580 etiam
3394 3523 3526 3582 solis

1931 3619 2108 3672 radios
2128 3615 2414 3686 splendore
2433 3617 2754 3687 superabat,
2779 3617 3114 3688 maioresque
3137 3616 3417 3673 emittebat
3434 3629 3525 3670 ra-

1931 3709 2068 3764 dios.
2103 3707 2286 3763 Tertio
2311 3750 2327 3772 ,
2352 3709 2606 3777 probatur
2625 3749 2639 3769 .
2661 3708 2804 3778 quod
2825 3725 2887 3764 ea
2919 3708 3079 3764 modo
3105 3708 3276 3764 lucem
3305 3707 3518 3762 emitte-

1930 3808 2044 3865 ret,
2092 3801 2252 3855 modo
2295 3809 2552 3856 cessaret.
2579 3799 2713 3855 Nam
2736 3802 3070 3857 venientibus
3101 3801 3158 3855 in
3183 3800 3518 3856 Palaestinam
3591 3833 3594 3836 «

1930 3892 2060 3946 luxit
2107 3910 2121 3946 :
2171 3901 2451 3963 postquam
2496 3903 2675 3948 autem
2720 3893 3106 3964 .lerosolymam
3151 3893 3518 3953 advenerant,

1928 3999 2047 4038 sese
2085 3985 2370 4040 occultavit
2392 3985 2505 4056 (a);
2534 3985 2727 4040 deinde
2755 3985 2965 4040 Herode
2991 3986 3209 4048 relicto,
3241 3995 3516 4052 postquam

1930 4075 2077 4129 illum
2107 4076 2174 4131 de
2199 4092 2356 4132 causa
2388 4077 2592 4131 itineris
2615 4077 2899 4133 certiorem
2925 4078 3184 4141 fect-rant,
3211 4078 3310 4130 iter
3335 4091 3517 4131 susce-

1931 4167 2096 4232 pturis
2115 4168 2358 4234 apparuit
2383 4185 2399 4220 :
2427 4168 2567 4236 quod
2593 4177 2738 4223 certe
2767 4184 2873 4222 non
2902 4169 3070 4223 stella:
3098 4169 3264 4222 motui
3293 4183 3516 4238 compe-

1931 4256 2029 4319 tit,
2080 4256 2173 4309 sed
2226 4257 2405 4310 virtuti
2453 4257 2802 4327 intelligentia
2850 4259 3108 4328 praeditas.
3159 4259 3343 4330 Neque
3369 4259 3515 4316 enim

1929 4347 2197 4418 proprium
2239 4348 2337 4402 sibi
2380 4363 2595 4403 cursum
2641 4349 2895 4419 habebat,
2938 4351 3034 4406 sed
3069 4351 3158 4406 ubi
3190 4351 3515 4422 pergendum

1926 4449 2035 4494 erat
2057 4480 2073 4506 ,
2102 4441 2184 4494 illa
2214 4442 2501 4510 pergebat;
2531 4442 2617 4496 ubi
2643 4444 2890 4500 stantium
2910 4487 2925 4510 ,
2961 4447 3166 4512 stabat,
3225 4446 3516 4504 secundum

1925 4533 2373 4602 Opportunitatem
2421 4536 2598 4590 omnia
2667 4536 3023 4607 diSpensans;
3080 4540 3221 4595 sicut
3267 4541 3514 4596 colurnna

1927 4624 2013 4679 illa
2052 4624 2209 4679 nubis
2252 4641 2370 4694 qn:e
2421 4623 2622 4682 ludatis
2668 4629 3032 4690 monstrabat.
3080 4630 3294 4698 quando
3338 4641 3515 4686 castra

1925 4731 2160 4780 movere,
2193 4719 2404 4787 quando
2427 4719 2614 4774 sistere
2635 4731 2909 4790 oporteret
2937 4719 3128 4791 (Exod.
3144 4724 3230 4778 i5.
3253 4722 3412 4778 Num.
3435 4725 3512 4792 9).

1923 4809 2124 4877 Quarto
2147 4850 2163 4876 ,
2208 4811 2276 4864 ab
2315 4811 2427 4879 ipso
2455 4810 2665 4865 incendi
2692 4811 2852 4864 modo
2879 4811 2928 4864 id
2955 4812 3099 4867 clare
3123 4813 3367 4872 discitur.
3398 4816 3513 4872 Non

1923 4899 2067 4953 enim
2111 4900 2164 4954 in
2207 4901 2318 4955 alto
2359 4901 2492 4954 eicio
2528 4903 2814 4954 constituta
2837 4943 2854 4966 ,
2898 4918 3068 4974 neque
3093 4907 3237 4960 enim
3269 4918 3515 4976 poterant

1924 4989 2016 5045 illo
2055 4992 2214 5047 modo
2253 4993 2442 5062 dirigi,
2487 4993 2578 5047 sed
2611 4992 2818 5049 inferne
2856 4993 3122 5064 demissa,
3153 4999 3330 5055 locum
3359 5017 3514 5057 mon-

1988 5301 2062 5370 ςα)
2097 5299 2226 5370 Quod
2249 5299 2467 5370 hic-dicit
2490 5298 2873 5370 Chrysostomus,
2893 5299 3262 5370 stellammagis
3283 5321 3440 5370 usque
3463 5311 3512 5359 in

1926 5363 2222 5426 Paltestiiiam
2249 5363 2450 5426 luxisse,
2477 5370 2530 5412 et
2549 5363 2660 5412 cum
2677 5363 3020 5426 ierosolyinam
3043 5363 3378 5425 advenissent",
3396 5382 3513 5420 sese

1927 5425 2224 5490 occultasse,
2251 5437 2348 5490 non
2373 5425 2562 5474 videtur
2583 5437 2850 5490 consonare
2870 5425 2980 5474 cum
3005 5429 3266 5490 Evangelia
3288 5431 3512 5490 Mattli.2,

1928 5489 1973 5546 9,
2003 5488 2076 5545 10,
2095 5486 2177 5556 ubi
2198 5486 2378 5556 legitur
2402 5502 2414 5534 :
2443 5492 2629 5556 etecce
2645 5486 2802 5556 stella,
2823 5500 2977 5556 quani.
2991 5486 3213 5556 viderant
3231 5491 3285 5556 in
3306 5486 3508 5549 oriente,

1927 5546 2234 5614 antecedebat
2249 5546 2390 5614 eos...
2420 5546 2643 5600 ridentes
2673 5546 2846 5599 aiitem'
2869 5547 3056 5600 stellam
3087 5550 3240 5614 gavisi
3261 5557 3374 5602 sunt
3394 5565 3494 5614 μω

1930 5611 2009 5662 dio
2033 5622 2203 5674 magno
2224 5609 2383 5670 valde,
2418 5616 2515 5659 etc.
