4058 6208
524 254 593 309 55
1231 260 1286 316 S.
1327 259 1600 317 JOANNIS
1634 242 2104 317 CIIRYSOSTOMI
2139 256 2453 315 ARCHIEP.
2493 252 3020 313 CONSTANTINOP.
3725 249 3788 303 (κῖ

528 376 753 432 strabat.
802 373 982 429 Nostis
1029 372 1169 429 enim
1214 386 1319 426 non
1369 383 1525 440 posse
1572 368 1782 424 stellam
1830 368 2005 423 locum
2043 368 2111 420 ita

2206 381 2235 419 a
2285 362 2565 418 sacriﬁciis
2598 376 2751 415 orsus
2774 399 2790 422 ,
2824 357 3064 412 doctrina
3103 351 3310 407 imbuit.
3341 351 3476 419 Quia
3500 350 3642 405 enim
3670 365 3789 405 Cult-

526 483 747 539 parvum
794 474 1131 532 monstrare,
1178 464 1267 534 qui
1313 463 1574 533 tugurium
1619 461 1955 525 contineret;
2006 461 2114 516 imo
2206 464 2417 511 suetum
2462 454 2560 508 sibi
2607 454 2831 521 quisque
2878 462 3079 504 morem
3132 445 3362 500 libenter
3409 444 3693 512 sequitur,
3741 454 3791 495 et

524 560 702 615 locum
734 559 827 628 qui
857 571 1050 626 corpus
1076 553 1314 609 iufantuli
1342 568 1535 623 capere
1565 562 1786 622 posset:
1817 550 1939 622 quia
1968 552 2111 606 enim

523 654 782 708 immensa
827 659 944 704 erat
982 646 1204 701 altitudo
1229 688 1244 712 ,
1294 661 1401 702 non
1449 653 1658 714 poterat
1700 644 1854 699 stella
1884 654 1988 696 tam
2012 659 2110 697 an-

523 755 734 813 gustum
790 741 964 795 locum
1022 738 1258 792 indicare
1308 737 1611 791 volentibus
1666 733 1916 789 invisere.
1978 734 2111 788 Illud

528 850 653 889 vero
678 849 741 888 ex
773 832 883 899 ipsa
916 832 1037 885 luna
1068 827 1474 897 deprehendere
1498 838 1581 881 est
1605 844 1616 880 :
1642 842 1760 897 qua:
1786 842 1907 881 cum
1931 827 2116 881 stellas

521 937 707 977 omnes
732 932 937 976 tantum
965 929 1205 991 superet,
1236 918 1501 973 universis
1531 917 1716 973 orbem
1738 918 2113 982 incolentibus,

521 1023 576 1067 et
613 1013 663 1067 iu
694 1022 838 1067 tanta
870 1022 1027 1066 terra‘.
1055 1010 1335 1065 latitudine
1359 1010 1561 1064 dillusis
1582 1049 1601 1077 ,
1629 1009 1801 1063 vicina
1825 1025 1943 1064 esse
1973 1011 2116 1064 vide-

522 1115 628 1158 tur.
682 1102 962 1170 Quomodo
1004 1102 1206 1171 igitur,
1249 1115 1466 1171 qumso,
1513 1101 1685 1155 locum
1732 1101 1803 1154 ita
1834 1110 2112 1170 angustum

524 1198 783 1268 praesepis
812 1204 866 1250 et
895 1195 1087 1264 tuguroii
1120 1193 1274 1248 stella
1304 1192 1630 1247 ostendisset
1657 1208 1672 1256 ;
1702 1192 1801 1247 nisi
1824 1192 2002 1247 relicta
2027 1193 2113 1246 illa

523 1289 844 1346 celsitudine
886 1288 954 1343 ad
982 1288 1229 1342 inferiora
1259 1285 1621 1340 descendisset
1646 1325 1660 1349 ,
1690 1292 1743 1339 et
1767 1298 1925 1353 supra
1951 1293 2112 1350 caput

526 1383 700 1451 ipsum
741 1380 889 1450 pueri
935 1378 1214 1434 stetisset?
1251 1377 1402 1445 Quod
1429 1377 1770 1432 subindicans
1792 1376 2115 1444 evangelista

525 1474 736 1528 dicebat
764 1491 776 1526 :
809 1473 863 1528 9.
895 1471 1025 1526 Ecce
1047 1471 1193 1525 stella
1209 1470 1525 1523 antecedebat
1552 1485 1636 1522 eos
1655 1509 1670 1531 ,
1702 1485 1854 1537 usque
1879 1469 1997 1521 dum
2022 1484 2111 1521 ve-

527 1564 671 1617 niens
698 1572 849 1618 staret
876 1578 1035 1633 supra
1054 1562 1134 1615 ubi
1158 1572 1265 1614 erat
1287 1577 1430 1630 puer.
1464 1560 1651 1613 Videu’
1678 1568 1805 1629 quot
1826 1574 2114 1629 argumen—

528 1657 595 1710 tis
636 1655 889 1726 probatur
917 1655 1056 1708 hanc
1084 1653 1289 1708 stellam
1317 1668 1419 1707 non
1452 1653 1613 1706 fuisse
1641 1668 1707 1707 ex
1734 1666 1957 1706 numero
1983 1651 2116 1706 alia-

527 1763 642 1800 rum
685 1763 697 1801 :
741 1761 912 1816 neque
937 1744 1230 1800 secundum
1261 1744 1454 1798 seriem
1484 1751 1717 1797 externae
1742 1740 1884 1796 illius
1904 1742 2118 1810 genesis

525 1838 833 1909 apparuisse
853 1838 877 1890 ?

592 1984 645 2037 5.
674 1982 836 2036 Stella
857 1997 947 2034 cur
966 1979 1223 2050 apparuit.
1241 2007 1311 2018 —
1330 1977 1439 2029 Cur
1464 1991 1593 2047 ergo
1612 1974 1898 2045 apparuit?
1927 1972 1993 2028 Ut
2016 1973 2110 2027 Ju-

519 2075 760 2127 dueorum
809 2070 1169 2140 stupiditatem
1212 2069 1539 2130 incesseret,
1566 2074 1725 2134 atque
1751 2064 1970 2134 ingratis
1999 2062 2113 2116 adi-

523 2173 697 2218 meret
741 2176 956 2215 omuem
998 2158 1324 2215 defensionis
1368 2170 1573 2209 ansam.
1617 2155 1749 2221 Quia
1786 2154 1927 2209 enim
1958 2152 2113 2205 adve-

529 2257 687 2311 niens
715 2254 806 2309 ille
831 2264 981 2309 vetns
1012 2252 1311 2306 institutum
1341 2250 1708 2319 abrogaturus,
1735 2247 2022 2315 orbemque
2047 2242 2112 2299 ad

530 2364 694 2403 unum
740 2348 1095 2415 eamdemque
1141 2345 1345 2399 cultum
1390 2341 1753 2408 deducturus,
1796 2340 2015 2409 ipseque
2064 2337 2116 2394 in

534 2448 666 2501 mari
708 2455 757 2499 et
802 2453 938 2497 terra
963 2441 1159 2511 ubiqUe
1178 2437 1481 2494 adorandus
1509 2444 1654 2498 erat,
1688 2435 1754 2487 ab
1785 2432 1914 2503 ipsis
1942 2432 2120 2485 statim

533 2539 699 2592 initiis
738 2536 934 2589 ostium
958 2532 1203 2603 gentibus
1226 2528 1395 2598 aperit
1419 2568 1433 2589 ,
1466 2534 1523 2580 ut
1552 2526 1845 2578 alienorum
1875 2522 2120 2590 exetupfo

532 2644 659 2685 suos
679 2630 840 2683 etiam
882 2625 1139 2680 erudiret.
1180 2620 1314 2688 Quia
1358 2617 1499 2672 enim
1539 2630 1659 2671 cum
1697 2614 1983 2684 prophetas
2009 2612 2119 2665 frc-

535 2732 763 2791 quenter
799 2717 1045 2772 audirent
1085 2713 1154 2767 de
1196 2712 1360 2779 ipsius
1385 2708 1612 2763 adventu
1641 2721 1783 2775 saepe
1807 2705 2118 2774 loquentes,

532 2827 637 2866 non
682 2808 965 2863 admodum
1011 2803 1390 2864 attendebant,
1438 2798 1614 2854 cﬂ'ecit
1670 2806 1727 2850 ut
1798 2794 2010 2849 barbari
2052 2792 2120 2846 de

533 2913 672 2958 terra
721 2900 1010 2971 longinqua
1049 2895 1294 2949 venirent
1318 2932 1333 2956 ,
1360 2890 1449 2960 qui
1477 2903 1656 2958 regem
1685 2884 1823 2954 apud
1852 2886 1994 2954 ipsos
2022 2899 2118 2936 na-

530 3005 641 3048 tum
687 2991 1055 3060 inquirerent;
1088 2996 1141 3040 et
1171 2983 1382 3038 Persica
1409 2994 1539 3033 voce
1569 2978 1793 3047 primum
1820 2990 1882 3030 ea
1913 2976 2119 3028 edisce-

533 3092 695 3149 rent,
726 3097 843 3151 qua:
869 3096 901 3133 a
923 3077 1199 3149 prophetis
1228 3074 1436 3127 discere
1462 3072 1742 3125 noluerant
1771 3085 1783 3119 :
1815 3074 1871 3119 ut
1889 3067 1932 3120 si
1955 3067 2121 3135 probe

531 3193 594 3233 se
619 3182 901 3247 gererent,
933 3170 1218 3226 maximam
1246 3165 1543 3233 arriperent
1565 3160 1629 3214 ad
1650 3155 2119 3227 obtemperandum

534 3283 721 3323 ansam
744 3284 760 3330 ;
789 3264 871 3319 sin
899 3276 1027 3316 vero
1048 3256 1467 3315 contenderent,
1492 3250 1635 3304 omni
1658 3261 1875 3319 prorsus
1897 3261 2119 3301 excusa—

536 3364 683 3415 tione
717 3357 871 3412 vacui
914 3363 1116 3410 essent.
1161 3348 1296 3418 Quid
1326 3348 1465 3403 enim
1496 3345 1674 3398 dicere
1702 3341 1904 3411 possint
1933 3340 2005 3405 ii,
2034 3339 2121 3408 qui

534 3451 801 3506 Christum
818 3462 847 3502 a
867 3456 940 3500 tot
959 3441 1228 3514 prophetis
1248 3437 1612 3494 annuntiatutn
1631 3450 1736 3488 non
1754 3439 2120 3501 susceperunt,

535 3560 658 3600 eum
686 3539 911 3595 viderint
946 3548 1128 3605 magos
1148 3549 1211 3588 ex
1240 3532 1395 3587 unius
1420 3530 1589 3584 stella:
1612 3530 1728 3581 visu
1757 3529 1926 3595 ipsum
1949 3524 2122 3578 susei.

538 3634 744 3704 pientes
770 3638 826 3685 et
864 3624 1191 3681 adorantes?
1219 3622 1370 3690 Quod
1403 3621 1560 3690 igitur
1588 3620 1727 3673 circa
1757 3617 2016 3671 Ninivitas
2044 3616 2124 3669 lc-

537 3732 686 3779 cerat
720 3722 908 3776 Jouam
937 3717 1156 3773 mittens
1179 3755 1194 3779 ,
1226 3722 1279 3769 et
1304 3711 1445 3782 quod
1473 3712 1611 3765 circa
1651 3709 2037 3763 Samaritanam
2070 3714 2125 3759 et

537 3814 892 3869 Cbananaeam
914 3850 930 3874 ,
961 3806 1188 3875 idipsum
1220 3804 1379 3858 etiam
1403 3818 1499 3870 per
1524 3815 1707 3870 magos
1727 3798 1874 3853 fecit.
1898 3798 2124 3865 Ideoque

535 3906 744 3963 dicebat
810 3921 825 3957 :
877 3901 982 3955 Viri
1036 3896 1280 3952 Ninivitaz
1332 3903 1557 3964 surgent,
1595 3903 1641 3947 et
1689 3891 2123 3950 condemnabam;

534 4010 587 4052 ct
606 4038 622 4063 ,
651 3996 845 4067 Regina
870 3993 1028 4047 austri
1057 4000 1255 4060 surget,
1299 3998 1343 4040 et
1365 3984 1714 4041 condemnabit
1758 3984 2123 4054 generationem

534 4092 666 4144 hanc
708 4088 729 4158 (
760 4086 946 4140 Matth.
976 4083 1062 4139 l2.
1093 4083 1180 4137 Η.
1213 4081 1284 4135 42
1310 4081 1327 4149 )
1357 4098 1370 4133 :
1398 4078 1649 4148 quoniam
1701 4076 1776 4129 illi
1831 4075 2122 4128 minoribus

534 4178 912 4239 crediderunt,
953 4174 1007 4228 hi
1049 4189 1176 4228 vero
1202 4187 1373 4240 neque
1404 4169 1710 4238 majorilms.
1741 4167 1810 4221 At
1837 4181 1932 4221 cur
1962 4166 2080 4220 illos
2100 4206 2119 4231 ,

534 4276 762 4339 inquies,
792 4281 885 4334 per
912 4265 1070 4319 talem
1095 4264 1267 4317 visum
1292 4260 1546 4316 adduxit?
1576 4261 1643 4313 At
1667 4258 1936 4328 quomodo
1959 4271 2118 4325 opor-

535 4362 674 4414 tutt‘!
709 4374 777 4411 an
814 4354 1101 4425 prephetas
1135 4353 1390 4406 mittere?
1418 4350 1522 4405 Sed
1549 4350 1685 4418 magi
1714 4349 1985 4417 prophetis
2011 4363 2117 4402 non

533 4448 904 4505 credidissent.
932 4445 1014 4499 An
1037 4457 1221 4497 vocem
1240 4456 1468 4509 superne
1493 4439 1766 4507 proferre?
1797 4438 1986 4492 Verutn
2009 4453 2114 4491 non

535 4540 904 4595 attendisscnt.
935 4538 1014 4591 Att
1045 4534 1290 4605 angelum
1322 4532 1576 4585 mittere?
1610 4530 1714 4585 Sed
1746 4530 1886 4584 hunc
1909 4543 2119 4599 quoque

535 4635 757 4691 forsitan
786 4630 1189 4704 prmteriissent.
1215 4626 1547 4695 Quapropter
1568 4623 1672 4677 illis
1692 4622 1939 4677 omnibus
1958 4621 2119 4675 omis-

533 4729 608 4782 sis
656 4727 827 4790 Deus,
875 4736 1083 4778 summa
1133 4730 1284 4775 utens
1325 4715 1688 4785 indulgentia,
1735 4729 1827 4782 per
1866 4724 2116 4769 consueta

532 4827 688 4871 vocat
727 4816 843 4871 illos
862 4858 879 4882 ,
919 4812 1257 4881 ostenditque
1286 4808 1492 4864 stellam
1522 4820 1764 4875 magnam
1796 4805 1863 4859 ab
1891 4805 2009 4859 aliis
2040 4805 2119 4856 di-

528 4923 740 4964 versam
761 4947 776 4971 ,
821 4915 879 4959 ut
921 4906 1063 4975 ipsos
1091 4911 1145 4956 et
1170 4916 1232 4955 ex
1263 4895 1625 4967 magnitudine
1648 4902 1704 4949 et
1728 4909 1792 4949 ex
1826 4892 2122 4964 pulchritu-

531 4998 657 5052 dine
700 4994 989 5064 spectaculi
1036 4993 1381 5061 pereellcret,
1413 5003 1619 5042 necnon
1650 4988 1810 5041 etiam
1839 5000 1903 5039 ex
1936 4999 2121 5039 cursus

531 5086 711 5142 modo.
745 5084 869 5139 lltec
906 5093 961 5139 et
1007 5082 1200 5135 Paulus
1242 5082 1507 5140 imitatus,
1548 5093 1614 5132 ex
1654 5092 1743 5131 ara
1773 5090 1892 5131 cum
1920 5074 2120 5130 Griceis

531 5178 828 5235 disserendi
868 5174 1203 5231 occasionem
1229 5172 1421 5241 accipit
1446 5214 1460 5234 ,
1492 5180 1545 5226 et
1573 5179 1845 5240 poetarmn
1877 5168 2116 5223 testium-

532 5274 618 5327 nia
650 5272 700 5325 in
730 5269 961 5325 medium
987 5264 1203 5320 adducit
1232 5285 1245 5322 :
1272 5263 1484 5319 Jud:eos
1511 5276 1641 5317 vero
1660 5260 2117 5317 eireumcisiouem

535 5379 841 5421 memorans
884 5360 1205 5430 alloquitur,
1244 5366 1298 5413 et
1335 5370 1428 5412 eos
1454 5355 1543 5425 qui
1571 5355 1670 5410 sub
1699 5354 1815 5425 lege
1839 5354 2075 5410 viverent
2102 5395 2114 5415 ,

590 5576 607 5606 ι
644 5573 824 5636 Aliqui,
848 5586 932 5636 per
956 5572 1161 5635 mtgelos.

2212 548 2350 602 Deus
2386 554 2442 601 et
2477 545 2574 599 viri
2617 559 2646 597 a
2690 543 2801 597 Deo
2839 541 2906 595 ad
2952 539 3099 595 orbis
3141 537 3365 591 salutem
3400 536 3584 597 missi,
3612 536 3679 589 ita
3710 551 3792 589 res

2210 643 2455 692 tractant.
2500 634 2578 689 Ne
2624 633 2803 702 itaque
2842 630 3113 700 indignum
3153 627 3264 681 Deo
3302 634 3494 695 putes,
3532 625 3675 693 quod
3704 641 3793 694 per

2208 728 2415 783 stellam
2459 724 2601 793 ipsos
2646 721 2916 776 vocaverit
2966 737 2978 772 :
3033 718 3113 772 sic
3159 716 3301 771 enim
3340 714 3563 770 Iudaica
3588 730 3794 784 queque

2209 818 2388 874 omnia
2435 814 2758 885 improbabis
2777 854 2793 879 ,
2818 810 3075 867 sacriﬁcia
3102 822 3292 876 nempe
3312 848 3327 873 ,
3359 806 3755 875 puriﬁcationes
3773 849 3790 871 ,

2212 908 2519 963 neomenias
2541 947 2557 973 ,
2586 919 2766 959 arcam
2784 944 2799 967 ,
2825 902 3104 971 ipsumque
3135 898 3408 966 templum.
3440 896 3567 951 Haec
3596 897 3787 965 quippe

2210 998 2388 1052 omnia
2430 1011 2499 1051 ex
2533 995 2767 1065 gentium
2795 990 3144 1046 crassitudine
3172 996 3351 1042 ortum
3380 987 3667 1041 duxerunt.
3698 989 3789 1040 At-

2213 1098 2389 1143 tamen
2434 1087 2575 1141 Deus
2613 1084 2680 1139 ad
2718 1082 3008 1138 errantium
3048 1078 3273 1133 salutem
3299 1078 3382 1131 his
3410 1091 3471 1131 se
3501 1090 3689 1146 passus
3714 1086 3791 1130 est

2212 1178 2315 1233 coli
2334 1217 2351 1242 ,
2397 1175 2590 1245 quibus
2634 1173 2905 1228 daemonas
2930 1168 3156 1239 gentiles
3187 1167 3259 1221 illi
3286 1165 3569 1231 colebant,
3598 1165 3687 1219 illo
3713 1172 3787 1218 ta-

2211 1284 2334 1324 men
2373 1267 2516 1321 cultu
2548 1266 2803 1333 tantisper
2829 1269 3065 1324 mutato,
3097 1269 3153 1311 ιιι
3180 1258 3300 1312 illos
3330 1255 3584 1327 paulatim
3608 1270 3635 1309 a
3665 1270 3784 1309 con.

2213 1358 2492 1414 suetudine
2517 1355 2772 1411 abductos
2792 1395 2808 1418 ,
2839 1352 2905 1405 ad
2934 1350 3214 1405 sublimem
3240 1349 3380 1402 illam
3403 1346 3787 1415 philosophiam

2213 1451 2523 1507 deduceret.
2556 1448 2612 1501 ld
2634 1444 2774 1516 quod
2800 1444 2959 1498 etiam
2982 1443 3122 1496 circa
3144 1454 3327 1508 magos
3349 1437 3526 1493 cﬂ'ecit
3544 1479 3564 1502 ,
3588 1452 3706 1491 cum
3732 1438 3790 1490 il-

2213 1542 2294 1597 los
2334 1555 2429 1610 per
2470 1538 2639 1593 stella:
2679 1536 2849 1590 visum
2876 1534 3117 1596 vocavit,
3150 1539 3209 1584 ut
3235 1528 3427 1585 deinde
3456 1528 3790 1582 sublimiorcs

2214 1631 2481 1688 redderet.
2512 1629 2798 1696 Postquam
2825 1625 2983 1693 igitur
3004 1621 3123 1675 illos
3148 1619 3213 1673 ad
3243 1633 3482 1688 prtesepe
3508 1618 3660 1687 quasi
3684 1633 3793 1670 ma-

2218 1738 2289 1775 nu
2334 1720 2658 1780 deduxerat,
2700 1731 2804 1767 non
2846 1728 2940 1782 per
2960 1710 3167 1765 stellam
3190 1708 3418 1771 deinde,
3451 1709 3545 1762 sed
3577 1722 3673 1775 per
3700 1722 3791 1760 au-

2216 1809 2394 1879 gelum
2422 1808 2439 1837 ⁸
2481 1806 2625 1874 ipsos
2661 1802 2953 1871 alloquitur
2997 1816 3010 1852 :
3056 1799 3133 1853 sic
3162 1799 3231 1851 illi
3260 1795 3516 1867 gradatim
3550 1795 3793 1850 meliores

2218 1898 2389 1953 eﬂ'eeti
2420 1904 2559 1950 sunt.
2592 1894 2702 1948 lloc
2734 1893 2905 1961 ipsum
2935 1890 3058 1944 fecit
3081 1890 3217 1943 circa
3247 1886 3582 1942 Ascalonitas
3607 1895 3661 1941 et
3688 1887 3791 1942 Ga-

2218 2003 2377 2043 zmos.
2416 1986 2547 2040 Nam
2588 1992 2863 2053 postquam
2894 1982 3126 2051 quinque
3153 1979 3254 2032 illae
3277 1978 3516 2032 civitates
3536 2016 3551 2040 ,
3579 1991 3701 2031 arca
3726 1980 3791 2030 ad

2217 2094 2276 2135 se
2314 2076 2558 2131 veniente
2581 2114 2595 2138 ,
2626 2073 2765 2128 letali
2796 2071 2945 2141 plaga
2967 2082 3233 2139 percussa:
3256 2075 3414 2131 sunt,
3441 2081 3566 2120 cum
3594 2066 3794 2119 nullum

2221 2168 2586 2241 ingruentibus
2614 2166 2768 2221 malis
2796 2165 3083 2219 remedium
3108 2160 3443 2221 invenirent,
3476 2162 3679 2210 vocatis
3710 2171 3805 2207 \‘a-

2218 2261 2360 2315 tibus
2415 2268 2468 2313 et
2505 2263 2824 2327 congregato
2863 2262 3007 2309 cestu
3032 2248 3298 2322 quomodo
3324 2248 3583 2302 divinitus
3606 2246 3807 2300 immis-

2220 2368 2339 2407 smn
2366 2353 2565 2406 malum
2585 2357 2895 2405 amoverent
2912 2343 3282 2400 consultabant
3309 2343 3387 2411 (l.
3409 2342 3534 2411 Reg.
3561 2340 3642 2412 5).
3677 2339 3809 2393 lliuc

2218 2443 2427 2497 vatibus
2467 2440 2802 2504 dicentibus,
2852 2451 3039 2492 vaccas
3082 2434 3369 2489 indomitas
3413 2442 3468 2486 et
3493 2432 3811 2501 primiparas

2217 2548 2354 2586 areae
2377 2531 2526 2602 jungi
2554 2538 2805 2599 Oportere
2829 2570 2845 2594 ,
2878 2536 2935 2581 ut
2957 2526 3103 2579 nullo
3128 2523 3262 2577 duce
3293 2537 3400 2592 quo
3424 2522 3624 2575 vellent
3646 2521 3807 2583 irent;

2221 2624 2449 2693 hincque
2487 2622 2823 2691 exploratum
2872 2620 2987 2671 fore
3013 2631 3077 2669 an
3106 2615 3361 2669 divinitus
3381 2653 3398 2678 ,
3423 2628 3491 2667 an
3519 2628 3646 2667 casu
3673 2628 3809 2682 quo.

2222 2716 2361 2784 piam
2410 2714 2680 2767 immissus
2710 2710 2929 2765 morbus
2956 2718 3097 2763 esset
3127 2706 3287 2778 (Ibid.
3319 2705 3376 2776 6)
3406 2721 3422 2769 ;
3450 2720 3573 2759 nam
3605 2706 3672 2769 si,
3700 2706 3812 2758 aie-

2220 2805 2347 2859 bant
2371 2846 2385 2870 ,
2414 2803 2603 2874 jugum
2632 2817 2697 2856 ex
2727 2800 2989 2869 imperitia
3020 2800 3035 2830 ¹
3067 2807 3345 2852 conterunt
3368 2839 3382 2861 ,
3412 2797 3493 2849 vel
3521 2797 3565 2851 si
3597 2796 3664 2851 ad
3691 2813 3811 2849 mu-

2219 2896 2426 2966 gientes
2471 2894 2664 2948 vitulos
2704 2899 3013 2953 vertantur,
3057 2889 3205 2957 plaga
3251 2902 3376 2941 casu
3404 2887 3698 2947 acciderit:
3730 2889 3809 2942 sin

2224 2994 2367 3039 recta
2386 2991 2628 3053 pergant,
2648 2994 2825 3050 neque
2842 2979 2956 3033 sive
2977 2984 3198 3048 propter
3214 2976 3506 3029 vitulorum
3527 2975 3797 3046 mugitum

2226 3076 2339 3128 sive
2375 3082 2599 3143 propter
2634 3073 2735 3124 viae
2772 3068 3130 3139 ignorantiam
3150 3067 3426 3130 aberrent,
3447 3065 3807 3134 conspicuum

2227 3165 2327 3218 erit
2345 3164 2517 3233 ipsam
2532 3161 2623 3216 Dei
2642 3176 2862 3215 manum
2882 3160 2979 3214 bas
2993 3160 3157 3213 urbes
3176 3157 3532 3226 percussisse:
3551 3158 3680 3225 quia
3703 3159 3806 3227 igi—

2230 3264 2320 3310 tur
2336 3264 2518 3310 vatum
2540 3254 2700 3310 dictis
2720 3260 3014 3323 paruerunt
3038 3251 3249 3304 illarum
3268 3248 3552 3303 civitatum
3586 3249 3807 3311 incohe,

2226 3354 2364 3407 Deus
2399 3352 2559 3406 etiam
2579 3391 2596 3419 ,
2626 3348 2948 3419 indulgentia
2977 3360 3105 3401 usus
3124 3386 3140 3411 ,
3172 3354 3350 3399 vatum
3378 3345 3695 3398 sententiam
3723 3359 3814 3397 sc-

2221 3453 2417 3515 quutus
2455 3452 2567 3508 est,
2603 3456 2700 3497 nec
2730 3441 3007 3508 majestate
3037 3452 3131 3491 sua
3155 3436 3424 3506 indignum
3452 3438 3688 3504 putavit,
3723 3450 3817 3485 va-

2220 3546 2332 3592 tum
2375 3535 2774 3607 praedictionem
2813 3531 2879 3585 ad
2905 3545 3038 3601 opus
3062 3529 3328 3584 deducere
3350 3568 3368 3594 ,
3393 3536 3448 3583 et
3474 3526 3634 3582 tidem
3660 3526 3819 3580 dictis

2223 3641 2409 3682 eorum
2455 3624 2763 3681 conciliare.
2810 3622 2889 3676 Eo
2932 3621 3102 3690 major
3130 3623 3272 3675 enim
3302 3633 3389 3673 res
3412 3625 3559 3689 gesta
3589 3617 3812 3672 videba-

2222 3726 2329 3785 tur,
2376 3718 2420 3771 si
2464 3716 2558 3771 Dei
2586 3714 2874 3784 puteutiam
2911 3714 3008 3782 ipsi
3036 3713 3194 3766 etiam
3222 3711 3421 3765 inimici
3453 3709 3812 3765 testiﬁcareri-

2223 3818 2341 3873 tur,
2389 3816 2445 3863 et
2490 3806 2535 3861 si
2583 3821 2766 3860 eorum
2812 3804 3061 3859 doctores
3090 3801 3157 3857 de
3183 3802 3272 3856 illa
3297 3801 3558 3856 calculum
3587 3799 3811 3855 ferrent.

2221 3899 2382 3954 Multa
2404 3912 2613 3969 quoque
2642 3895 2836 3951 similia
2866 3896 3030 3950 Deum
3053 3892 3449 3963 dispensantem
3472 3890 3814 3944 animadver-

2214 3984 2400 4045 timus.
2422 3988 2551 4043 Nam
2574 4004 2633 4042 ea
2655 3987 2813 4042 etiam
2836 4002 2953 4056 qua:
2972 3986 3038 4039 ad
3062 3984 3424 4055 pythonissam
3451 3991 3696 4052 spectant
3720 3998 3815 4036 eo-

2223 4081 2346 4135 dem
2384 4080 2691 4149 dispensata
2731 4086 2857 4133 sunt
2900 4077 3099 4132 modo:
3130 4084 3187 4130 ut
3215 4090 3311 4130 vos
3339 4074 3594 4142 deinceps
3618 4088 3816 4129 Socun-

2224 4173 2349 4229 dum
2389 4173 2500 4242 jam
2539 4171 2677 4227 dicta
2729 4171 2970 4242 poteritis
3009 4168 3275 4237 explicare
3326 4165 3484 4227 (Ibid.
3516 4166 3633 4236 28).
3685 4166 3816 4220 Πίναξ

2223 4263 2293 4319 de
2329 4264 2483 4319 stella
2527 4279 2556 4316 a
2598 4262 2751 4317 nobis
2789 4261 2926 4315 dicta
2974 4269 3135 4321 sunt;
3166 4258 3256 4313 sed
3289 4258 3438 4326 plura
3471 4272 3499 4310 a
3527 4257 3679 4308 vobis
3706 4257 3814 4309 dici

2221 4365 2429 4434 possint
2452 4381 2465 4418 :
2489 4376 2609 4416 nam
2634 4358 2714 4412 Da
2742 4354 2955 4425 sapienti
2979 4354 3291 4409 occasionem
3314 4392 3329 4417 ,
3356 4360 3401 4405 et
3427 4349 3703 4419 sapientior
3720 4351 3819 4403 erit

2220 4453 2402 4522 (Prov.
2434 4453 2489 4508 9.
2513 4450 2589 4518 9).

2295 4624 2345 4675 4.
2371 4620 2538 4686 Quare
2556 4615 2823 4683 Scriptura
2845 4622 3035 4677 tempus
3056 4618 3098 4660 et
3118 4609 3283 4660 locum
3302 4604 3596 4664 natiritatis,
3623 4601 3817 4669 primi-

2224 4728 2433 4785 pemque
2452 4719 2570 4761 tunc
2595 4703 2829 4775 temporis
2849 4709 3139 4771 regnantem
3157 4708 3258 4750 tam
3280 4703 3518 4749 accurate
3540 4692 3815 4746 describat.

2225 4804 2462 4859 Liberum
2502 4797 2783 4851 arbitrium.
2840 4792 3162 4861 Jerosolyma
3192 4805 3282 4842 cur
3317 4787 3517 4839 turbata
3550 4790 3659 4845 est,
3699 4798 3821 4834 cum

2226 4896 2419 4951 audivit
2442 4891 2699 4947 Christum
2726 4896 2919 4940 natum.
2944 4912 3011 4923 —
3031 4882 3147 4937 Jam
3176 4880 3241 4933 ad
3274 4876 3593 4947 principium
3621 4888 3816 4927 eorum

2228 5004 2345 5060 qua:
2376 4987 2509 5041 lecta
2552 4990 2677 5035 sunt
2705 4974 3037 5033 redeundum
3062 4983 3166 5027 est.
3197 4969 3477 5036 Quodnam
3507 4974 3589 5019 est
3617 4964 3824 5035 princi-

2230 5058 2412 5151 pium?
2439 5076 2563 5131 Cum
2604 5082 2754 5126 natus
2777 5080 2905 5125 esset
2929 5066 3079 5121 Iesus
3102 5065 3154 5117 in
3181 5060 3473 5116 Bethlehem
3497 5058 3699 5111 Judiea:
3716 5096 3731 5121 ,
3767 5059 3825 5110 in

2214 5150 2403 5227 diebus
2430 5169 2480 5224 11
2484 5168 2649 5223 credis
2678 5165 2809 5236 regis
2825 5205 2839 5229 ,
2877 5177 2990 5216 ecce
3012 5157 3148 5227 magi
3168 5155 3229 5208 ab
3251 5155 3442 5209 oriente
3465 5160 3707 5206 venerant
3728 5150 3759 5202 J
3772 5167 3828 5201 e—

2233 5262 2560 5333 rosotgmam.
2578 5258 2710 5327 Magi
2739 5254 2949 5310 stellam
2971 5250 3159 5305 ducem
3187 5245 3397 5316 sequuti
3420 5251 3575 5308 sunt;
3609 5241 3663 5295 hi
3690 5257 3829 5295 vero

2303 5530 2321 5561 ί
2360 5528 2415 5577 In
2438 5533 2619 5580 Graeco.
2643 5533 2710 5572 δπὸ
2733 5536 2795 5577 τῆς
2816 5528 2994 5577 ἀτειρὴς.
3013 5514 3230 5580 Atrianus
3248 5518 3309 5558 an
3331 5516 3425 5575 ista.
3443 5504 3652 5555 lectione
3676 5504 3837 5555 aber-

2236 5598 2329 5647 rat,
2353 5571 2822 5648 i'u'ititerpr'etatiouc
2841 5571 3048 5638 ponens,
3070 5571 3273 5635 superba
3297 5571 3495 5620 cerrice.
