4058 6208
274 329 345 386 63
1417 334 1483 390 IN
1522 334 1927 393 MATTIMBUM
1966 335 2193 393 IIOMIL.
2237 336 2324 394 Vl.

278 441 416 492 κατά
449 442 553 512 τὴν
579 445 899 518 οἰκουμένην
927 447 1170 514 οἰκοῦσι,
1204 451 1296 504 καὶ
1328 453 1408 516 είς
1431 455 1683 509 τοσοῦτον
1715 458 1849 512 πλά-

276 543 368 589 τος
407 533 514 600 γῆς
550 533 930 605 ἐκκεχυμένοις
954 537 1019 599 ³⁸,
1072 538 1272 592 ἅπασιν
1313 542 1479 609 ἐγγὺς
1511 540 1648 598 εἶναι
1679 545 1842 603 δοκεῖ.

283 619 411 683 Πῶς
436 618 530 676 οὖν
557 627 586 677 6
604 626 797 695 ἀστὴρ,
820 627 938 680 εἰπέ
963 645 1073 698 μοι,
1099 630 1259 684 τόπον
1277 631 1417 686 οὓτω
1437 635 1618 689 στενὸν
1643 640 1846 709 φάτνης

287 711 379 763 καὶ
428 714 671 784 καλύϐης
699 717 904 771 ἐδείκνυ
930 758 945 780 ,
980 722 1028 774 εἰ
1058 721 1132 792 μὴ
1163 723 1223 775 τὸ
1252 724 1454 796 ὑψηλὸν
1491 727 1666 781 ἐκεῖνο
1689 730 1846 799 ἀφεὶς

280 801 434 854 κάτω
466 804 694 874 κατέϐη,
725 807 817 860 καὶ
847 808 986 879 ὑπὲρ
1023 811 1191 882 αὑτῆς
1216 813 1346 886 έστη
1365 816 1465 886 τῆς
1491 818 1728 888 κεφαλῆς
1751 819 1843 873 τοῦ

277 890 524 956 παιδίους
561 893 734 965 Ὅπερ
761 892 853 949 οὖν
891 899 986 952 καὶ
1011 900 1040 951 6
1066 901 1450 976 εὑαγγελιστὴς
1484 908 1846 978 αἰνιττόμενος

278 979 463 1048 ἔλεγεν
483 1000 498 1014 ο
541 983 696 1039 Ἰδοὺ
731 991 765 1040 ό
795 988 992 1057 ἀστὴρ
1025 992 1290 1064 προῆγεν
1318 997 1538 1064 αὐτοὺς
1559 1038 1574 1062 ,
1614 999 1723 1066 ἕως
1747 1001 1843 1054 ἐνί-

278 1069 399 1123 θὼν
433 1073 581 1142 ἔστη
613 1075 813 1130 ἐπάνω
844 1075 916 1134 οὗ
950 1076 1028 1149 ἦν
1048 1082 1114 1134 τὸ
1142 1083 1402 1138 παιδίον.
1418 1085 1584 1157 Ὁρᾷς
1616 1088 1682 1141 δι’
1707 1091 1844 1143 ὅσων

276 1160 549 1217 δείκνυται
575 1167 634 1218 οὑ
663 1166 770 1220 τῶν
810 1169 1017 1222 πολλῶν
1051 1168 1130 1234 εἷς
1160 1171 1235 1227 ὢν
1265 1167 1420 1238 οὗτος
1452 1178 1480 1229 6
1513 1177 1704 1250 ἀστὴρ,
1725 1180 1843 1233 οὑδὲ

275 1254 418 1307 κατά
463 1258 564 1326 τὴν
595 1259 916 1315 ἀκολουθίαν
948 1263 1046 1334 τῆς
1099 1263 1203 1330 ἔξω
1313 1267 1581 1336 γενέσεως
1630 1271 1842 1337 δεικνὺς

276 1341 396 1415 [89]
426 1347 616 1401 ἑαυτόν
634 1365 649 1413 ;

344 1434 416 1502 γ’.
451 1438 560 1491 Καὶ
588 1439 731 1504 τίνος
757 1441 941 1496 ἕνεκεν
970 1445 1177 1516 ἐφάνη;
1209 1447 1370 1502 Ὥστε
1398 1449 1715 1505 καθικέσθαι
1743 1451 1842 1522 τῆς

287 1525 558 1582 Ἰουδαίων
590 1531 964 1604 ἀναισθησίας,
997 1537 1092 1589 καὶ
1115 1539 1293 1592 πᾶσαν
1313 1540 1493 1604 αὑτοῖς
1527 1541 1842 1594 ἀποκλεῖσαι

269 1609 892 1687 ἀπολογίαςάφορμὴνδθ
924 1617 1347 1687 ἀγνωμονοῦσιν.
1383 1621 1595 1691 Ἐπειδὴ
1656 1622 1765 1693 γάρ
1813 1624 1844 1675 6

270 1703 739 1772 παραγενόμενος,
778 1706 876 1775 τὴν
916 1706 1016 1777 μὲν
1059 1708 1290 1763 παλαιάν
1328 1711 1621 1764 ἀναπαύειν
1653 1713 1844 1783 ἔμελλε

271 1792 572 1857 πολιτείαν,
602 1794 702 1864 τὴν
721 1794 777 1848 δε
803 1798 1123 1869 οἰκουμένην
1150 1801 1230 1863 εἰς
1258 1799 1356 1871 τὴν
1387 1800 1552 1855 αὑτοῦ
1602 1804 1844 1874 προσκύ-

265 1910 429 1962 νησιν
458 1894 660 1961 καλεῖν,
685 1896 780 1950 καὶ
809 1899 866 1951 ἐν
893 1901 963 1970 γῇ
1004 1900 1098 1952 καὶ
1135 1900 1196 1952 ἐν
1234 1899 1468 1970 θαλάττῃ
1519 1900 1840 1969 προσκυνεῖ-

269 1983 398 2034 σθαι
437 1985 607 2055 πάσῃ,
631 1987 694 2039 ἐκ
720 1989 1018 2058 προοιμίων
1043 1989 1243 2054 εὐθέως
1271 1991 1382 2053 τοῖς
1407 1990 1610 2042 ἔθνεσιν
1637 1988 1840 2057 ἀνοίγει

266 2073 368 2144 τὴν
399 2073 588 2145 θύραν,
610 2075 700 2129 διὰ
733 2079 840 2130 τῶν
868 2079 1160 2150 ἀλλοτρίων
1192 2081 1318 2145 τοὺς
1358 2079 1588 2144 οἰκείους
1618 2079 1841 2134 παιδεῦ-

269 2180 364 2216 σαι
411 2163 598 2221 θέλων.
649 2167 864 2239 Ἐπειδὴ
923 2170 1033 2240 γὰρ
1082 2169 1190 2223 τῶν
1244 2169 1540 2241 προφητῶν
1601 2169 1839 2240 συνεχῶς

267 2253 560 2319 ἀκούοντες
598 2255 864 2323 λεγόντων
918 2259 1047 2329 περὶ
1086 2260 1185 2330 τῆς
1229 2259 1390 2313 αὑτοῦ
1433 2259 1746 2330 παρουσίας.
1777 2259 1838 2312 ού

271 2344 478 2414 σφόδρα
505 2349 810 2416 προσεῖχον,
829 2348 1050 2420 ἐποίησε
1075 2350 1168 2403 καὶ
1199 2349 1505 2422 βαρϐάρους
1534 2350 1704 2404 ἐλθεῖν
1731 2351 1838 2404 ἀπὸ

267 2436 372 2504 γῆς
409 2439 644 2507 μακρᾶς,
675 2438 767 2492 τὸν
797 2441 926 2510 παρ’
951 2441 1134 2504 αὐτοῖς
1173 2441 1397 2510 βασιλέα
1425 2442 1833 2512 ἐπιζητοῦντας,

267 2525 365 2576 καὶ
414 2525 562 2597 παρὰ
605 2527 878 2597 Περσικῆς
923 2528 1144 2600 πρώτης
1181 2531 1362 2601 φωνῆς
1394 2532 1770 2600 μανθάνουσιν,
1798 2533 1836 2588 ἀ

269 2613 421 2682 παρά
457 2614 565 2666 τῶν
591 2619 884 2686 προφητῶν
926 2620 1116 2687 μαθεῖν
1143 2621 1243 2673 οὑκ
1277 2622 1566 2691 ἠνέσχοντο
1588 2639 1601 2653 υ
1633 2625 1737 2686 ἵνα,
1769 2624 1835 2678 ἂν

267 2701 372 2770 μὲν
426 2701 826 2773 εὐγνωμονῶσι,
893 2707 1154 2778 μεγίστην
1207 2708 1369 2778 ἔχωσι
1419 2709 1510 2762 τοῦ
1557 2712 1834 2766 πείθεσθαι

264 2789 538 2858 πρόφασιν
556 2807 570 2822 ·
592 2791 685 2842 ἐάν
709 2791 764 2843 δὲ
786 2792 1148 2861 φιλονεικῶσι,
1177 2797 1356 2864 πάσης
1379 2789 1511 2848 ὦσιν
1539 2797 1837 2868 ἀπεστερηο

268 2879 421 2948 μένοι
441 2879 625 2934 λοιπὸν
650 2882 962 2952 ἀπολογίας.
992 2883 1057 2936 Τί
1095 2885 1203 2954 γὰρ
1233 2885 1300 2939 ἂν
1328 2886 1498 2957 ἔχοιεν
1529 2889 1722 2951 εἰπεῖν,
1756 2889 1830 2959 μὴ

262 2968 549 3038 δεξάμενοι
577 2971 667 3023 τὸν
692 2973 928 3043 Χριστὸν
962 2975 1098 3044 μετά
1124 2978 1250 3040 τοὺς
1290 2977 1574 3040 τοσούτους
1623 2979 1832 3048 προφή-

260 3077 381 3123 τας,
422 3063 550 3113 ὅταν
572 3063 721 3116 ίδωσι
747 3064 949 3136 μάγους
978 3065 1087 3118 ἀπὸ
1127 3066 1302 3136 ὅψεως
1338 3069 1454 3130 ἐνὸς
1478 3068 1677 3140 ἄστρου
1707 3069 1831 3122 τοῦ-

258 3164 353 3200 τον
399 3148 742 3220 δεξαμένους,
775 3153 866 3205 καὶ
888 3155 1392 3227 ’προσκυνήσαντας
1422 3157 1513 3210 τὸν
1553 3158 1826 3226 φανέντα;

262 3241 438 3312 Ὅπερ
467 3237 560 3296 οὖν
591 3244 684 3296 ἐπὶ
728 3243 835 3296 τῶν
886 3245 1180 3299 Νινευῖτῶν
1230 3247 1471 3319 ἐποίησε,
1497 3249 1717 3319 πέμψας
1737 3251 1829 3304 τὸν

271 3332 476 3396 Ἰωνᾶν,
516 3334 609 3386 καὶ
639 3335 774 3406 ὅπερ
801 3336 895 3390 ἐπὶ
921 3337 1019 3407 τῆς
1049 3337 1435 3408 Σαμαρείτιδος
1465 3339 1680 3410 καὶτῆς
1714 3342 1827 3393 Χα-

256 3425 507 3488 ναναίας.
539 3425 697 3478 τοῦτο
729 3428 825 3480 καὶ
873 3428 966 3480 ἐπὶ
1006 3428 1115 3481 τῶν
1163 3429 1370 3498 μάγων.
1415 3429 1512 3483 Διά
1553 3430 1710 3485 τοῦτο
1735 3431 1828 3485 καὶ

255 3513 442 3580 ἔλεγεν
463 3531 477 3544 ·
541 3516 790 3584 ’Δνδρες
845 3518 1141 3572 Νινευῗται
1194 3518 1662 3585 ἀναστήσονται,
1727 3521 1827 3575 καί

256 3606 684 3674 κατακρινοῦσι
703 3623 717 3637 ο
749 3609 860 3670 καὶ,
893 3611 1236 3676 Βασίλισσα
1276 3613 1456 3665 νότου
1488 3612 1826 3678 ἀναστήσε-

262 3713 380 3758 ται,
404 3697 502 3750 καί
533 3698 876 3765 κατακρινεῖ
897 3698 1012 3768 τὴν
1039 3704 1253 3767 γενεὰν
1283 3703 1508 3772 ταύτην
1526 3719 1540 3732 ·
1575 3705 1655 3756 ὅτι
1682 3705 1826 3758 ἐκεῖ·

255 3801 334 3837 νοι
371 3785 472 3854 μὲν
500 3789 612 3849 τοῖς
644 3787 920 3842 ἐλάττοσιν
950 3789 1297 3855 ἐπίστευσαν,
1317 3787 1458 3846 οὗτοι
1485 3793 1540 3845 δὲ
1561 3793 1680 3846 οὑδὲ
1711 3796 1824 3858 τοῖς

256 3874 491 3945 μείζοσι.
523 3878 630 3930 Καὶ
651 3877 794 3942 τίνος
813 3877 996 3933 ἕνεκεν
1019 3880 1106 3933 διὰ
1133 3882 1385 3952 τοιαύτης
1416 3883 1611 3946 αὑτοὺς
1639 3884 1821 3937 εἵλκυ-

254 3982 346 4018 σεν
396 3966 612 4036 ὄψεως
661 3969 844 4040 φησίν.
907 3969 1067 4023 Ἀλλά
1102 3970 1219 4034 πῶς
1270 3973 1472 4043 ἐχρῆν;
1529 3975 1818 4045 Προφήτας

252 4056 466 4125 πέμψαι
490 4072 505 4121 ;
552 4057 691 4110 Ἀλλ’
719 4059 816 4112 οὑκ
844 4058 909 4113 ἀν
935 4062 982 4112 οἰ
1011 4061 1172 4130 μάγοι
1201 4063 1491 4132 προφητῶν
1511 4065 1819 4134 ἠνέσχοντο.

263 4146 425 4200 ’Λλλά
455 4148 637 4220 φωνὴν
688 4151 891 4204 ἀνωθεν
921 4151 1171 4222 ἀφεῖναι;
1221 4153 1357 4206 Ἀλλ’
1389 4154 1490 4207 οὑκ
1533 4155 1598 4208 ἂν
1645 4171 1817 4226 προσ-

243 4250 423 4318 έσχον.
463 4248 600 4299 Ἀλλ’
636 4248 863 4316 ἄγγελον
902 4250 1244 4316 ἀποστεῖλαι;
1284 4252 1444 4306 Ἀλλά
1488 4255 1582 4307 καὶ
1627 4255 1814 4308 τοῦτον

240 4338 305 4391 ἂν
336 4338 708 4409 παρέδραμον.
752 4339 849 4391 Διά
890 4339 954 4411 δὴ
980 4339 1137 4394 τοῦτο
1177 4343 1354 4396 πάντα
1383 4343 1564 4400 ἐκεῖνα
1593 4347 1750 4417 ἀφεὶς
1785 4351 1820 4402 όξ

239 4427 394 4490 Θεὸς,
418 4427 508 4480 διὰ
536 4428 644 4481 τῶν
667 4427 914 4498 συνήθων
942 4429 1136 4493 αὑτοὺς
1159 4431 1336 4499 καλεῖ,
1374 4435 1578 4506 σφόδρα
1609 4454 1811 4506 συγκα-

236 4517 529 4583 ταϐαίνων,
553 4517 648 4570 καλ⁸
674 4518 788 4590 [90]
821 4517 1091 4574 δείκνυσιν
1123 4522 1320 4592 ἄστρον
1363 4525 1506 4594 μέγα
1532 4529 1624 4581 καὶ
1654 4529 1810 4599 ἐξηλ-

236 4607 531 4679 λαγμένον,
561 4609 703 4664 ὥστε
732 4611 827 4663 καὶ
873 4611 950 4682 τῷ
981 4611 1200 4681 μεγέθει
1237 4615 1330 4668 καὶ
1364 4616 1443 4686 τῷ
1481 4618 1669 4673 κάλλει
1708 4621 1809 4690 τῆς

235 4699 412 4768 ὅψεως
434 4701 632 4765 αὑτοὺς
661 4701 950 4772 ἐκπλῆξαι,
984 4704 1076 4756 καὶ
1102 4705 1181 4775 τῷ
1203 4706 1390 4778 τρόπῳ
1426 4708 1527 4778 τῆς
1559 4713 1803 4781 πορείας.

234 4793 422 4869 Ταῦτα
463 4795 554 4847 καί¹
598 4796 626 4847 6
678 4794 890 4858 Παῦλος
940 4795 1274 4866 μιμούμενος
1323 4798 1430 4852 ἀπὸ
1471 4799 1655 4871 βωμοῦ
1694 4807 1807 4866 τοῖς

233 4883 461 4955 Ἕλλησι
490 4885 833 4953 διαλέγεται,
877 4889 971 4940 καὶ
1003 4887 1238 4958 ποιητῶν
1265 4889 1502 4960 παράγει
1522 4892 1568 4922 ³⁸
1601 4911 1806 4963 μαρτυ-

230 4973 359 5044 ρίας
387 4975 468 5035 εἰς
505 4974 706 5042 μέσον·
742 4974 836 5027 καὶ
887 4975 1024 5044 μετὰ
1059 4977 1361 5046 περιτομῆς
1396 4980 1508 5040 τοῖς
1541 4980 1807 5046 Ἰουδαίοις

225 5065 552 5134 δημηγορεῖ,
583 5065 675 5117 καὶ
698 5066 806 5119 ἀπὸ
825 5066 1024 5119 θυσιῶν
1052 5067 1187 5137 πρὸς
1209 5068 1331 5129 τοὺς
1353 5069 1409 5120 ἐν
1431 5069 1578 5138 νόμῳ
1599 5068 1805 5134 ζῶντας

224 5155 329 5224 τὴν
374 5156 551 5226 ἀρχὴν
603 5161 837 5212 ποιεῖται
881 5158 984 5228 τῆς
1029 5158 1390 5221 διδασκαλίας.
1436 5159 1650 5232 Ἐπειδὴ
1698 5165 1806 5234 γὰρ

221 5247 444 5316 ἑκάστῳ
469 5248 538 5300 τά
573 5248 773 5320 συνήθη
814 5249 960 5318 φίλα,
1007 5250 1100 5303 καὶ
1131 5251 1159 5302 ὁ
1191 5249 1320 5312 Θεὸς
1349 5250 1441 5302 καὶ
1468 5253 1515 5302 οί
1548 5254 1674 5322 παρ’
1703 5255 1803 5305 αὑ-

219 5334 323 5387 τοῦ
368 5336 708 5405 πεμφθέντες
748 5339 1022 5409 ἄνθρωποι
1063 5339 1198 5409 πρὸς
1221 5338 1327 5408 τὴν.
1347 5338 1447 5408 τῆς
1483 5341 1803 5412 οἰκουμένης

219 5425 502 5494 σωτηρίαν
549 5425 692 5480 οὕτω
738 5429 808 5481 τὰ
856 5428 1156 5498 πράγματα
1211 5429 1664 5498 μεταχειρίζουσι.
1709 5432 1800 5502 Μὴ

217 5515 405 5569 τοίνυν
426 5517 644 5581 ἀνάξιον
676 5514 812 5571 εἶναι
838 5520 1064 5592 νομίσῃς
1093 5519 1278 5586 αὐτοῦ,
1295 5520 1432 5572 τὸδι’
1460 5521 1686 5591 ἀστέρος
1703 5523 1801 5576 αὑ-

216 5608 352 5670 τοὺς
402 5609 630 5663 καλέσαι
652 5625 666 5640 ο
717 5610 838 5663 ἐπεὶ
882 5610 1025 5664 οὕτω
1075 5611 1168 5664 καὶ
1214 5615 1282 5664 τά
1332 5610 1594 5666 Ἰουδαῖκά
1627 5613 1801 5666 πάντα

298 5814 347 5846 ⁸³
387 5814 769 5886 ἐκκεχυμένης
806 5811 868 5886 D_.
1001 5814 1344 5886 ἐκκεχυμένη
1381 5814 1440 5869 F.
1489 5817 1592 5870 An.
1625 5815 1828 5871 ἅπασιν
1853 5833 1964 5875 om.
2002 5819 2061 5874 Β.

3467 345 3534 401 66

1960 454 2253 518 διαϐαλεῖς,
2281 455 2374 507 καὶ
2406 453 2502 518 τὰς
2528 453 2717 517 θυσίας
2736 493 2750 519 ,
2791 454 2884 508 καὶ
2916 456 3042 518 τοὺς
3065 450 3404 527 καθαρμοὺς,
3433 457 3527 508 καὶ

1959 545 2058 609 τάς
2078 546 2388 618 νεομηνίας,
2419 546 2512 599 καὶ
2546 545 2643 616 τὴν
2672 545 2901 599 κιϐωτὸν
2922 585 2936 610 ,
2963 546 3057 599 καὶ
3078 547 3168 600 τὸν
3189 546 3313 599 ναὸν
3336 547 3396 600 δὲ
3424 547 3526 600 αὑ-

1959 637 2068 691 τόν.
2100 639 2208 691 Καὶ
2233 637 2341 708 γάρ
2387 636 2446 701 ἐξ
2484 637 2797 707 Ἑλληνικῆς
2829 636 2999 689 ταῦτα
3037 637 3343 708 παχύτητος
3365 638 3525 692 ἔλαϐε

1958 729 2057 799 τὴν
2090 728 2283 799 ἀρχήν.
2303 728 2441 781 Ἀλλ’
2465 729 2614 797 ὅμως
2644 729 2672 780 6
2692 728 2819 791 Θεὸς
2844 727 2930 781 διὰ
2957 727 3055 799 τὴν
3083 729 3190 781 τῶν
3225 728 3525 799 πλανηθέν-

1957 835 2065 870 των
2091 818 2362 888 σωτηρίαν
2388 819 2644 888 ὴνέσχετο
2663 818 2750 871 διὰ
2785 818 2986 872 τούτων
3015 819 3433 890 θεραπευθῆναι,
3458 818 3524 872 δι’

1955 901 2028 962 ὧν
2059 909 2108 960 οἰ
2147 907 2342 972 ἔξωθεν
2367 907 2622 979 δαίμονας
2648 907 2997 978 ἐθεράπευον,
3026 909 3217 978 μικρὸν
3251 910 3524 980 παραλλά-

1956 997 2052 1062 ξας
2089 998 2227 1052 αὑτά
2252 1015 2265 1029 °
2307 999 2394 1052 ἵνα
2439 999 2632 1061 αὑτοὺς
2665 997 2804 1052 κατὰ
2855 997 3050 1068 μικρὸν
3091 999 3191 1069 τῆς
3236 999 3522 1070 συνηθείας

1951 1087 2278 1152 ἀποσπάσας
2313 1089 2405 1140 ἐπὶ
2433 1087 2530 1158 τὴν
2566 1087 2773 1159 ὑψηλὴν
2799 1089 2978 1159 ἀγάγῃ
3004 1089 3048 1120 ³⁵
3081 1090 3415 1159 φιλοσοφίαν.
3457 1091 3522 1142 Ὃ

1949 1178 2014 1248 δὴ
2047 1179 2139 1231 καὶ
2169 1179 2262 1231 ἐπὶ
2295 1179 2402 1232 τῶν
2433 1179 2621 1249 μάγων
2646 1179 2887 1248 ἐποίησε,
2909 1178 2976 1231 δι’
2999 1177 3174 1246 ὅψεως
3197 1177 3394 1248 ἄστρου
3427 1195 3522 1230 κα-

1949 1267 2103 1323 λέσαι
2139 1270 2336 1332 αὐτοὺς
2365 1269 2765 1339 ἀνασχόμενος,
2809 1269 2895 1322 ῖνα
2927 1268 3110 1321 λοιπὸν
3160 1267 3520 1338 ὑψηλοτέρους

1947 1367 2262 1439 ἐργάσηται.
2301 1367 2452 1420 Ἐπεὶ
2489 1362 2581 1420 οὖν
2626 1369 2797 1440 ἧγαγε
2848 1369 2940 1422 καὶ
2969 1367 3393 1439 ἐχειραγώγησε,
3420 1368 3514 1419 καὶ

1946 1458 2084 1529 πρὸς
2111 1460 2208 1529 τὴν
2251 1461 2457 1529 φάτνην
2503 1459 2748 1529 ἔστησεν,
2784 1459 2966 1513 οὑκέτι
3006 1460 3072 1512 δι’
3119 1460 3339 1530 ἄστρου,
3378 1458 3516 1512 ἀλλά

1943 1547 2009 1600 δι’
2042 1548 2276 1617 ἀγγέλου
2329 1549 2512 1602 λοιπὸν
2561 1550 2745 1612 αὑτοῖς
2793 1550 3134 1618 διαλέγεται,
3191 1548 3334 1602 οὕτω
3371 1551 3513 1602 κατά

1945 1635 2140 1705 μικρὸν
2175 1636 2413 1706 βελτίους
2433 1637 2699 1705 ἐγένοντο.
2732 1638 2903 1691 Τοῦτο
2930 1639 3024 1692 καὶ
3059 1639 3150 1691 ἐπὶ
3177 1638 3284 1692 τῶν
3315 1641 3510 1692 Ἀσκα-

1942 1725 2177 1778 λωνιτῶν
2223 1728 2317 1780 καὶ
2347 1726 2597 1790 Γαζαίων
2640 1729 2884 1799 ἐποίησε.
2927 1728 3038 1782 Καὶ
3081 1728 3190 1801 γὰρ
3249 1731 3304 1783 αί
3348 1729 3509 1783 πέντε

1941 1815 2122 1876 πόλεις
2149 1816 2386 1879 ἐκεῖναι,
2426 1817 2612 1888 ἐπειδὴ
2654 1816 2754 1886 τῆς
2788 1817 3021 1870 κιϐωτοῦ
3064 1817 3510 1888 παραγενομένης

1939 1903 2255 1973 ἐπλήγησαν
2301 1903 2520 1975 καιρίαν
2576 1905 2810 1976 πληγὴν,
2852 1906 2946 1958 καὶ
2991 1906 3308 1975 ἀπαλλαγὴν
3369 1906 3512 1959 οὑδεο

1939 1992 2066 2060 μίαν
2091 1991 2342 2064 εὕρισκον
2372 1993 2480 2047 τῶν
2506 1994 2866 2064 ἐπικειμένων
2901 1993 3108 2057 κακῶν,
3133 1996 3262 2058 τοὺς
3283 1995 3506 2065 μάντεις

1934 2081 2280 2150 καλέσαντες,
2327 2085 2420 2137 καὶ
2459 2085 2753 2156 ἐκκλησίαν
2793 2086 3222 2155 συναγαγόντες,
3278 2086 3504 2157 ἐζήτουν

1933 2171 2084 2224 λύσιν
2107 2174 2285 2244 εὑρεῖν
2312 2174 2412 2244 τῆς
2441 2175 2701 2246 θεηλάτου
2733 2176 2946 2248 πληγῆς
2976 2177 3210 2248 ἐκείνης.
3237 2172 3367 2230 Εἶτα
3396 2176 3503 2230 τῶν

1935 2261 2180 2332 μάντεων
2206 2263 2318 2336 [91]
2351 2266 2632 2331 εἰπόντων,
2656 2268 2738 2321 ὅτι
2767 2267 3024 2338 δαμάλεις
3053 2267 3394 2338 ἀδαμάστους
3409 2269 3502 2322 καὶ

1933 2357 2378 2425 πρωτοτοκούσας
2410 2356 2704 2422 ὑποζεῦξαι
2733 2360 2798 2429 τῇ
2838 2356 3052 2427 κιϐωτῷ
3090 2357 3215 2428 χρὴ,
3251 2356 3346 2410 καὶ
3368 2357 3500 2426 μηδ-

1931 2445 2048 2508 ενὸς
2097 2446 2562 2517 χειραγωγοῦντος
2621 2451 2836 2519 ἀφεῖναι
2898 2449 3160 2520 βαδίζεινο
3209 2446 3351 2500 οὕτω
3390 2448 3496 2519 γάρ

1931 2535 2078 2591 ἔσται
2118 2539 2435 2609 κατάδηλον,
2474 2543 2582 2594 είτε
2630 2541 2886 2611 θεήλατος
2923 2537 2991 2610 ἦν
3009 2541 3115 2610 ³⁶ή
3154 2539 3354 2611 πληγὴ,
3386 2539 3496 2592 εἴτε

1927 2628 1992 2680 ἐκ
2019 2629 2320 2700 περιφορᾶς
2359 2647 2504 2691 τινος
2548 2632 2582 2700 ή
2618 2631 2770 2693 νόσος
2805 2631 2901 2700 (ἂν
2929 2631 3027 2700 μὲν
3049 2629 3175 2700 γὰρ,
3207 2629 3361 2699 φησὶ,
3399 2629 3492 2681 τὸν

1928 2716 2088 2786 ζυγὸν
2120 2718 2224 2771 ὑπὸ
2264 2719 2365 2789 τῆς
2401 2720 2656 2790 ἀπειρίας
2711 2720 3149 2791 συντρίψωσιν,ή
3207 2721 3344 2790 πρὸς
3394 2721 3492 2783 τάς

1925 2807 2180 2878 δαμάλεις
2212 2810 2538 2881 μυκωμένας
2564 2809 2960 2882 ἐπιστραφῶσι,
3001 2809 3258 2879 συντυχία
3302 2808 3364 2862 τὸ
3400 2825 3484 2877 γε·

1924 2911 2050 2966 γενη
2061 2897 2220 2966 μένον
2252 2899 2398 2952 ἐστίν
2415 2912 2430 2928 ⁸
2457 2898 2522 2952 ἂν
2549 2899 2605 2951 δὲ
2634 2897 2769 2969 όρθά
2796 2898 3070 2968 βαδίσωσι,
3095 2898 3192 2952 ’καὶ
3210 2896 3333 2950 οὒτε
3355 2897 3490 2968 πρὸς

1922 2987 2014 3040 τὸν
2054 2988 2339 3060 μυκηθμὸν
2385 2990 2491 3043 τῶν
2525 2989 2752 3044 παιδίων
2785 2989 3088 3061 πάσχουσαι
3115 3007 3189 3055 τι,
3235 2988 3359 3042 οὔτε
3386 2991 3493 3042 ὑπὸ

1921 3075 2019 3146 τῆς
2047 3077 2269 3146 ἀγνοίας
2295 3077 2394 3148 τῆς
2423 3077 2566 3130 κατά
2595 3079 2694 3148 τὴν
2718 3077 2856 3142 όδὸν,
2887 3077 3251 3149 πλανηθῶσιν,
3270 3077 3492 3150 εὔδηλον

1921 3168 2001 3220 ὅτι
2032 3168 2065 3238 ή
2094 3168 2188 3222 τοῦ
2241 3169 2378 3222 Θεοῦ
2408 3170 2528 3240 χείρ
2570 3171 2716 3223 ἐστιν
2767 3172 2798 3240 ἡ
2862 3169 3116 3240 ἁψαμένη
3145 3169 3256 3224 τῶν
3283 3170 3490 3226 πόλεων

1921 3259 2193 3330 τούτων)·
2228 3261 2352 3315 ἐπεὶ
2381 3258 2474 3324 οὑν
2525 3261 2695 3313 ταῦτα
2743 3259 2853 3314 τῶν
2914 3261 3159 3330 μάντεων
3209 3259 3488 3325 εἰπόντων,

1921 3349 2252 3420 ἐπείσθησαν
2300 3353 2348 3404 οἰ
2389 3350 2487 3415 τὰς
2548 3349 2732 3413 πόλεις
2781 3350 3056 3414 οἰκοῦντες
3111 3351 3347 3415 ἐκείνας,
3394 3353 3493 3405 καὶ

1920 3440 2182 3511 ἐποίησαν
2202 3441 2278 3504 ὼς
2311 3440 2708 3512 ἐκελεύσθησαν
2727 3481 2742 3505 ,
2775 3441 2868 3495 καὶ
2897 3443 2926 3494 6
2959 3441 3090 3504 Θεὸς
3115 3443 3187 3512 τῇ
3217 3442 3326 3495 τῶν
3353 3443 3492 3512 μάν-

1918 3549 2056 3586 τεων
2084 3532 2415 3603 ἠκολούθησε
2448 3532 2660 3604 γνώμῃ,
2697 3532 3144 3601 συγκαταϐαίνων
3172 3533 3331 3587 πάλιν
3351 3570 3366 3596 ,
3397 3533 3492 3586 καὶ

1918 3622 2018 3676 οὑκ
2043 3623 2290 3693 ἐνόμισεν
2321 3623 2535 3688 ἀνάξιον
2566 3619 2704 3676 εἶναι
2734 3622 2900 3678 αὑτοῦ
2945 3623 3054 3676 τῶν
3100 3623 3344 3692 μάντεων
3391 3621 3490 3692 τὴν

1918 3713 2220 3785 πρόρρησιν
2249 3714 2329 3778 εἰς
2350 3713 2508 3788 ἔργον
2531 3714 2840 3783 ἐξαγαγεῖν,
2879 3714 2974 3768 καὶ
3003 3714 3226 3782 ποιῆσαι
3266 3717 3490 3779 πιστοὺς

1917 3800 2057 3857 εἷναι
2094 3805 2290 3870 δοκεῖν,
2331 3807 2388 3858 ἐν
2433 3800 2513 3869 οἷς
2548 3805 2670 3859 τότε
2699 3806 2973 3875 εἰρήκασι.
3013 3805 3123 3858 Καὶ
3155 3803 3264 3874 γὰρ
3301 3803 3487 3874 μεῖζον

1916 3893 1976 3947 τὸ
2029 3895 2457 3966 κατορθούμενον
2503 3891 2589 3966 ἦν,
2618 3894 2696 3964 τῷ
2725 3895 2766 3927 ³⁷
2811 3896 2904 3947 καὶ
2935 3894 3132 3955 αὑτοὺς
3166 3894 3293 3956 τοὺς
3333 3895 3486 3945 ἐναν-

1917 3983 2064 4046 τίους
2097 3985 2437 4056 μαρτυρῆσαι
2465 3988 2532 4054 τῇ
2568 3985 2662 4037 τοῦ
2685 3984 2818 4037 Θεοῦ
2839 3985 3086 4053 δυνάμει,
3109 3986 3202 4038 καὶ⁸
3235 3985 3334 4053 τὴν
3357 4002 3423 4036 πε
3435 3986 3489 4053 ρὶ

1917 4074 2082 4126 αὑτοῦ
2130 4073 2311 4142 ψῆφον
2366 4074 2492 4137 τοὺς
2527 4073 2705 4127 αὑτῶν
2766 4072 3116 4136 διδασκάλους
3163 4072 3485 4140 ἐξενεγκεῖν.

1919 4165 2028 4218 Καὶ
2057 4165 2218 4234 ἕτερα
2249 4165 2306 4216 δὲ
2335 4163 2504 4217 πολλά
2531 4164 2752 4217 τοιαῦτα
2784 4164 2882 4218 ίδοι
2910 4181 2993 4228 τις
3009 4163 3075 4218 ἂν
3101 4163 3486 4235 οἰκονομοῦντα

1915 4254 2006 4308 τὸν
2032 4254 2184 4308 Θεόν.
2229 4255 2339 4307 Καὶ
2366 4254 2474 4326 γὰρ
2523 4256 2616 4308 καὶ
2651 4255 2713 4310 τὸ
2763 4255 2854 4308 ἐπὶ
2894 4254 2994 4324 τῆς
3043 4255 3484 4326 ἐγγαστριμύθου

1915 4345 2088 4418 τούτῳ
2140 4346 2425 4416 προσέοικε
2475 4347 2573 4417 τῆς
2625 4347 2932 4417 οἰκονομίας
2973 4346 3050 4417 τῷ
3075 4346 3290 4418 τρόπῳ,
3322 4345 3350 4399 6
3390 4346 3484 4400 καί

1916 4439 2072 4505 ὑμεῖς
2095 4438 2277 4492 λοιπὸν
2305 4437 2414 4492 ἀπὸ
2442 4438 2552 4492 τῶν
2576 4439 2877 4512 εἰρημένων
2899 4438 3147 4494 ἐπιλῦσαι
3167 4437 3481 4509 δυνήσεσθε.

1912 4541 2018 4594 Τοῦ
2046 4540 2145 4611 μὲν
2193 4535 2286 4592 οὖν
2339 4539 2566 4610 ἀστέρος
2593 4539 2776 4591 ἕνεκεν
2818 4541 2966 4608 παρά
3003 4541 3098 4608 μὲν
3129 4540 3286 4609 ήμῶν
3311 4541 3483 4593 ταῦτα

1910 4631 2144 4702 εἴρηται,
2175 4629 2324 4701 παρὰ
2354 4630 2410 4683 δὲ
2432 4628 2585 4700 ὑμῶν
2614 4630 2706 4681 καὶ
2744 4628 2961 4681 πλείονα
2992 4628 3247 4698 λεχθῆναι
3281 4629 3482 4683 δύναιτ’

1910 4722 2007 4776 ἂν·
2042 4721 2217 4776 Δίδου
2249 4722 2378 4791 γὰρ,
2424 4720 2579 4791 φησὶ,
2610 4719 2780 4788 σοφῷ
2825 4720 3126 4788 ἀφορμὴν,
3162 4721 3261 4773 καὶ.
3287 4723 3483 4792 σοφώ-

1909 4831 2075 4881 τερος
2095 4814 2284 4867 ἔσται.

1979 4904 2041 4960 δ’.
2061 4907 2150 4958 Δεῖ
2164 4905 2219 4957 δὲ
2249 4905 2435 4957 λοιπὸν
2455 4905 2549 4955 ἐπὶ
2570 4904 2670 4972 τὴν
2698 4901 2874 4972 ἀρχὴν
2891 4900 2996 4953 τῶν
3027 4902 3483 4971 ἀναγνωσθέντων

1909 4996 2103 5049 ἐλθεῖν.
2137 4995 2233 5058 Τίς
2266 4996 2322 5048 δὲ
2349 4997 2380 5064 ἠ
2412 4995 2589 5064 ἀρχῆς
2618 4992 2734 5046 Τοῦ
2758 4991 2826 5045 δὲ
2865 4993 3066 5059 Ἰησοῦ
3088 4996 3483 5064 γεννηθέντος

1909 5089 1978 5140 ἐν
2007 5089 2277 5155 Βηθλεὲμ
2323 5085 2434 5152 τῆς
2470 5085 2784 5149 Ἰουδαίας,
2825 5087 2895 5138 ὲν
2935 5083 3181 5154 ἡμέραις
3219 5085 3478 5158 Ἡρώδου

1909 5179 2016 5233 τοῦ
2039 5178 2359 5243 βασιλέως,
2393 5176 2521 5230 ἰδοὺ
2546 5176 2722 5245 μάγοι
2755 5175 2872 5230 ἀπὸ
2918 5175 3230 5231 ἀνατολῶν
3267 5178 3480 5248 ἔρχον-

1909 5286 2001 5321 ται
2025 5272 2111 5334 εἰς
2153 5269 2559 5336 Ἰεροσόλυμα.
2592 5267 2768 5334 Μάγοι
2801 5265 2899 5336 μὲν
2924 5267 3152 5338 ἀστέρος
3181 5269 3480 5339 κατάρχον-

1908 5375 1998 5421 τος
2013 5356 2402 5427 ἠκολούθησαν·
2423 5351 2568 5410 οὗτοι
2588 5355 2646 5409 δὲ
2669 5357 2790 5410 οὑδὲ
2815 5357 3110 5429 προφητῶν
3146 5359 3479 5428 ἐνηχούντων

1908 5447 2252 5500 ἐπίστευσαν.
2284 5446 2438 5509 Τίνος
2463 5446 2518 5499 δὲ
2541 5446 2586 5478 ³⁸
2618 5446 2803 5499 ἕνεκεν
2845 5448 2976 5517 ἡμῖν
3025 5447 3118 5502 καὶ
3151 5447 3248 5501 τὸν.
3291 5447 3478 5516 χρόνον

1910 5535 2078 5602 λέγει,
2129 5535 2222 5590 καὶ
2257 5533 2347 5587 τὸν
2376 5536 2560 5598 τόπον,
2595 5535 2696 5589 Ἐν
2723 5536 2991 5606 Βηθλεέμ
3028 5533 3227 5599 εἰπὼν,
3249 5536 3340 5588 καὶ
3375 5537 3480 5587 Ἔν

1907 5623 2038 5686 ταῖς
2091 5623 2334 5694 ἡμέραις
2375 5624 2632 5691 Ἡρώδου
2683 5625 2790 5679 τοῦ
2843 5627 3183 5690 ,ϐασιλέως
3234 5625 3375 5688 τίνος
3419 5625 3477 5678 δὲ

2168 5820 2221 5896 εξ
2242 5821 2582 5896 γίιιηειάηφι.
2628 5825 2919 5896 ἀπολογίας
2943 5821 3224 5896 ἀφορμὴν]
3261 5825 3468 5880 ἀπολο-

214 5886 356 5962 γίαν
601 5881 874 5970 παράγειὶ
898 5881 1182 5970 ὀὶγειιίριοιίἶ
1212 5881 1349 5939 Βριι.
1391 5888 1551 5970 partth
1587 5898 1706 5955 post
1741 5889 1827 5959 ἐδη

1928 5891 2071 5970 γόρει
2099 5891 2159 5970 ιλ.
2189 5891 2338 5970 ιιι-(ι.
2365 5894 2436 5970 ῃ.
2486 5895 2556 5970 ff
2578 5881 2844 5970 dt‘fgyéyﬁ
2861 5881 2918 5947 n’.
2945 5881 3029 5970 _|;;'._
3047 5881 3223 5970 1ιίιῇιί
3248 5896 3470 5970 Ἐπειδὴ

209 5950 358 6025 γοῦν
391 5953 448 6008 [λ’.
533 5955 577 5985 ³⁸
608 5950 814 6024 ἦνύιιι.
845 5955 907 6006 Λ.
945 5953 1000 6006 Β.
1030 5951 1088 6006 1³.
1119 5950 1445 6028 πάσχουσαι]
1480 5950 1730 6029 πάσχωσι
1760 5950 1827 6014 ΕΣ

1928 5950 2068 6015 ,θωσι
2104 5961 2164 6016 ιε.

2244 5965 2288 5994 ετ
2321 5963 2416 6038 τῷ]
2442 5966 2497 6016 τις
2530 5965 2592 6017 Α,
2621 5950 2782 6017 Β,ὐ,”
2944 5965 2986 5996 ³⁸
3118 5961 3210 6020 οὖν
3233 5970 3300 6022 Α.
3320 5966 3379 6021 Β.
3403 5950 3468 6025 Ca:
