4058 6208
334 290 406 344 67
1500 298 1567 352 ΙΝ
1607 295 2016 354 ΜΑΤΤΙΙᾹΞΗΜ
2052 298 2279 354 lIOMlL.
2318 299 2402 354 Vl.
3521 305 3594 359 68

344 425 412 464 ne
441 407 718 478 prophetis
738 404 947 477 quidem
969 401 1405 456 annuntiamibus
1427 401 1780 457 crediderunt.
1813 402 1920 456 Cur

340 509 521 554 autem
552 498 708 553 nobis
740 507 792 550 ct
831 504 1035 563 tempus
1071 492 1201 546 dicit
1233 501 1286 546 et
1315 493 1490 546 locum
1510 535 1525 557 ,
1556 492 1682 547 dum
1711 494 1819 558 ait,
1853 491 1918 545 In

341 589 634 644 Bellus/tem
653 629 669 654 ,
700 597 752 640 et
771 627 785 648 ,
815 584 882 638 In
902 584 1078 636 diebus
1113 581 1330 636 Herodis
1360 583 1532 650 regis?
1565 598 1665 652 qua
1698 597 1825 637 vero
1853 581 1921 636 de

323 695 503 735 “eausa
537 680 842 749 dignitatem
888 677 1050 730 etiam
1092 673 1669 747 addidit?Dignitatem
1699 669 1920 741 quidem

323 773 576 838 addidit,
604 768 854 839 quoniam
888 773 943 820 et
978 765 1114 819 alius
1142 763 1241 818 fuit
1276 763 1511 818 Herodes
1537 763 1625 832 qui
1664 761 1922 817 Joannem

343 861 573 924 occidit;
606 857 700 914 sed
730 858 818 912 hic
846 856 1110 912 tetrarcba
1130 897 1144 919 ,
1175 855 1266 910 ille
1292 869 1386 909 rex
1415 863 1548 908 erat.
1595 854 1791 908 Locum
1831 869 1922 907 au-

324 964 459 1008 tem
486 952 669 1008 scribit
693 960 747 1006 et
773 958 982 1018 tempus
1019 948 1147 1003 dum
1185 945 1490 1017 prophetias
1528 945 1680 1000 nobis
1716 956 1924 1000 veteres

329 1053 762 1108 commemorat,
810 1056 1032 1111 quarum
1074 1040 1296 1095 alteram
1339 1039 1583 1094 Micluras
1628 1039 1806 1093 emisit
1845 1039 1928 1091 his

344 1137 525 1192 verbis
551 1152 564 1188 :
591 1134 658 1188 Et
683 1143 738 1186 tu
765 1133 1054 1187 Bethlelzem
1089 1143 1222 1186 terra
1261 1131 1437 1196 Iuda,
1476 1147 1790 1200 nequaquam
1832 1129 1930 1183 mi-

348 1227 484 1279 nima
512 1242 564 1280 es
587 1226 639 1278 in
677 1224 987 1295 principibus
1008 1223 1040 1276 J
1049 1222 1148 1275 uda
1181 1221 1362 1294 (Mich.
1392 1222 1444 1277 5.
1469 1220 1557 1290 2);
1585 1221 1806 1274 alteram
1839 1235 1930 1290 pa-

349 1318 576 1371 triarcha
598 1317 764 1372 Jacob
783 1357 797 1378 ,
825 1317 914 1386 qui
943 1315 1093 1370 nobis
1117 1323 1324 1382 tempus
1347 1314 1626 1383 exprimit,
1653 1327 1931 1383 magnum-

331 1425 453 1480 ‘que
500 1411 707 1479 signum
746 1409 1004 1463 adventus
1041 1407 1158 1477 ejus
1201 1407 1454 1476 apponit;
1503 1421 1624 1460 nam
1664 1407 1778 1460 ait:
1814 1406 1933 1460 Non

347 1507 606 1572 auferetur
662 1502 891 1569 princeps
938 1501 1001 1552 de
1044 1498 1216 1562 Iuda,
1259 1513 1348 1551 nec
1399 1499 1507 1552 dua:
1555 1498 1619 1550 de
1665 1496 1933 1568 femoribus

349 1596 463 1662 ejus
493 1635 507 1658 ,
562 1594 721 1646 donec
766 1592 932 1644 veniat
979 1589 1060 1642 cui
1107 1590 1383 1657 repositum
1429 1597 1504 1642 est
1540 1607 1560 1642 :
1603 1597 1648 1641 et
1700 1588 1807 1656 ipse
1851 1603 1936 1640 ea:-

353 1685 599 1754 spectatio
635 1682 855 1754 gentiunt
895 1679 1045 1751 (Gen.
1089 1679 1177 1734 49.
1212 1679 1336 1746 10).
1381 1678 1484 1734 Sed
1534 1679 1660 1732 illud
1716 1691 1928 1748 quoque

353 1773 732 1844 inquirendum
773 1780 887 1838 est,
933 1784 1051 1840 qua:
1092 1783 1253 1825 causa
1293 1769 1424 1838 ipsis
1467 1770 1625 1823 fuerit
1668 1769 1793 1823 talia
1832 1783 1928 1823 co-

353 1865 592 1936 gitandi,
645 1875 698 1921 et
744 1865 862 1935 quis
905 1865 1025 1919 illos
1063 1865 1128 1919 ad
1171 1865 1292 1918 talia
1326 1864 1529 1934 agenda
1567 1862 1938 1918 concitaverit.

355 1956 541 2025 Neque
580 1955 724 2010 enim
767 1953 896 2008 mihi
939 1953 1152 2009 videtur
1191 1954 1305 2008 hmo
1342 1968 1495 2021 posse
1522 1953 1587 2007 ad
1618 1952 1786 2007 solam
1814 1949 1938 2004 stel-

354 2049 461 2104 lam
494 2046 718 2112 referri;
752 2046 846 2102 sed
872 2045 937 2101 ad
968 2047 1138 2101 Deum
1165 2047 1254 2117 qui
1283 2061 1467 2101 eorum
1509 2045 1719 2099 animos
1759 2043 1937 2098 conci-

345 2141 485 2195 tavit
509 2159 522 2195 :
546 2137 598 2194 id
625 2140 767 2211 quod
789 2141 948 2194 etiam
981 2139 1033 2193 in
1054 2138 1196 2211 Cyro
1227 2139 1350 2194 fecit
1368 2181 1384 2205 ,
1415 2152 1538 2193 cum
1561 2137 1676 2207 ejus
1701 2138 1937 2192 animum

355 2233 597 2297 induxit,
643 2241 703 2287 ut
730 2230 944 2287 Judaaos
985 2231 1278 2288 dimitteret
1323 2227 1531 2300 (Paret.
1582 2229 1712 2298 56);
1766 2241 1940 2296 neque

359 2331 536 2378 tamen
583 2322 710 2377 illud
743 2323 813 2376 ita
859 2331 1113 2392 operatus
1152 2333 1252 2387 es',
1287 2330 1342 2375 ut
1372 2321 1594 2375 liberum
1639 2319 1754 2389 ejus
1795 2317 1938 2372 arbi-

356 2415 514 2468 trium
535 2414 786 2468 tolleret:
817 2412 1243 2483 quandoquidem
1269 2421 1324 2467 et
1350 2427 1469 2466 cum
1493 2411 1713 2466 Paulum
1739 2425 1804 2465 ex
1831 2409 1941 2464 alto

362 2506 605 2570 vocavit,
632 2514 681 2560 et
707 2504 932 2575 gratiam
961 2519 1112 2559 suam
1145 2514 1199 2558 et
1233 2503 1349 2573 ejus
1381 2502 1782 2571 obsequentiam
1813 2515 1944 2556 con-

356 2595 594 2664 spicuam
623 2595 801 2650 ell'ccit
827 2595 964 2668 (Act.
1002 2595 1082 2666 9).
1132 2596 1200 2650 At
1225 2596 1432 2665 inquies
1452 2635 1467 2659 ,
1496 2593 1605 2649 Cur
1630 2607 1737 2648 non
1763 2592 1940 2648 omni-

355 2688 455 2741 bus
505 2687 675 2757 magis
727 2686 831 2743 hoc
877 2687 1051 2757 ipsum
1097 2687 1393 2742 revelavit?
1433 2686 1565 2754 Quia
1607 2701 1712 2741 non
1753 2700 1940 2742 omnes

352 2779 613 2834 credituri
637 2786 824 2845 erant,
855 2778 907 2832 bi
930 2793 1058 2834 vero
1085 2787 1239 2834 erant
1265 2777 1384 2833 aliis
1413 2778 1743 2848 paratiores:
1768 2775 1938 2846 siqui-

353 2869 476 2923 dem
516 2883 637 2923 cum
677 2869 972 2922 innumerze
1012 2877 1202 2939 gentes
1244 2868 1513 2939 perirent,
1564 2867 1630 2920 ad
1679 2865 1940 2922 Ninivitas

354 2961 524 3013 solum
569 2958 826 3028 propheta
874 2959 1071 3014 missus
1111 2968 1232 3014 est:
1265 2957 1477 3028 duoque
1501 2967 1652 3013 erant
1690 2959 1740 3012 in
1782 2972 1942 3013 cruce

358 3049 600 3104 latrones
619 3091 634 3115 ,
663 3059 717 3102 et
740 3049 876 3104 alter
905 3059 1112 3104 tantum
1139 3050 1362 3104 salutem
1396 3058 1581 3104 nactus
1602 3058 1704 3105 est.
1737 3049 1938 3104 llnrum

356 3144 535 3212 itaque
580 3143 831 3198 virtutem
877 3143 1184 3214 perpende;
1228 3157 1334 3199 non
1361 3143 1499 3214 quod
1530 3144 1802 3208 venerint,
1845 3141 1939 3197 sed

352 3234 494 3302 quod
523 3248 649 3288 cum
691 3233 881 3289 ﬁducia
910 3243 966 3289 et
991 3233 1306 3304 simpliciter
1346 3235 1572 3305 egerint.
1618 3233 1831 3290 Etenim
1876 3249 1941 3289 ne

357 3325 584 3382 subdole
629 3326 773 3381 missi
822 3326 1136 3394 videantur,
1181 3336 1234 3381 ct
1263 3341 1368 3397 quo
1397 3327 1532 3383 duce
1572 3326 1844 3390 venerint,
1888 3335 1942 3380 et

356 3419 451 3472 via:
492 3417 883 3488 longitudinem
915 3428 1136 3473 narrant
1156 3458 1174 3485 ,
1213 3429 1268 3473 et
1296 3417 1546 3488 loquendi
1580 3417 1821 3473 ﬁduciam
1849 3434 1942 3472 ex-

356 3509 579 3564 hibent:
609 3523 731 3563 nam
761 3509 930 3575 aiunt,
971 3508 1210 3563 Venimus
1240 3509 1453 3562 adorare
1475 3525 1623 3572 eum;
1647 3523 1819 3578 neque
1847 3523 1941 3577 po-

356 3603 459 3670 puli
485 3602 725 3657 furorem
746 3642 761 3667 ,
796 3617 970 3671 neque
997 3601 1137 3671 regis
1172 3600 1506 3670 tyrannidem
1548 3597 1936 3655 reformidant:

352 3702 678 3764 quapropter
702 3692 951 3748 videntur
978 3693 1106 3747 mihi
1131 3693 1291 3747 etiam
1319 3691 1693 3747 contribulium
1721 3707 1941 3747 suorum

353 3785 600 3839 doctores
626 3784 770 3840 domi
803 3785 985 3838 fuisse.
1017 3784 1150 3838 Nam
1181 3783 1271 3853 qui
1311 3783 1430 3837 istic
1461 3784 1586 3837 illud
1619 3783 1799 3839 dicere
1833 3799 1938 3838 non

351 3876 698 3940 dubitarunt,
744 3874 914 3929 multo
950 3874 1118 3944 magis
1147 3875 1200 3927 in
1228 3875 1398 3945 patria
1439 3889 1531 3928 sua
1573 3890 1634 3928 ea
1663 3874 1730 3928 de
1764 3891 1822 3927 re
1857 3875 1939 3927 ιο-

353 3968 502 4036 quuti
549 3967 716 4020 libere
761 3965 988 4030 fuerint,
1035 3965 1232 4035 quippe
1264 3965 1354 4034 qui
1386 3973 1440 4018 et
1464 3965 1739 4018 oraculum
1768 3965 1940 4034 angeli

359 4057 734 4125 accepissent,
767 4064 819 4110 et
865 4055 1140 4124 propheta:
1188 4056 1550 4110 testimonium
1599 4057 1836 4109 allatum.
1882 4057 1936 4108 5.

351 4147 576 4201 Audiens
605 4156 774 4200 autem
807 4145 1072 4213 Herodes,
1120 4151 1226 4211 ait,
1277 4145 1504 4199 turbatus
1546 4155 1646 4210 est,
1692 4157 1737 4198 et
1778 4147 1939 4200 omnis

350 4238 671 4308 Jerosolyma
711 4254 825 4290 cum
861 4238 972 4291 illo.
1011 4236 1140 4292 Jure
1177 4238 1388 4307 quidem
1424 4237 1695 4304 Ilerodes,
1727 4238 1814 4306 qui
1845 4253 1937 4291 rex

352 4338 499 4395 erat,
533 4330 632 4384 sibi
667 4329 897 4399 ﬁliisque
929 4328 1185 4384 timebat:
1217 4330 1550 4398 Jerusnlyma
1599 4345 1727 4384 vero
1775 4345 1940 4399 quare

349 4427 558 4480 turbata
589 4432 671 4478 est
692 4463 708 4487 ,
757 4422 1184 4492 quandoquidem
1211 4423 1386 4492 ipsum
1408 4431 1461 4477 et
1485 4415 1814 4477 servatorem
1834 4461 1854 4490 ,
1880 4434 1936 4478 et

349 4513 645 4570 beneﬁcum
670 4554 685 4578 ,
726 4522 779 4567 et
805 4513 1146 4567 liberatorem
1173 4510 1282 4581 jam
1326 4511 1453 4567 olim
1492 4513 1767 4583 propheta:
1793 4527 1931 4583 pm:-

349 4603 632 4659 dixerant?
656 4603 764 4659 Cur
791 4618 919 4674 ergo
946 4602 1140 4658 turbati
1169 4603 1334 4658 sunt?
1372 4601 1576 4659 Eodem
1617 4605 1798 4659 animo
1827 4619 1934 4674 quo

347 4699 474 4753 olim
523 4697 825 4756 beneﬁcum
872 4698 1036 4752 Deum
1078 4698 1485 4764 aversabantur,
1514 4708 1569 4754 et
1594 4714 1786 4755 carnes
1815 4700 1932 4755 illas

347 4788 690 4859 Egyptiacas
731 4791 1252 4855 commemorabam,
1298 4790 1423 4844 dum
1459 4801 1600 4846 tanta
1631 4791 1934 4848 fruerentur

350 4883 615 4939 libertate.
645 4883 725 4936 Tu
753 4897 882 4936 vero
914 4882 1041 4936 mihi
1071 4883 1341 4952 perpende
1369 4891 1620 4939 accurata
1648 4885 1931 4953 pr0pheta-

347 4990 462 5028 rum
505 4973 665 5028 dicta.
714 4973 845 5027 Nam
888 4973 1012 5027 illud
1057 4975 1226 5042 ipsum
1259 4975 1366 5044 jam
1403 4976 1529 5029 olim
1561 4978 1932 5045 prtenuutiavit

349 5067 608 5136 propheta
648 5065 730 5120 his
773 5065 986 5119 verbis:
1017 5065 1227 5135 Cupient
1259 5067 1301 5119 si
1335 5067 1456 5136 facti
1490 5076 1603 5120 sunt
1649 5068 1764 5136 igne
1799 5085 1934 5121 com-

349 5158 479 5214 busti
504 5174 522 5212 :
545 5158 665 5226 quia
688 5173 814 5226 puer
846 5168 995 5210 natus
1020 5165 1091 5211 est
1113 5157 1286 5220 nobis,
1322 5167 1369 5210 et
1389 5157 1525 5226 ﬁlius
1561 5158 1709 5213 datus
1738 5173 1810 5212 est
1838 5176 1902 5211 no
1920 5189 1932 5198 -

350 5250 425 5306 bis
454 5250 610 5322 (Isai.
648 5250 702 5306 9.
744 5249 796 5304 5.
840 5248 918 5320 6).
967 5251 1214 5304 Attamen
1248 5247 1572 5318 perturbati,
1603 5266 1709 5306 non
1739 5261 1931 5304 curant

348 5343 531 5397 videre
557 5341 700 5411 quod
731 5351 937 5408 gestum
968 5349 1082 5407 est,
1125 5355 1230 5394 non
1259 5354 1442 5409 magos
1472 5351 1788 5408 sequuntur,
1828 5357 1933 5396 non

348 5436 725 5495 sciscitantur;
762 5433 830 5486 ita
857 5433 1108 5486 nimirum
1140 5431 1459 5487 contentiosi
1487 5437 1541 5486 et
1566 5434 1721 5486 simul
1751 5448 1935 5489 socor-

347 5527 442 5581 des
487 5541 600 5594 pra:
647 5525 897 5578 omnibus
935 5532 1119 5587 erant;
1164 5539 1285 5579 cum
1323 5540 1419 5595 par
1444 5524 1633 5582 fuisset
1657 5528 1798 5581 enim
1826 5527 1937 5598 glo-

348 5616 504 5683 riari,
537 5618 680 5691 quod
722 5630 813 5670 res
843 5614 933 5672 ille
962 5615 1100 5687 apud
1128 5631 1186 5672 se
1222 5625 1377 5672 natus
1405 5625 1581 5683 esset,
1626 5618 1764 5680 quod
1803 5618 1931 5673 Per‘

2023 414 2203 455 sarum
2233 403 2504 473 regionem
2535 403 2600 458 ad
2627 419 2690 460 se
2716 406 2964 463 traxisset
2983 448 2996 474 ,
3027 423 3090 464 ac
3109 410 3222 467 lore
3253 412 3523 470 videretur
3548 428 3604 473 ut

2023 507 2211 548 omnes
2249 494 2349 548 sibi
2392 494 2591 549 subditi
2631 505 2846 563 essent,
2891 499 3106 567 quando
3132 515 3221 555 res
3245 502 3324 557 sic
3349 517 3605 573 prospere

2023 584 2278 640 caderent
2304 586 2434 640 etin
2462 589 2650 641 melius
2687 589 3036 658 proﬁcerent,
3080 606 3142 646 ac
3181 594 3316 648 vela
3343 596 3604 666 principio

2025 674 2307 744 imperium
2354 675 2424 730 ita
2467 677 2802 745 Splendidum
2851 690 2991 736 esset
3025 700 3039 735 :
3070 683 3142 737 illi
3193 694 3370 740 tamen
3418 703 3486 742 ne
3525 688 3605 742 sic

2028 764 2244 834 quidem
2289 766 2341 818 iu
2382 767 2605 820 meliora
2635 779 2925 837 mutantur,
2961 773 3167 829 etiamsi
3197 790 3367 845 nuper
3395 776 3607 833 fuerant

2029 869 2058 905 a
2085 854 2391 922 captivitate
2429 855 2639 913 Persica
2682 858 2910 915 liberati.
2948 864 3104 932 Atqui
3147 879 3243 934 par
3291 876 3403 921 erat
3445 868 3600 929 illos,

2007 945 2233 999 etiamsi
2276 959 2592 1002 arcanorum
2623 957 2676 1002 et
2706 950 3012 1007 sublimium
3057 955 3223 1024 ignari
3264 957 3523 1024 fuissent,
3549 971 3604 1016 et

2021 1050 2084 1088 ex
2129 1037 2488 1104 praesentibus
2531 1046 2736 1094 tantum
2783 1042 3043 1098 calculum
3101 1048 3432 1114 pesuissent,
3482 1051 3599 1105 lucc

2019 1126 2252 1194 Cogitarc
2277 1137 2454 1182 tamen
2480 1146 2493 1181 :
2533 1128 2589 1184 Si
2621 1140 2800 1185 natum
2830 1149 3006 1203 regem
3046 1147 3284 1192 nostrum
3312 1139 3386 1194 ita
3415 1139 3602 1196 formi-

2021 1218 2182 1284 dant,
2227 1221 2398 1274 multo
2425 1221 2594 1292 magis
2623 1239 2745 1278 cum
2785 1225 3080 1282 adoleverit
3125 1228 3298 1298 ipsum
3344 1233 3604 1302 pertime-

2019 1320 2208 1378 scent,
2256 1312 2464 1384 ipsique
2510 1316 2873 1387 obsequemur
2910 1337 2923 1372 :
2969 1331 3256 1391 nostraque
3307 1322 3603 1381 barbaricis

2019 1403 2379 1473 splendidiora
2424 1405 2597 1461 futura
2629 1419 2773 1463 sunt.
2807 1409 2912 1464 Sed
2957 1412 3088 1466 nihil
3120 1413 3422 1482 hujusniodi
3459 1420 3602 1487 ipso-

2019 1511 2136 1548 rum
2178 1497 2385 1550 animos
2410 1498 2600 1568 erigit:
2628 1507 2772 1554 tanta
2813 1503 3014 1558 scilicet
3038 1514 3153 1558 erat
3181 1505 3391 1561 illorum
3419 1523 3604 1564 socor-

2021 1588 2106 1642 dia
2151 1604 2270 1643 cum
2319 1589 2490 1644 livore
2533 1592 2818 1661 conjuncta
2852 1612 2865 1625 ·
2896 1596 3036 1665 quod
3086 1606 3370 1668 utrumque
3418 1602 3600 1657 vitium

2022 1705 2124 1746 nos
2161 1698 2379 1761 oportet
2407 1690 2702 1762 diligenter
2732 1707 2944 1758 arcere,
2977 1710 3237 1764 eumque,
3270 1698 3366 1767 qui
3405 1700 3606 1755 adver-

2025 1796 2121 1836 sus
2173 1781 2277 1837 ista
2322 1782 2502 1836 aciem
2549 1783 2788 1838 instruet
2834 1785 2957 1854 igne
3013 1786 3413 1845 ferventiorem
3461 1807 3606 1847 esse.

2021 1872 2390 1939 Quamobrem
2444 1873 2664 1930 dicebat
2710 1874 3013 1931 Christus:
3062 1877 3248 1948 Ignem
3307 1883 3425 1935 veni
3485 1886 3609 1937 mit-

2025 1975 2134 2020 tere
2188 1967 2245 2020 in
2301 1974 2547 2032 terram;
2596 1976 2645 2019 et
2698 1967 2823 2036 quid
2874 1968 3010 2034 volo,
3065 1971 3166 2025 nisi
3228 1980 3287 2026 ut
3348 1976 3607 2029 accenda-

2025 2065 2114 2110 tur
2151 2055 2313 2126 (Luc.
2357 2057 2442 2112 12.
2485 2057 2622 2126 49)?
2657 2059 2895 2128 Ideoque
2944 2058 3186 2130 Spiritus
3232 2063 3375 2135 ignis
3423 2066 3610 2138 specie

2027 2152 2308 2220 apparuit.

2103 2319 2158 2375 5.
2199 2319 2470 2374 Fervorem
2517 2319 2831 2373 audientium
2877 2317 3058 2372 excitat
3101 2315 3329 2386 exemplo
3377 2311 3535 2368 Pauli
3575 2324 3622 2366 et

2039 2413 2313 2469 primorum
2354 2413 2597 2480 ﬁdelium.
2643 2410 2790 2482 Ignis
2826 2410 3107 2479 spiritualis
3148 2424 3346 2461 onmem
3372 2406 3624 2475 cupidita-

2039 2512 2132 2556 .'em
2173 2503 2444 2558 consumit.
2475 2532 2545 2543 ——
2573 2501 2766 2556 Verum
2809 2515 2908 2555 nos
2957 2501 3141 2555 cinere
3192 2497 3526 2565 frigidiores,
3568 2505 3625 2551 et

2043 2596 2268 2647 mortuis
2292 2593 2614 2663 stupidiores
2641 2591 2764 2645 facti
2793 2605 2979 2645 sumus
2997 2631 3013 2656 ,
3047 2590 3172 2644 licet
3202 2588 3422 2642 Paulum
3451 2585 3625 2641 videa-

2037 2701 2155 2740 mus
2181 2699 2342 2754 super
2370 2684 2561 2739 czelum
2585 2694 2639 2738 et
2662 2684 2855 2737 caelum
2893 2682 3007 2736 cmli
3061 2681 3355 2744 volantem,
3381 2688 3436 2734 et
3464 2679 3626 2732 vehe-

2037 2777 2265 2830 mentius
2295 2791 2453 2846 quam
2495 2776 2607 2844 ipsa
2648 2774 2862 2828 ﬂamma
2897 2773 3078 2826 omnia
3118 2771 3419 2825 vincentem
3451 2778 3506 2822 et
3533 2783 3625 2821 su-

2037 2877 2312 2938 perantem
2334 2909 2348 2933 ,
2381 2881 2610 2937 superna
2633 2906 2648 2932 ,
2685 2864 2928 2930 inferna;
2960 2863 3246 2934 praesentia
3269 2902 3285 2928 ,
3318 2860 3526 2924 futura,
3560 2874 3624 2914 ea

2036 2975 2152 3028 qum
2179 2967 2302 3012 sunt
2330 2969 2385 3012 et
2405 2973 2465 3012 ea
2487 2972 2606 3028 qua:
2635 2971 2740 3010 non
2766 2964 2912 3010 sunt.
2942 2952 3092 3020 Quod
3120 2951 3162 3006 si
3192 2950 3294 3005 hoc
3319 2949 3624 3018 exemplum

2040 3064 2200 3120 supra
2235 3058 2285 3103 te
2324 3057 2439 3114 est,
2483 3047 2595 3116 jam
2637 3045 2866 3116 torporis
2907 3053 2991 3099 est
3031 3044 3133 3098 iste
3172 3041 3442 3096 obtentus.
3487 3038 3625 3107 Quid

2039 3141 2180 3193 enim
2209 3140 2326 3208 plus
2351 3154 2509 3207 quam
2540 3146 2594 3190 tu
2619 3135 2804 3191 habuit
2827 3134 3045 3200 Paulus,
3073 3143 3129 3186 ut
3153 3132 3301 3186 dicas
3327 3146 3433 3186 non
3465 3145 3626 3201 posse

2045 3241 2098 3284 te
2126 3230 2275 3284 illum
2301 3229 2530 3284 imitari?
2560 3228 2756 3282 Verum
2786 3242 2852 3282 ue
2879 3226 3003 3296 quid
3033 3223 3418 3279 contentiosius
3445 3221 3624 3276 dicere

2039 3323 2342 3386 videamur,
2379 3322 2542 3376 Paulo
2583 3321 2807 3375 dimisso
2855 3319 3058 3390 primos
3102 3315 3291 3372 ﬁdeles
3317 3313 3625 3370 considere-

2038 3429 2193 3468 mus:
2220 3415 2308 3485 qui
2334 3423 2388 3469 et
2419 3413 2673 3484 pecunias
2713 3422 2768 3467 et
2798 3410 3202 3480 possessiones,
3249 3417 3304 3463 et
3345 3424 3526 3463 curam
3571 3415 3627 3462 et

2042 3506 2420 3574 occupationes
2444 3519 2634 3560 omnes
2657 3503 2940 3558 saeculares
2965 3499 3346 3570 repudiarunt,
3381 3507 3626 3566 totosque

2039 3613 2098 3651 se
2144 3598 2256 3652 Deo
2303 3603 2722 3659 consecrarunt,
2775 3600 2932 3647 nocte
2975 3589 3170 3660 dieque
3219 3603 3436 3660 semper
3472 3585 3626 3643 verbi

2037 3689 2296 3743 doctrina:
2322 3693 2678 3742 attendentes.
2721 3685 2845 3739 llzec
2873 3692 2956 3738 est
2979 3682 3122 3738 enim
3155 3677 3449 3750 spiritualis
3488 3676 3624 3748 ignis

2043 3787 2253 3844 natura,
2282 3785 2340 3832 ut
2367 3778 2566 3830 nullam
2592 3791 2769 3831 rerum
2800 3773 3136 3829 saecularium
3168 3769 3513 3841 cupiditatem
3540 3783 3627 3822 re-

2041 3872 2279 3940 linquat,
2309 3867 2400 3924 sed
2425 3872 2476 3923 in
2505 3870 2665 3922 alium
2691 3865 2979 3922 transferat
2999 3879 3259 3918 amorem.
3285 3860 3626 3930 Quapropter

2043 3963 2224 4017 talium
2279 3977 2456 4017 rerum
2501 3960 2759 4030 cupidus,
2811 3958 3018 4012 etiamsi
3059 3957 3234 4010 omnia
3265 3952 3623 4022 profundere,

2039 4053 2245 4108 etiamsi
2291 4054 2617 4121 voluptatem
2667 4057 2724 4104 et
2765 4048 2991 4119 gloriam
3041 4045 3300 4106 irridere,
3344 4041 3622 4108 ipsamque

2031 4155 2260 4209 animam
2302 4149 2513 4206 tradere
2543 4154 2818 4217 oporteat,
2851 4153 3184 4208 cummagna
3226 4136 3478 4191 facilitate
3509 4135 3625 4189 lucc

2032 4243 2211 4298 omnia
2241 4230 2470 4312 perﬁcit.
2498 4237 2630 4294 Nam
2659 4236 2800 4290 illius
2834 4233 2970 4302 ignis
3009 4229 3169 4284 ardor
3197 4229 3249 4282 in
3279 4226 3513 4280 animam
3546 4224 3626 4277 in-

2033 4349 2282 4406 gressus,
2313 4341 2589 4402 torporem
2617 4341 2835 4382 omnem
2865 4322 3083 4393 abjicit,
3131 4328 3188 4376 et
3233 4332 3414 4389 penna
3456 4315 3627 4406 levio-

2038 4404 2149 4479 rem
2180 4421 2345 4478 efﬁcit
2373 4435 2496 4476 eum
2521 4432 2682 4490 quem
2710 4412 2946 4475 invadit,
2979 4412 3050 4465 ita
3080 4417 3137 4465 ut
3163 4409 3342 4464 omnia
3373 4422 3492 4479 qua:
3521 4404 3621 4460 sub

2035 4521 2307 4584 aspectum
2329 4511 2528 4566 cadunt
2549 4551 2564 4574 ,
2599 4505 2878 4576 despiciat.
2907 4504 3008 4571 Qui
3040 4503 3158 4558 talis
3186 4511 3269 4559 est
3289 4542 3305 4567 ,
3337 4500 3389 4554 in
3424 4513 3623 4569 perpe-

2039 4617 2126 4660 tua
2170 4603 2580 4674 compunctione
2618 4597 2811 4654 deinde
2850 4602 3190 4668 perseverat,
3238 4594 3411 4648 fontes
3451 4591 3628 4660 lacry-

2039 4713 2242 4752 marum
2283 4695 2591 4765 frequenter
2635 4688 2951 4752 effundens,
2999 4686 3324 4752 multamque
3364 4681 3489 4736 inde
3527 4696 3625 4734 vo—

2041 4793 2298 4856 luptatem
2363 4799 2678 4855 excerpens.
2735 4780 2877 4837 Nihil
2941 4778 3138 4848 quippe
3200 4776 3311 4830 Deo
3363 4775 3435 4830 ita
3485 4788 3622 4828 con-

2040 4881 2268 4951 glutinat
2299 4887 2352 4933 et
2394 4874 2704 4945 conjungit,
2755 4881 2812 4924 ut
2855 4870 3104 4938 lacrymae
3153 4865 3482 4937 hujusmodi.
3532 4862 3628 4920 Vir

2044 4971 2166 5026 talis
2190 4971 2289 5026 etsi
2321 4970 2371 5022 iu
2404 4966 2591 5021 mediis
2621 4965 2844 5018 urbibus
2866 4960 3086 5024 habitet,
3118 4959 3269 5029 quasi
3302 4959 3353 5012 in
3380 4957 3620 5020 deserto,

2045 5063 2098 5116 in
2124 5059 2392 5115 montibus
2417 5065 2471 5110 et
2492 5053 2760 5124 speluncis
2785 5060 3051 5116 versatur,
3084 5049 3250 5104 rebus
3273 5045 3628 5118 przesentibus

2046 5169 2151 5209 non
2177 5149 2436 5211 attendit,
2466 5160 2638 5216 neque
2666 5142 2970 5214 hujusmodi
3011 5141 3226 5197 ﬂetibus
3255 5153 3508 5210 umquam
3543 5152 3633 5192 sa-

2045 5247 2224 5310 tiatur,
2251 5243 2366 5298 sive
2392 5255 2492 5311 pro
2520 5253 2612 5304 se,
2643 5238 2758 5292 sive
2796 5251 2893 5305 pro
2921 5234 3153 5289 aliorum
3182 5233 3418 5305 peccatis
3457 5232 3631 5302 lacry.

1997 5367 2000 5371 -
2044 5352 2160 5394 mas
2207 5333 2468 5392 eil‘uudat.
2525 5331 2756 5400 ideoque
2809 5327 3054 5382 Christus
3084 5327 3100 5359 ⁸
3132 5325 3296 5380 hosce
3339 5339 3450 5393 pra
3497 5319 3621 5376 aliis

2046 5429 2232 5483 beatos
2253 5424 2508 5497 prmdicat
2532 5421 2736 5483 dicens,
2753 5417 2900 5473 Beati
2919 5417 3005 5487 qui
3031 5417 3200 5487 lugent
3219 5413 3429 5484 (Matth.
3453 5411 3507 5466 ὅ.
3523 5410 3624 5480 5.).

2047 5521 2155 5576 Cur
2189 5531 2319 5573 vero
2363 5515 2561 5572 Paulus
2596 5513 2724 5568 dicit
2757 5529 2770 5565 :
2810 5508 3036 5564 Gaudete
3084 5506 3138 5560 in
3181 5504 3401 5558 Domino
3437 5517 3634 5572 sempe-

2053 5611 2306 5681 (Philipp.
2342 5610 2392 5662 4.
2431 5607 2553 5676 4.)⁴ἲ
2579 5605 2645 5662 Ut
2685 5605 3038 5674 lacrymarum
3065 5595 3365 5666 hujusmodi
3397 5593 3633 5665 volupta-
