4058 6208
454 272 533 330 -69
1172 260 1229 316 8.
1268 251 1552 313 JOANNIS
1587 238 2065 305 CIIRYSOSTOMI
2106 232 2421 291 ARCHIEP.
2464 228 3002 330 DONSTAhTINOl’.
3051 322 3082 330 η
3295 319 3305 330 .
3346 254 3384 330 ἐ.
3574 320 3587 330 -

464 391 569 434 tem
600 375 863 430 declaret.
912 362 1369 435 Quemadmodum
1399 357 1541 409 enim
1572 351 1751 405 mundi
1789 347 2037 418 gaudium

465 480 748 523 mmrorem
782 462 940 515 habet
985 454 1364 521 conjunctum,
1416 446 1494 498 sic
1545 452 1599 496 et
1639 441 1890 509 lacrymte
1930 435 2039 488 illae

465 557 754 614 secundum
790 553 951 604 Deum
996 543 1232 598 laetitiam
1275 538 1486 606 pariunt
1528 542 1817 601 perennem
1843 534 1899 581 et
1924 538 2041 614 quia

466 612 753 715 numquam
792 636 1023 692 deficiat.
1072 631 1159 685 Sic
1201 623 1454 681 meretrix
1496 621 1583 674 illa
1611 615 1904 715 virginibus
1932 612 2042 715 cla-

466 740 577 793 rior
606 705 791 790 effecta
818 738 901 783 est
922 768 937 791 ,
964 725 1065 778 hoc
1092 723 1210 790 igne
1234 730 1513 772 succensa.
1541 712 1673 776 Quia
1705 708 1846 763 enim
1876 705 2046 775 paeni-

470 839 648 883 tentue
692 823 905 877 fervore
945 820 1192 881 correpta
1229 816 1349 869 cst,
1396 801 1592 858 Christi
1637 811 1821 852 amore
1865 804 2045 864 postea

467 918 693 975 exarsit.
724 926 844 966 cum
873 905 1066 962 solutis
1094 899 1299 969 Capiliis
1328 908 1509 949 sacros
1534 891 1654 944 illos
1682 886 1847 958 pedes
1877 887 2046 955 lacry-

473 1012 577 1067 mis
620 1002 842 1077 ngavit,
884 1011 1035 1054 coma
1065 1008 1158 1047 sua
1187 988 1474 1050 abstersit,
1530 995 1686 1053 atque
1722 988 2048 1077 unguentum

472 1071 775 1158 ciiudit.vEt
814 1094 932 1147 hmc
972 1086 1190 1157 quidem
1232 1079 1564 1135 extrinsecus
1591 1086 1739 1145 gesta
1768 1083 1926 1129 sunt:
1960 1071 2049 1125 illa

471 1208 621 1253 vero,
649 1203 769 1259 qua:
795 1185 847 1239 in
880 1181 1059 1235 animo
1079 1174 1389 1245 agebantur,
1420 1168 1504 1222 his
1549 1167 1702 1235 longe
1741 1163 2048 1218 ardentiora

472 1292 646 1348 erant,
669 1256 797 1350 quae
825 1289 963 1330 unus
995 1266 1248 1325 cernebat
1278 1264 1437 1317 Deus.
1468 1260 1799 1350 Quapropter
1827 1256 2048 1350 quisque

472 1345 715 1429 nostrum
739 1367 858 1422 llch
880 1361 1101 1417 audiens
1121 1399 1135 1423 ,
1166 1350 1564 1423 congratulatur
1594 1348 1728 1417 ipsi,
1756 1361 1820 1400 ac
1846 1345 1912 1400 de
1932 1345 2048 1413 ejus

475 1472 619 1518 recte
657 1458 809 1513 factis
845 1457 1086 1516 Iactatur,
1126 1445 1377 1517 omnique
1403 1440 1628 1498 crimine
1652 1438 1873 1493 liberam
1901 1435 2045 1490 illam

476 1562 644 1622 putat.

538 1711 798 1779 Lacryma:
822 1705 965 1759 bona:
990 1707 1035 1754 et
1062 1698 1210 1752 utiles
1237 1708 1369 1763 quae.
1412 1690 1563 1745 Risus
1600 1685 1873 1779 dissolutus
1920 1696 2041 1779 pro-

466 1772 944 1865 hibitum—Quod
981 1793 1025 1846 si
1066 1787 1293 1857 nos,qui
1349 1783 1471 1838 mali
1515 1793 1720 1843 smnus,
1746 1777 1885 1829 hunc
1928 1772 2046 1826 cal-

466 1896 643 1949 culum
685 1891 925 1949 ferimus,
952 1883 1124 1951 cogita
1151 1884 1401 1946 quantam
1423 1870 1689 1940 acceperit
1716 1866 1962 1936 gratiam,
1995 1872 2049 1916 et

466 1995 661 2058 quanta
692 1995 754 2034 ex
786 1973 1096 2047 pmnitentia
1120 2011 1134 2032 ,
1167 1969 1328 2023 etiam
1371 1974 1657 2032 antequam
1704 1972 1922 2014 munera
1959 1954 2046 2009 illa

467 2049 754 2143 acciperet,
777 2083 806 2121 a
832 2067 945 2120 Deo
970 2070 1291 2129 consequuta
1322 2057 1391 2111 sit
1413 2054 1572 2108 bona.
1596 2052 1743 2107 Sicut
1763 2049 2048 2143 enimpost

466 2139 810 2219 vehementes
838 2156 1036 2212 imbres
1064 2168 1158 2206 acr
1180 2164 1346 2222 purus
1370 2146 1620 2210 efficitur,
1647 2143 1725 2197 sic
1751 2150 1874 2213 post
1902 2139 2047 2194 fusas

468 2257 730 2330 lacrymas
752 2248 991 2319 sequitur
1016 2241 1370 2312 tranquillitas
1398 2246 1453 2293 et
1487 2235 1767 2299 serenitas,
1800 2241 2045 2299 peccato-

467 2323 687 2415 rumque
708 2340 939 2396 tenebrae
958 2337 1224 2405 fugantur.
1248 2331 1311 2385 Et
1341 2330 1477 2384 sicut
1501 2343 1565 2382 ex
1587 2341 1719 2395 aqua
1745 2332 1801 2379 et
1824 2323 2044 2393 Spiritu,

464 2436 543 2490 sic
571 2452 637 2491 ex
670 2431 921 2504 lacrymis
962 2437 1015 2483 et
1048 2425 1380 2482 confessione
1420 2434 1723 2491 purgamur,
1753 2417 1910 2471 modo
1940 2432 2044 2470 non

465 2528 531 2580 ad
574 2522 984 2580 ostentationem
1016 2529 1069 2573 et
1097 2515 1305 2571 laudem
1345 2509 1657 2581 captandam
1689 2509 1736 2562 id
1772 2508 2045 2562 faciamus.

466 2617 596 2672 Nam
637 2630 755 2686 qua:
795 2614 894 2666 hac
927 2610 995 2665 de
1036 2622 1195 2663 causa
1223 2606 1565 2675 lacrymatur,
1592 2599 1761 2669 magis
1787 2597 2046 2667 culpanda

463 2720 565 2774 est,
589 2723 745 2780 quam
775 2720 837 2759 ca
868 2719 985 2771 quae
1014 2700 1131 2754 fuco
1161 2709 1209 2751 et
1241 2692 1522 2766 pigmentis
1548 2706 1669 2746 sese
1694 2690 1901 2744 oblinit.
1926 2688 2047 2742 Ilias

461 2801 602 2857 cnim
635 2797 845 2869 requiro
876 2795 1161 2868 lacrymas,
1210 2805 1327 2858 qua:
1356 2802 1461 2840 non
1504 2785 1569 2838 ad
1613 2782 2045 2845 ostentationem,

462 2892 555 2947 sed
594 2889 659 2943 ad
699 2885 1164 2956 compunctionem
1214 2878 1523 2938 funduntur,
1574 2889 1692 2943 qua:
1739 2871 1946 2926 occulte
1991 2871 2043 2924 in

459 2980 715 3039 cubiculis
738 2978 884 3032 nullo
912 2984 1064 3038 teste,
1084 2986 1201 3042 qua:
1222 2969 1401 3040 quiete
1421 2966 1540 3020 sine
1558 2964 1782 3034 strepitu
1806 2971 2040 3025 manant,

459 3089 579 3145 qua:
617 3088 682 3125 ex
728 3069 917 3124 intimo
962 3064 1158 3128 cordis,
1190 3077 1255 3115 ex
1297 3059 1583 3114 afflictione
1610 3066 1663 3110 et
1693 3055 1897 3118 dolore,
1928 3070 2045 3121 qua:

460 3171 678 3237 propter
710 3161 875 3215 Deum
903 3157 1255 3211 emittuntur:
1288 3151 1470 3220 quales
1495 3158 1649 3233 erant
1680 3150 1846 3201 Anna:
1876 3148 2047 3218 lacry-

463 3271 562 3307 mae
590 3272 601 3306 :
630 3252 755 3321 Ejus
786 3248 927 3303 enim
972 3246 1105 3301 labia
1126 3285 1142 3310 ,
1167 3243 1656 3312 inquitScriptura,
1680 3239 2001 3292 movebantur
2025 3280 2041 3305 ,

458 3353 504 3399 et
529 3359 626 3397 vox
652 3360 750 3396 non
771 3341 1069 3394 audiebatur
1090 3339 1178 3411 (1.
1204 3337 1331 3409 Reg.
1358 3339 1408 3392 l.
1433 3336 1558 3406 15).
1584 3334 1782 3392 Verum
1805 3335 2051 3405 lacryma:

460 3432 591 3486 solre
632 3431 757 3485 tuba
788 3430 1068 3482 clariorem
1096 3428 1411 3481 emittebant
1439 3439 1643 3479 vocem.
1677 3425 1905 3493 Ideoque
1928 3423 2049 3477 vul-

460 3537 582 3576 vam
626 3522 743 3591 ejus
788 3519 998 3591 aperuit
1039 3519 1201 3585 Deus,
1230 3526 1284 3575 et
1313 3518 1503 3572 durum
1557 3532 1743 3577 saxum
1777 3516 1829 3571 in
1860 3531 2045 3587 agrum

459 3611 687 3668 fertilem
732 3611 912 3665 vertit.

531 3703 585 3759 6.
615 3703 670 3757 Si
703 3711 755 3757 tu
784 3716 995 3774 quoque
1024 3698 1101 3753 sic
1130 3698 1460 3769 lacrymeris,
1491 3697 1697 3752 Domini
1722 3697 1793 3752 tui
1818 3698 2052 3753 imitator

464 3793 685 3851 effectus
714 3810 791 3848 es.
819 3792 951 3846 Nam
976 3800 1027 3846 et
1059 3792 1173 3860 ipse
1201 3790 1521 3860 lacrymatus
1548 3798 1631 3843 est
1658 3798 1712 3843 et
1734 3788 1803 3844 de
1827 3789 2046 3856 Lazaro,

457 3883 601 3939 etde
629 3884 840 3939 civitate
868 3881 1060 3953 (Joan.
1096 3881 1179 3934 ll.
1214 3880 1303 3934 55.
1352 3878 1477 3932 Luc.
1512 3879 1595 3933 l9.
1628 3880 1687 3933 41
1718 3877 1738 3950 )
1764 3918 1779 3942 .
1828 3888 1882 3932 et
1908 3880 2048 3934 circa

458 3975 642 4030 ludam
690 3974 930 4028 turbatus
970 3981 1074 4026 est.
1132 3968 1362 4038 ldipsum
1393 3984 1552 4038 porro
1577 3970 1755 4024 videre
1784 3980 1866 4024 est
1906 3984 2049 4039 saepe

464 4065 770 4130 facientem,
798 4062 1060 4119 ridentem
1086 4077 1216 4116 vero
1241 4075 1524 4129 nusquam,
1551 4059 1656 4113 imo
1678 4074 1745 4115 ne
1764 4060 2047 4115 subriden-

457 4169 564 4211 tem
607 4157 822 4227 quidem
854 4171 868 4207 :
901 4154 1074 4208 nullus
1099 4161 1246 4207 certe
1274 4150 1374 4205 hoc
1412 4150 1735 4221 evangelista
1786 4152 2042 4205 narravit.

458 4246 688 4317 ideoque
716 4257 771 4300 et
799 4244 1022 4299 Paulum
1052 4242 1283 4304 ﬂevisse,
1321 4257 1385 4294 ac
1428 4256 1521 4309 per
1558 4241 1841 4295 triennium
1893 4252 2048 4296 nocte

456 4352 508 4392 et
537 4338 624 4391 die
646 4337 872 4404 idipsum
902 4335 1111 4395 fecisse,
1138 4342 1192 4386 et
1221 4334 1334 4400 ipse
1363 4342 1418 4385 et
1440 4330 1527 4384 alii
1555 4331 1622 4385 de
1644 4333 1759 4400 ipso
1780 4340 1998 4385 narrant
2030 4349 2044 4385 :

456 4429 598 4500 quod
625 4438 802 4483 autem
832 4426 1012 4478 riserit
1051 4439 1149 4477 nec
1176 4424 1308 4492 ipse,
1339 4437 1437 4475 nec
1475 4423 1610 4475 alius
1644 4434 1952 4476 sanctorum
1980 4424 2049 4477 de

459 4523 575 4589 ipso
620 4518 774 4583 dixit,
806 4517 913 4576 imo
960 4529 1060 4569 nec
1099 4512 1168 4566 de
1199 4512 1319 4567 aliis
1362 4511 1462 4580 ipsi
1488 4511 1748 4564 similibus
1780 4529 1793 4566 :
1826 4512 1893 4566 de
1917 4512 2047 4566 Sara

459 4623 660 4665 tantum
692 4610 743 4668 id
777 4617 1040 4669 narratur,
1064 4604 1275 4679 quando
1312 4611 1555 4671 correpta
1593 4603 1723 4669 fuit;
1751 4613 1806 4658 et
1844 4604 1913 4657 de
1940 4604 2048 4659 lilio

459 4701 604 4763 Nam,
632 4700 845 4770 quando
866 4714 933 4753 ex
955 4698 1123 4752 libero
1144 4711 1334 4750 servus
1355 4694 1575 4751 effectus
1594 4704 1697 4748 est.
1727 4695 1849 4749 ΙΙωο
1868 4704 2045 4750 autem

461 4793 605 4858 dico,
641 4808 743 4845 nou
777 4800 832 4843 ut
858 4790 1023 4845 risum
1050 4802 1266 4857 prorsus
1290 4787 1579 4849 ciimincm,
1612 4786 1705 4839 sed
1734 4797 1791 4839 ut
1816 4786 2046 4840 dissolu-

461 4888 658 4941 tionem
687 4887 919 4941 auferam
943 4885 1037 4959 (a).
1056 4886 1185 4950 Cur,
1212 4898 1412 4955 quaeso,
1444 4882 1511 4936 ita
1543 4880 1741 4953 gaudes
1767 4890 1822 4939 et
1846 4881 2047 4936 difﬂuis

538 5131 557 5163 ί
592 5131 666 5178 Sic
682 5134 788 5178 sm.
812 5132 868 5176 et
885 5128 950 5175 ita
972 5126 1094 5189 legit
1116 5126 1347 5176 Anianus.
1372 5125 1437 5175 At
1457 5124 1599 5175 Savil.
1625 5134 1679 5176 et
1704 5127 1891 5191 March,
1915 5137 2059 5182 Deus.

524 5233 597 5297 (α)
636 5232 801 5295 itaque
826 5232 1054 5297 prohibet
1076 5230 1448 5297 Chrysostomus
1462 5243 1559 5279 non
1581 5231 1750 5297 risum,
1776 5230 1870 5297 sed
1888 5230 2044 5297 disso-

464 5291 802 5346 lutbnemfsic
826 5291 994 5355 etiam,
1018 5291 1187 5355 ltomili
1210 5293 1274 5341 de
1308 5292 1485 5355 Davide
1509 5297 1563 5340 et
1584 5292 1742 5355 saiile,
1769 5293 1833 5341 de
1858 5291 2050 5349 lascivis

462 5372 620 5418 agens
643 5357 947 5414 mulieribus,
962 5357 1132 5417 qua-iu
1157 5354 1359 5403 theatris
1381 5354 1711 5402 histrionicum
1729 5356 2049 5415 exercebant,

463 5422 547 5484 till,
582 5437 641 5468 ut
662 5430 776 5477 πολλή
845 5426 1141 5484 διάχυσιίι-ιιαὶιή
1163 5428 1344 5484 τξαρὰιτοῦ
1358 5428 1470 5484 361w
1492 5428 1576 5484 πρὸς
1601 5426 1785 5484 vigilntes
1819 5429 2048 5484 παράκληᾳις,

464 5475 556 5529 hoc
578 5490 673 5543 est,
972 5475 1226 5543 dissolutio
1252 5475 1408 5543 _(ma_le_
1454 5475 1583 5543 enim
1611 5482 1844 5543 .Erasmus
1874 5475 2045 5540 vertit,

466 5536 719 5607 eoi-fusio),
745 5542 855 5593 hinc
872 5536 980 5608 ipse
1004 5540 1133 5597 locus
1155 5539 1220 5589 ad
1244 5536 1489 5595 lasciviam
1521 5536 1742 5592 imitans.

2149 340 2225 384 tot
2256 328 2544 385 reddendis
2587 326 2846 380 obnoxius
2876 322 3188 384 rationibus,
3221 319 3307 389 qui
3341 320 3634 375 tremendo
3666 321 3739 374 illi

2149 424 2394 478 tribunali
2435 422 2700 476 sistendus
2724 436 2804 485 es,
2831 419 2898 473 de
2943 418 3043 471 tuis
3090 415 3333 469 omuilms
3377 415 3430 468 in
3471 414 3577 468 hac
3629 414 3740 468 vita

2147 514 2309 581 gestis
2353 512 2615 567 rationem
2657 518 2903 563 accurate
2943 505 3279 560 redditurus?
3306 504 3516 557 Etenim
3549 504 3623 557 de
3650 503 3737 566 iis,

2143 614 2263 670 quae
2292 601 2372 655 vel
2403 610 2591 669 sponte
2613 641 2629 667 ,
2657 602 2743 655 vel
2790 601 2935 655 inviti
2968 600 3207 661 fecimus,
3240 600 3502 655 rationem
3533 599 3735 654 redde-

2147 706 2265 746 Inus
2294 709 2306 743 :
2340 691 2439 758 Qui
2465 692 2629 754 enim,
2682 691 2892 759 inquit,
2924 691 3170 760 negaverit
3199 705 3275 743 me
3299 706 3469 742 coram
3508 690 3736 742 homini-

2146 782 2258 847 bus,
2291 794 2337 837 et
2363 799 2454 852 ego
2479 782 2669 852 negabo
2695 800 2807 835 eum
2831 799 3000 835 coram
3046 781 3204 835 Patre
3228 797 3336 833 meo
3361 821 3376 846 ,
3403 781 3486 850 qui
3514 783 3569 834 in
3597 782 3740 836 aclis

2145 882 2215 926 est
2247 876 2264 942 (
2292 872 2482 927 Matth.
2517 874 2607 927 10.
2640 874 2709 929 '55
2732 875 2771 943 ).
2803 873 2960 941 Atqui
3018 873 3105 926 illa
3154 873 3362 940 negatio
3401 871 3736 945 [aliquando]

2147 977 2252 1016 non
2282 962 2580 1017 voluntaria
2606 973 2709 1026 est,
2742 972 2796 1017 et
2825 971 3000 1017 tamen
3030 962 3345 1031 supplicium
3376 977 3482 1016 non
3526 963 3735 1033 effugit,

2152 1053 2375 1123 ejusque
2417 1053 2662 1107 dabimus
2693 1067 2898 1122 poenas,
2926 1060 2981 1107 et
3011 1061 3117 1106 tam
3145 1068 3331 1106 eorum
3360 1068 3479 1122 qua:
3508 1054 3735 1121 scimus,

2145 1159 2302 1212 quam
2330 1159 2518 1198 eorum
2543 1158 2659 1211 qua:
2695 1144 2960 1197 nescimus
2990 1160 3003 1196 :
3031 1141 3179 1196 Nihil
3200 1144 3329 1195 enim
3352 1142 3476 1196 mihi
3505 1144 3737 1198 conscius

2145 1250 2275 1297 sum,
2307 1232 2497 1301 inquit,
2526 1236 2616 1286 sed
2643 1233 2820 1286 nonin
2848 1232 2942 1285 hoc
2972 1232 3286 1301 justi/icatus
3332 1248 3443 1285 sum
3467 1231 3486 1302 (
3510 1234 3562 1288 l.
3616 1233 3732 1288 Cor.

2147 1326 2199 1378 tl.
2228 1326 2261 1379 4
2280 1323 2333 1395 );
2360 1326 2473 1379 sive
2497 1324 2801 1395 ignorantes
2832 1325 2943 1379 sive
2966 1324 3194 1379 scientes
3221 1339 3501 1394 peccemus
3528 1340 3545 1379 :
3572 1323 3733 1379 Testi-

2148 1415 2370 1467 monium
2397 1415 2529 1468 enim
2553 1414 2654 1467 illis
2697 1414 2950 1484 perhibeo,
2984 1414 3185 1482 inquit,
3215 1415 3333 1483 quia
3361 1415 3734 1469 teritulationem

2148 1505 2238 1558 Dei
2263 1505 2465 1571 habent,
2483 1506 2571 1559 sed
2592 1521 2693 1559 non
2712 1505 2984 1558 secundum
3003 1504 3263 1558 scientiam
3286 1505 3303 1574 (
3326 1504 3482 1558 Rom.
3518 1506 3611 1560 10.
3639 1506 3674 1558 2
3691 1508 3731 1576 ).

2150 1596 2341 1651 Verum
2374 1596 2425 1650 id
2468 1596 2571 1651 illis
2598 1597 2663 1649 ad
2696 1595 3064 1665 purgationem
3112 1611 3215 1649 non
3262 1594 3480 1649 sufficit.
3540 1595 3733 1650 Corin-

2152 1687 2274 1741 thiis
2318 1694 2495 1740 autem
2546 1685 2786 1741 scribens
2829 1686 3003 1742 aiebat
3035 1702 3048 1737 :
3087 1684 3256 1738 Timeo
3285 1702 3346 1739 ne
3369 1688 3496 1739 sicut
3523 1703 3734 1757 serpens

2148 1779 2309 1833 Evam
2356 1779 2553 1833 seduxit
2603 1780 2789 1832 astutia
2836 1795 2952 1841 sua,
2996 1779 3069 1831 sic
3117 1788 3506 1846 corrumpantur
3560 1795 3733 1832 sensus

2144 1871 2315 1937 vestri,
2346 1880 2392 1924 et
2415 1869 2646 1922 excidant
2671 1885 2701 1921 a
2729 1869 3050 1938 simplicitate
3074 1884 3187 1938 qua:
3222 1878 3295 1922 est
3334 1869 3385 1921 in
3413 1869 3617 1922 Christo
3640 1869 3729 1939 (ἓ.

2144 1964 2262 2020 Cor.
2309 1965 2394 2018 Η.
2427 1964 2516 2033 ὅ).
2549 1963 2651 2016 Τοι
2701 1972 3073 2030 tantorumque
3123 1961 3414 2016 facinorum
3468 1962 3730 2016 rationem

2145 2056 2469 2118 redditurus,
2503 2054 2657 2110 sedes
2686 2054 2885 2119 ridens,
2919 2054 3144 2108 urbanas
3178 2053 3391 2108 facetias
3419 2053 3729 2122 proferens,

2148 2156 2203 2201 et
2228 2146 2483 2216 voluptati
2515 2146 2831 2214 indulgens?
2860 2144 2963 2199 Sed
2989 2145 3033 2198 si
3067 2143 3118 2197 id
3144 2159 3245 2197 non
3272 2144 3469 2205 fecero,
3501 2144 3728 2214 inquies.

2153 2240 2197 2294 si
2241 2239 2451 2304 luxere,
2481 2254 2601 2305 quae
2654 2238 2785 2291 mihi
2836 2236 2961 2290 hinc
3009 2237 3242 2291 utilitas?
3273 2236 3433 2290 Multa
3477 2252 3631 2301 sane,
3681 2248 3735 2292 et

2146 2341 2289 2386 tanta
2316 2340 2567 2402 quautam
2596 2330 2861 2400 eXplicare
2891 2345 2995 2382 non
3037 2329 3254 2398 possim.
3300 2328 3356 2383 ln
3383 2329 3730 2383 saacularibus

2145 2422 2285 2477 enim
2312 2422 2546 2491 judiciis,
2572 2421 2910 2491 quantumvis
2941 2421 3141 2489 plores,
3176 2435 3281 2474 non
3333 2419 3562 2490 effugies
3608 2435 3732 2490 sup-

2149 2514 2362 2584 plicium
2391 2523 2508 2583 post
2534 2514 2691 2565 latam
2719 2512 3071 2574 sententiam;
3112 2510 3199 2564 hic
3240 2524 3390 2573 vero.
3436 2511 3480 2564 si
3507 2510 3732 2580 ingemi-

2146 2618 2265 2658 scas
2315 2612 2544 2667 tantum,
2576 2603 2893 2657 sententiam
2934 2601 3172 2664 solvisti,
3205 2610 3260 2655 et
3299 2601 3506 2655 veniam
3539 2617 3733 2656 conse-

2148 2697 2349 2767 queris.
2379 2695 2606 2763 Ideoque
2627 2695 2693 2749 de
2723 2695 2863 2748 luctu
2890 2708 3030 2762 saspe
3057 2691 3303 2748 Christus
3331 2708 3425 2747 nos
3456 2693 3728 2756 admonet.

2148 2798 2199 2842 et
2218 2803 2309 2847 eos
2332 2787 2419 2856 qui
2438 2788 2616 2856 lugent
2639 2786 2819 2840 beatos
2839 2783 3087 2856 pra‘dical
3101 2826 3116 2847 ,
3141 2783 3259 2837 illos
3280 2799 3406 2837 vero
3422 2785 3508 2853 qui
3536 2784 3728 2849 rident,

2152 2879 2375 2935 miseros
2404 2878 2662 2932 declarat.
2718 2876 2829 2929 Hoc
2873 2876 3069 2944 quippe
3115 2876 3376 2928 theatrum
3427 2892 3531 2928 tum
3565 2877 3729 2931 risum

2149 2968 2376 3021 admittit
2400 2986 2412 3022 :
2440 2985 2613 3039 neque
2641 2971 2759 3025 ideo
2783 2973 3149 3037 convenimus,
3172 2984 3226 3027 ut
3249 2973 3539 3028 cachinnos
3558 2976 3728 3030 ellua-

2148 3057 2358 3121 damus,
2392 3060 2482 3114 sed
2516 3070 2571 3113 ut
2596 3076 2894 3129 gemanius,
2926 3073 3084 3133 atque
3108 3080 3173 3119 ex
3199 3066 3500 3134 hujusmodi
3530 3070 3727 3136 gemitu

2151 3150 2294 3219 regni
2351 3151 2698 3207 hereditatem
2749 3154 3135 3210 nanciscamur.
3181 3156 3258 3210 Tu
3299 3173 3426 3211 vero
3464 3159 3509 3211 si
3548 3174 3728 3213 Curam

2151 3237 2473 3308 lmpcratore
2523 3243 2756 3307 steteris,
2803 3259 2871 3300 ne
2911 3243 3190 3300 subridcre
3215 3246 3432 3316 quidem
3460 3249 3725 3303 audebis:

2150 3339 2204 3385 et
2230 3333 2398 3400 ipsum
2427 3334 2737 3403 angelorum
2766 3335 3042 3389 Dominum
3072 3336 3215 3391 domi
3246 3337 3446 3394 habens
3475 3354 3580 3395 non
3618 3351 3727 3395 stas

2153 3431 2387 3476 tremens
2415 3439 2535 3481 cum
2578 3425 2834 3481 modestia
2875 3426 3104 3493 decenti,
3134 3427 3226 3482 sed
3256 3429 3401 3485 rides
3446 3430 3538 3485 illo
3566 3432 3725 3486 etiam

2149 3527 2293 3583 saepe
2322 3515 2495 3569 ἰηιιυῖ
2523 3531 2621 3571 nec
2649 3519 2850 3587 cogitas
2882 3528 2932 3574 te
2958 3518 3104 3573 illum
3135 3520 3301 3590 magis
3326 3521 3391 3575 ad
3438 3521 3571 3576 iram
3597 3538 3727 3578 con-

2148 3604 2315 3658 citare
2343 3607 2465 3659 dum
2508 3607 2623 3662 hac
2667 3609 2780 3677 agis
2802 3648 2817 3672 ,
2848 3624 3005 3677 quam
3036 3609 3161 3664 dum
3191 3626 3378 3680 peccas
3398 3612 3422 3664 ἲ
3445 3611 3562 3668 Non
3589 3614 3731 3669 enim

2151 3696 2221 3751 ita
2248 3709 2558 3766 peccatores
2585 3710 2861 3754 aversatur
2891 3701 3050 3767 Deus,
3083 3711 3140 3756 ut
3162 3717 3254 3757 eos
3282 3705 3370 3772 qui
3400 3713 3517 3773 post
3545 3720 3731 3773 pecca-

2152 3798 2264 3843 tum
2293 3805 2396 3843 non
2421 3806 2539 3845 sese
2560 3791 2829 3844 cohibent.
2850 3792 3095 3846 Attamen
3118 3794 3187 3847 ita
3209 3803 3333 3847 sunt
3350 3795 3563 3864 quidam
3586 3798 3731 3853 omni

2150 3896 2309 3937 sensu
2343 3882 2513 3948 vacui,
2544 3892 2600 3937 ut
2625 3893 2743 3952 post
2768 3883 2881 3937 haec
2906 3885 3084 3938 audita
3112 3885 3272 3939 verba
3301 3887 3481 3942 dicant
3511 3906 3524 3943 :
3557 3891 3729 3952 Absit.

2154 3985 2212 4028 ut
2241 3989 2489 4045 umquam
2529 3975 2792 4045 lacrymas
2821 3974 3058 4041 fundam,
3082 3976 3210 4030 mihi
3230 3962 3365 4032 "vero
3392 3979 3441 4032 id
3471 3982 3729 4035 concedat

2153 4064 2293 4119 Deus
2314 4105 2330 4131 ,
2377 4072 2434 4119 ut
2459 4079 2672 4134 semper
2709 4064 2911 4119 rideam
2942 4076 2997 4120 et
3025 4065 3222 4122 ludam.
3270 4067 3403 4134 Quid
3432 4067 3730 4137 hujusmodi

2150 4156 2470 4224 cogitatione
2493 4156 2783 4209 infantius?
2820 4155 2934 4209 Non
2957 4156 3097 4213 enim
3124 4157 3263 4212 Deus
3289 4158 3337 4211 id
3365 4158 3457 4212 dat
3482 4169 3540 4213 ut
3580 4161 3727 4214 luda-

2153 4259 2290 4309 IIIUS,
2324 4246 2416 4300 sed
2446 4245 2709 4299 diabolus.
2761 4245 2897 4297 Audi
2929 4245 3081 4312 igitur
3121 4246 3244 4313 quid
3278 4248 3414 4314 passi
3445 4248 3555 4303 sint
3584 4249 3617 4303 ii
3643 4249 3730 4317 qui

2154 4335 2404 4392 ludebant
2436 4353 2449 4389 :
2483 4335 2647 4397 Sedit,
2682 4334 2869 4403 inquit,
2902 4334 3118 4403 populus
3146 4339 3451 4392 manducare
3475 4349 3521 4391 et
3550 4340 3731 4400 bibere,

2150 4433 2201 4477 et
2226 4434 2552 4477 surrexerunt
2578 4423 2750 4476 ludere
2772 4423 2789 4493 (
2811 4421 2975 4475 Exod.
3000 4423 3087 4476 52.
3112 4424 3202 4491 6).
3227 4425 3383 4480 Tales
3401 4438 3553 4482 erant
3572 4428 3733 4484 Sodo-

2152 4512 2316 4578 mitaz,
2349 4512 2479 4566 tales
2507 4514 2666 4566 etiam
2706 4511 2780 4565 illi
2832 4522 3073 4581 tempore
3122 4513 3326 4569 diluvii.
3371 4515 3503 4573 Nam
3532 4519 3601 4573 de
3630 4519 3732 4576 illis

2153 4603 2368 4670 dicitur,
2398 4603 2465 4657 In
2502 4603 2766 4673 superbia,
2798 4605 2853 4658 in
2895 4606 3251 4675 prosperitate,
3283 4618 3331 4661 et
3382 4610 3434 4663 in
3477 4613 3739 4666 saturitate

2154 4712 2345 4765 panum
2394 4697 2585 4750 deliciis
2635 4697 2898 4768 afﬂuebant
2926 4696 2945 4769 (
2970 4697 3155 4754 Ezech.
3188 4699 3275 4756 i6.
3308 4701 3435 4771 49).
3478 4703 3557 4757 Illi
3603 4720 3728 4760 vero

2154 4788 2240 4857 qui
2272 4797 2508 4860 tempore
2535 4787 2661 4843 Non:
2691 4799 2845 4842 erant
2865 4830 2878 4853 ,
2907 4804 3029 4843 cum
3061 4806 3153 4859 per
3183 4801 3259 4845 tot
3284 4807 3454 4847 annos
3498 4793 3732 4850 construi

2155 4895 2333 4934 arcam
2362 4879 2623 4947 viderent,
2654 4883 2772 4937 sine
2816 4882 2918 4937 ulla
2945 4897 3072 4937 cura
3102 4884 3184 4938 vel
3211 4900 3370 4938 sensu
3401 4886 3729 4951 laetabantur,

2158 4972 2285 5025 nihil
2332 4972 2399 5025 de
2445 4971 2634 5025 futuris
2689 4974 2848 5027 rebus
2902 4975 3319 5043 prospicientes;
3351 4976 3580 5047 ideoque
3623 4980 3731 5032 nni-

2158 5077 2340 5115 versos
2369 5062 2623 5119 diluvium
2652 5064 2959 5129 submersit,
2984 5074 3037 5120 et
3063 5079 3344 5122 commune
3358 5067 3504 5122 orbis
3527 5069 3739 5125 naufra-

2157 5155 2300 5224 gium
2334 5166 2459 5208 tunc
2488 5153 2684 5208 effecit.

2228 5363 2274 5413 7.
2324 5361 2469 5414 Dona
2498 5358 2590 5412 Dei
2626 5373 2737 5427 qua:
2763 5358 2881 5411 sint.
2915 5354 3187 5426 Vigilantia
3213 5373 3361 5425 quam
3391 5357 3561 5421 utilis;
3588 5372 3738 5427 quam

2158 5461 2308 5515 noxia
2357 5460 2541 5513 theatri
2589 5456 3092 5526 spectacula.-——Ne
3149 5458 3322 5525 itaque
3373 5458 3459 5513 illa
3512 5470 3659 5528 petas
3708 5474 3739 5511 ξι

2160 5555 2295 5617 Deo,
2328 5567 2447 5620 qum
2491 5565 2521 5605 a
2566 5549 2777 5604 diabolo
2805 5547 3022 5616 accipis.
3051 5547 3181 5603 Nam
3211 5548 3302 5603 Dei
3329 5560 3411 5604 est
3430 5591 3443 5615 ,
3488 5551 3618 5607 dare
3645 5564 3735 5607 cor
