4058 6208
331 308 400 361 σε)
1449 309 1516 363 IN
1552 303 1965 364 mnu/leua
2003 301 2234 362 HomL.
2279 304 2369 363 Vl.
2591 293 2596 298 ’
3499 309 3572 367 70

331 411 508 478 μένων
559 409 790 481 δακρύῃ.
816 406 913 461 Διά
951 407 1107 460 τοῦτο
1161 406 1267 478 πρὸ
1313 407 1424 460 τῶν
1468 409 1644 462 ἄλλων
1678 408 1900 473 τούτους

324 499 664 570 ἐμακάριζεν
694 504 723 554 0
755 501 884 564 Θεὸς
905 499 972 564 ⁸⁸,
1000 498 1288 566 Μακάριοι
1323 503 1377 552 οἱ
1406 501 1789 566 πενθοῦντες,
1815 501 1901 554 λέ-

318 604 455 656 γων.
487 592 599 643 Kal
635 591 751 654 πῶς
783 592 813 643 0
848 589 1060 653 Παῦλός
1114 607 1274 660 φησι·
1317 591 1562 658 Χαίρετε
1597 591 1666 644 ἐν
1701 593 1900 658 Κυρίῳ

317 679 608 745 mir-tata;
635 681 745 752 Τὴν
778 684 844 735 ἐκ
861 683 970 736 τῶν
989 681 1239 752 δακρύων
1261 681 1467 735 τούτων
1487 681 1658 750 λέγων
1681 681 1895 752 ἡδονήν.

319 771 534 843 Ὠσπερ
552 772 660 844 γάρ
683 774 716 844 ἡ
737 773 826 826 διά
852 772 1055 841 κόσμον
1084 772 1228 844 χαρά
1253 772 1431 843 λύπην
1459 771 1570 844 ἔχει
1598 772 1899 842 συγκεκληι-

319 864 592 935 ρωμένην,
627 863 768 917 οὕτω
787 864 854 918 τά
882 863 1025 917 κατὰ
1059 864 1191 917 Θεὸν
1227 863 1437 936 δάκρυα
1462 863 1637 935 χαρὰν
1665 863 1900 934 βλαστά-

319 971 401 1010 νει
431 955 656 1026 διηνεκῆ
681 955 776 1008 zeal
801 955 1136 1026 ἀμάραντον.
1161 953 1318 1009 Οὕτω
1355 957 1448 1008 zeal
1477 957 1510 1025 ἡ
1552 954 1724 1024 πόρνη
1752 969 1897 1024 παρ·

320 1045 490 1100 θένων
546 1046 764 1114 ἐγένετο
811 1048 1145 1118 σεμνοτέρα,
1180 1047 1352 1117 τούτῳ
1381 1046 1774 1116 κατασχεθεῖσα
1819 1043 1898 1114 τῷ

318 1134 472 1207 πυρί.
515 1136 732 1206 Ἐπειδὴ
762 1135 872 1208 γάρ
889 1136 1252 1207 διεθερμάνθη
1274 1139 1339 1207 τῇ
1366 1136 1643 1207 μετανοίᾳ,
1673 1134 1899 1198 ἐξεϐακ-

318 1222 488 1294 χεύθη
509 1223 694 1277 λοιπὸν
711 1224 791 1294 τῷ
815 1225 942 1295 περὶ
967 1225 1060 1278 τὸν
1098 1225 1332 1295 Χριστὸν
1361 1224 1535 1294 πόθῳ,
1561 1223 1662 1287 τάς
1706 1223 1899 1296 τρίχας

310 1313 536 1381 λύουσα,
566 1315 660 1368 zeal
702 1316 826 1378 τοὺς
859 1316 1044 1383 ἁγίους
1063 1317 1107 1351 ⁸⁷
1146 1315 1415 1386 βρέχουσα
1445 1315 1613 1377 πόδας
1653 1317 1764 1377 τοῖς
1797 1313 1896 1367 δά-

313 1421 500 1477 κρυσι,
529 1406 623 1458 καὶ
665 1409 786 1469 ταῖς
832 1406 990 1470 ίδίαις
1020 1407 1217 1471 αὐτοὺς
1249 1407 1647 1478 ἀπομάσσουσα
1674 1405 1897 1475 κόμαις,

316 1507 411 1559 zeal
433 1505 495 1558 τὸ
526 1510 694 1576 μύρον
720 1503 968 1556 κενοῦσα.
991 1504 1101 1556 Kal
1126 1503 1295 1557 ταῦτα
1323 1506 1420 1575 μὲν
1444 1504 1659 1558 ἃπαντα
1689 1504 1891 1567 ἔξωθεν

317 1597 526 1667 ἐγίνετο
546 1613 561 1627 ο
591 1597 658 1649 τά
677 1596 732 1648 δέ
762 1597 820 1647 ἐν
837 1597 902 1665 τῇ
933 1593 1138 1665 διανοίᾳ
1164 1595 1459 1665 τελούμενα
1484 1595 1660 1664 πολλῷ
1688 1595 1893 1649 τούτων

316 1687 630 1760 θερμότερα
654 1681 744 1756 ἦν,
770 1685 817 1718 ⁸⁸
839 1683 875 1739 ἃ
909 1683 1068 1754 μόνος
1093 1683 1253 1747 αὐτὸς
1290 1684 1512 1737 ἔϐλεπεν
1548 1685 1577 1736 0
1607 1685 1758 1745 Θεός.
1789 1685 1889 1738 Διά

311 1777 384 1849 δὴ
408 1776 568 1829 τοῦτο
592 1777 818 1838 ἕκαστος
840 1776 887 1807 ⁸⁹
930 1773 1162 1838 ἀκούων,
1191 1775 1471 1846 συγχαίρει
1496 1791 1556 1828 τε
1585 1776 1744 1845 αὐτῇ,
1794 1774 1892 1828 zeal

311 1867 668 1937 εὐφραίνεται
708 1866 820 1928 τοῖς
846 1863 1060 1932 ἐκείνης
1091 1862 1505 1934 κατορθώμασι,
1542 1864 1638 1917 zeal
1672 1864 1892 1918 πάντων

309 1957 648 2012 ἀπαλλάττει
678 1956 786 2008 τῶν
815 1955 1175 2025 ἐγκλημάτων
1203 1955 1394 2024 αὐτήν.

388 2050 454 2102 Εἰ
486 2047 542 2100 δὲ
579 2048 737 2117 ἡμεῖς
757 2046 807 2098 οί
829 2046 1054 2116 πονηροὶ
1075 2044 1278 2115 ταύτην
1311 2045 1546 2116 φέρομεν
1567 2043 1664 2116 τὴν
1685 2044 1891 2115 ψῆφον,

313 2138 578 2208 ἐννόησον
632 2137 776 2199 τίνος
831 2136 1106 2190 ἀπέλαυσε
1159 2136 1314 2205 παρὰ
1359 2134 1454 2187 τοῦ
1508 2135 1889 2206 φιλανθρώπου

309 2229 478 2293 Θεοῦ,
508 2230 601 2282 zeal
629 2228 792 2291 πόσα,
819 2227 914 2280 zeal
943 2227 1050 2298 πρὸ
1073 2226 1182 2280 τῶν
1212 2227 1308 2280 τοῦ
1343 2227 1476 2281 Θεοῦ
1505 2228 1742 2296 δωρεῶν,
1778 2225 1888 2280 ἀπὸ

307 2320 418 2390 τῆς
443 2317 730 2390 μετανοίας
770 2316 885 2389 [96]
921 2318 1281 2389 ἐκαρπώσατο
1309 2319 1491 2387 ἀγαθά
1519 2319 1586 2371 ⁸ο.
1623 2318 1890 2388 Καθάπερ

307 2411 429 2483 γάρ
459 2408 619 2462 ὐετοῦ
676 2408 1113 2480 καταρραγέντος
1168 2408 1399 2480 σφοδροῦ
1443 2408 1629 2482 αἰθρία
1681 2408 1892 2477 γίνεται

305 2499 556 2571 καθαρά,
597 2498 738 2553 οὐτω
778 2499 869 2552 καὶ
893 2498 1140 2570 δακρύων
1173 2499 1626 2570 καταφερομένων
1682 2499 1889 2571 γαλήνη

307 2590 526 2660 γίνεται
559 2590 652 2642 zeal
685 2588 854 2651 εὐδία,
882 2588 974 2642 zeal
1007 2588 1067 2642 τὸ
1096 2591 1160 2641 ἐκ
1185 2587 1293 2640 τῶν
1324 2588 1732 2659 ἁμαρτημάτων
1759 2589 1894 2658 ἀφα-

311 2680 522 2745 νίζεται
552 2679 761 2742 σκότος.
800 2679 910 2731 Kal
937 2678 1127 2748 ὥσπερ
1155 2677 1214 2742 ἐξ
1236 2677 1425 2741 ὓδατος
1446 2679 1537 2731 zeal
1560 2677 1890 2748 πνεύματος,

311 2771 490 2834 οὕτως
511 2771 620 2823 ἀπὸ
647 2768 898 2840 δακρύων
925 2771 1020 2822 καὶ
1043 2770 1484 2840 ἐξομολογήσεως
1519 2769 1892 2839 καθαιρόμεθα

313 2863 504 2926 πάλιν,
534 2861 600 2915 ἂν
631 2861 706 2932 μὴ
731 2861 863 2932 πρὸς
887 2860 1142 2924 ἐπίδειξιν
1169 2860 1328 2914 τοῦτο
1356 2861 1598 2932 ποιῶμεν
1633 2863 1727 2914 zeal
1758 2863 1892 2932 πρὸς

312 2953 649 3026 φιλοτιμίαν.
687 2953 798 3023 Τὴν
842 2955 950 3022 γάρ
979 2950 1126 3004 οὓτω
1150 2951 1490 3023 δακρύουσαν
1536 2953 1635 3024 τῆς
1677 2952 1886 3005 καλλω-

313 3043 618 3114 πιζομένης
652 3041 748 3095 zeal
764 3043 806 3074 °’
827 3042 1166 3110 ὑπογραφαίς
1195 3043 1289 3095 zeal
1308 3042 1672 3112 ἐπιτρίμμασι
1691 3042 1892 3112 μᾶλλον

309 3129 742 3202 κατηγορεῖσθαι
791 3129 958 3200 φαίην
1013 3130 1079 3184 ἂν
1128 3127 1268 3184 εἶναι
1308 3131 1532 3186 δίκαιον.
1591 3131 1732 3200 Ἐγὼ
1783 3133 1891 3204 γάρ

309 3224 499 3278 ἐκεῖνα
535 3221 682 3292 ζητῶ
711 3221 782 3274 τά
815 3221 1022 3293 δάκρυα
1053 3224 1120 3275 τά
1161 3225 1234 3293 μὴ
1261 3223 1397 3292 πρὸς
1427 3223 1684 3287 ἐπίδειξιν
1705 3264 1718 3283 ,
1756 3223 1891 3276 ἀλλὰ

312 3313 460 3385 πρὸς
495 3310 790 3376 κατάνυξιν
838 3312 1130 3382 γινόμενα⁶
1171 3314 1239 3366 τά
1294 3313 1469 3384 λάθρα
1521 3315 1616 3367 καὶ⁵
1670 3315 1729 3366 ἐν
1779 3315 1890 3376 τοῖς

311 3404 613 3477 ταμιείοις,
661 3404 756 3457 zeal
812 3404 1038 3475 μηδενὸς
1093 3404 1350 3482 δρῶντος,
1404 3405 1520 3458 ἀλλ’
1563 3405 1749 3477 ἡρέμα
1798 3406 1892 3459 zeal

309 3496 558 3569 ἀψοφητὶ
582 3495 843 3559 στάζοντα
861 3513 874 3528 ο
903 3495 972 3548 τά
996 3487 1102 3550 ἀπὸ
1133 3496 1327 3565 βάθους
1350 3495 1604 3559 διανοίας,
1639 3496 1707 3549 τά
1733 3498 1791 3549 ἐν
1814 3496 1891 3566 τῷ

313 3587 596 3643 θλίϐεσθαι
625 3587 718 3640 zeal
743 3587 1049 3654 ὀδυνᾶσθαι,
1077 3589 1145 3640 τά
1169 3587 1258 3641 διά
1286 3588 1375 3641 τὸν
1401 3589 1531 3641 Θεὸν
1558 3589 1714 3659 μόνον
1747 3589 1892 3657 γινὸ-

312 3697 483 3752 μενοι,
514 3673 604 3731 οἷα
621 3677 689 3734 τά
720 3677 820 3747 τῆς
855 3679 1051 3748 ’Δννης
1080 3672 1148 3748 ἦν
1167 3693 1182 3708 ·
1229 3678 1304 3731 Τὰ
1332 3678 1444 3746 γὰρ
1475 3679 1648 3747 χείλη
1679 3677 1888 3746 αὐτῆς,

311 3772 507 3842 φησὶν,
535 3768 807 3834 ἐκινεῖτο,
841 3768 939 3822 καὶ
973 3769 1011 3837 ή
1039 3766 1208 3838 φωνὴ
1238 3767 1428 3837 αὐτῆς
1468 3771 1579 3824 οὐκ
1611 3769 1886 3838 ἠκούετο.

305 3873 479 3928 Ἀλλὰ
501 3874 570 3928 τὰ
595 3873 806 3945 δάκρυα
837 3875 972 3945 μόνα
1001 3875 1298 3945 σάλπιγγος
1322 3876 1702 3948 λαμπροτέραν
1727 3876 1875 3947 ἡφίει

292 3968 510 4037 φωνήν.
557 3966 660 4018 Διά
703 3963 768 4036 δὴ
813 3965 973 4018 τοῦτο
1019 3968 1112 4020 zeal
1147 3968 1246 4037 τὴν
1301 3968 1514 4038 μήτραν
1565 3967 1800 4036 ἀνέῳξεν
1850 3968 1879 4020 0

291 4055 454 4120 Θεὸς,
513 4054 610 4107 zeal
657 4054 757 4126 τὴν
807 4055 1048 4127 σκληρὰν
1115 4056 1321 4128 πέτραν
1370 4057 1584 4130 ἁπαλὴν
1637 4058 1876 4128 ἄρουραν

290 4146 618 4216 είργάσατο.

364 4235 442 4301 ς’.
456 4238 558 4290 Ἂν
573 4233 716 4288 οὐτω
733 4234 827 4289 zeal
842 4235 1004 4299 αὐτὸς
1021 4235 1228 4307 δακρύῃ
1236 4253 1280 4302 ς,
1306 4237 1547 4308 μιμητὴς
1567 4235 1662 4291 τοῦ
1683 4235 1880 4289 Δεσπό-

288 4343 390 4380 του
431 4344 530 4380 σου
557 4326 809 4395 γέγονας.
843 4327 955 4380 Kal
982 4325 1092 4396 γὰρ
1126 4327 1221 4380 zeal
1264 4327 1424 4391 αὐτὸς
1458 4327 1744 4398 ἐδάκρυσε,
1783 4327 1879 4380 zeal

289 4417 386 4470 ἐπὶ
427 4416 683 4488 Λαζάρου
715 4418 810 4471 zeal
837 4418 930 4470 ἐπὶ
951 4418 1049 4489 τῆς
1076 4418 1306 4482 πόλεως,
1329 4421 1423 4472 zeal
1459 4419 1551 4473 ἐπὶ⁹
1581 4419 1674 4472 τοῦ
1709 4417 1877 4472 Ἰούδα

284 4509 649 4581 διεταράχθη.
675 4510 784 4562 Kal
811 4508 968 4562 τοῦτο
990 4509 1089 4581 μὲν
1121 4510 1375 4574 πολλάκις
1402 4510 1546 4566 ἐστιν
1576 4509 1702 4564 ίδεῖν
1719 4508 1879 4563 αὐτὸν

287 4599 580 4664 ποιοῦντα,
610 4600 852 4668 γελῶντα
875 4600 931 4654 δέ
962 4600 1199 4671 οὐδαμοῦ
1224 4618 1238 4631 ’
1273 4601 1386 4656 ἀλλ’
1433 4602 1554 4656 οὐδὲ
1587 4601 1878 4673 μειδιῶντα

280 4693 513 4762 ἠρέμα·
549 4691 746 4744 οὐκοῦν
784 4692 895 4744 τῶν
937 4693 1338 4760 εὐαγγελιστῶν
1377 4693 1549 4756 οὐδεὶς
1575 4695 1622 4725 ⁸³
1661 4694 1874 4763 εἴρηκε.

283 4785 386 4838 Διά
413 4782 581 4836 τοῦτο
599 4783 692 4835 zeal
712 4781 944 4846 Παῦλος,
970 4783 1052 4836 ὄτι
1073 4783 1171 4854 μὲν
1198 4783 1484 4854 ἐδάκρυσε,
1518 4785 1610 4838 zeal
1634 4783 1877 4854 τριετίαν

285 4873 466 4927 νύκτα
502 4871 599 4925 zeal
631 4871 844 4942 ἡμέραν
870 4871 1028 4924 τοῦτο
1057 4872 1249 4933 ἐποίει,
1285 4876 1380 4926 zeal
1409 4874 1571 4937 αὐτὸς
1598 4875 1725 4945 περὶ
1758 4876 1878 4926 ἐαυ-

282 4961 404 5022 τοῦ.
442 4960 547 5014 zeal
577 4961 754 5030 ἐτεροι
786 4962 915 5032 περὶ
966 4962 1126 5015 αὐτοῦ
1177 4963 1335 5017 τοῦτο
1380 4964 1657 5032 λέγουσιν·
1706 4965 1788 5016 ὅτι
1818 4964 1876 5017 δὲ

281 5055 585 5123 ἐγέλασεν,
615 5054 852 5124 οὐδαμοῦ
875 5055 996 5109 οὐτε
1039 5056 1202 5120 αὐτὸς
1235 5057 1476 5128 εἴρηκεν.
1507 5056 1630 5110 οὐτε
1653 5057 1696 5088 ⁸³
1720 5056 1877 5121 ἄλλος

277 5145 406 5199 οὐδὲ
454 5142 544 5208 εἷς
574 5146 682 5199 τῶν
715 5147 906 5215 ἁγίων,
956 5147 1080 5201 οὐτε
1113 5149 1241 5221 περὶ
1289 5147 1481 5202 ἐαυτοῦ
1507 5188 1522 5210 ,
1582 5147 1706 5200 οὐτε
1749 5150 1878 5219 περὶ

275 5236 482 5308 ἐτέρου
538 5238 682 5299 τινὸς
736 5238 978 5292 τοιούτου
1016 5256 1030 5269 ο
1079 5238 1190 5310 [97]
1230 5239 1365 5292 ἀλλά
1405 5242 1451 5277 ’δ
1497 5240 1623 5310 περὶ
1658 5240 1877 5310 Σάρρας

279 5329 463 5400 μόνης
498 5327 662 5382 τοῦτο
686 5327 922 5400 εἴρηται,
943 5329 1107 5400 ἡνίκα
1133 5328 1438 5400 ἐπετιμήθη
1458 5345 1472 5358 ·
1503 5328 1597 5382 zeal
1625 5329 1754 5400 περὶ
1779 5326 1875 5382 τοῦ

273 5419 402 5474 υίοῦ
434 5419 594 5481 Νῶε,
640 5421 730 5474 ὅτε
786 5423 905 5474 ἀντ’
938 5421 1222 5490 ἐλευθέρου
1268 5420 1454 5483 δοῦλος
1503 5421 1713 5488 γέγονε.
1767 5421 1878 5474 Kal

267 5511 460 5564 ταῦτα
504 5510 674 5580 λέγω,
699 5511 760 5564 οὐ
784 5509 877 5563 τὸν
908 5509 1120 5578 γέλωτα
1149 5511 1450 5575 ἐκκόπτων,
1477 5510 1614 5564 άλλά
1633 5511 1730 5581 τὴν
1755 5510 1875 5564 διάο

272 5617 443 5669 χυσιν
495 5600 764 5668 ἀναιρῶν.
798 5601 956 5665 Τίνος
991 5600 1099 5672 γάρ
1121 5599 1325 5667 ἕνεκεν,
1349 5600 1470 5654 είπέ
1513 5619 1623 5672 μοι,
1653 5601 1872 5675 θρύπτῃ

352 5713 408 5747 ³·
433 5707 606 5784 Θςῆς]
633 5711 882 5784 Χριστάς,
916 5710 1028 5784 ᾼη-
1056 5710 1203 5784 lieno.
1222 5781 1239 5784 _
1267 5713 1313 5744 "
1344 5707 1554 5784 ᾁγίουξ]
1575 5710 1880 5784 δάι’-,είδτεῦ

2179 5710 2309 5784 '730]
2327 5712 2420 5784 zeal
2441 5713 2624 5784 ἰίίίᾱειη.
2698 5714 2746 5746 ³⁹
2779 5711 3031 5784 ἕκαστος]
3052 5711 3224 5784 αᾱθρὴ

2008 410 2101 463 zeal
2129 412 2420 484 διαρῤέεις,
2448 416 2732 480 τοσαύταις
2758 419 3006 484 εὐθύναις
3023 421 3204 494 ἔνοχος
3234 425 3309 479 ὣν
3335 427 3435 494 ἔτι,
3477 433 3571 484 zeal

2006 499 2222 573 φοϐερῷ
2257 504 2465 573 μέλλων
2510 509 2955 579 παραστήσεσθαι
2983 514 3028 545 ⁸⁵
3074 515 3426 590 δικαστηρίῳ.
3479 520 3575 572 zeal

2008 590 2222 645 πάντων
2249 596 2506 666 παρέχειν
2535 598 2690 667 λόγον
2718 602 2856 670 μετά
2879 604 3161 674 ἀκριϐείας
3190 609 3298 661 τών
3338 611 3572 664 ἐνταῦθα

2003 684 2416 753 γεγενημένων;
2451 690 2558 742 Kal
2589 692 2697 762 γάρ
2721 687 2795 747 ὧν
2820 696 3035 761 ἑκόντες
3056 699 3150 752 καὶ
3179 694 3252 753 ὧν
3273 703 3319 733 ⁸⁸
3345 702 3572 766 ἄκοντες

2001 770 2339 843 ἡμάρτομεν,
2371 776 2612 847 δώσομεν
2641 780 2794 848 λόγον
2812 799 2825 811 °
2873 787 2968 851 Ὃς
2994 785 3104 854 γὰρ
3129 787 3204 842 ἂν
3233 789 3572 858 ἀρνήσηταί

1992 875 2098 931 με,
2163 863 2327 934 φησὶν
2349 903 2363 928 ,
2437 866 2778 936 ἔμπροσθεν
2829 871 2948 927 τῶν
2997 876 3322 945 ἀνθρώπων
3347 919 3362 944 ,
3407 877 3569 949 κάγὼ

1999 962 2334 1032 ἀρνήσομαι
2378 966 2564 1018 αὐτὸν
2592 966 2930 1036 ἔμπροσθεν
2956 971 3062 1023 τοῦ
3111 975 3335 1040 Πατρός
3355 991 3495 1041 μου.
3521 975 3564 1004 ⁸⁷

2000 1051 2257 1121 Καίτοιγε
2283 1054 2533 1119 ἀκούσιος
2565 1057 2598 1126 ἡ
2637 1055 2860 1126 τοιαύτη
2907 1059 3154 1129 ἄρνησις,
3183 1061 3296 1114 ἀλλ’
3325 1063 3474 1132 ὅμως
3504 1064 3570 1116 οὐ

1998 1141 2278 1211 διαφεύγει
2325 1145 2426 1215 τὴν
2475 1145 2733 1210 κόλασιν,
2767 1147 2903 1202 ἀλλά
2941 1148 3034 1200 zeal
3079 1149 3278 1221 ταύτης
3318 1152 3568 1223 διδόαμεν

1999 1231 2226 1296 εὐθύνας
2245 1251 2259 1267 ·
2295 1235 2388 1287 zeal
2404 1228 2478 1288 ὧν
2511 1235 2690 1305 ἴσμεν,
2720 1237 2814 1289 zeal
2846 1230 2922 1289 ὧν
2950 1237 2998 1268 ⁸⁸
3024 1237 3122 1290 οὐκ
3146 1237 3306 1307 ἴσμεν
3327 1255 3341 1268 ·
3375 1239 3569 1292 Οὐδὲν

1999 1322 2110 1390 γὰρ
2143 1321 2377 1391 ἐμαυτῷ
2423 1324 2690 1387 σύνοιδα,
2725 1325 2912 1395 φησὶν,
2954 1326 3092 1380 ἀλλ’
3121 1327 3233 1380 σὺκ
3279 1327 3350 1380 ὲν
3377 1329 3570 1395 τούτῳ

1997 1410 2394 1482 δεδικαίωμαι.
2434 1413 2544 1467 Kal
2573 1407 2649 1467 ὧν
2678 1415 2816 1467 κατὰ
2844 1416 3085 1483 άγνοιαν,
3115 1416 3210 1470 zeal
3243 1412 3318 1470 ὧν
3347 1417 3396 1451 ⁶⁹
3424 1418 3566 1471 κατά

1996 1503 2232 1572 γνῶσινο
2265 1504 2554 1573 Μαρτυρῶ
2586 1507 2695 1575 γὰρ
2751 1507 2974 1573 αὐτοῖς,
3025 1508 3224 1577 φησιν,
3263 1507 3350 1562 ὅτι
3383 1507 3568 1576 ζῆλον

2002 1595 2153 1649 Θεοῦ
2179 1595 2450 1666 ἔχουσιν,
2473 1597 2609 1650 ἀλλ’
2647 1598 2718 1650 οὐ
2739 1597 2865 1650 κατ’
2883 1597 3210 1666 ἐπίγνωσιν
3227 1614 3241 1629 ·
3274 1599 3387 1651 ἀλλ’
3416 1600 3566 1668 ὅμως

1995 1687 2094 1740 οὐκ
2109 1688 2272 1758 ἀρκεῖ
2287 1687 2442 1740 τοῦτο
2474 1687 2554 1750 εἰς
2580 1687 2871 1756 ἀπολογίαν
2896 1688 3098 1751 αὐτοῖς.
3123 1690 3231 1741 Kal
3259 1689 3564 1760 Κορινθίοις

1994 1776 2051 1829 δὲ
2091 1776 2418 1831 ἐπιστέλλων
2451 1776 2603 1844 ἔλεγε
2628 1795 2641 1808 ·
2676 1778 2968 1846 Φοϐοῦμαι
2999 1777 3207 1846 μήπως
3238 1779 3319 1843 ὡς
3347 1782 3381 1832 ὁ
3429 1779 3567 1847 ὄφις

1992 1863 2376 1933 ἐξηπάτησεν
2406 1866 2574 1919 Εὔαν
2607 1865 2677 1918 ἐν
2704 1863 2779 1934 τῇ
2816 1867 3144 1934 πανουργίᾳ
3174 1867 3380 1928 αὐτοῦ,
3411 1866 3568 1920 οὕτω

1990 1952 2188 2023 φθαρῇ
2215 1955 2286 2008 τὰ
2309 1952 2578 2022 νοήματα
2609 1953 2774 2023 ὑμῶν
2805 1954 2922 2008 ἀπὸ
2951 1953 3062 2021 τῆς
3088 1954 3428 2020 ἁπλότητος
3452 1953 3563 2022 τῆς

1989 2045 2076 2110 είς
2119 2045 2225 2098 τὸν
2260 2045 2540 2112 Χριστόν.
2597 2043 2877 2098 Τοσούτων
2908 2045 3086 2098 τοίνυν
3121 2044 3327 2114 μέλλων
3363 2045 3567 2098 διδόναι

1991 2137 2238 2202 εὐθύνας,
2268 2138 2408 2208 κάθῃ
2442 2136 2636 2206 γελῶν,
2667 2137 2761 2190 zeal
2805 2138 2994 2191 ἀστεῖα
3024 2135 3218 2205 λέγων,
3261 2137 3354 2190 zeal
3381 2141 3562 2209 τρυφῇ

1994 2231 2304 2302 προσέχων;
2337 2230 2437 2282 “Av
2473 2228 2582 2299 γὰρ
2623 2227 2697 2299 μὴ
2724 2227 2896 2281 ταῦτα
2925 2228 3155 2299 ποιήσω,
3189 2228 3378 2298 φησὶν,
3420 2228 3562 2282 άλλά

1989 2321 2263 2392 πενθήσω,
2291 2319 2345 2373 τί
2371 2320 2430 2374 τὸ
2457 2319 2678 2388 δφελος;
2708 2317 2977 2386 Μέγιστον
3012 2318 3108 2388 μὲν
3137 2314 3229 2370 οὐν
3253 2355 3270 2381 ,
3309 2319 3403 2371 zeal
3431 2334 3560 2370 τοσ-

1985 2410 2142 2465 οῦτον
2205 2411 2328 2464 ὅσον
2389 2409 2508 2464 οὐδὲ
2579 2409 2658 2480 τῷ
2707 2407 2851 2479 λόγῳ
2911 2410 3258 2479 παραστῆσαι
3315 2407 3556 2462 δυνατόν.

1998 2499 2123 2552 Ἐπὶ
2149 2499 2246 2570 μὲν
2284 2499 2392 2569 γὰρ
2415 2497 2520 2551 τῶν
2543 2497 2740 2563 ἔξωθεν
2765 2497 3151 2568 δικαστηρίων,
3203 2497 3304 2549 ὅσα
3353 2495 3420 2550 ἂν
3462 2497 3558 2549 δα-

1985 2591 2214 2664 κρύσῃς,
2251 2591 2352 2643 οὐκ
2402 2589 2640 2662 ἐκφεύξῃ
2667 2589 2766 2659 τὴν
2816 2588 3038 2642 κόλασιν
3082 2587 3218 2658 μετά
3268 2588 3368 2658 τὴν
3418 2589 3556 2641 ἀπό-

1986 2700 2149 2753 φασιν
2176 2700 2189 2714 ο
2219 2681 2451 2735 ἐνταῦθα
2478 2680 2553 2744 δὲ,
2586 2682 2651 2733 ἂν
2692 2679 3000 2751 στυγνάσῃς
3034 2679 3213 2748 μόνον,
3241 2678 3436 2742 ἔλυσας
3455 2680 3555 2749 τὴν

1983 2775 2184 2845 ψῆφον,
2215 2775 2306 2828 zeal
2338 2769 2663 2842 συγγνώμης
2722 2771 2835 2843 [98]
2881 2771 3208 2832 άπέλαυσας.
3261 2769 3359 2822 Διὰ
3398 2769 3556 2823 τοῦτο

1989 2865 2160 2919 πολλά
2192 2865 2320 2936 περὶ
2353 2864 2582 2926 πένθους
2612 2863 2742 2934 ἡμῖν
2779 2864 2808 2916 0
2844 2861 3074 2933 Χριστὸς
3103 2859 3424 2926 διαλέγεται,
3456 2860 3552 2913 zeal

1987 2956 2278 3029 μακαρίζει
2331 2955 2456 3020 τούς
2514 2953 2886 3017 πενθούντας,
2949 2951 3044 3006 zeal
3099 2949 3371 3014 ταλανίζει
3421 2950 3551 3014 τοὺς

1982 3046 2274 3116 γελῶντας.
2306 3045 2380 3099 Οὐ
2407 3045 2517 3116 γάρ
2561 3045 2676 3098 ἐστι
2706 3044 2767 3096 τὸ
2807 3042 3031 3114 θέατρον
3080 3040 3236 3094 τούτο
3290 3040 3550 3109 γέλωτος.

1980 3137 2100 3192 οὐδέ
2120 3137 2208 3191 διὰ
2238 3137 2395 3189 τοῦτο
2421 3135 2773 3206 συνήλθομεν,
2805 3134 2890 3186 ἵνα
2915 3131 3404 3201 άνακαγχάζωμεν,
3435 3129 3550 3183 ἀλλ’

1983 3227 2071 3284 ἴνα
2105 3225 2448 3298 στενάζωμεν
2472 3226 2543 3293 ⁷⁸,
2578 3226 2672 3280 zeal
2697 3224 2974 3293 βασιλείαν
3022 3224 3088 3276 ἐκ
3113 3222 3208 3275 τοῦ
3247 3219 3549 3290 στεναγμοῦ

1971 3316 2160 3368 τούτου
2208 3317 2723 3387 κληρονομήσωμεν.
2768 3315 2838 3366 Σὺ
2890 3313 2947 3365 δὲ
2999 3313 3210 3382 βασιλεῖ
3260 3315 3360 3385 μὲν
3407 3333 3548 3386 παρο

1972 3403 2165 3468 εστὼς,
2183 3406 2303 3458 οὐδέ
2333 3405 2518 3469 ἁπλῶς
2550 3405 2825 3474 μειδιᾶσαι
2851 3403 3037 3473 ἀνέχῃο
3067 3404 3158 3456 τὸν
3182 3403 3236 3457 δέ
3265 3403 3549 3472 τῶνάγγέο

1971 3495 2078 3548 λων
2109 3496 2382 3566 Δεσπότην
2411 3495 2547 3565 ἔχων
2575 3495 2778 3548 ἐνοικον
2810 3494 2908 3564 οὐχ
2928 3494 3162 3565 ἕστηκας
3188 3495 3325 3565 μετά
3344 3496 3547 3566 τρόμου

1972 3586 2068 3640 zeal
2113 3586 2157 3617 τί
2199 3585 2549 3658 σωφροσύνης
2599 3585 2700 3654 τῆς
2747 3583 3150 3658 προσηκούσης,
3187 3584 3321 3638 ἀλλὰ
3358 3585 3545 3655 γελᾷς,

1972 3676 2138 3730 αὐτοῦ
2177 3675 2433 3738 πολλάκις
2469 3674 2856 3747 ὀργιζομένου;
2880 3675 2972 3727 zeal
2993 3675 3092 3728 οὐκ
3112 3677 3312 3739 ἐννοεῖς
3337 3677 3419 3728 ὅτι
3437 3677 3550 3730 τῶν

1973 3768 2382 3839 ἁμαρτημάτων
2404 3767 2576 3838 ταύτῃ
2614 3766 2875 3836 μειζόνως
2894 3766 3219 3838 παροξύνεις
3246 3768 3442 3832 αὐτόν;
3468 3767 3548 3823 Οὐ

1972 3861 2082 3931 γὰρ
2131 3860 2275 3914 οὐτω
2323 3860 2450 3924 τοὺς
2499 3857 2934 3929 ἁμαρτάνοντας,
2981 3857 3056 3922 ώς
3106 3859 3230 3921 τοὺς
3282 3857 3422 3926 μετά
3451 3856 3552 3928 τὴν

1973 3952 2246 4022 ἁμαρτίαν
2278 3950 2352 4021 μή
2374 3948 2825 4019 συστελλομένους
2851 3947 3284 4017 ἀποστρέφεσθαι
3308 3946 3495 3998 εἴωθεν
3522 3948 3552 3999 0

1973 4043 2124 4106 Θεός.
2162 4042 2300 4094 Ἀλλ’
2333 4043 2481 4110 ὅμως
2503 4039 2675 4101 οὕτως
2703 4039 2840 4090 εἰσὶν
2869 4036 3208 4107 ἀναισθήτως
3239 4037 3384 4098 τινὲς
3431 4035 3552 4088 δια-

1975 4135 2240 4202 κείμενοι,
2268 4132 2344 4194 ώς
2367 4132 2461 4184 zeal
2497 4130 2636 4199 μετά
2659 4127 2833 4181 ταῦτα
2857 4127 2926 4182 τά
2953 4128 3176 4198 ῥήματα
3195 4127 3402 4194 λέγειν·
3424 4127 3552 4196 ἐμοὶ

1973 4227 2031 4280 δὲ
2064 4226 2138 4296 μὴ
2169 4223 2377 4291 γένοιτο
2423 4219 2687 4291 δακρῦσαί
2737 4236 2903 4283 ποτε,
2946 4218 3084 4272 ἀλλά
3115 4218 3226 4289 δῴη
3261 4234 3350 4289 μοι
3382 4218 3550 4288 γελᾷν

1976 4317 2071 4370 zeal
2097 4313 2311 4378 παίζειν
2334 4315 2364 4367 0
2389 4311 2523 4375 Θεὸς
2553 4312 2728 4365 πάντα
2754 4312 2846 4365 τὸν
2874 4309 3084 4381 χρόνον.
3118 4311 3228 4364 Kal
3257 4309 3310 4362 τί
3341 4308 3550 4380 ταύτης

1975 4410 2074 4477 τῆς
2103 4404 2340 4468 διανοίας
2368 4401 2758 4474 παιδικώτερον
2786 4402 2980 4471 γένοιτ’
3010 4403 3106 4468 av;
3147 4404 3208 4456 οὐ
3241 4403 3350 4474 γάρ
3369 4406 3398 4457 0
3421 4402 3552 4471 Θεὸς

1977 4497 2159 4551 δίδωσι
2216 4494 2451 4560 παίζειν,
2501 4494 2614 4549 ἀλλ’
2642 4497 2670 4548 0
2707 4494 2970 4559 διάϐολος.
3009 4496 3272 4549 ’Ἄκουσον
3319 4493 3469 4564 γοῦν,
3502 4495 3553 4549 οἱ

1977 4590 2262 4654 παίζοντες
2309 4587 2363 4641 τί
2421 4587 2654 4640 ἔπαθον·
2707 4587 3016 4651 Ἐκάθισε,
3075 4587 3259 4657 φησὶν,
3289 4590 3345 4640 ηδ
3402 4587 3554 4652 λαὸς

1977 4680 2191 4749 φαγεῖν
2221 4679 2318 4735 καὶ
2341 4677 2518 4741 πιεῖν,
2553 4676 2653 4732 καὶ
2678 4676 3029 4744 ἀνέστησαν
3048 4676 3293 4737 παίζειν.
3311 4675 3554 4730 Τοιοῦτοι

1975 4767 2114 4844 ἦσαν
2152 4773 2200 4825 οί
2242 4772 2298 4824 ἐν
2327 4770 2599 4842 Σοδόμοις,
2645 4767 2877 4822 τοιοῦτοι
2925 4770 2975 4821 οί
3030 4768 3124 4822 ἐπὶ
3153 4767 3248 4821 τοῦ
3277 4766 3554 4821 κατακλυο

1980 4864 2138 4935 σμοῦ.
2195 4863 2304 4917 Kal
2345 4863 2454 4935 γάρ
2501 4863 2596 4915 zeal
2650 4861 2780 4930 περὶ
2822 4861 3046 4914 ἐκείνων
3095 4861 3278 4931 φησὶν,
3306 4861 3436 4914 Ὀτι
3485 4859 3557 4913 ἐν

1980 4956 2377 5024 ὑπερηφανίᾳ,
2409 4953 2508 5008 καὶ
2537 4953 2606 5006 ἐν
2637 4953 2963 5018 εὐθηνίαις,
2996 4950 3092 5005 καὶ
3125 4951 3195 5005 ἐν
3230 4948 3557 5022 πλησμονῇ

1981 5047 2175 5116 ἄρτων
2208 5045 2584 5099 ἐσπατάλων.
2617 5043 2725 5096 Kal
2757 5043 2804 5095 οἱ
2832 5044 2972 5097 κατά
3012 5041 3103 5096 τὸν
3128 5042 3252 5097 Νῶε
3286 5043 3436 5107 ὄντες
3461 5041 3558 5112 τὴν

1985 5139 2216 5194 κιϐωτὸν
2243 5137 2337 5190 ἐπὶ
2364 5136 2638 5198 τοσούτοις
2658 5136 2704 5166 ⁶¹²
2734 5134 2965 5205 ὁρῶντες
3010 5133 3558 5205 κατασκευαζομένην

1987 5228 2509 5298 ἔτεσιν,ἁναλγήτως
2531 5225 2899 5295 εὐφραίνοντο,
2933 5226 3098 5298 μηδὲν
3120 5225 3230 5280 τῶν
3257 5225 3558 5296 μελλόντων

1991 5317 2384 5390 προορώμενοι.
2421 5316 2517 5368 Διὰ
2566 5313 2723 5369 τοῦτο
2777 5316 2870 5368 zeal
2913 5316 3117 5380 πάντας
3161 5315 3356 5378 αὐτοὺς
3402 5313 3560 5366 ἐπελ-

1985 5408 2094 5462 θὼν
2135 5408 2442 5478 παρέσυρεν
2490 5409 2518 5460 0
2562 5407 2962 5479 κατακλυσμὸς,
3000 5407 3093 5460 zeal
3129 5407 3195 5460 τὸ
3237 5405 3415 5458 κοινὸν
3460 5402 3560 5472 τῆς

1984 5500 2306 5570 οἰκουμένης
2333 5499 2588 5567 ναυάγιον
2618 5500 2739 5553 τότε
2771 5499 3086 5572 εἰργάσατο.

2059 5591 2125 5657 ζ’.
2164 5589 2257 5662 Μὴ
2281 5591 2460 5644 τοίνυν
2486 5591 2628 5644 αἴτει
2656 5590 2806 5661 παρά
2832 5589 2928 5643 τοῦ
2955 5586 3092 5642 Θεοῦ
3116 5585 3310 5650 ταῦτα,
3341 5583 3380 5638 ἃ
3410 5581 3561 5655 παρά

3232 5711 3348 5780 μῶν
3369 5711 3556 5772 iidem.

274 5785 323 5818 ‘°
358 5779 592 5850 ἀγαθὰ]
621 5779 697 5834 τά
712 5781 891 5851 ἀγαθά
915 5780 978 5851 D.
1045 5783 1096 5851 f‘
1123 5781 1242 5851 zeal]
1261 5786 1318 5838 ἐν
1343 5779 1468 5836 saw.
1494 5779 1622 5851 Bén.
1676 5781 1885 5851 3000:

1983 5781 2139 5836 τοῦτο
2161 5779 2335 5844 οὐδεῖς
2362 5782 2425 5837 1).
2450 5783 2510 5836 Ε.
2527 5784 2703 5846 οὐδεὶς
2724 5782 2881 5851 τοῦτο
2909 5781 2969 5836 F.
3014 5779 3028 5782 ⁷
3046 5781 3092 5812 ⁸³
3115 5779 3265 5851 οὐτεί
3287 5781 3420 5838 Edd.
3441 5783 3561 5839 οὐδὲ

273 5864 331 5909 (δι
363 5848 505 5908 mox
526 5848 675 5923 ’περὶ
697 5850 862 5923 αὐτοῦ
890 5850 1021 5923 (hac
1038 5849 1123 5923 .)
1145 5848 1487 5923 vid._Adnot.
1564 5849 1610 5882 ⁶¹⁶
1637 5848 1798 5923 ἀλλά]
1824 5851 1936 5903 ἀλλ’
1954 5848 1996 5922 ’ἦ

1666 5925 1709 5956 ⁶⁹
1739 5917 1814 5976 ὧν
1847 5937 1887 5973 01

1986 5917 2052 5975 Ἀ.
2081 5925 2138 5975 Β.
2175 5923 2231 5977 C.
2269 5917 2374 5994 DIV
2430 5924 2476 5953 7°
2518 5920 2858 5994 στενάξωμεν
2891 5921 2948 5975 Β.
2976 5921 3038 5976 C.
3115 5923 3158 5955 ⁷¹
3197 5917 3559 5994 μετὰγτρόμου

1747 5995 1790 6026 τε
1825 5993 1912 6044 ἐπὶ
1949 5994 2234 6058 τοσούτοις.
2267 6033 2278 6047 .
2307 6034 2315 6044 .
2354 5991 2549 6062 ἔτεσιν]
2578 5993 2665 6044 ἐπὶ
2693 5977 2969 6047 τοσοῦτον.
2991 6033 3037 6049 ..
3067 5977 3253 6069 χρόνον
3284 5977 3420 6053 Εάιί.

274 5926 412 5978 add.
447 5918 557 5973 τοῦ
591 5917 647 5971 ἐν
674 5920 921 5990 οὐρανοῖς
953 5917 1113 5974 [Μαί
1189 5925 1230 5953 ⁸⁸
1255 5917 1329 5976 ὧν
1358 5939 1466 5978 om.
1502 5926 1563 5977 Α.

275 5993 398 6068 καὶ]
427 5989 662 6068 τρέμων
696 5990 789 6044 zeal
823 5991 956 6059 μετά
985 5992 1180 6063 τρόμου
1216 5993 1378 6070 [eam]
1412 5995 1574 6066 φόϐου
1608 5993 1669 6051 F.

2036 5851 2100 5906 Ρ.
2175 5853 2219 5885 ⁸⁸
2248 5853 2614 5922 παρίστασθαι
2644 5851 2704 5922 Ρ.
2772 5849 2816 5882 ⁸⁸
2844 5847 2920 5904 ὧν
2945 5847 3282 5922 om.A.B.C.
3312 5921 3315 5922 ν
3357 5853 3400 5884 ⁸⁷
3433 5851 3557 5922 μου]
