4058 6204
610 259 670 314 ἸΙ
1308 262 1366 319 S.
1402 261 1681 319 JOANNIS
1716 260 2185 318 CllRYSUSTOM!

2286 264 2550 322 RCIIIEP.
2590 260 3128 320 CONSTANTINOP.
3773 272 3837 328 72

612 370 709 424 τοῦ
739 368 988 423 διαϐόλου
1024 369 1342 439 λαμϐάνεις.
1370 371 1477 423 Τοῦ
1507 371 1617 441 γὰρ
1638 369 1796 434 Θεοῦ,
1829 369 2013 424 δοῦναι
2040 385 2176 439 καρ-

613 452 732 506 δίαν
750 454 1221 523 συντετριμμένην
1236 455 1330 506 καὶ
1354 454 1852 524 τεταπεινωμένην,
1877 455 2175 523 νήφουσαν,

616 534 1003 605 σωφρονοῦσαν
1046 537 1137 589 καὶ
1168 537 1633 607 κατεσταλμένην,
1683 536 2055 606 μετανοοῦσαν
2082 537 2180 589 καὶ

614 618 1115 687 κατανενυγμένην.
1150 620 1338 672 Ταῦτα
1379 621 1591 673 ἐκείνου
1648 620 1716 673 τὰ.
1757 620 1908 690 δῶρα
1934 658 1949 682 ,
1993 620 2177 688 ἐπειδὴ

613 704 708 755 καὶ
739 702 926 756 τούτου
952 703 1081 769 ἡμῖν
1122 702 1282 771 χρεία
1318 702 1432 773 [99]
1467 702 1728 773 μάλιστα.
1762 703 1875 755 Καὶ
1896 702 2005 772 γὰρ
2028 702 2177 770 ἀγὼν

613 786 881 852 ἐφέστηκε
905 783 1162 851 χαλεπὸς,
1182 784 1278 836 καὶ
1300 784 1437 854 πρὸς
1457 786 1557 847 τὰς
1586 786 1852 855 ἀοράτους
1873 786 2006 855 ἡμῖν
2028 784 2180 836 δυνά-

615 887 738 938 μεις
778 872 809 937 ή
843 868 1010 934 πάλη,
1048 869 1185 936 πρὸς
1228 868 1295 921 τὰ
1332 872 1684 939 πνευματικά
1715 871 1813 939 τῆς
1853 869 2117 939 πονηρίας
2142 872 2176 939 ἢ

615 955 783 1022 μάχη,
805 954 939 1025 πρὸς
964 953 1062 1017 τὰς
1082 952 1278 1023 ἀρχὰς,
1303 953 1439 1023 πρὸς
1462 954 1560 1012 τάς
1586 954 1836 1019 ἐξουσίας
1860 955 1887 1005 6
1914 954 2176 1021 πόλεμος·

612 1041 706 1092 καί
741 1038 1022 1108 ἀγαπητὸν
1059 1036 1459 1101 σπουδάζοντας
1488 1040 1637 1108 ἡμᾶς
1666 1039 1761 1090 καὶ
1789 1041 2057 1108 νήφοντας
2086 1038 2181 1090 καὶ

610 1121 1073 1191 διεγηγερμένους
1100 1159 1115 1183 ,
1155 1120 1453 1189 δυνηθῆναι
1502 1122 1602 1191 τὴν
1643 1121 1847 1191 ἀγρίαν
1896 1121 2113 1190 ἐκείνην
2133 1119 2180 1151 ⁷⁸

613 1205 869 1273 φάλαγγα
890 1206 1158 1271 ἐνεγκεῖν.
1178 1205 1276 1255 Ἂν
1299 1203 1354 1255 δέ
1375 1196 1622 1274 γελῶμεν
1647 1206 1741 1257 καλ⁵
1763 1204 2068 1273 παίζωμεν,
2085 1201 2181 1254 καὶ

610 1287 901 1349 διαπαντὸς
935 1286 1291 1355 ῥαθυμῶμεν,
1329 1288 1423 1338 καὶ
1464 1290 1570 1357 πρὸ
1616 1286 1720 1356 τῆς
1754 1285 2034 1357 συμϐολῆς
2077 1285 2182 1337 ὑπὸ

610 1371 711 1439 τῆς
756 1370 967 1432 οἰκείας
1019 1369 1481 1438 καταπεσούμεθα
1528 1369 1820 1439 ῥᾳθυμίας.
1876 1368 1955 1424 Οὐ
2003 1369 2181 1422 τοίνυν

612 1453 885 1523 ἡμέτερον
928 1452 988 1504 τὸ
1022 1453 1187 1523 γελᾷν
1242 1453 1508 1523 διηνεκῶς
1566 1454 1659 1505 καὶ
1691 1451 2031 1520 θρύπτεσθαι
2087 1450 2221 1513 καὶ,

612 1538 844 1605 τρυφᾷν,
877 1535 1016 1587 άλλά
1048 1535 1154 1587 τῶν
1201 1536 1294 1587 ἐπὶ
1346 1535 1575 1604 σκηνῆς,
1626 1536 1734 1587 τῶν
1774 1536 2182 1606 πορνευομένων

613 1623 905 1690 γυναικῶν,
938 1622 1047 1675 τῶν
1078 1624 1156 1684 εἰς
1183 1622 1343 1674 τοῦτο
1376 1621 1730 1692 ἐξυρημένων
1747 1622 1794 1651 ⁷⁸
1818 1620 2050 1692 ἀνδρῶν,
2074 1618 2184 1670 τῶν

614 1707 956 1776 παρασίτων,
987 1704 1097 1757 τῶν
1129 1703 1379 1767 κολάκων
1400 1722 1414 1736 ο
1453 1706 1515 1757 οὑ
1557 1705 1666 1756 τῶν
1697 1704 1789 1756 ἐπὶ
1834 1703 1925 1756 τὸν
1955 1703 2184 1773 ούρανδν

612 1788 989 1858 κεκλημένων,
1012 1788 1072 1840 ού
1101 1786 1210 1839 τῶν
1250 1789 1328 1849 είς
1353 1787 1453 1855 τὴν
1475 1786 1588 1838 ἀνω
1611 1786 1764 1839 πόλιν
1797 1786 2185 1857 ἐγγεγραμμέ-

615 1891 744 1931 νων,
773 1874 832 1925 οὑ
878 1872 987 1924 τῶν
1016 1870 1156 1924 ὅπλα
1199 1870 1578 1939 βασταζόντων
1627 1862 2015 1940 πνευματικά,
2047 1868 2185 1922 ἀλλὰ

574 1956 721 2025 κτῶν
753 1956 831 2025 τῷ
894 1954 1127 2024 διαϐόλῳ
1168 1953 1535 2023 τελουμένων.
1576 1952 1815 2015 Ἐκεῖνος
1857 1953 1967 2023 γάρ
2012 1953 2181 2015 ἐστιν,

612 2040 840 2099 ἐκεῖνος,
871 2039 898 2090 6
943 2037 1039 2090 καὶ
1074 2036 1270 2105 τέχνην
1297 2037 1356 2089 τὸ
1380 2036 1615 2105 πρᾶγμα
1646 2035 1910 2104 ποιήσας,
1942 2035 2029 2087 ἵνα
2058 2035 2185 2096 τοὺς

614 2118 953 2190 στρατιώτας
981 2120 1185 2192 ἐκλύσῃ
1203 2119 1248 2150 ⁷⁸
1267 2117 1363 2171 τοῦ
1393 2116 1656 2190 Χριστοῦ,
1686 2118 1784 2172 καὶ⁵
1819 2116 2184 2188 μαλακώτερα

612 2202 792 2257 αὐτῶν
821 2204 1021 2272 ποιήσῃ
1057 2205 1157 2272 τῆς
1200 2200 1515 2272 προθυμίας
1556 2200 1626 2255 τά
1655 2200 1845 2271 νεῦρα,
1888 2201 1987 2254 Διά
2026 2200 2185 2254 τοῦτο

614 2287 709 2340 καὶ
741 2285 946 2356 θέατρα
991 2284 1346 2355 ᾠκοδόμησεν
1388 2286 1447 2337 ἐν
1489 2286 1609 2346 ταῖς
1661 2284 1875 2347 πόλεσι,
1921 2284 2014 2338 καὶ
2058 2285 2184 2346 τοῦς

613 2369 1011 2438 γελωτοποιοὺς
1038 2368 1282 2431 ἐκείνους
1312 2369 1581 2439 ἀσκήσας,
1603 2369 1689 2423 διὰ
1709 2369 1807 2437 τῆς
1836 2369 2062 2422 ἐκείνων
2088 2368 2185 2420 λύ-

572 2450 575 2453 ’
619 2469 727 2523 μης
767 2452 909 2507 κατὰ
950 2454 1048 2520 τῆς
1085 2450 1296 2513 πόλεως
1337 2452 1557 2521 ἀπάσης
1591 2452 1680 2504 τὸν
1707 2450 1951 2505 τοιοῦτον
1987 2452 2185 2522 ἐνσκή-

614 2551 740 2588 πτει
752 2536 798 2566 ⁷⁸
811 2534 1017 2603 λοιμόν·
1040 2533 1076 2587 ἃ
1098 2532 1320 2602 φεύγειν
1335 2535 1363 2586 6
1377 2535 1584 2596 Παῦλος
1600 2535 1876 2600 ἐκέλευσε,
1889 2533 1988 2605 τὴν
2011 2552 2188 2606 μωρο-

613 2617 801 2686 λογίαν
832 2620 925 2670 καὶ
938 2618 1040 2686 τὴν
1063 2617 1426 2689 εὐτραπελίαν
1443 2616 1509 2681 ⁷⁷,
1530 2619 1701 2672 ταῦτα
1720 2618 1934 2674 διώκειν
1958 2619 2187 2673 ἀναπεί-

616 2701 747 2755 θων.
777 2703 887 2754 Καὶ
912 2701 972 2753 τὸ
1001 2700 1067 2771 δὴ
1096 2700 1481 2771 χαλεπώτερον
1512 2700 1716 2754 τούτων
1746 2704 1781 2771 ή
1825 2701 1920 2754 τοῦ
1950 2701 2189 2770 γέλωτός

615 2788 760 2837 ἐστιν
788 2784 1065 2846 ὑπόθεσις.
1089 2786 1257 2837 Ὅταν
1289 2786 1384 2854 μὲν
1408 2785 1518 2855 γὰρ
1544 2785 1863 2857 βλάσφημόν
1883 2803 1937 2838 τι
1961 2787 2187 2840 εἴπωσιν

615 2864 647 2932 ἢ
679 2862 903 2933 αἰσχρὸν
925 2863 975 2914 οῖ
1015 2865 1173 2931 μῖμοι
1198 2862 1306 2915 τῶν
1328 2864 1554 2930 γελοίων
1585 2862 1832 2921 ἐκείνων,
1852 2862 1975 2914 τότε
2004 2864 2189 2916 πολλοὶ

613 2952 723 3003 τῶν
752 2949 1126 3019 ἁνοητοτέρων
1175 2948 1373 3015 γελῶσι
1424 2949 1517 3000 καὶ
1550 2948 1865 3015 τέρπονται,
1922 2947 2063 3017 ὑπὲρ
2112 2941 2189 3000 ὧν

615 3034 814 3096 αὐτοὺς
842 3031 1083 3095 λιθάζειν
1108 3032 1296 3101 ἐχρῆν,
1338 3031 1477 3099 ὑπὲρ
1500 3028 1703 3081 τούτων
1728 3028 2069 3099 κροτοῦντες,
2094 3033 2189 3084 καὶ

616 3119 715 3188 τὴν
748 3117 977 3186 κάμινον
1006 3113 1102 3167 τοῦ
1136 3113 1308 3184 πυρὸς
1338 3113 1425 3165 διὰ
1456 3114 1555 3181 τῆς
1589 3111 1783 3181 ἡδονῆς
1816 3111 2020 3182 ταύτης
2050 3114 2189 3166 κατὰ

615 3203 715 3270 τῆς
744 3198 956 3253 ἑαυτῶν
1008 3196 1261 3258 ἕλκοντες
1290 3194 1554 3265 κεφαλῆς.
1589 3196 1654 3248 Οἱ
1691 3195 1798 3265 γὰρ
1840 3195 2188 3261 ἐπαινοῦντες

617 3283 744 3343 τοὺς
768 3280 945 3333 ταῦτα
970 3280 1015 3310 ⁷⁸
1036 3278 1313 3347 λέγοντας,
1339 3271 1484 3331 οῦτοι
1509 3278 1746 3348 μάλιστά
1775 3282 1911 3332 εἰσιν
1939 3281 1987 3331 οί
2013 3277 2190 3347 λέγειν

617 3362 1005 3425 ἀναπείθοντες
1026 3380 1041 3393 ·
1066 3361 1147 3414 διὸ
1173 3361 1268 3415 καὶ
1299 3362 1399 3431 τῆς
1427 3359 1708 3422 κολάσεως
1727 3362 1823 3432 τῆς
1858 3363 1951 3415 ἐπὶ
1978 3363 2190 3428 τούτοις

618 3449 880 3519 κειμένης
911 3447 1249 3517 δικαιότερον
1287 3446 1352 3501 ἂν
1382 3442 1491 3500 εἷεν
1512 3446 1558 3478 τ’
1588 3445 1904 3500 ὑπεύθυνοι.
1944 3445 2094 3519 [ίθθ]
2128 3450 2189 3503 Εἰ

616 3533 727 3602 γάρ
756 3531 946 3601 μηδεὶς
965 3526 1033 3601 ἦν
1061 3530 1089 3581 6
1113 3531 1183 3582 τά
1200 3529 1427 3584 τοιαῦτα
1449 3528 1741 3600 θεώμενος,
1761 3529 1868 3582 οὐδ’
1898 3530 1964 3585 ἀν
1994 3533 2021 3584 ό
2043 3534 2190 3599 ἀγω-

617 3616 897 3684 νιζόμενος
929 3610 997 3685 ἦν
1017 3632 1029 3645 ·
1063 3614 1192 3667 ὅταν
1221 3613 1281 3665 δὲ
1335 3613 1517 3666 ἴδωσιν
1555 3614 1698 3683 ὑμᾶς
1726 3614 1820 3665 καὶ
1847 3614 2189 3686 ἐργαστήρια

616 3700 712 3750 καὶ
742 3698 940 3768 τέχνας
982 3698 1074 3750 καί
1104 3697 1202 3767 τὴν
1232 3698 1295 3747 ὲκ
1330 3696 1537 3748 τούτων
1570 3694 1853 3765 πρόσοδον,
1884 3696 1975 3747 καλ⁸
2009 3697 2189 3752 πάντα

618 3781 803 3844 ἁπλῶς
846 3781 985 3850 ὑπὲρ
1022 3780 1123 3848 τῆς
1170 3781 1288 3831 ἐκεῖ
1326 3777 1611 3848 διατριϐῆς
1663 3777 1921 3845 ἀφέντας,
1963 3779 2188 3848 μείζονα

614 3864 860 3934 δέχονται
907 3865 1008 3934 τὴν
1043 3861 1385 3933 προθυμίαν,
1443 3861 1536 3912 καὶ
1590 3859 1811 3912 πλείονα
1854 3862 1980 3931 περὶ
2015 3862 2188 3917 ταῦτα

616 3947 896 4000 ποιοῦνται
930 3946 1192 4016 σπουδήν.
1226 3944 1338 3997 Καὶ
1365 3941 1539 3998 ταῦτα
1568 3944 1669 3995 οὑκ
1722 3941 1966 4007 ἐκείνους
2013 3945 2189 3999 ἀπαλ-

617 4030 826 4084 λάττων
844 4029 1207 4099 ἐγκλημάτων
1230 4027 1396 4096 λέγω,
1419 4026 1533 4079 ἀλλ’
1565 4026 1651 4078 ἵνα
1671 4026 1830 4095 ὑμεῖς
1853 4025 2086 4097 μάθητε,
2106 4030 2185 4082 ὄτι

615 4115 711 4186 τὴν
748 4115 922 4186 ἀρχὴν
952 4114 1047 4168 καὶ
1079 4113 1178 4185 τὴν
1210 4112 1364 4183 ῥίζαν
1394 4112 1495 4181 τῆς
1540 4111 1797 4181 τοιαύτης
1840 4115 2187 4183 παρανομίας

616 4203 770 4271 ὑμεῖς
805 4200 1041 4270 μάλιστά
1070 4200 1193 4250 ἐστε
1231 4200 1282 4250 οί
1339 4196 1695 4266 παρέχοντες,
1736 4196 1786 4248 οί
1827 4196 1927 4267 τὴν
1972 4198 2188 4270 ἡμέραν

615 4285 834 4337 ἃπασαν
866 4285 947 4345 είς
978 4281 1154 4335 ταῦτα
1180 4280 1673 4343 καταναλίσκοντες
1698 4280 1765 4345 ⁸ο,
1803 4281 1984 4333 καὶτὰ
2014 4285 2189 4352 σεμνά

612 4366 707 4418 τοῦ
720 4366 902 4434 γάμου
915 4364 1223 4433 πράγματα
1236 4361 1694 4429 ἐκπομπεύοντες,
1711 4361 1806 4414 καὶ
1816 4362 1876 4413 τὺ
1890 4364 2188 4432 μυστήριον

612 4448 673 4500 τὸ
695 4447 837 4515 μέγα
863 4445 1134 4515 παραδειγ
1144 4444 1481 4513 ματίξοντες.
1502 4442 1635 4494 Οὐδὲ
1650 4443 1758 4512 γὰρ
1788 4442 1961 4506 οὕτως
1982 4446 2187 4511 ἐκεῖνος

613 4531 643 4581 ὸ
680 4528 855 4582 ταῦτα
884 4525 1315 4598 ὐποκρινόμενός
1344 4525 1492 4576 ἐστιν
1518 4525 1547 4575 ὁ
1579 4521 1941 4593 πλημμελῶν,
1973 4525 2049 4589 ώς
2081 4528 2187 4598 πρὸ

613 4611 826 4665 ἐκείνου
862 4611 951 4677 σὺ,
993 4612 1022 4663 6
1052 4609 1226 4664 ταῦτα
1257 4606 1499 4661 κελεύων
1548 4608 1753 4658 ποιεῖν·
1794 4605 1997 4673 μᾶλλον
2038 4607 2094 4660 δέ
2123 4610 2185 4662 ού

613 4696 852 4749 κελεύων
887 4695 1071 4766 μόνον,
1095 4692 1233 4747 ἀλλά
1268 4692 1364 4745 καὶ
1394 4686 1731 4755 σπουδάζων,
1772 4690 1867 4741 καὶ
1901 4689 2186 4761 εὐφραινό-

616 4796 797 4849 μενος,
828 4780 920 4831 καὶ
968 4776 1166 4845 γελῶν,
1204 4776 1298 4829 καὶ
1349 4772 1589 4826 ἐπαινῶν
1642 4771 1709 4825 τὰ
1760 4770 2043 4842 γινόμενα,
2093 4776 2187 4828 καὶ

615 4861 777 4914 παντὶ
803 4862 988 4930 τρόπῳ
1013 4859 1330 4928 συγκροτῶν
1359 4857 1429 4909 τὰ
1458 4852 1684 4908 τοιαῦτα
1715 4854 2053 4925 ἐργαστήρια
2077 4855 2186 4912 τῶν

611 4940 901 5011 δαιμόνων.
928 4942 1107 5005 ιιοῖοις
1134 4939 1225 4993 οῦν
1257 4938 1576 5009 ὀφθαλμοῖς,
1600 4938 1721 4989 είπέ
1746 4953 1855 5006 μοι,
1881 4936 2066 4991 λοιπὸν
2084 4939 2185 5008 τὴν

611 5028 843 5091 γυναῖκα
867 5026 962 5078 ἐπὶ
983 5026 1081 5096 τῆς
1100 5024 1278 5087 οἰκίας
1300 5023 1441 5093 ὅψει,
1469 5020 1595 5074 ίδὼν
1620 5019 1791 5091 αὐτὴν
1818 5020 2185 5093 ὑϐριζομένην

610 5107 758 5172 liud;
796 5108 920 5171 Πῶς
946 5109 1002 5162 δέ
1047 5110 1150 5161 οὐκ
1197 5107 1457 5178 ἐρυθριᾷς
1496 5105 2052 5175 ἀναμιμνησκόμενος
2083 5106 2185 5175 τῆς

610 5192 888 5257 συνοίκου,
920 5193 1082 5263 ἡνίκα
1108 5191 1176 5246 ἂν
1210 5191 1309 5263 τὴν
1339 5190 1502 5260 φύσιν
1537 5190 1708 5261 αὐτὴν
1748 5189 2183 5260 παραδειγματισ

608 5274 845 5347 ζομένην
878 5276 992 5348 ίδῃς
1016 5294 1031 5342 ;

682 5475 725 5509 ⁷³
746 5477 969 5531 ἐκείνων
1004 5476 1136 5532 Edd.

605 5561 751 5620 09"."-
788 5545 851 5600 υ·
883 5548 1118 5620 ἒλὶιὲιύση

605 5614 731 5669 add.
777 5618 921 5688 φημὶ
952 5614 1116 5688 Emi."
1148 5614 1208 5688 1°
1234 5616 1429 5688 ταῦτα]
1454 5618 1531 5688 λτά
1568 5619 1791 5688 τοιαῦτα
1833 5616 1969 5688 ῌιιά.

608 5700 742 5755 μενοι
774 5684 908 5755 Edd.
1008 5687 1053 5718 ⁸⁸
1076 5686 1187 5755 καὶ]
1210 5687 1327 5738 ούδέ
1360 5684 1427 5741 EI
1454 5685 1493 5742 Ρ

603 5751 719 5815 νίας
813 5753 857 5787 ⁸³
888 5757 944 5807 τὸ
976 5751 1216 5826 κρεῖττον
1242 5758 1377 5813 Ειιιι.

1998 5828 2419 5841 m-

1260 5478 1306 5509 ⁷⁸
1332 5477 1705 5549 ἐξυρημένων]
1736 5478 1826 5533 Sic
1868 5476 1930 5549 Ε.
1952 5470 2224 5549 F.__Vu_lgo
2260 5470 2656 5549 éiegpnpéva.
2845 5470 3029 5549 ειάιιοξΣ

1141 5549 1266 5615 (sic)
1293 5549 1350 5601 Β.
1376 5543 1617 5603 ‘débi'h'let
1650 5543 1802 5602 A'rm.
1830 5548 1991 5611 vulgo
2022 5543 2245 5615 ἐλκύῖῃ.

2067 5614 2111 5643 ⁷³
2142 5606 2277 5680 εἷεν]
2315 5608 2438 5663 add.
2473 5606 2629 5664 αὐτοὶ
2658 5606 2725 5664 ΑῙ
2760 5606 2820 5663 Β.
2855 5606 3352 5680 ςδθᾳάναλίσκοντες
3389 5609 3522 5662 Edd.
3578 5606 3666 5680 λ⁸¹
3699 5620 3906 5674 γεννᾷ.

1610 5689 1655 5720 ⁸³
1687 5684 1865 5758 σῶμα]
1894 5689 1953 5737 τὸ
1976 5680 2135 5749 σῶμα
2176 5681 2237 5735 D.
2277 5679 2337 5734 Ε.

2344 378 2414 439 η’.
2444 370 2534 441 Μὴ
2562 373 2670 441 γάρ
2701 391 2790 442 μοι
2808 373 2968 427 τοῦτο
2997 374 3180 445 εἴπῃς,
3201 377 3283 429 ὅτι
3312 376 3602 449 ὑπόκρισίς
3628 382 3741 438 ἐστι
3769 390 3835 440 τὰ

2274 457 2535 527 γινόμενα
2555 473 2568 485 ⁸
2600 459 2634 527 ή
2659 458 2766 526 γὰρ
2797 459 3088 528 ὑπόκρισις
3114 458 3251 529 αῦτη
3285 461 3520 525 πολλοὺς
3548 465 3837 535 είργάσατυ

2280 541 2521 611 μοιχοὺς,
2546 540 2642 594 καὶ
2668 540 2869 604 πολλάς
2890 542 3186 611 ἀνέτρεψεν
3213 543 3416 605 οἰκίας.
3445 546 3557 599 Καὶ
3579 548 3667 600 διὰ
3687 551 3841 605 τοῦτο

2281 623 2513 692 μάλιστα
2543 622 2749 684 στένω,
2796 624 2881 677 ὅτι
2937 623 3060 677 οὑδὲ
3115 624 3265 677 δοκεῖ
3307 627 3543 697 πονηρὸν
3596 625 3734 684 εἷναι
3783 636 3841 687 τὸ

2276 706 2578 775 γινόμενον,
2630 705 2765 757 ἀλλὰ
2794 706 2891 759 καὶ
2937 707 3120 775 κρότοι
3152 707 3246 759 καὶ⁸
3289 708 3503 781 κραυγὴ
3537 713 3633 764 καὶ
3676 716 3841 782 γέλως

2278 790 2468 853 πολὺς,
2517 789 2763 860 μοιχείας
2794 790 3152 860 τολμωμένης
3199 794 3491 864 τοσαύτης.
3531 794 3597 847 Τί
3628 796 3842 867 λέγεις;

2288 868 2607 941 Ὑπόκρισις
2645 872 2713 924 τά
2752 873 3011 941 γινόμενα
3030 873 3106 937 ⁸¹;
3140 874 3219 924 Δι’
3250 875 3382 928 αὐτὸ
3428 876 3526 945 μέν
3559 873 3650 931 οῦν
3693 880 3847 934 τοῦτο

2282 958 2492 1026 μυρίων
2522 956 2588 1009 ἂν
2616 951 2725 1008 εἶεν
2759 957 2961 1008 ἐκεῖνοι
2986 954 3231 1009 θανάτων
3262 957 3423 1022 ἄξιοι,
3451 960 3533 1014 ὅτι
3567 961 3603 1015 δ.
3629 962 3847 1031 φεύγειν

2277 1042 2326 1092 οἱ
2348 1039 2503 1108 νόμοι
2524 1037 2842 1092 κελεύουσιν
2867 1039 3128 1101 ἅπαντες,
3147 1039 3319 1093 ταῦτα
3352 1044 3636 1111 μιμεῖσθαι
3666 1048 3849 1101 ἐσπου-

2278 1122 2508 1175 δάκασιν
2531 1121 2753 1174 ἐκεῖνοι.
2784 1122 2850 1174 Et
2879 1120 2985 1192 γάρ
3018 1122 3151 1175 αὐτὸ
3188 1124 3382 1189 κακον,
3416 1126 3510 1178 καὶ
3549 1128 3583 1197 ή
3619 1128 3851 1200 μίμησις

2279 1204 2471 1256 τούτου
2502 1204 2691 1257 κακόν.
2726 1204 2839 1257 Καὶ
2889 1202 3044 1256 οῦπω
3076 1203 3239 1273 λέγω,
3279 1207 3481 1271 πόσους
3523 1210 3850 1279 ἐργάζονται

2284 1286 2506 1354 μοιχοὺς
2535 1287 2584 1337 οἱ
2628 1284 2698 1337 τά
2736 1284 2963 1338 τοιαῦτα
2993 1286 3095 1348 τῆς
3146 1289 3393 1357 μοιχείας
3431 1291 3852 1364 ὑποκρινόμενοι

2280 1370 2569 1440 δράματα,
2623 1369 2742 1432 πῶς
2804 1370 3033 1438 ἰταμοὺς
3086 1370 3182 1424 καὶ
3236 1373 3627 1442 ἀναισχύντους
3682 1396 3853 1431 κατα-

2285 1450 2605 1513 σκευάζουτι
2634 1451 2761 1513 τοὺς
2788 1450 2942 1521 [101]
2970 1451 3078 1503 τῶν
3106 1453 3367 1507 τοιούτων
3402 1456 3670 1527 θεωρούς’
3702 1461 3853 1514 οὐδὲν

2281 1534 2353 1601 γά
2360 1551 2391 1604 ρ
2404 1551 2473 1586 πο
2479 1533 2704 1603 ρνικώτε
2712 1550 2804 1603 ρον
2817 1534 2909 1585 καὶ
2921 1533 2965 1564 *³⁸
2982 1534 3067 1585 ίτα
3074 1532 3217 1602 μώτε
3227 1552 3317 1603 ρον
3335 1537 3617 1608 ὀφθαλμοῦ
3632 1542 3855 1596 τοιαῦτα

2289 1618 2504 1686 βλέπειν
2530 1615 2880 1686 ἀνεχομένου.
2909 1616 2980 1667 Σὺ
3009 1616 3065 1669 δὲ
3096 1619 3152 1670 ἐν
3180 1618 3354 1689 ἀγορᾷ
3382 1622 3482 1688 μὲν
3502 1624 3602 1677 οὐκ
3628 1624 3694 1677 ἂν
3713 1626 3857 1679 ἐλοιο

2285 1703 2516 1768 γυναῖκα
2543 1699 2928 1771 γυμνουμένην
2956 1701 3103 1766 ἰδεῖν,
3142 1703 3343 1771 μᾶλλον
3372 1704 3429 1756 δὲ
3454 1706 3574 1758 οὑδέ
3598 1708 3656 1759 ὲν
3683 1711 3854 1779 οἰκίᾳ,

2286 1784 2421 1837 ἀλλά
2447 1782 2542 1835 καλ⁵
2565 1781 2723 1850 ὕϐριν
2751 1783 2812 1834 τὸ
2838 1784 3071 1853 πρᾶγμα
3092 1785 3306 1847 καλεῖς·
3336 1788 3430 1841 ἐπὶ
3457 1788 3514 1843 δὲ
3538 1791 3599 1843 τὸ
3628 1791 3857 1863 θέατρον

2285 1870 2615 1931 ἀναϐαίνεις,
2633 1869 2723 1921 ῖνα
2752 1868 2813 1920 τὸ
2842 1868 3022 1922 κοινὸν
3046 1868 3156 1921 τῶν
3178 1869 3389 1940 ἀνδρῶν
3416 1874 3510 1927 καὶ
3538 1873 3646 1928 τῶν
3666 1891 3859 1944 γυναι..

2284 1953 2399 2007 κῶν
2454 1951 2744 2023 ἐνυϐρίσῃς
2779 1951 2957 2019 γένος,
3010 1952 3105 2005 καὶ
3158 1953 3287 2016 τοὺς
3341 1955 3539 2008 σαυτοῦ
3594 1958 3860 2031 αίσχύνῃς

2284 2034 2628 2104 ὀφθαλμούς;
2662 2034 2752 2104 Μὴ
2768 2034 2879 2104 γὰρ
2904 2034 2967 2104 δὴ
3000 2035 3159 2087 τοῦτο
3180 2035 3360 2106 εἴπῃς,
3389 2037 3472 2090 ὅτι
3500 2040 3673 2111 πόρνη
3706 2043 3860 2095 ἐστὶν

2283 2122 2316 2190 ή
2339 2119 2714 2189 γυμνουμένη,
2748 2118 2863 2170 ἀλλ’
2889 2119 2971 2170 ὅτι
3001 2120 3034 2188 ή
3070 2118 3205 2187 αὐτὴ
3237 2120 3399 2187 φύσις
3432 2122 3526 2174 καὶ
3556 2122 3721 2192 σῶμα
3734 2124 3781 2155 ⁸³
3801 2126 3863 2178 τὺ

2284 2202 2417 2256 αὐτὸ
2439 2203 2532 2257 καὶ
2556 2202 2653 2272 τῆς
2678 2202 2882 2272 πόρνης
2912 2200 3006 2255 καὶ
3031 2202 3128 2272 τῆς
3151 2203 3462 2273 ἐλευθέρας.
3487 2206 3548 2258 Et
3569 2206 3678 2279 γάρ
3702 2208 3864 2262 οὐδὲν

2284 2283 2483 2336 ἄτοπον
2515 2279 2694 2341 τοῦτο,
2723 2280 2869 2343 τίνος
2901 2281 3085 2334 ἕνεκεν
3119 2281 3206 2333 ἐπ’
3231 2285 3437 2352 ἀγορᾶς
3462 2284 3529 2338 ἂν
3564 2286 3679 2355 ἴδῃς
3701 2288 3866 2342 τοῦτο

2285 2361 2588 2430 γινόμενον,
2624 2361 2718 2413 καὶ
2756 2359 2918 2423 αὐτὸς
2939 2361 3245 2432 ἀποπηδᾷς,
3273 2364 3369 2415 καὶ
3393 2364 3490 2435 τὴν
3515 2366 3866 2435 ἀσχημονοῦ-

2288 2458 2387 2494 σαν
2430 2439 2712 2505 ἐλαύνεις;
2749 2438 2782 2509 ἢ
2818 2439 2950 2492 ὅταν
2999 2439 3099 2509 μὲν
3146 2440 3471 2512 διῃρημένοι
3524 2436 3704 2513 ὦμεν,
3734 2446 3866 2499 τότε

2286 2530 2485 2584 ἄτοπον
2516 2529 2576 2581 τὸ
2606 2526 2847 2579 τοιοῦτον
2866 2543 2878 2556 '
2913 2527 3042 2578 ὅταν
3067 2526 3123 2579 δὲ
3174 2529 3504 2597 συνηγμένοι
3532 2530 3628 2581 καὶ
3658 2531 3869 2595 πάντες

2286 2612 2420 2684 ὁμοῦ
2454 2608 2972 2680 καθήμενοι,ούκέτι
2993 2610 3194 2679 ὁμοίως
3224 2611 3480 2682 αίσχρόν;
3510 2611 3671 2665 Ἀλλά
3688 2612 3871 2681 γέλως

2286 2697 2461 2751 ταῦτα
2479 2694 2573 2748 καὶ
2594 2694 2814 2760 ὄνειδος,
2840 2694 2934 2746 καὶ
2957 2693 3195 2764 ἐσχάτης
3211 2695 3597 2767 παραπληξίας
3615 2700 3868 2767 ῥήματα·

2290 2783 2384 2837 καὶ
2414 2780 2621 2852 βέλτιον
2651 2777 2806 2848 πηλῷ
2849 2780 2941 2831 καὶ
2977 2778 3223 2850 βορϐόρῳ
3264 2779 3361 2851 τὴν
3391 2780 3514 2849 ϐψιν
3542 2782 3873 2853 ἀναχρῶσαι

2291 2868 2493 2929 πᾶσαν,
2518 2861 2555 2932 ἢ
2587 2860 2840 2930 τοιαύτην
2871 2860 3146 2931 θεωρῆσαι
3177 2864 3547 2932 παρανομίαν.
3575 2864 3717 2919 Οὔτε
3750 2866 3871 2937 γὰρ

2290 2947 2462 3009 οῦτως
2498 2944 2760 3015 ὀφθαλμῷ
2789 2943 2960 3021 βλάϐη
2992 2944 3271 3014 βόρϐορος,
3302 2945 3377 3008 ώς
3398 2947 3692 3008 ἀκόλαστος
3714 2948 3871 3017 ὄψις,

2290 3033 2385 3086 καὶ
2415 3028 2846 3099 γεγυμνωμένης
2872 3029 3131 3094 γυναικὸς
3162 3027 3387 3098 θεωρία.
3428 3030 3697 3084 ’Ἄκουσον
3726 3032 3873 3100 γοῦν

2289 3116 2344 3168 τί
2369 3118 2468 3182 τὴν
2484 3112 2765 3183 γύμνωσιν
2787 3112 3042 3180 ἐποίησεν
3061 3112 3119 3175 ἐξ
3142 3113 3337 3181 ἀρχῆς,
3357 3112 3451 3165 καὶ
3472 3114 3739 3184 φοϐήθητι
3759 3116 3879 3186 τῆς

2289 3198 2549 3267 τοιαύτης
2577 3193 2965 3265 ἀσχημοσύνης
2992 3192 3090 3262 τὴν
3121 3194 3397 3248 ὑπόθεσιν.
3422 3196 3487 3248 Τί
3513 3193 3607 3249 οὖν
3634 3198 3879 3269 ἐποίησε

2289 3282 2388 3353 τὴν
2418 3280 2727 3350 γύμνωσινς
2756 3277 2823 3329 Ἥ
2851 3278 3240 3348 παρακοη,καὶ
3266 3281 3298 3349 ἡ
3326 3278 3420 3331 τοῦ
3444 3280 3690 3334 διαϐόλου
3723 3300 3883 3353 συμ-

2292 3366 2478 3433 ϐουλή.
2508 3361 2694 3424 Οὕτως
2746 3359 2954 3414 ἄνωθεν
2999 3360 3093 3413 καὶ
3125 3360 3183 3423 ἐξ
3220 3361 3413 3433 ἀρχῆς,
3459 3364 3669 3417 ἐκείνου
3703 3366 3883 3421 τοῦτο

2291 3450 2480 3518 γέγονε
2512 3445 2574 3499 τὸ
2606 3444 2967 3513 ἐπιτήδευμα.
3003 3443 3143 3495 Ἀλλ’
3178 3446 3374 3498 ἐκεῖνοι
3416 3446 3515 3516 μέν
3544 3446 3646 3500 κᾶν
3688 3450 3881 3520 ᾐσχύ-

2291 3550 2442 3586 νοντο
2476 3528 2673 3599 γυμνοὶ
2710 3526 2891 3589 ὅντες’
2930 3526 3088 3595 ὑμεῖς
3122 3527 3179 3580 δὲ
3213 3529 3307 3580 καὶ
3353 3529 3880 3598 ἐγκαλλωπίζεσθε,

2290 3614 2433 3668 κατά
2460 3612 2521 3665 τδ
2560 3607 2918 3664 ἀποστολικδν
2952 3609 3148 3672 ἐκεῖνο,
3184 3610 3286 3663 Ἐν
3319 3609 3393 3679 τῇ
3430 3614 3697 3683 αἰσχύνῃ
3744 3618 3887 3684 τὴν

2290 3698 2477 3763 δόξαν
2507 3696 2772 3764 ἔχοντες.
2799 3692 2929 3756 Πῶς
2977 3688 3071 3746 οῦν
3097 3693 3285 3757 ὄψεταί
3322 3710 3382 3747 σε
3418 3696 3601 3751 λοιπὸν
3651 3700 3684 3768 ἡ
3716 3704 3884 3775 γυνὴ

2290 3782 2398 3836 ἀπὸ
2426 3780 2525 3849 τῆς
2564 3776 2821 3847 τοιαύτης
2863 3775 3225 3829 ἐπανελθόντα
3257 3780 3603 3847 παρανομίας
3623 3780 3705 3849 ἰς
3740 3787 3886 3850 πῶς

2289 3864 2533 3930 δέξεται;
2559 3862 2675 3924 πῶς
2711 3862 2995 3931 προσερεῖ,
3024 3859 3198 3923 οὕτως
3225 3861 3437 3930 ἀτίμως
3460 3863 3521 3916 τὸ
3550 3866 3733 3919 κοινὸν
3760 3873 3888 3938 τῆς

2288 3946 2606 4017 γυναικείας
2638 3943 3217 4014 παραδειγματίσαντα
3250 3942 3487 4012 φύσεως,
3520 3946 3619 3999 καὶ
3652 3950 3894 4019 αιχμά.

2288 4034 2457 4087 λωτον
2477 4029 2584 4082 ὑπὸ
2610 4028 2710 4098 τῆς
2735 4026 2991 4096 τοιαύτης
3013 4025 3189 4095 ὅψεως
3223 4027 3315 4079 καὶ
3345 4026 3530 4079 δοῦλον
3552 4045 3755 4102 γεγενη
3768 4037 3897 4101 μέ-

2288 4134 2377 4170 νον
2408 4114 2506 4182 τῆς
2537 4110 2929 4182 πορνευθεῐσης
2962 4109 3251 4176 γυναικό;;
3278 4110 3340 4161 EE
3364 4110 3419 4162 δὲ
3451 4110 3607 4184 [102]
3638 4114 3905 4183 (thefts;

2286 4197 2462 4252 ταῦτα
2482 4195 2790 4256 ἀκούοντες.
2824 4194 2982 4263 χάριν
3013 4192 3142 4260 ὑμῖν
3186 4191 3294 4261 ἔχω
3328 4192 3563 4264 πολλήνο
3618 4198 3719 4263 Τίς
3748 4200 3897 4272 γάρ

2287 4282 2460 4335 ἐστιν
2505 4283 2538 4334 ό
2584 4276 2922 4347 εὐφραίνων
2960 4292 3056 4345 με,
3082 4278 3135 4329 ει
3168 4276 3255 4344 μὴ
3299 4278 3331 4329 ό
3367 4278 3753 4347 λυπούμενος
3799 4285 3898 4350 ἐξ

2286 4363 2431 4428 ἐμοῦ
2455 4379 2474 4427 ;
2506 4360 2597 4430 Μὴ
2619 4359 2683 4429 δὴ
2706 4356 2993 4428 παύσησθέ
3033 4374 3165 4409 ποτε
3202 4357 3481 4421 στένοντες
3512 4360 3606 4413 ἐπὶ
3641 4362 3905 4431 τούτοις

2288 4450 2381 4501 καλ¹
2402 4447 2723 4514 δακνόμενοι
2741 4459 2754 4473 ·
2774 4442 2867 4495 καὶ
2889 4440 2999 4510 γὰρ
3020 4440 3305 4511 προοίμιον
3330 4442 3456 4510 ὑμῖν
3474 4443 3626 4496 ἔσται
3645 4446 3746 4515 τῆς
3768 4451 3902 4503 ἐπὶ

2287 4530 2353 4585 τὰ
2389 4530 2619 4601 κρείττω
2652 4527 2699 4559 ⁸⁵
2731 4525 3034 4594 μεταϐολῆς
3065 4526 3097 4595 ή
3137 4527 3200 4578 ἐκ
3233 4525 3340 4577 τῶν
3371 4526 3629 4581 τοιούτων
3667 4529 3898 4605 ὀδύνη,

2288 4614 2384 4667 Διά
2417 4612 2575 4666 τοῦτο
2599 4608 2755 4672 κάγὼ
2777 4607 3131 4677 σφοδρότερον
3169 4606 3259 4660 τὸν
3300 4607 3457 4674 λόγον
3480 4612 3902 4685 ἐποιησάμην,

2288 4699 2375 4751 ἵνα
2407 4695 2711 4766 βαθυτέραν
2734 4693 2857 4754 δοὺς
2887 4691 2985 4761 τὴν
3013 4691 3207 4761 τομὴν,
3243 4692 3538 4757 ἀπαλλάξω
3559 4693 3659 4763 τῆς
3686 4713 3906 4767 σηπε-

2286 4780 2434 4843 δόνος
2458 4776 2568 4831 τῶν
2604 4775 2984 4847 μεθυσκόντων
3010 4775 3185 4843 ὑμᾶς*
3211 4775 3299 4827 ἵνα
3328 4775 3464 4844 πρὸς
3488 4777 3736 4848 καθαρὰν
3767 4782 3906 4835 ἑπ-

2286 4861 2544 4930 αναγάγω
2560 4858 2738 4928 ψυχῆς
2754 4857 2945 4925 ὑγείαν
2964 4873 2979 4887 ’
3007 4851 3075 4927 ἦς
3092 4857 3303 4925 γένοιτο
3326 4858 3533 4921 πάντας
3553 4862 3702 4928 ἡμᾶς
3722 4862 3906 4920 ἀπο-

2288 4944 2545 5005 λαύοντας
2565 4942 2651 4995 διὰ
2673 4940 2914 5006 πάντων,
2931 4942 3025 4994 καὶ
3050 4940 3160 4993 τῶν
3182 4941 3448 5010 κειμένων
3469 4943 3725 4997 ἐπάθλων
3744 4955 3906 5015 τοῖς

2288 5026 2674 5098 κατορθώμασι
2695 5024 2904 5087 τούτοις
2926 5026 3226 5094 ἐπιτυχεῖν,
3242 5025 3425 5095 χάριτι
3442 5027 3535 5080 καὶ
3554 5028 3753 5094 φιλανθ
3763 5048 3906 5101 pto-

2288 5114 2387 5183 πίᾳ
2416 5109 2510 5164 τοῦ
2539 5109 2747 5178 Κυρίου
2779 5108 2940 5179 ἡμῶν
2981 5107 3154 5177 Ἰησοῦ
3183 5109 3443 5179 Χριστοῦ.
3480 5103 3524 5177 ᾧ
3544 5111 3578 5180 ἡ
3611 5111 3742 5177 δόξα
3770 5122 3906 5174 καὶ

2285 5196 2345 5248 τὸ
2380 5195 2577 5266 κράτος
2606 5193 2684 5256 είς
2722 5193 2850 5257 τοὺς
2879 5193 3077 5257 αἰῶνας
3101 5192 3209 5246 τῶν
3240 5194 3471 5248 αἰώνων.
3518 5195 3714 5267 Ἀμήν.

3016 5511 3029 5524 .
3142 5466 3449 5570 ⁷⁵ὲκλύση]
3493 5468 3583 5522 Sic
3611 5468 3785 5552 λβ.
3848 5494 3905 5532 ες

3015 5540 3029 5570 π
3085 5538 3123 5570 Ω
3187 5541 3258 5570 Α..
3397 5525 3414 5570 ἰ
3476 5538 3863 5570 ρ.’.-η,...ρ.ι..-

2344 5525 2958 5614 ’ξ’-ἐνσκήπτει]ηξγείρ-ει
3078 5538 3143 5614 .
3177 5541 3280 5593 An.
3389 5525 3894 5614 3"_a_619qqtelfa;

2436 5680 2479 5711 ⁸³
2505 5678 2872 5752 παρανομίας]
2928 5677 3016 5734 Sic
3051 5679 3110 5732 Β.
3151 5677 3210 5733 F.
3249 5680 3399 5734 Anu.
3432 5678 3615 5735 centeri
3660 5696 3906 5753 παρος.
