4058 6208
424 355 483 409 7|
1609 347 1670 401 IN
1710 340 2112 400 “\TTHJEUH
2148 340 2378 395 (IOMIL.
2421 342 2506 400 Vl.
3592 335 3663 392 Ἠ

414 466 704 521 contritum
752 475 803 519 et
856 463 1220 526 lmmiliatum,
1273 461 1507 515 animum
1556 462 1805 531 vigilem,
1864 471 1999 515 tem-

418 566 695 623 perantem
718 594 733 620 ,
765 555 1121 609 continentem
1139 592 1155 619 ,
1190 554 1533 622 pmnilcutem
1556 594 1569 615 ,
1595 562 1994 621 cumpuuctum.

415 645 541 699 ηερε
587 646 729 699 illius
761 646 898 699 dona
944 654 1097 710 sunt,
1140 645 1261 713 quia
1318 644 1425 699 illis
1469 645 1800 713 potissimum
1857 643 1999 697 indi-

413 749 622 802 gemus.
678 735 956 788 Certamen
1004 734 1145 788 enim
1185 733 1426 787 imminet
1473 749 1669 803 grave,
1714 742 1768 788 et
1810 732 1999 786 adver-

415 840 507 877 sus
553 825 845 880 invisibiles
894 834 1181 894 potestates
1210 825 1349 878 lucta
1387 824 1540 878 nobis
1583 835 1699 889 est,
1742 822 1998 877 adversus

417 913 710 982 spiritualia
754 916 1003 983 nequitia:
1033 929 1240 983 pugna,
1289 912 1543 967 adversus
1580 913 1903 982 principatus
1945 920 2000 966 et

417 1014 705 1073 potestates
734 1005 931 1060 bellum
972 1004 1198 1074 (Ephes.
1231 1004 1281 1059 6.
1315 1003 1418 1074 12)
1450 1021 1462 1057 :
1493 1014 1650 1072 atque
1690 1003 1889 1056 utinam
1920 1003 2002 1056 di-

416 1096 640 1163 ligenter
684 1105 931 1165 agentes,
976 1096 1161 1164 vigiles
1190 1103 1245 1148 et
1281 1094 1564 1159 concitati,
1606 1094 1868 1163 possimus
1900 1092 2000 1146 hoc

418 1186 583 1238 ferum
614 1201 802 1255 agmen
829 1186 1112 1240 sustinere.
1136 1184 1193 1239 Si
1221 1199 1346 1237 vero
1372 1185 1637 1237 rideamus
1656 1194 1708 1237 et
1734 1183 1996 1250 ludamus,

418 1290 476 1329 ac
496 1290 711 1345 semper
734 1276 987 1329 socordes
1014 1274 1181 1327 simus
1200 1315 1217 1339 ,
1246 1274 1402 1327 etiam
1434 1284 1560 1327 ante
1592 1272 1896 1327 conflictum
1934 1288 1999 1326 ex

420 1365 629 1434 propria
660 1364 883 1434 segnitie
911 1363 1273 1418 concidemus.
1306 1362 1421 1418 Non
1448 1374 1689 1417 nostrum
1715 1364 1891 1433 itaque
1921 1372 2003 1417 est.

421 1464 672 1524 perpetuo
693 1454 888 1520 ridere,
911 1454 1149 1509 deliciari
1175 1464 1226 1507 et
1247 1453 1516 1508 convivari
1539 1471 1553 1519 ;
1582 1453 1675 1507 sed
1705 1469 1887 1507 eorum
1910 1453 2002 1522 qui

418 1547 469 1600 in
500 1562 656 1601 scena
695 1546 912 1612 ludunt,
960 1545 1300 1600 meretricum
1323 1585 1335 1605 ,
1373 1546 1608 1598 virorum
1650 1548 1741 1613 qui
1785 1544 1849 1595 ad
1882 1540 2003 1597 talia

416 1644 541 1691 sunt
585 1634 805 1704 depilati
824 1676 841 1701 ,
870 1634 1221 1703 parasitorum
1243 1673 1257 1696 ,
1290 1632 1621 1687 adulatorum
1646 1650 1662 1686 :
1690 1648 1796 1686 non
1820 1643 2004 1686 autem

416 1739 603 1777 eorum
642 1724 731 1792 qui
757 1722 823 1776 ad
850 1722 1042 1778 caelum
1069 1722 1239 1777 vocati
1267 1732 1390 1775 sunt
1411 1764 1425 1789 ,
1464 1737 1571 1775 non
1600 1736 1783 1776 eorum
1820 1723 1907 1791 qui
1950 1723 2002 1775 in

420 1829 649 1882 superna
679 1814 891 1868 civitate
918 1819 1041 1867 sunt
1069 1812 1353 1880 descripti,
1378 1827 1487 1865 non
1516 1826 1700 1865 eorum
1726 1813 1814 1880 qui
1840 1812 2003 1866 armis

419 1905 785 1974 spirituaiihus
826 1912 950 1958 sunt
986 1903 1260 1968 instructi,
1304 1904 1396 1957 sed
1435 1918 1619 1957 eorum
1661 1904 1750 1973 qui
1791 1902 2003 1957 diabolo

418 2004 541 2048 sunt
568 1994 777 2049 initiati.
805 1992 900 2049 Ille
924 2008 1156 2064 namque
1184 2001 1294 2057 est,
1334 1993 1427 2049 ille
1460 1994 1549 2062 qui
1579 1994 1677 2047 hac
1703 2002 1848 2057 arte,
1898 1993 2002 2048 hoc

417 2100 579 2155 opere
612 2095 833 2140 conatur
861 2085 1058 2140 Christi
1102 2085 1296 2139 milites
1332 2082 1644 2149 debilitare,
1685 2085 2003 2155 illorumqne

416 2178 575 2231 animi
604 2178 881 2231 molliores
911 2190 1105 2231 nervos
1137 2178 1366 2231 elticere.
1401 2176 1522 2229 ideo
1548 2176 1753 2231 theatra
1784 2176 1835 2230 in
1862 2178 2004 2231 urbi-

420 2268 516 2321 bus
547 2268 775 2329 struxit,
806 2275 860 2321 et
897 2268 1090 2322 mimos
1130 2267 1249 2321 illos
1274 2282 1564 2331 exercens,
1602 2268 1813 2323 illorum
1840 2285 2002 2340 opera

418 2366 600 2412 contra
640 2366 803 2412 totam
841 2358 1106 2411 civitatem
1138 2356 1280 2412 hanc
1320 2367 1521 2427 pestem
1563 2360 1758 2413 excitat
1798 2378 1811 2414 :
1844 2376 2002 2429 quam

417 2450 599 2518 fugere
653 2448 846 2503 Paulus
896 2448 1051 2516 jussit
1092 2447 1322 2518 (Epltes.
1361 2447 1414 2503 5.
1454 2448 1559 2516 4),
1612 2448 2000 2519 stultiloqnitmi

418 2554 609 2607 nempe
643 2548 697 2592 et
722 2538 1130 2599 scurrilitatem;
1174 2554 1292 2607 qua:
1335 2547 1509 2591 autem
1551 2538 2002 2594 horumomnium

416 2629 724 2698 gravissima
750 2628 892 2683 risus
920 2627 1060 2683 illius
1094 2628 1307 2683 occasio
1343 2636 1444 2683 est.
1474 2628 1696 2690 Ouando
1729 2630 2002 2699 quidpiam

420 2736 510 2781 aut
532 2726 899 2796 blaSphemum
916 2735 1007 2779 aut
1025 2735 1179 2795 turpe
1200 2735 1339 2779 mter
1357 2723 1573 2781 ridicula
1591 2727 1736 2780 mimi
1758 2726 2005 2788 dixerint,

419 2828 547 2871 tunc
572 2831 639 2870 ex
680 2815 1134 2885 insipientioribus
1162 2816 1377 2884 quidam
1415 2817 1596 2872 rident
1630 2826 1684 2872 ct
1724 2818 2006 2883 laetantur;

419 2923 543 2961 cum
575 2907 836 2977 lapidibus
862 2908 1007 2978 ipsos
1036 2909 1293 2977 impetere
1322 2917 1626 2977 oporteret,
1650 2910 1909 2980 plaudunt
1932 2909 2008 2963 illi

424 3016 585 3070 super
626 3001 744 3066 his,
785 3010 841 3056 et
883 3016 980 3070 per
1020 3000 1158 3055 hanc
1193 3001 1521 3070 voluptatem
1561 3002 1827 3055 caminum
1870 3001 2009 3071 ignis

420 3099 606 3145 contra
636 3101 796 3162 caput
824 3108 977 3146 suum
1017 3093 1309 3145 attrahunt.
1337 3090 1468 3146 Nam
1500 3092 1589 3161 qui
1624 3092 1743 3145 talia
1774 3091 2011 3147 dicentes

428 3180 669 3247 laudant,
702 3182 736 3235 ii
763 3191 887 3234 sunt
908 3180 998 3250 qui
1029 3181 1260 3235 maxime
1288 3180 1337 3234 id
1363 3181 1544 3235 dicere
1570 3182 1797 3235 suadent
1825 3199 1839 3234 :
1865 3181 2007 3234 ideo-

311 3309 326 3328 .
419 3288 525 3341 que
552 3274 814 3342 supplicio
841 3273 963 3327 huic
997 3272 1218 3329 facinori
1248 3273 1433 3329 debito
1465 3274 1758 3343 justissime
1788 3274 2009 3328 obnoxii

420 3374 599 3419 erunt.
633 3366 844 3420 Etenim
868 3366 915 3421 si
944 3367 1124 3421 nullus
1145 3378 1288 3421 esset
1327 3377 1615 3435 spectator,
1659 3367 1835 3422 nullus
1882 3384 2009 3436 pro-

424 3454 565 3509 diret
605 3455 794 3510 histrio
834 3472 848 3511 :
889 3471 1010 3510 cum
1049 3470 1224 3510 au'em
1261 3472 1359 3512 vos
1388 3457 1568 3512 vident
1594 3466 1647 3512 et
1689 3457 1929 3512 officinas
1960 3464 2014 3512 ct

424 3557 602 3613 artes,
653 3557 710 3602 et
755 3557 1013 3616 quaestum
1061 3549 1184 3602 hinc
1229 3550 1657 3617 provenientem,
1704 3560 1862 3620 atque
1907 3565 2013 3603 uno

424 3638 589 3692 vet-bo
614 3639 798 3692 omnia
824 3638 1127 3709 relinquere
1147 3679 1160 3700 ,
1191 3648 1248 3692 ut
1270 3639 1337 3693 ad
1362 3638 1480 3692 haec
1500 3640 1803 3708 spectacula
1830 3653 2013 3694 accur-

424 3729 552 3782 ratis
573 3769 587 3793 ,
620 3728 810 3798 majori
840 3728 1114 3783 alacritate
1156 3738 1315 3798 atque
1355 3728 1529 3782 studio
1560 3728 1642 3782 his
1667 3744 1882 3799 operam
1911 3728 2010 3784 ad-

425 3818 625 3874 hibent.
657 3819 771 3874 Hoc
800 3829 975 3874 autem
1002 3821 1123 3875 dico
1147 3860 1162 3884 ,
1203 3836 1306 3874 non
1336 3829 1394 3875 ut
1433 3821 1554 3875 illos
1579 3836 1608 3874 a
1635 3821 1861 3876 crimine
1888 3822 2009 3875 vin-

424 3912 631 3977 dicem;
662 3912 754 3967 scd
776 3921 831 3966 ut
848 3912 1063 3967 discatis
1086 3928 1178 3966 vos
1204 3927 1321 3967 esse
1338 3914 1427 3982 qui
1448 3913 1745 3983 hujusmodi
1763 3914 2012 3983 nequitias

427 4002 743 4072 principium
764 4012 819 4057 et
838 4002 1069 4057 radicem
1094 4003 1536 4071 subministratis,
1566 4005 1655 4074 qui
1680 4014 1839 4059 totam
1869 4004 2010 4059 diem

430 4094 513 4147 his
544 4094 595 4148 in
624 4094 785 4149 rebus
814 4095 1100 4160 insumitis,
1131 4095 1410 4149 honestum
1438 4095 1668 4166 conjugii
1692 4105 1883 4149 statum
1907 4106 2011 4148 tra-

427 4186 717 4251 ducentes,
790 4194 844 4239 ct
899 4184 1209 4255 mysterium
1270 4198 1523 4255 magnum
1577 4185 2005 4239 dehonestantcs.

428 4273 609 4344 Neque
637 4276 777 4329 enim
810 4275 996 4330 histrio
1027 4276 1116 4329 ille
1146 4277 1215 4329 ita
1241 4275 1528 4343 delinquit,
1559 4285 1615 4329 ut
1656 4285 1740 4340 tit,
1782 4278 1870 4346 qui
1903 4279 2013 4332 haec

425 4367 536 4421 tieri
574 4366 766 4435 jubes;
808 4367 915 4421 imo
946 4381 1044 4421 nec
1077 4367 1236 4435 jubes
1265 4367 1461 4434 modo,
1503 4365 1598 4422 sed
1643 4366 1801 4421 etiam
1831 4380 2012 4423 curam

424 4455 676 4521 adhibes,
708 4457 937 4524 lmtaris,
968 4458 1110 4513 rides
1130 4499 1143 4521 ,
1188 4459 1479 4528 laudasque
1508 4458 1814 4527 hujusmodi
1855 4474 2011 4526 spec-

427 4550 596 4604 tacula
617 4592 633 4615 ,
680 4551 934 4619 omnique
963 4550 1122 4605 modo
1150 4550 1284 4606 hanc
1323 4551 1468 4605 foves
1496 4551 1798 4605 daunonum
1839 4550 2012 4604 offici-

431 4656 574 4693 nam.
604 4640 931 4707 Quibusnam
953 4682 967 4707 ,
998 4656 1181 4711 quasso
1200 4684 1214 4707 ,
1253 4642 1420 4696 oculis
1446 4657 1667 4697 uxorem
1696 4650 1838 4695 tuam
1869 4640 2012 4694 domi

427 4740 609 4800 postea
636 4732 873 4798 videbis,
901 4747 1057 4801 quam
1082 4731 1153 4787 ibi
1180 4732 1353 4786 vidisti
1383 4732 1704 4787 contumelia
1731 4730 2013 4786 affectam?

429 4823 696 4890 quomodo
718 4838 825 4879 non
853 4823 1124 4879 erubescis
1151 4822 1275 4878 dum
1300 4823 1540 4893 conjugis
1561 4832 1665 4878 tua:
1690 4822 2015 4890 recordaris,

424 4928 543 4967 cum
574 4914 640 4968 ibi
670 4929 865 4969 sexum
894 4915 1010 4983 ejus
1033 4914 1371 4969 dehonestari
1402 4914 1638 4969 videris?

495 5005 547 5059 8.
588 5003 665 5059 Ne
692 5005 819 5058 mihi
846 5004 1066 5069 dixeris,
1094 5021 1205 5061 rem
1235 5006 1536 5060 simulatam
1564 5015 1620 5060 et
1645 5006 2008 5062 histrionicum

426 5092 536 5149 hzrc
561 5112 684 5152 esse
717 5114 730 5150 :
764 5098 881 5152 lucc
908 5099 1051 5153 enim
1082 5098 1389 5153 histrionica
1423 5097 1617 5152 multos
1652 5097 1827 5153 ell'ecit
1858 5099 2009 5153 adul-

2106 461 2285 516 teros,
2327 451 2624 519 multasque
2664 447 2890 505 familias
2927 448 3137 504 evertit.
3178 448 3406 516 Ideoque
3446 449 3678 503 maxime

2100 560 2276 613 gemo,
2306 544 2447 613 quod
2478 542 2606 597 illud
2633 559 2701 597 ne
2722 544 2916 597 malum
2943 542 3159 612 quidem
3186 543 3338 595 vobis
3362 556 3481 595 esse
3502 541 3682 597 viden-

2102 644 2207 700 tur,
2239 635 2332 691 sed
2374 634 2626 703 plausus,
2667 634 2889 701 clamor,
2930 636 3069 688 risus
3110 636 3306 688 multus
3342 633 3677 699 adhibeatur,

2099 725 2226 778 dum
2257 724 2503 779 adulterii
2530 724 2830 793 hujnsmodi
2855 726 3213 795 spectaculum
3243 724 3434 779 oﬂ‘erre
3458 724 3675 779 audent.

2099 818 2237 882 Quid
2266 819 2402 874 dicis
2427 835 2489 874 ea
2524 835 2644 874 esse
2686 820 3045 874 histrionicam
3085 820 3516 875 simulationem?
3555 818 3680 873 Ideo

2100 909 2173 963 illi
2203 912 2469 965 sescentis
2496 911 2767 980 suppliciis
2796 911 2940 979 digni
2982 910 3109 964 sunt'
3124 952 3138 975 ,
3179 911 3428 980 quoniam
3468 925 3529 963 ea
3560 926 3679 977 qua:

2101 998 2246 1068 leges
2283 1016 2469 1056 omnes
2508 1002 2674 1055 vitare
2708 1002 2931 1068 jubent,
2977 1002 3161 1055 eadem
3202 1002 3301 1070 ipsi
3332 1002 3521 1055 imitari
3561 1010 3678 1054 stu-

2100 1089 2248 1143 dent.
2278 1089 2411 1144 Nam
2432 1092 2473 1145 si
2502 1091 2697 1144 malum
2718 1091 2967 1156 estillud,
2996 1092 3109 1158 ejus
3136 1100 3218 1143 est
3243 1107 3449 1161 quoque
3478 1106 3677 1159 reprae-

2099 1182 2327 1234 sentatio
2357 1183 2516 1235 mala.
2549 1182 2790 1236 Nondum
2819 1182 2960 1247 dico,
2992 1191 3121 1251 quot
3151 1183 3420 1236 adulteros
3445 1182 3680 1237 efficiant

2100 1270 2405 1325 histrionica
2433 1272 2732 1341 huiusmodi
2761 1272 3007 1326 adulterii
3035 1272 3334 1341 spectacula
3355 1313 3369 1336 ,
3394 1286 3553 1341 quam
3582 1287 3677 1341 pe-

2099 1361 2330 1417 tulantes
2376 1365 2813 1433 impudentesque
2855 1363 3089 1418 efficiant
3132 1373 3492 1432 spectatores;
3550 1364 3679 1417 nihil

2098 1454 2239 1507 enim
2286 1455 2563 1518 lascivius,
2613 1454 2742 1509 nihil
2783 1455 3105 1523 petulantius
3142 1454 3328 1521 oculo,
3367 1455 3456 1524 qui
3498 1454 3682 1523 hujus-

2101 1543 2246 1597 modi
2290 1546 2590 1613 spectacula
2622 1545 2760 1599 ferre
2792 1547 2977 1614 possit.
3024 1547 3064 1599 T
3071 1563 3101 1599 ιι
3144 1561 3277 1600 vero
3314 1547 3365 1599 in
3404 1545 3521 1600 foro
3562 1546 3682 1615 qui-

2100 1633 2221 1687 dem
2240 1634 2433 1688 nudam
2449 1637 2721 1690 mulierem
2742 1636 2981 1704 aspicere
3001 1637 3169 1701 nolis;
3190 1636 3297 1689 imo
3312 1652 3485 1702 neque
3496 1636 3640 1690 domi
3662 1656 3677 1690 :

2100 1738 2211 1780 rem
2232 1725 2373 1779 enim
2394 1724 2694 1794 huiusmodi
2718 1727 3094 1781 contumeliam
3118 1740 3274 1779 vocas
3299 1743 3312 1777 :
3338 1726 3391 1779 in
3415 1725 3679 1780 theatrum

2101 1827 2274 1870 tamen
2304 1818 2582 1881 asoendis,
2621 1826 2678 1872 ut
2714 1832 2997 1872 commune
3020 1833 3187 1887 genus
3223 1819 3458 1872 virorum
3493 1819 3681 1872 mulie-

2100 1920 2323 1975 rumque
2343 1908 2663 1963 contumelia
2689 1910 2914 1974 afticias,
2941 1910 3228 1977 oculosque
3250 1918 3368 1963 tuos
3393 1908 3679 1976 deturpes?

2099 1997 2176 2052 Ne
2202 1999 2331 2053 mihi
2362 2000 2562 2055 dixeris
2592 2000 2867 2058 mulierem
2899 2001 3041 2054 illam
3079 2000 3274 2054 nudam
3294 2041 3310 2067 ,
3342 1983 3465 2055 esse
3501 2015 3679 2055 mere-

2099 2091 2316 2158 tricem;
2349 2094 2527 2163 utique
2556 2094 2696 2148 idem
2728 2094 2843 2162 ipse
2870 2106 3048 2155 sexus,
3078 2093 3217 2147 idem
3244 2108 3439 2163 corpus
3463 2103 3545 2148 est
3566 2109 3681 2147 me—

2099 2183 2306 2238 retricis
2342 2193 2398 2239 et
2427 2184 2626 2239 liberte.
2649 2183 2704 2240 Si
2732 2185 2877 2241 enim
2899 2185 3137 2240 obscmni
3165 2184 3295 2239 nihil
3319 2198 3382 2239 ea
3413 2184 3465 2239 in
3492 2200 3549 2239 re
3574 2194 3676 2248 est,

2098 2289 2195 2330 cur
2220 2290 2340 2329 cum
2373 2276 2424 2329 in
2452 2274 2572 2329 foro
2592 2276 2780 2330 eadem
2807 2276 2920 2345 ipsa
2938 2275 3139 2331 videris
3158 2317 3171 2339 ,
3195 2276 3371 2329 statim
3401 2275 3596 2339 resilis,
3625 2285 3681 2330 et

2098 2363 2511 2420 inverecundam
2547 2366 2811 2435 depellis?
2844 2381 2914 2421 an
2942 2382 3061 2421 cum
3091 2366 3341 2435 disjuncti
3368 2380 3586 2430 sumus,
3623 2365 3678 2420 id

2097 2458 2407 2512 obscaenum
2437 2467 2552 2523 est;
2580 2474 2700 2513 cum
2729 2468 2906 2513 autem
2931 2459 3237 2529 congregati
3264 2474 3366 2512 una
3392 2457 3639 2513 sedemus
3657 2498 3676 2523 ,

2097 2560 2202 2601 non
2231 2547 2451 2617 perinde
2477 2558 2628 2618 turpe
2658 2549 2781 2603 est?
2813 2548 3008 2603 Verum
3041 2549 3142 2602 hoc
3177 2547 3460 2603 ridiculum
3494 2561 3561 2600 ac
3584 2545 3680 2600 de-

2095 2638 2260 2695 decus
2283 2648 2397 2705 est,
2425 2647 2481 2693 et
2507 2639 2623 2694 haec
2649 2640 2809 2695 verba
2837 2648 3128 2694 extremam
3157 2654 3268 2708 pra:
3296 2655 3356 2694 se
3386 2639 3560 2694 ferunt
3583 2638 3679 2692 de-

2096 2730 2348 2785 mentiam
2388 2749 2407 2784 :
2448 2730 2745 2800 meliusque
2786 2740 2930 2785 esset
2967 2745 3124 2785 coeno
3152 2741 3310 2800 atque
3347 2730 3461 2783 luto
3493 2730 3677 2784 oculos

2094 2827 2364 2893 oblinere,
2394 2840 2550 2897 quam
2582 2827 2651 2881 ita
2682 2826 2875 2881 ftedam
2902 2836 2956 2880 et
2985 2825 3219 2893 iniquam
3250 2838 3363 2877 rem
3404 2833 3669 2892 spectare.

2095 2918 2276 2989 Neque
2305 2919 2446 2973 enim
2474 2925 2677 2973 tantum
2704 2916 2883 2971 damni
2910 2914 3065 2970 oculo
3091 2914 3251 2967 infert
3275 2913 3439 2966 lutum
3456 2953 3473 2979 ,
3499 2925 3673 2983 quan-

2097 3019 2205 3063 tum
2230 3009 2460 3064 lascivus
2486 3016 2735 3078 aspectus
2760 3016 2813 3061 et
2839 3006 2995 3060 nuda:
3026 3004 3264 3059 mulieris
3287 3004 3670 3072 spectaculum.

2095 3100 2233 3154 Audi
2266 3101 2423 3170 igitur
2451 3100 2577 3170 quid
2607 3098 2898 3152 nuditatem
2926 3096 2995 3152 ab
3024 3096 3176 3150 initio
3201 3095 3403 3158 fecerit,
3431 3105 3485 3149 et
3516 3102 3675 3149 tanta

2097 3192 2437 3262 turpitudinis
2463 3191 2718 3245 rationem
2741 3197 2940 3244 metue.
2968 3186 3104 3255 Quid
3135 3202 3262 3256 ergo
3286 3186 3575 3239 nuditatem
3597 3184 3674 3238 ef-

2096 3283 2255 3339 fecit?
2287 3283 2644 3339 lnobedientia
2678 3290 2732 3337 et
2763 3280 2956 3336 diaboli
2999 3280 3224 3334 insidiae.
3270 3278 3358 3333 Sic
3393 3277 3503 3347 jam
3542 3278 3674 3331 olim

2097 3388 2149 3429 et
2176 3378 2244 3431 ab
2271 3375 2419 3429 initio
2446 3375 2546 3429 hoc
2575 3375 2689 3443 ejus
2714 3373 2808 3428 fuit
2834 3372 3088 3428 studium.
3121 3371 3313 3425 Verum
3342 3369 3460 3424 illos
3484 3368 3674 3425 saltem

2098 3466 2329 3538 pudebat
2352 3466 2493 3535 quod
2519 3464 2644 3519 nudi
2673 3471 2854 3519 essent
2879 3480 2895 3521 :
2928 3478 3024 3517 vos
3052 3471 3226 3515 autem
3251 3459 3300 3514 id
3322 3458 3500 3514 decori
3528 3458 3677 3511 vobis

2098 3572 2216 3614 esse
2233 3558 2445 3627 putatis,
2466 3556 2755 3611 secundum
2768 3555 2892 3609 illud
2906 3551 3380 3623 apostoliﬁloriam
3396 3550 3447 3603 in
3466 3549 3676 3618 turpitu-

2098 3650 2216 3701 dine
2242 3648 2475 3702 habentes
2502 3646 2520 3717 (
2544 3644 2773 3715 Philipp.
2806 3646 2858 3700 5.
2893 3642 3015 3716 l9).
3045 3642 3246 3710 Quibus
3269 3655 3401 3711 ergo
3426 3648 3479 3695 te
3508 3639 3678 3693 oculis

2099 3754 2233 3795 uxor
2271 3739 2521 3807 aspiciet,
2557 3754 2585 3791 a
2619 3747 2723 3792 tam
2764 3738 2945 3807 iniquo
2982 3734 3287 3805 spectaculo
3333 3731 3680 3788 redeuutem?

2099 3829 2367 3900 quomodo
2392 3840 2443 3885 te
2462 3830 2720 3899 recipiet?
2747 3829 2936 3899 quibus
2958 3838 3008 3880 te
3026 3827 3203 3881 verbis
3231 3825 3549 3895 alloquetur,
3587 3838 3678 3891 qm

2099 3921 2413 3977 muliebrem
2441 3935 2627 3975 sexum
2651 3928 2817 3973 totum
2847 3920 2916 3972 ita
2941 3916 3395 3977 dehonestaveris,
3422 3925 3474 3968 et
3496 3929 3562 3968 ex
3588 3914 3679 3967 tali

2100 4014 2402 4084 spectaculo
2428 4013 2672 4082 captivus
2700 4020 2753 4064 et
2791 4024 2974 4063 servus
3000 4007 3297 4061 meretricis
3320 4004 3540 4059 elfectus
3561 4003 3681 4058 sis?

2100 4107 2157 4163 Si
2185 4107 2302 4161 hazc
2325 4105 2601 4159 audientes
2629 4101 2819 4156 doletis
2838 4140 2852 4164 ,
2884 4098 3107 4169 gratiam
3135 4098 3284 4151 vobis
3314 4096 3485 4150 habeo
3515 4094 3683 4148 maxi-

2100 4216 2261 4255 mam.
2312 4198 2437 4265 Quis
2485 4196 2615 4249 euint
2661 4202 2731 4247 est
2780 4192 2866 4262 qui
2899 4189 3235 4257 nwlwtiﬁcet,
3276 4186 3375 4240 nisi
3413 4187 3457 4239 is
3507 4185 3594 4255 qui
3618 4185 3681 4238 ob

2102 4292 2238 4345 dicta
2266 4307 2373 4344 mea
2402 4285 2732 4357 tristatur(2.
2763 4285 2888 4338 Cor.
2918 4282 2974 4336 2.
3002 4280 3114 4351 2)?
3155 4279 3233 4334 Ne
3268 4278 3490 4333 cessetis
3522 4276 3683 4346 igitur

2101 4384 2168 4438 de
2197 4382 2280 4438 his
2308 4381 2579 4451 ingemere
2599 4387 2652 4432 et
2672 4375 2901 4432 morderi
2936 4392 2950 4428 :
2978 4388 3099 4428 nam
3126 4371 3279 4426 dolor
3303 4370 3371 4424 de
3396 4368 3560 4423 rebus
3580 4365 3684 4420 ibu-

2096 4474 2329 4548 jusmodi
2348 4472 2664 4543 principium
2681 4468 2830 4523 vobis
2847 4466 2950 4522 erit
2965 4462 3333 4521 conversionis
3352 4460 3416 4515 ad
3439 4459 3681 4515 meliora.

2111 4568 2337 4636 ldquue
2365 4560 2749 4619 vehementiori
2778 4571 3027 4613 sermone
3050 4570 3167 4610 sum
3196 4568 3339 4618 usus,
3362 4561 3535 4619 utper
3562 4563 3684 4619 pro-

2102 4661 2397 4716 fundiorem
2435 4655 2745 4711 incisionem
2778 4667 2809 4705 a
2846 4647 3122 4721 putredine
3153 4646 3238 4698 illa
3277 4642 3684 4698 temulentorum

2101 4753 2375 4807 hominum
2398 4763 2496 4802 vos
2526 4747 2830 4807 liberarem,
2857 4750 2908 4795 et
2928 4738 2994 4792 ad
3012 4751 3195 4807 puram
3214 4732 3378 4787 animi
3399 4731 3681 4786 sanitatem

2105 4845 2413 4899 reducerem
2453 4857 2468 4894 :
2508 4853 2608 4908 qua
2640 4835 2839 4889 utinam
2871 4845 2967 4885 nos
2994 4841 3183 4884 omnes
3214 4840 3308 4895 per
3336 4823 3512 4878 omnia
3536 4821 3684 4877 frua-

2104 4952 2242 5001 mur,
2270 4944 2323 4989 et
2353 4931 2567 5003 praemia
2596 4927 2750 4981 bonis
2776 4924 2983 4979 actibus
3010 4920 3238 4989 reposita
3269 4928 3681 4984 consequamur,

2103 5029 2271 5099 gratia
2298 5034 2351 5079 et
2381 5018 2743 5077 misericordia
2770 5013 2979 5070 Domini
3005 5011 3171 5066 nostri
3199 5009 3324 5065 Jesu
3348 5005 3571 5070 Christi,
3594 5003 3682 5059 cui

2108 5118 2278 5190 gloria
2306 5125 2360 5173 et
2386 5113 2667 5186 imperium
2701 5116 2754 5167 in
2784 5107 2976 5165 szccula
3007 5105 3344 5163 surculorum.
3379 5102 3569 5155 Amen.
