4058 6204
540 330 608 386 75
1257 338 1314 394 S.
1354 335 1563 392 JOANN
1572 335 1629 395 IS
1666 330 2106 388 CHRYSOSTUM

2204 328 2496 385 tliClllEP.
2528 327 3057 386 CONSTANTINOP.
3712 318 3783 373 π

544 526 890 539 —_~—

1008 517 3778 542 *Μ

1896 885 2236 947 HOMILIA
2288 888 2416 950 νη.

524 1258 648 1314 Car.
676 1258 742 1313 11.
769 1274 823 1311 v.
857 1258 909 1311 4.
944 1256 1009 1311 Et
1049 1273 1358 1327 congregans
1386 1269 1556 1309 omnes
1583 1250 1831 1320 principes
1865 1249 2103 1303 sacerdo-

597 1363 703 1405 tum
734 1361 779 1405 et
817 1352 1005 1404 scribas
1032 1352 1239 1421 populi,
1272 1349 1615 1403 sciscatabatur
1643 1344 1705 1397 ab
1733 1344 1802 1397 eis
1840 1343 1925 1396 ubi
1950 1341 2103 1396 Chri-

597 1452 705 1495 stus
734 1452 1040 1495 acueretur.
1070 1441 1125 1494 5.
1149 1440 1213 1493 At
1247 1439 1325 1492 illi
1348 1439 1583 1492 dixerunt
1608 1437 1653 1488 ei
1679 1450 1698 1487 :
1734 1434 1787 1488 in
1813 1432 2103 1509 Bel/tlehem

594 1531 625 1583 J
634 1534 811 1585 udam.

596 1625 649 1678 1.
699 1623 938 1678 Vidistiu'
986 1621 1161 1675 omnia
1208 1619 1276 1674 ad
1325 1617 1634 1674 Iudaeorum
1680 1615 2099 1671 conlutationem

526 1715 821 1770 accidisse?
846 1714 1107 1781 Quamdiu
1130 1712 1270 1767 enim
1311 1726 1417 1765 non
1447 1710 1695 1765 videbant
1719 1725 1862 1775 eum,
1895 1724 1994 1763 nec
2021 1709 2102 1762 in-

528 1808 667 1863 vidia
697 1808 1139 1877 corripiebantur,
1169 1804 1469 1860 testimonia
1495 1817 1622 1857 vere
1647 1810 1703 1856 et
1730 1811 1789 1855 ut
1811 1809 1963 1855 erant
1988 1814 2109 1866 pro-

530 1897 773 1952 ferebant
803 1913 818 1949 :
848 1897 935 1949 ubi
978 1904 1155 1949 autem
1200 1893 1449 1947 viderunt
1492 1893 1713 1962 gloriam
1743 1906 1807 1945 ex
1841 1888 2108 1943 miraculis

532 1997 733 2057 partam
756 2029 769 2049 ,
804 1985 997 2040 invidia
1027 1985 1239 2039 demum
1269 1983 1532 2053 correpti,
1565 1983 1837 2037 veritatem
1866 1980 2111 2050 prodide-

530 2085 671 2130 runt.
695 2076 801 2131 Sed
832 2076 1033 2130 veritas
1054 2076 1104 2129 in
1125 2074 1373 2129 omnibus
1394 2073 1679 2138 eminebat,
1710 2081 1763 2126 et
1787 2071 1855 2125 ab
1882 2071 2109 2126 inimicis

530 2168 699 2238 magis
734 2168 1004 2237 magisque
1030 2165 1479 2236 promulgabatur.
1526 2164 1622 2218 llic
1652 2163 1776 2217 mihi
1805 2164 1925 2218 vide
1950 2179 2107 2233 quam

530 2261 685 2325 mira,
716 2275 872 2329 quam
903 2258 1163 2327 stupenda
1186 2258 1581 2328 provideantur.
1602 2257 1806 2311 Mutuas
1833 2256 1931 2310 sibi
1958 2270 2109 2310 com-

532 2350 749 2407 modant
778 2350 991 2405 notitias
1033 2350 1243 2404 barbari
1288 2356 1345 2404 et
1381 2348 1583 2408 Judwi,
1630 2348 1697 2402 ita
1734 2356 1791 2402 ut
1822 2347 2016 2417 singuli
2043 2347 2112 2401 ab

530 2444 652 2498 aliis
689 2443 959 2513 quidpiam
1001 2443 1120 2496 novi
1151 2442 1410 2497 ediscant.
1438 2440 1606 2495 Judmi
1638 2455 1866 2510 namque
1889 2456 1917 2492 a
1946 2440 2113 2506 magis

528 2534 897 2599 edidicerunt,
928 2534 1069 2604 quod
1096 2534 1248 2589 stella
1298 2535 1466 2602 ipsum
1500 2533 1551 2587 in
1583 2532 1863 2587 Persarum
1894 2532 2112 2601 regione

531 2624 929 2693 praedicaverit:
953 2624 1091 2693 magi
1119 2639 1147 2675 a
1170 2622 1369 2677 Judazis
1392 2630 1730 2690 acceperunt,
1761 2637 1883 2677 eum
1914 2622 2108 2689 ipsum,

530 2729 692 2783 quem
722 2714 873 2768 stella
902 2700 1433 2783 przedicaverat,‘jam
1461 2728 1490 2765 a
1522 2710 1701 2766 multis
1730 2721 1873 2766 retro
1902 2722 2111 2780 tempo-

529 2805 680 2859 ribus
708 2819 802 2873 per
830 2802 1115 2874 prophetas
1159 2802 1568 2871 praenuntiatum
1613 2800 1778 2856 fuisse
1803 2818 1816 2854 :
1839 2809 1998 2870 atque
2027 2802 2109 2853 in-

530 2896 901 2968 terrogationis
918 2896 1128 2950 occasio
1150 2894 1392 2949 clarioris
1414 2904 1467 2947 et
1488 2893 1832 2948 accuratioris
1856 2891 2111 2947 doctrina:

529 2985 913 3040 demonstratio
964 2986 1201 3053 utrisque
1252 2985 1393 3037 luit:
1425 2994 1572 3038 certe
1620 2982 1859 3038 veritatis
1912 2981 2112 3036 inimici

532 3076 728 3143 scripta
759 3075 997 3128 veritatis
1022 3074 1321 3129 testimonia
1347 3074 1427 3127 vel
1457 3072 1604 3126 inviti
1631 3073 1805 3142 legere
1829 3081 2109 3142 coguntur,

526 3175 579 3219 ct
609 3164 940 3233 prephetiam
982 3163 1314 3231 interpretari
1341 3203 1354 3226 ,
1384 3162 1593 3216 etiamsi
1625 3177 1728 3215 non
1760 3170 1919 3215 totam
1956 3177 2112 3216 :cum

528 3255 671 3309 enim
704 3253 1011 3308 Bethlehem
1041 3253 1329 3317 dixissent,
1354 3262 1406 3305 et
1448 3252 1570 3306 inde
1625 3251 1953 3306 exoriturum
1992 3266 2113 3307 esse

526 3359 650 3398 cum
675 3344 766 3414 qui
814 3352 1018 3412 regeret
1065 3342 1311 3396 Israclem
1333 3383 1348 3407 ,
1382 3356 1485 3395 non
1530 3340 1846 3395 addiderunt
1883 3341 1935 3395 id
1971 3341 2113 3411 quod

528 3432 870 3502 sequebatur,
896 3442 951 3486 ut
970 3433 1078 3501 regi
1100 3431 1465 3485 adularentur.
1488 3431 1620 3498 Quid
1642 3444 1815 3485 autem
1837 3440 1921 3485 est
1945 3429 2113 3485 illud?

533 3522 598 3576 Et
624 3540 849 3594 egressus
874 3523 981 3593 ejus
1005 3523 1067 3577 ab
1084 3522 1225 3576 initio
1253 3539 1316 3576 ea:
1340 3522 1513 3576 diebus
1533 3522 1703 3577 διεθηιὶ
1731 3522 1917 3590 (Mich.
1947 3522 2000 3577 5.
2028 3520 2110 3587 2).

529 3621 598 3675 Et
624 3637 725 3687 qua
753 3622 819 3675 de
846 3637 1004 3676 causa
1027 3663 1040 3686 ,
1072 3623 1279 3692 inquies
1298 3662 1313 3685 ,
1346 3624 1389 3676 si
1418 3622 1540 3676 inde
1564 3622 1794 3676 oriturus
1821 3631 1954 3683 erat,
1984 3629 2107 3691 post

524 3723 734 3783 partum
761 3714 812 3768 in
840 3714 1063 3769 Nazaret
1092 3715 1303 3777 mansit,
1334 3724 1387 3767 et
1414 3714 1742 3783 prophetiam
1769 3712 2106 3767 obscuravit?

523 3803 636 3859 lmo
664 3819 768 3858 non
796 3805 1116 3867 obscuravit,
1149 3804 1242 3859 sed
1272 3804 1551 3858 clariorem
1583 3803 1777 3857 elTecit.
1808 3802 1941 3856 Nam
1964 3802 2103 3872 quod

523 3902 694 3948 mater
719 3894 855 3962 ejus,
882 3909 1000 3964 quze
1032 3894 1141 3948 illic
1172 3893 1459 3958 habitabat,
1493 3892 1592 3946 hoc
1616 3894 1665 3947 in
1686 3892 1804 3946 loco
1820 3893 2107 3961 pepererit.

523 3982 576 4037 id
606 3992 753 4040 certe
775 3984 1009 4039 ostendit
1028 4000 1138 4039 rem
1169 4000 1261 4054 per
1282 3983 1670 4052 providentiam
1701 3984 1888 4038 factam
1919 3984 2100 4037 fuisse.

522 4074 859 4145 Quapropter
900 4090 1007 4129 non
1049 4076 1229 4130 statim
1262 4084 1420 4144 atque
1456 4085 1610 4128 natus
1636 4082 1752 4139 est,
1785 4072 1909 4127 hinc
1945 4073 2101 4139 exiit,

523 4167 618 4221 sed
644 4167 717 4221 ibi
748 4167 939 4222 mansit
968 4182 1061 4236 per
1083 4167 1197 4221 dies
1222 4166 1564 4236 quadraginta
1585 4207 1600 4230 ,
1646 4165 1817 4218 locum
1846 4164 1977 4218 dans
2004 4163 2105 4218 illis

523 4260 615 4326 qui
644 4260 839 4314 vellent
867 4259 1130 4314 curiosius
1160 4258 1447 4328 inquirere,
1482 4268 1533 4312 ut
1567 4268 1813 4314 accurate
1839 4259 2107 4313 examina-

522 4359 642 4404 rent
667 4350 866 4405 omnia.
895 4349 1053 4403 Multa
1082 4350 1276 4418 quippe
1301 4358 1455 4404 erant
1482 4364 1599 4417 qua?
1626 4350 1691 4403 ad
1724 4351 1858 4405 hanc
1890 4350 2103 4419 perqui-

521 4445 769 4499 sitionem
797 4450 1094 4502 moverent.
1121 4442 1166 4496 si
1192 4440 1404 4509 quidem
1433 4441 1710 4495 attendere
1738 4442 1953 4496 vellent.
1982 4443 2103 4501 Ete-

524 4533 631 4586 nim
661 4531 996 4587 venientibus
1025 4530 1209 4600 magis,
1230 4530 1493 4584 concitata
1520 4540 1604 4584 est
1635 4530 1877 4584 universa
1900 4531 2102 4597 civitas,

523 4634 576 4677 et
603 4638 728 4678 cum
753 4624 969 4680 civitate
994 4639 1088 4678 rex
1114 4622 1228 4691 ipse
1252 4639 1265 4675 :
1288 4620 1544 4689 prepheta
1577 4621 1627 4674 in
1670 4621 1906 4675 medium
1934 4622 2103 4676 addu-

522 4724 639 4771 ctus
680 4727 796 4781 est,
843 4716 1014 4771 lorum
1054 4714 1308 4785 judiciale
1358 4728 1607 4784 magnum
1660 4712 1941 4769 collectum
1988 4723 2101 4777 est;

522 4806 732 4876 aliaque
760 4807 923 4861 multa
972 4807 1165 4861 ibidem
1195 4814 1342 4877 gesta
1372 4814 1530 4871 sunt,
1577 4820 1695 4874 quae
1723 4806 1898 4859 omnia
1929 4816 2100 4859 narrat

522 4907 768 4951 accurate
798 4898 1000 4961 Lucas;
1031 4898 1175 4951 verbi
1197 4898 1359 4967 gratia
1387 4914 1503 4965 qua:
1524 4897 1587 4949 ad
1610 4899 1814 4951 Annam
1837 4907 2100 4965 spectant,

522 5003 641 5057 qua:
668 4987 734 5041 ad
775 4988 1076 5042 Simeonem
1098 5027 1113 5051 ,
1162 4988 1227 5040 ad
1270 4988 1575 5042 Zachariam
1601 5029 1616 5053 ,
1662 4989 1729 5041 ad
1760 4988 2010 5058 angelos,
2040 4989 2103 5043 ad

524 5087 800 5147 pastores,
841 5092 958 5145 qua:
993 5077 1170 5130 omina
1220 5086 1463 5145 poterant
1505 5078 1567 5132 iis
1609 5078 1699 5147 qui
1743 5078 1976 5131 animum
2007 5077 2103 5132 ad-

524 5168 708 5222 hibere
737 5167 933 5221 vellent
958 5167 1294 5221 occasionem
1322 5167 1478 5232 dare,
1520 5177 1575 5222 ut
1602 5167 1740 5237 quod
1770 5167 1963 5222 factum
1994 5180 2103 5224 erat

521 5257 1002 5327 deprehenderent.
1049 5256 1178 5311 Nam
1222 5257 1266 5311 si
1311 5260 1445 5327 magi
1491 5274 1555 5312 ex
1588 5258 1805 5312 Perside
1835 5260 2107 5315 venientes

524 5351 694 5404 locum
743 5365 847 5404 non
891 5350 1297 5417 iguoraverunt,
1332 5350 1501 5404 multo
1540 5351 1708 5421 magis
1754 5352 1827 5416 ii,
1876 5354 1963 5421 qui
1994 5352 2108 5406 istic

523 5440 889 5501 versabantur,
916 5442 1028 5494 lure
1051 5449 1289 5509 poterant
1318 5441 1575 5496 ediscere.
1597 5441 1728 5497 Sese
1750 5442 1907 5512 igitur
1927 5453 2108 5499 osten-

524 5531 597 5582 dit
636 5533 702 5585 ah
732 5531 880 5586 initio
911 5547 1006 5600 per
1044 5532 1207 5584 multa
1248 5532 1501 5586 miracula
1532 5535 1687 5601 :quia
1718 5542 1895 5589 autem
1930 5532 2108 5588 videre

525 5622 844 5690 uoluerunt,
878 5639 972 5695 per
1000 5624 1327 5695 aliquantum
1356 5628 1611 5695 temporis
1638 5641 1757 5682 sese
1801 5627 2105 5694 occultans,

2212 1227 2402 1284 iterum
2430 1245 2489 1284 se
2515 1231 2619 1285 alio
2646 1232 2801 1302 longe
2821 1232 3049 1289 clariore
3064 1235 3298 1291 ostendit
3321 1238 3497 1293 modo.
3518 1238 3629 1293 Non
3652 1240 3799 1295 enim

2211 1322 2348 1390 magi
2379 1321 2630 1391 deinceps
2650 1364 2665 1388 ,
2694 1338 2799 1377 non
2828 1324 2978 1378 stella
2998 1366 3013 1391 ,
3043 1326 3138 1381 sed
3167 1327 3324 1383 Pater
3346 1344 3575 1397 superne
3602 1331 3796 1400 przt‘di-

2210 1413 2351 1467 cavit
2393 1412 2446 1465 in
2490 1411 2736 1466 Jordanis
2782 1412 3027 1482 ﬂuentis,
3077 1425 3132 1472 et
3178 1419 3406 1485 Spiritus
3449 1422 3791 1488 supervenit,

2205 1526 2391 1568 vocem
2423 1512 2567 1567 illam
2610 1513 2662 1567 in
2704 1514 2954 1586 baptizati
2994 1528 3154 1588 caput
3184 1518 3530 1574 aderenszet
3556 1517 3794 1575 Joannes

2207 1617 2328 1659 cum
2358 1603 2602 1659 libertate
2627 1607 2771 1660 omni
2810 1621 2906 1675 per
2930 1616 3093 1663 totam
3118 1609 3355 1665 Judwam
3387 1608 3667 1673 clamabat,
3701 1608 3799 1663 ha-

2205 1693 2520 1758 bitabilem,
2572 1695 2919 1752 inhabitatam
2967 1708 3164 1754 terram
3206 1699 3508 1768 huiusmodi
3551 1699 3797 1755 doctrina

2203 1783 2420 1852 replens
2452 1801 2466 1837 :
2496 1784 2871 1841 miraculorum
2920 1804 3132 1859 quoque
3175 1788 3564 1854 testimonium,
3610 1797 3752 1844 terra
3774 1832 3795 1856 ,

2206 1888 2355 1927 mare
2385 1874 2737 1945 universaque
2760 1886 3003 1933 creatura
3030 1879 3361 1948 splendidam
3391 1880 3488 1932 hac
3516 1880 3581 1935 de
3611 1896 3671 1934 re
3696 1895 3796 1934 vo-

2200 1978 2317 2017 cem
2344 1965 2638 2020 emittebat.
2670 1967 2789 2036 lpso
2806 1969 2964 2023 etiam
2987 1981 3168 2038 partus
3184 1980 3425 2041 tempore
3448 1980 3526 2025 tot
3544 1971 3795 2028 accidere

2201 2053 2349 2124 signa
2367 2096 2383 2120 ,
2410 2072 2527 2125 quae
2557 2067 2774 2127 possent
2804 2059 3037 2116 indicare
3066 2061 3237 2131 ipsum
3267 2062 3566 2118 advenisse.
3599 2062 3679 2118 Ne
3704 2063 3791 2117 di-

2201 2156 2383 2199 cerent
2409 2146 2551 2202 enim
2578 2147 2747 2203 Jttdu'i
2778 2149 3090 2205 :Nescimus
3116 2153 3202 2207 ubi
3230 2153 3311 2207 vel
3342 2169 3448 2223 quo
3486 2154 3605 2207 loco
3634 2164 3795 2209 natus

2203 2236 2306 2301 sit,
2336 2236 2421 2290 illa
2447 2254 2566 2308 quae
2592 2256 2774 2310 magos
2799 2251 3041 2311 spectant
3079 2245 3289 2313 provisa
3330 2246 3509 2310 luere,
3554 2247 3795 2315 itemque

2202 2328 2303 2382 alia
2333 2345 2453 2399 qua:
2478 2330 2729 2397 diximus,
2760 2334 2829 2386 ita
2858 2343 2915 2387 ut
2944 2335 3143 2388 nullam
3172 2328 3567 2391 excusationem
3595 2336 3789 2391 afferre

2211 2421 2445 2490 possint,
2477 2423 2625 2492 quod
2663 2422 2719 2478 id
2755 2424 2904 2495 quod
2936 2435 3151 2497 gestum
3194 2434 3315 2480 erat
3360 2442 3470 2479 non
3512 2427 3796 2495 perquisi-

2211 2512 2420 2569 verint.

2282 2609 2336 2662 2.
2372 2609 2650 2678 Perpende
2684 2621 2859 2667 autem
2901 2613 3191 2683 prephetim
3231 2616 3642 2673 accurationem.
3678 2616 3796 2672 Non

2209 2701 2349 2750 cnim
2380 2699 2538 2765 dixit,
2567 2702 2620 2755 In
2644 2701 2953 2758 Bethlehetn
2978 2706 3232 2767 manebit,
3255 2706 3367 2769 sed,
3393 2706 3585 2761 Exibit.
3614 2709 3801 2778 itaque

2208 2788 2259 2842 id
2291 2798 2490 2845 tantmn
2522 2793 2797 2863 prophetia
2825 2797 3158 2865 erprimebat
3180 2838 3195 2864 ,
3225 2798 3367 2868 quod
3396 2798 3465 2852 ibi
3494 2799 3797 2855 nasciturus

2208 2891 2369 2936 esset.
2399 2884 2622 2952 Quidam
2650 2897 2831 2943 autem
2857 2904 3040 2944 eorum
3073 2890 3408 2960 impudenter
3430 2891 3645 2954 dicunt,
3680 2892 3796 2946 Iuno

2207 2971 2275 3027 de
2303 2974 2631 3032 Zorobabele
2671 2982 3019 3048 prmuuntiata
3068 2981 3231 3037 fuisse
3261 3000 3275 3036 :
3302 2982 3396 3037 sed
3421 2982 3693 3051 quomodo
3716 2984 3799 3038 sic

2211 3076 2433 3134 possunt
2458 3067 2789 3139 intelligere?
2812 3071 2926 3124 Non
2956 3071 3096 3125 enim
3136 3072 3383 3141 Egressus
3411 3074 3520 3143 ejus
3553 3072 3616 3125 ab
3652 3073 3798 3128 initio

2204 3172 2266 3209 ea:
2293 3156 2465 3212 diebus
2491 3162 2663 3213 διεωιὶ
2704 3160 2889 3231 (llic/1.
2919 3164 2971 3217 5.
3000 3163 3078 3230 2).
3124 3164 3403 3231 Quomodo
3431 3173 3609 3217 autem
3654 3164 3786 3219 illud

2206 3249 2346 3317 quod
2390 3250 2539 3306 initio
2566 3251 2779 3319 dicitur,
2810 3252 2895 3307 Ex
2936 3266 2984 3308 te
3021 3255 3201 3321 exibit,
3247 3256 3299 3310 in
3329 3256 3475 3309 illum
3502 3256 3795 3310 convenire

2207 3339 2407 3406 possit?
2436 3340 2549 3395 Non
2578 3344 2718 3398 enim
2752 3345 2803 3398 in
2848 3344 3030 3401 Judtea
3050 3386 3065 3410 ,
3109 3346 3202 3401 sed
3251 3348 3303 3402 in
3333 3347 3605 3419 Babylone
3636 3356 3794 3402 natus

2203 3441 2329 3486 est:
2361 3434 2500 3489 unde
2539 3437 2697 3491 etiam
2730 3437 3024 3493 Zorobabel
3055 3440 3349 3509 appellatus
3386 3439 3515 3502 fuit,
3548 3439 3669 3508 quia
3715 3439 3789 3494 ibi

2200 3531 2374 3577 ortum
2401 3523 2571 3579 duxit.
2603 3527 2873 3597 Quotquot
2911 3527 3166 3598 Syrorum
3214 3529 3442 3600 linguam
3481 3529 3689 3593 sciunt,
3731 3529 3788 3584 id

2200 3614 2341 3682 quod
2389 3615 2616 3671 dicimus
2662 3634 2765 3671 non
2820 3603 3081 3688 ignorant.
3130 3620 3333 3675 Przeter
3372 3635 3436 3674 ea
3486 3635 3616 3674 vero
3664 3635 3790 3689 qua!

2198 3706 2465 3783 diximus,
2495 3720 2700 3777 tempus
2728 3721 2895 3764 totum
2923 3712 3254 3783 subsequens
3287 3713 3387 3767 hoc
3418 3712 3807 3765 testimonium.

2195 3801 2515 3856 conﬁrmare
2562 3798 2725 3852 valet.
2772 3798 2907 3863 Quid
2958 3798 3098 3850 enim
3139 3795 3302 3849 dicit?
3348 3793 3401 3847 6.
3447 3790 3787 3862 Nequaquam

2197 3893 2407 3947 minima
2435 3907 2486 3945 es
2514 3892 2565 3943 in
2596 3889 2904 3958 principibus
2934 3889 3075 3941 Iuda
3096 3930 3109 3950 ,
3137 3896 3190 3941 ct
3217 3882 3541 3941 celebritatis
3564 3894 3783 3934 causam

2198 3984 2379 4053 adjicit
2424 3982 2505 4035 his
2536 3980 2749 4045 verbis,
2787 3980 2922 4047 Quia
2965 3996 3027 4033 ra:
3071 3989 3116 4032 te
3157 3977 3327 4031 exibit.
3372 3972 3559 4029 Nullus
3600 3980 3784 4025 autem

2198 4078 2335 4131 alius
2360 4075 2502 4129 hunc
2543 4074 2718 4128 locum
2745 4072 2949 4126 clarum
2995 4070 3446 4139 conspicuumque
3478 4065 3635 4127 fecit,
3679 4063 3785 4116 nisi

2200 4167 2313 4236 ipse
2342 4166 2506 4220 solus.
2542 4163 2669 4218 Post
2690 4172 2898 4234 partum
2929 4161 3125 4231 quippe
3152 4159 3298 4213 illum
3321 4173 3383 4211 ex
3414 4155 3609 4209 finibus
3635 4152 3785 4207 orbis

2199 4258 2423 4314 veniunt
2451 4258 2716 4312 visitatum
2751 4270 2990 4324 praxsepe
3018 4264 3070 4307 et
3099 4252 3286 4322 tugurii
3312 4251 3485 4305 locum
3517 4266 3530 4301 :
3560 4246 3610 4301 id
3638 4245 3781 4314 quod

2196 4351 2306 4420 jam
2335 4351 2460 4403 olim
2509 4348 2765 4419 propheta
2800 4346 3171 4415 prmnuutiavit
3205 4344 3426 4397 dicens:
3452 4339 3787 4411 Nequaquam

2201 4442 2409 4494 minima
2450 4456 2502 4493 es
2542 4440 2595 4491 in
2625 4436 2938 4507 principibus
2962 4435 3103 4488 Juda
3133 4433 3323 4499 (Misit.
3352 4435 3408 4488 5.
3443 4431 3536 4501 2);
3581 4431 3633 4484 id
3659 4438 3739 4483 est
3766 4470 3786 4495 ,

2201 4532 2343 4587 inter
2369 4531 2598 4585 tribuum
2628 4529 2915 4599 principes.
2946 4526 3148 4593 Quibus
3178 4524 3356 4579 verbis
3381 4525 3541 4580 etiam
3567 4521 3788 4576 ieroso—

2203 4623 2402 4693 lymam
2433 4619 2822 4689 complectitur.
2849 4616 2954 4671 Sed
2985 4632 3048 4671 ne
3078 4617 3154 4670 sic
3179 4614 3392 4685 quidem
3421 4613 3658 4666 animum
3684 4608 3787 4663 ad-

2205 4716 2488 4771 hibuerunt
2513 4755 2526 4775 ,
2556 4712 2765 4766 etiamsi
2797 4711 2994 4764 utilitas
3035 4708 3099 4763 ad
3142 4709 3287 4776 ipsos
3312 4706 3626 4761 dimanaret.
3659 4701 3790 4754 Ideo

2200 4809 2343 4862 enim
2371 4820 2631 4875 nusquam
2654 4803 2929 4872 propheta:
2948 4802 3015 4856 de
3034 4800 3288 4871 dignitate
3309 4799 3424 4866 ejus
3446 4797 3498 4851 in
3521 4792 3787 4865 principio

2201 4907 2404 4952 tantum
2452 4901 2737 4966 loquuntur
2759 4936 2775 4961 ,
2824 4902 3076 4964 quantum
3107 4893 3174 4947 de
3202 4889 3461 4947 beneﬁcio
3486 4886 3626 4958 quod
3655 4885 3787 4955 ipsis

2202 4991 2467 5062 pnestitit.
2510 4988 2718 5043 Etenim
2761 5001 2881 5041 cum
2924 4984 3155 5055 Virginis
3194 4993 3373 5051 partus
3404 4980 3623 5034 instaret
3664 4978 3738 5030 ait
3771 5017 3787 5037 ,

2215 5082 2422 5135 Vocabis
2448 5097 2627 5135 nomen
2653 5080 2763 5149 ejus
2789 5077 3003 5140 Iesum;
3033 5085 3087 5130 et
3113 5074 3293 5143 adjicit
3318 5090 3331 5127 :
3354 5070 3382 5125 1
3389 5088 3475 5141 pse
3517 5070 3647 5123 enim
3680 5067 3787 5123 sal-

2204 5193 2318 5229 vum
2346 5174 2496 5246 faciet
2522 5172 2767 5242 populant
2793 5186 2939 5223 suum
2969 5185 2998 5219 η
3029 5167 3242 5236 peccatis
3270 5180 3462 5218 eorum.
3493 5161 3626 5230 Magi
3659 5175 3786 5213 vero

2208 5281 2311 5319 non
2341 5263 2609 5326 dicebant,
2652 5259 2752 5314 Ubi
2799 5267 2882 5312 est
2924 5257 3087 5311 Filius
3124 5255 3239 5319 Dei,
3271 5253 3385 5318 scd,
3422 5252 3515 5316 Qui
3544 5259 3689 5302 natus
3715 5257 3786 5301 est

2206 5374 2296 5410 rex
2318 5354 2640 5407 Iudaeorum.
2670 5350 2766 5404 llic
2791 5363 3001 5419 quoque
3046 5362 3151 5400 non
3195 5345 3357 5408 dixit,
3391 5344 3469 5397 Ex
3522 5350 3573 5395 te
3616 5339 3783 5394 exibit

2207 5448 2372 5502 Filius
2404 5445 2528 5505 Dei;
2560 5443 2677 5506 sed,
2706 5440 2843 5504 Dux,
2868 5439 2952 5506 qui
2973 5445 3112 5506 regat
3133 5435 3377 5506 populum
3400 5448 3563 5485 meum
3597 5427 3780 5483 Israel.

2209 5536 2501 5608 Oportebat
2524 5534 2720 5603 quippe
2742 5531 2891 5584 initio
2916 5528 3197 5581 humiliore
3225 5524 3475 5594 loquendi
3501 5521 3659 5577 modo
3686 5520 3793 5580 uti,

2210 5646 2276 5685 ne
2302 5628 2418 5681 haec
2446 5625 2573 5705 ipsis
2602 5620 2921 5680 oll'cndiculo
2945 5626 3158 5684 essent,
3200 5625 3254 5672 et
3280 5630 3342 5669 ea
3372 5615 3549 5670 dicere
3573 5626 3690 5683 qum
3718 5609 3783 5662 ad
