4058 6208
427 204 498 256 75
1171 179 1181 189 ’
1557 210 1627 264 IN
1667 211 2080 270 1111111151111
2124 214 2357 273 1101111..
2397 217 2506 272 vn.
3577 214 3646 273 η

3308 393 3633 410 c————

1891 533 2136 586 UMIAIA
2171 538 2242 590 Z'.

405 651 513 707 Καὶ
552 654 912 726 συγαγτιχὼν
939 653 1169 726 πάντας
1188 655 1328 721 τοὺς
1349 657 1640 726 ἀρχιερεῖς
1665 657 1762 710 καὶ
1789 672 1972 726 γραμε

472 722 678 792 ματεῖς
700 722 810 794 τοῦ
843 724 1028 794 λαοῦ,
1057 722 1599 794 ἐπυνθάνεέοξπὶιβ
1619 722 1974 790 αὐτῶν,ποῦ

477 791 509 846 ὀ
563 791 818 860 Χριστὸς
853 793 1152 860 γεννᾶται.
1187 797 1252 848 Ol
1297 795 1365 848 δὲ
1412 791 1587 850 εἴποι·
1614 795 1774 860 αὐτῷ
1799 812 1814 826 ·
1873 795 1977 846 Ἐν

477 859 749 931 Βηθλεὲμ
787 859 895 930 τῆς
935 863 1236 929 Ἰουδαίας.

478 1023 546 1070 α’.
580 1011 732 1078 Εἶδες
769 1015 983 1070 ἅπαντα
1007 1015 1086 1078 εἰς
1119 1015 1336 1086 ἔλεγχον
1363 1018 1618 1087 γινόμενα
1658 1017 1976 1085 Ἰουδαῖκόν;

410 1103 555 1170 Ἕως
591 1107 688 1176 μὲν
717 1106 826 1177 γὰρ
856 1105 1017 1159 αὑτὸν
1056 1106 1157 1159 οὐκ
1206 1106 1506 1176 ἐθεώρουν’
1558 1107 1678 1161 οὐδὲ
1730 1108 1834 1162 ὑπὸ
1881 1110 1981 1180 τῆς

412 1198 712 1268 βασκανίας
764 1197 1049 1268 ἡλίσκοντο
1079 1235 1095 1260 ,
1158 1198 1296 1267 μετὰ
1353 1197 1610 1268 ἀληθείας
1656 1199 1756 1263 τὰς
1840 1217 1980 1270 μαρ-

408 1288 599 1358 τυρίας
657 1286 1000 1356 διηγόρευον·
1056 1285 1240 1356 ἐπειδὴ
1283 1286 1341 1339 δὲ
1391 1283 1531 1341 εἶδον
1576 1287 1675 1360 τὴν
1721 1287 1832 1342 ἀπὸ
1873 1288 1982 1341 τῶν

412 1377 702 1447 θαυμάτων
763 1375 1118 1445 ὲγγινομένην
1147 1374 1193 1405 ⁸⁸
1223 1373 1378 1437 δόξαν
1404 1415 1420 1439 ,
1479 1375 1583 1428 ὐπὸ
1633 1375 1729 1428 τοῦ
1789 1374 1983 1444 φθόνου

410 1466 836 1539 κατασχεθέντες
897 1465 1082 1518 λοιπὸν
1163 1463 1484 1535 προῦδωκαν
1540 1465 1635 1536 τὴν
1706 1466 1982 1535 ἀλήθειαν.

425 1556 564 1611 Ἀλλ’
622 1559 657 1627 ή
730 1556 960 1627 ἀλήθεια
1031 1555 1118 1610 διὰ
1184 1555 1400 1608 πάντων
1472 1554 1667 1626 ᾔρετο,
1733 1556 1828 1608 κα)⁸
1882 1553 1988 1608 ὐπδ

412 1648 521 1702 τῶν
570 1646 778 1718 ἐχθρῶν
815 1646 1074 1718 μειζόνως
1119 1647 1511 1716 συνεκροτεῖτο.
1548 1646 1692 1716 Ὅρα
1727 1645 1856 1713 γοῦν
1894 1645 1988 1698 καὶ

417 1735 650 1790 ἐνταῦθα
692 1734 808 1797 πῶς
845 1734 1135 1805 θαυμαστά
1181 1735 1271 1787 καὶ
1305 1733 1582 1804 παράδοξα
1629 1736 1985 1804 οἰκονομεῖται

415 1824 737 1894 πράγματα.
773 1821 937 1891 Ὁμοῦ
980 1838 1038 1874 τε
1080 1821 1189 1891 γάρ
1223 1821 1316 1874 καί⁹
1348 1821 1674 1891 μανθάνουσί
1722 1839 1776 1874 τι
1826 1822 1986 1876 πλέον

416 1915 546 1985 παρ’
583 1911 848 1982 ἀλλήλοιν,
869 1911 963 1964 καὶ
1001 1910 1343 1964 διδάσκουσιν
1371 1911 1651 1982 ἀλλήλους,
1671 1911 1724 1966 οἵ
1758 1929 1818 1965 τε
1850 1913 1988 1984 βάρ-

417 2005 576 2075 ϐαροι
619 2002 712 2056 καὶ
759 2003 807 2055 οἰ
859 2003 1121 2057 Ἰουδαῖοι.
1159 2004 1222 2055 Ol
1271 2004 1371 2073 μέν
1411 2006 1519 2076 γὰρ
1561 2005 1799 2058 Ἰουδαῖοι
1837 2005 1990 2077 παρὰ

418 2094 568 2168 1105]
598 2093 704 2146 τῶν
745 2094 933 2164 μάγων
973 2095 1192 2165 ἤκουον,
1219 2094 1302 2146 ὃτι
1351 2095 1446 2148 καὶ
1477 2094 1653 2167 ἀστὴρ
1698 2095 1858 2148 αὐτὸν
1899 2096 1992 2149 ἐπὶ

415 2187 515 2257 τῆς
541 2188 764 2257 Περσῶν
800 2183 1032 2257 ἐκήρυξε
1062 2185 1244 2257 χώρας
1267 2201 1282 2217 ·
1313 2186 1364 2238 οἰ
1397 2185 1452 2238 δὲ
1497 2187 1660 2256 μάγοι
1703 2186 1856 2258 παρά
1878 2186 1989 2239 τῶν

432 2279 700 2333 Ἰουδαίων
727 2277 1050 2348 ἐμάνθανον,
1087 2277 1170 2330 ὅτι
1196 2275 1406 2339 τοῦτον,
1440 2276 1498 2328 ὃν
1524 2279 1552 2329 6
1576 2277 1750 2349 ἀστὴρ
1789 2278 1990 2350 ἐκήρυ-

421 2369 475 2434 ξε
499 2369 566 2433 ⁸⁷,
599 2369 693 2423 καὶ
739 2367 1017 2439 προφῆται
1051 2366 1156 2437 1:96
1193 2365 1400 2419 πολλῶν
1434 2364 1638 2418 ἀνωθεν
1678 2361 1992 2436 διηγόρευον

419 2463 626 2532 χρόνων
647 2476 659 2488 '
690 2462 784 2514 καὶ
816 2462 913 2529 τῆς
949 2459 1270 2529 ἐρωτήσεως
1291 2459 1324 2525 ή
1357 2455 1614 2519 ὑπόθεσις
1649 2454 1992 2520 διδασκαλίας

421 2551 759 2623 σαφεστέρας
794 2569 854 2604 τε
889 2551 985 2604 καὶ
1018 2549 1415 2620 ἀκριϐεστέρας
1460 2549 1739 2619 ἑκατέροις
1764 2548 1812 2580 ⁸⁸
1853 2546 1992 2602 ἀπό-

419 2643 586 2709 δειξις
618 2642 808 2710 γέγονε
829 2657 843 2671 ·
878 2640 972 2693 καὶ
1000 2640 1050 2692 οἱ
1094 2639 1192 2710 τῆς
1229 2637 1487 2708 ἀληθείας
1520 2638 1704 2708 ἐχθροί
1742 2638 1812 2691 τὰ
1852 2636 1992 2707 ὐπὲρ

422 2733 518 2804 τῆς
536 2731 788 2803 ἀληθείας
811 2729 906 2783 καὶ
926 2730 1147 2791 ἄκοντες
1174 2726 1574 2795 ἀναγκάζονται
1602 2725 1995 2796 ἀναγινώσκειν

422 2824 746 2895 γράμματα,
777 2821 871 2875 καὶ
907 2821 1006 2891 τὴν
1051 2819 1389 2891 προφητείαν
1431 2818 1782 2889 ἑρμηνεύειν,
1817 2819 1866 2870 εί
1901 2817 1996 2871 καὶ

421 2926 495 2994 μὴ
535 2930 735 2981 πᾶσαν.
781 2928 1038 2993 Εἰπόντες
1071 2927 1178 3001 γάρ
1219 2927 1318 2999 τὴν
1364 2928 1632 2999 Βηθλεέμ,
1667 2929 1760 2982 καὶ
1799 2923 1880 2982 δτι
1926 2927 1987 2994 ἐξ

417 3016 583 3086 αὐτῆς
616 3017 956 3083 ἐξελεύσεται
984 3021 1014 3072 6
1050 3018 1355 3089 ποιμαίνων
1395 3019 1486 3072 τὸν
1524 3021 1770 3090 Ἰσραὴλ,
1798 3019 1986 3074 λοιπὸν

417 3106 598 3161 οὐκέτι
627 3109 974 3181 προσέθηκαν
999 3109 1060 3163 :6
1099 3110 1246 3180 ἐξῆς,
1279 3110 1663 3174 κολακεύοντες
1697 3112 1787 3164 τὸν
1833 3111 1986 3182 βασι-

417 3197 534 3251 λέα.
565 3198 630 3251 Τί
651 3200 708 3252 δὲ
739 3200 899 3253 τοῦτο
919 3197 1020 3271 ῆνς
1052 3201 1174 3255 Ὅτι
1206 3203 1276 3256 Αἰ
1307 3201 1503 3265 ἔξοδοι
1528 3203 1714 3256 αὐτοῦ
1748 3203 1849 3257 ἀπ’
1879 3203 1985 3270 ἀρ-

419 3288 535 3359 χῆς
578 3290 648 3356 ἐξ
695 3291 929 3360 ἡμερῶν
955 3291 1190 3359 αἰῶνος.
1235 3293 1347 3347 Καὶ
1377 3293 1521 3358 τίνος
1564 3294 1767 3354 ἕνεκεν,
1799 3295 1984 3365 φησὶν,

419 3386 467 3436 εἰ
495 3383 702 3437 ἐκεῖθεν
731 3383 922 3454 ἔμελλε
953 3384 1349 3456 παραγίνεσθαι
1376 3384 1444 3448 ³³,
1478 3387 1536 3437 ἐν
1564 3384 1819 3456 Ναζαρὲτ
1850 3385 1988 3455 μετά

417 3473 508 3527 τὸν
551 3474 709 3528 τόκον
747 3475 922 3546 διῆγε,
973 3475 1067 3529 καὶ
1115 3474 1434 3540 συνεσκίαζε
1479 3476 1577 3546 τὴν
1616 3476 1984 3548 προφητείαν;

418 3566 529 3618 Καὶ
557 3565 661 3636 μὴν
683 3567 744 3619 οὐ
769 3565 1142 3630 συνεσκίασεν,
1169 3565 1304 3619 ἀλλά
1323 3567 1418 3622 καὶ
1444 3566 1644 3636 μᾶλλον
1668 3566 1984 3635 ἐξεκάλυψε.

417 3657 492 3710 T6
516 3657 647 3728 γὰρ,
665 3658 782 3710 ἐκεῖ
800 3656 899 3725 τῆς
925 3658 1129 3728 μητρὸς
1152 3657 1405 3727 οίκούσης
1429 3657 1736 3720 διαπαντὸς,
1757 3657 1988 3711 ἐνταῦθα

416 3747 737 3818 γεννηθῆναι
773 3747 1041 3800 δείκνυσιν
1082 3747 1142 3812 ἐξ
1169 3747 1478 3818 οἰκονομίας
1501 3749 1565 3801 :6
1593 3751 1824 3819 πρᾶγμα
1847 3745 1992 3817 γινό-

417 3855 598 3908 μενον.
618 3838 719 3891 Διά
743 3855 824 3891 τοι
847 3839 1002 3892 τοῦτο
1023 3840 1140 3894 οὐδὲ
1161 3839 1361 3903 εὐθέως
1377 3839 1588 3910 τεχθεὶς
1603 3840 1824 3910 ἐξῆλθεν
1846 3841 1989 3894 ἐκεῖ-

418 3928 509 3980 θεν
521 3931 590 3992 ’⁸,
608 3929 721 3983 ἀλλ’
741 3931 994 4000 ἐποίησεν
1009 3930 1218 4002 ἡμέρας
1240 3931 1662 4002 τεσσαράκοντα,
1678 3935 1786 3994 τοῖς
1806 3931 1990 4000 βουλο-

418 4019 598 4090 μένοις
612 4021 1064 4093 περιεργάζεσθαι
1081 4021 1253 4084 διδοὺς
1271 4021 1410 4092 μετὰ
1423 4022 1704 4091 ἀκριϐείας
1719 4021 1988 4086 ἐξετάζειν

416 4111 652 4165 ἅπαντα.
690 4113 799 4166 Καὶ
844 4112 952 4183 γάρ
986 4112 1157 4165 πολλὰ
1200 4109 1267 4183 ἦν
1309 4112 1377 4166 τὰ
1406 4113 1658 4165 κινοῦντα
1703 4113 1839 4183 πρὸς
1883 4112 1984 4182 τὴν

415 4203 672 4272 τοιαύτην
718 4203 966 4274 ζήτησιν,
1008 4204 1062 4258 ετ
1097 4221 1160 4274 γε
1208 4203 1496 4275 προσέχειν
1545 4202 1843 4257 ἐϐούλοντο.
1880 4204 1989 4256 Καὶ

413 4293 522 4365 γὰρ
557 4293 820 4349 ἐλθόντων
842 4294 954 4348 τῶν
977 4293 1184 4365 μάγων,
1214 4293 1563 4366 ἀνεπτερὼοη
1587 4294 1734 4347 πᾶσα
1758 4295 1792 4364 ή
1815 4293 1985 4360 πόλις,

417 4385 511 4436 καὶ
552 4384 691 4453 μετά
721 4384 823 4455 τῆς
870 4384 1075 4449 πόλεως
1107 4387 1135 4438 6
1180 4384 1428 4455 βασιλεὺς
1451 4427 1465 4451 ,
1500 4385 1594 4439 καί.
1633 4385 1662 4436 6
1706 4385 1982 4456 προφήτης

419 4474 495 4536 εἰς
529 4471 695 4543 μέσον
730 4474 1028 4544 παρήγετο,
1071 4474 1166 4527 καὶ
1195 4472 1540 4544 δικαστήριον
1577 4473 1831 4544 μέγιστον
1866 4491 1995 4526 συν-

417 4567 710 4635 εκροτεῖτο,
736 4567 829 4618 καί
859 4565 1022 4636 ἔτερα
1045 4565 1101 4618 δὲ
1129 4564 1349 4618 πλείονα
1374 4565 1593 4633 γέγονεν
1618 4565 1826 4628 αὐτόθι,
1846 4566 1990 4633 ἆπερ

415 4657 446 4709 6
472 4658 688 4718 Λουκᾶς
721 4655 860 4726 μετά
887 4655 1169 4726 ἀκριϐείας
1206 4656 1470 4727 διηγεῖται
1501 4655 1746 4710 ἅπαντα·
1778 4651 1888 4710 οἷον
1920 4657 1988 4709 τὰ.

417 4749 556 4802 κατά
580 4749 680 4818 τὴν
704 4747 919 4811 Ἀνναῖν,
944 4747 1038 4801 καὶ
1063 4749 1156 4801 τὸν
1188 4746 1430 4818 Συμεὼν,
1461 4749 1557 4801 καί
1580 4750 1672 4803 τὸν
1693 4749 1984 4819 Ζαχαρίαν,

417 4839 510 4892 καὶ
546 4840 673 4900 τοὺς
699 4837 986 4907 ἀγγέλους,
1014 4839 1107 4892 καὶ
1134 4838 1259 4901 τοὺς
1287 4838 1567 4908 ποιμένας,
1604 4839 1746 4909 άπερ
1771 4837 1990 4891 ἅπαντα

417 4933 526 4994 τοῖς
581 4928 940 4999 προσέχουσιν
987 4928 1147 4982 ἰκανὰ
1185 4924 1251 5000 ἦν
1299 4933 1599 5000 παρασχεῖν
1637 4929 1888 4998 ἀφορμὰς
1929 4930 1989 4981 τὸ

418 5017 568 5090 [104]
620 5019 982 5088 γεγενημένον
1031 5019 1226 5091 εὑρεῖν.
1293 5021 1355 5072 Εἰ
1402 5020 1510 5090 γάρ
1564 5019 1671 5071 ἀπὸ
1731 5019 1989 5090 Περσίδος

418 5109 664 5172 ἐλθόντες
702 5109 752 5161 οἰ
800 5108 963 5178 μάγοι
1003 5111 1102 5162 οὐκ
1141 5110 1413 5181 ἠγνόησαν
1459 5111 1549 5164 τὸν
1578 5111 1775 5177 τόπον,
1811 5111 1988 5182 πολλῴ

419 5207 618 5275 μᾶλλον
645 5209 692 5260 οἰ
726 5209 843 5260 ἐκεῖ
870 5199 1433 5280 διατρίϐοντεςταῦτα
1473 5215 1665 5285 μαθεῖν
1702 5217 1981 5285 ⁴ὴδύναντο.

420 5297 626 5362 Ἔδειξε
657 5301 758 5369 μὲν
790 5296 883 5353 οὖν
911 5301 970 5367 ἐξ
998 5303 1172 5373 ἀρχῆς
1201 5305 1390 5358 ἐαυτὸν
1421 5307 1509 5359 διὰ
1534 5308 1744 5360 πολλῶν
1772 5309 1984 5379 θαυμά-

416 5405 547 5443 των·
584 5390 774 5462 ἐπειδὴ
801 5392 857 5445 δέ
895 5393 995 5447 οὐκ
1023 5393 1295 5467 ἠθέλησαν
1328 5397 1476 5464 ἰδεῖν,
1517 5398 1730 5470 κρύψας
1763 5399 1853 5454 τὸν
1884 5418 1983 5471 με-

2083 659 2216 725 ταξὺ
2264 659 2452 731 χρόνον
2509 661 2735 722 ἐαυτὸν.
2776 662 2939 717 πάλιν
2982 663 3044 728 ἐξ
3093 664 3284 734 ἐτέρας
3330 665 3650 734 ἀπεκάλυψε

2079 751 2466 821 λαμπροτέρας
2490 752 2682 821 ἀρχῆς.
2710 753 2843 806 Οὐδὲ
2874 753 2984 825 γὰρ
3013 756 3064 806 οἰ
3103 754 3265 825 μάγοι
3295 755 3501 820 λοιπὺον,
3530 757 3651 822 οὐδὲ

2084 841 2114 894 6
2133 839 2328 911 ἀστήρ,
2351 840 2466 893 ἀλλ’
2497 841 2525 892 6
2559 841 2749 912 Πατὴρ
2784 843 2992 896 ἀνωθεν
3022 846 3316 916 ἐκήρυττεν
3338 846 3382 876 ⁸³
3414 847 3506 898 ἐπὶ
3541 847 3652 898 τῶν

2098 931 2434 1002 Ἰορδανείων
2467 930 2696 1002 ῥείθρων
2718 949 2733 962 ·
2763 933 2857 985 καί
2882 934 2942 985 :6
2963 934 3188 1003 Πνεῦμα
3221 935 3277 988 δὲ
3299 937 3344 968 ⁸⁸
3370 937 3650 1004 ἐπεφοίτα,

2084 1021 2184 1092 τὴν
2213 1021 2394 1094 φωνὴν
2421 1022 2634 1090 ἐκείνην
2657 1021 2813 1076 ’έλκον
2841 1023 2932 1076 ἐπὶ
2951 1023 3046 1094 τὴν
3068 1025 3306 1094 κεφαλὴν
3339 1026 3431 1080 τοῦ
3456 1027 3654 1096 βαπτι-

2086 1112 2312 1183 ζομένου
2337 1130 2351 1144 ·
2383 1114 2476 1166 καὶ
2509 1114 2759 1184 Ἰωάννης
2786 1114 2922 1184 μετά
2951 1117 3260 1186 παρρησίας
3279 1119 3494 1188 ἀπάσης
3519 1135 3656 1172 παν-

2085 1204 2251 1275 ταχοῦ
2292 1206 2391 1274 τῆς
2425 1204 2683 1268 Ἰουδαίας
2711 1204 2858 1267 ἐϐόα,
2894 1205 2993 1276 τὴν
3025 1207 3368 1276 οἰκουμένην,
3402 1208 3499 1278 τὴν
3541 1209 3654 1261 ἀοί-

2087 1311 2250 1366 κητον
2287 1297 2386 1366 τῆς
2416 1296 2668 1366 τοιαύτης
2699 1295 3042 1359 διδασκαλίας
3070 1296 3314 1367 πληρῶν·
3355 1298 3451 1352 καὶ
3483 1300 3515 1363 ή
3548 1298 3656 1351 τῶν

2088 1384 2380 1455 θαυμάτων
2406 1385 2463 1438 δὲ
2498 1386 2791 1456 μαρτυρία,
2826 1386 2922 1438 καὶ
2950 1386 3044 1456 γῆ,
3074 1387 3169 1439 καὶ
3208 1387 3466 1450 θάλαττα,
3498 1388 3591 1441 καί
3621 1388 3655 1457 ἡ

2089 1476 2265 1540 κτίσις
2301 1477 2488 1530 ἀπασα
2529 1477 2787 1547 λαμπρὰν
2833 1478 2973 1546 ὑπὲρ
3024 1477 3187 1531 αὐτοῦ
3242 1480 3393 1548 ἠφίει
3449 1481 3654 1550 φωνήν.

2091 1567 2250 1638 Παρὰ
2295 1568 2353 1621 δὲ
2393 1566 2484 1621 τὸν
2521 1568 2708 1637 καιρὸν
2755 1566 2861 1620 τῶν
2903 1567 3105 1621 ὠδίνων
3143 1570 3380 1624 τοσαῦτα
3413 1570 3654 1636 ἐγίνετο,

2089 1655 2190 1708 ὅσα
2214 1656 2360 1718 εἰκὸς
2389 1656 2573 1728 ἠρέμα
2607 1656 2776 1721 δεῖξαι
2803 1655 2892 1707 τὸν
2935 1658 3366 1726 παραγεγονότα.
3396 1659 3512 1711 Ἵνα
3547 1657 3658 1728 γὰρ

2093 1746 2169 1816 μὴ
2191 1745 2418 1813 λέγωσιν
2438 1749 2487 1800 οἰ
2521 1747 2760 1800 Ἰουδαῖοι
2776 1749 2844 1810 ³³,
2864 1749 2948 1800 ὅτι
2973 1750 3074 1802 οὐκ
3099 1750 3258 1819 ῐσμεν
3279 1751 3407 1802 πότε
3439 1749 3656 1819 ἐτέχθη,

2088 1835 2209 1888 οὐδὲ
2232 1836 2290 1888 ἐν
2323 1837 2460 1908 ποίῳ
2483 1837 2689 1908 χωρίῳ,
2721 1838 2792 1890 τά
2821 1855 2879 1890 τε
2903 1839 3054 1892 ικατά
3085 1841 3212 1904 τοὺς
3244 1841 3451 1908 μάγους
3483 1842 3661 1898 πάντα

2089 1928 2436 2000 ᾠκονομήθη.
2477 1931 2572 1983 καὶ
2599 1929 2668 1983 τὰ
2696 1929 2831 1983 ἄλλα
2858 1931 3001 2001 άπερ
3033 1933 3334 2003 εἰρήκαμεν
3353 1949 3366 1963 ·
3399 1932 3538 1985 ὥστε
3563 1933 3658 1986 οὐ-

2089 2019 2279 2091 δεμίαν
2323 2020 2503 2076 αἰτίαν
2555 2021 2620 2075 ἂν
2665 2020 2838 2092 ἔχοιεν
2866 2022 3074 2089 εἰπεῖν,
3123 2023 3198 2094 μὴ
3237 2023 3570 2095 ζητήσαντες
3596 2025 3661 2078 τὸ

2089 2127 2286 2182 γεγενη
2295 2112 2472 2182 μένον.

2165 2208 2228 2278 β’.
2247 2207 2448 2260 Σκόπει
2468 2207 2524 2260 δὲ
2547 2207 2638 2261 καί
2659 2207 2757 2277 τῆς
2775 2206 3108 2280 προφητείας
3133 2206 3234 2276 τὴν
3256 2207 3558 2278 ἀκρίϐειαν.
3579 2207 3659 2259 Οὐ

2091 2295 2202 2367 γὰρ
2231 2289 2404 2360 εἶπεν,
2439 2294 2522 2348 6:1.
2551 2297 2609 2348 ἐν
2643 2295 2891 2366 Βηθλεέμ.
2922 2298 3092 2366 μενεῖ,
3126 2295 3265 2359 ἀλλ’,
3295 2295 3658 2361 ἐξελεύσεται.

2095 2387 2258 2440 Ὥστε
2293 2385 2568 2440 καὶτοῦτο
2604 2386 2940 2457 προφητείας
2962 2382 3051 2457 ἦν,
3086 2386 3148 2438 :6
3183 2385 3508 2456 γεννηθῆναι
3545 2386 3664 2438 ἐκεῖ

2097 2477 2276 2546 μόνον.
2304 2476 2459 2538 Τινές
2481 2476 2537 2529 δὲ
2564 2475 2744 2530 αὐτῶν
2767 2475 3247 2547 ἀναισχυντοῦντες
3272 2477 3321 2508 ³⁸
3350 2493 3503 2545 φασι,
3532 2475 3662 2546 περὶ

2093 2567 2188 2621 τοῦ
2223 2565 2526 2638 Ζοροϐάϐελ
2551 2566 2723 2620 ταῦτα
2765 2567 3014 2637 εἰρῆσθαι
3035 2583 3048 2598 ·
3093 2568 3188 2621 καὶ
3221 2567 3337 2630 πῶς
3377 2568 3442 2620 ἂν
3489 2566 3662 2635 ἔχοιεν

2095 2658 2286 2727 λόγον;
2314 2658 2388 2712 Οὐ
2411 2657 2520 2728 γὰρ
2557 2657 2644 2728 δὴ.
2681 2660 2736 2711 αι
2773 2657 2971 2721 ἔξοδοι
3009 2659 3197 2712 αὑτοῦ
3232 2658 3333 2711 ἀπ’
3363 2656 3556 2724 ἀρχῆς
3593 2656 3662 2718 ἐξ

2095 2748 2330 2819 ἡμερῶν
2358 2747 2593 2815 αἰῶνος.
2621 2748 2746 2812 Πῶς
2772 2749 2828 2802 δὲ
2850 2749 2912 2802 τὸ
2949 2750 3007 2801 ἐν
3035 2749 3175 2819 ἀρχῇ
3201 2741 3410 2818 λεχθὲν,
3439 2749 3521 2800 ὃτι
3561 2748 3664 2800 Ἑλι

2095 2839 2213 2894 σοῦ
2239 2839 2638 2905 ἐξελεύσεται,
2673 2839 2962 2910 ἀρμόσειεν
2995 2839 3063 2892 ἂν
3105 2838 3324 2909 ἐκείνως
3355 2839 3428 2890 Οὐ
3458 2837 3568 2908 γὰρ
3603 2838 3663 2888 ἐν

2095 2932 2163 3002 τῇ
2199 2929 2446 3001 Ἰουδαία,
2491 2929 2606 2984 ἀλλ’
2635 2930 2694 2983 ἐν
2724 2932 2791 3000 τῇ
2839 2928 3118 2982 Βαϐυλῶνι
3157 2928 3382 2999 ἐτέχθη·
3414 2928 3535 2981 ὅθεν
3571 2928 3667 2980 καὶ

2097 3024 2399 3095 Ζοροϐάϐελ
2419 3022 2570 3095 [105]
2609 3022 2838 3094 ἐκλήθη.
2866 3021 2956 3075 διὰ
2978 3022 3040 3075 :6
3067 3023 3183 3075 ἐκεῖ
3220 3021 3516 3091 σπαρῆναι.
3555 3018 3668 3073 Καὶ

2095 3115 2211 3168 ὅσοι
2244 3113 2342 3185 τὴν
2371 3113 2560 3186 Σύρων
2593 3115 2741 3166 ἰσασι
2781 3113 3050 3181 γλῶτταν,
3087 3112 3232 3165 ἴσασι
3265 3111 3327 3163 τὸ
3352 3109 3666 3180 λεγόμενον.

2097 3202 2254 3259 Μετά
2293 3203 2351 3256 δὲ
2390 3203 2500 3256 τῶν
2537 3202 2862 3274 εἰρημένων.
2891 3203 2986 3256 καὶ
3017 3205 3046 3256 6
3077 3202 3213 3274 μετά
3259 3201 3431 3254 ταῦτα
3479 3201 3670 3270 χρόνος

2098 3301 2243 3362 ἄπας
2271 3297 2455 3360 ἰκανὸς
2490 3296 2757 3366 συστῆσαι
2781 3295 2880 3366 τὴν
2913 3293 3232 3366 μαρτυρίαν.
3254 3292 3324 3345 Τί
3341 3291 3450 3362 γάρ
3473 3306 3667 3360 φησιν;

2100 3387 2381 3457 Οὐδαμῶς
2411 3387 2702 3455 ἐλαχίστη
2739 3381 2797 3438 εἷ
2835 3385 2906 3438 ἐν
2945 3384 3068 3450 τοῖς
3116 3384 3407 3453 ἡγεμόσιν
3441 3381 3668 3436 Ἰούδα·

2097 3477 2193 3530 καὶ
2225 3477 2326 3548 τὴν
2366 3476 2543 3529 αἰτίαν
2575 3474 2901 3545 προστίθησι
2935 3473 3034 3543 τῆς
3069 3471 3445 3543 περιφανείας,
3474 3470 3668 3538 λέγων,

2097 3570 2203 3632 ὅτι,
2236 3567 2307 3621 ἐκ
2335 3565 2451 3620 σοῦ
2471 3565 2877 3630 ἐξελεύσεται.
2899 3563 3090 3628 Οὐδεὶς
3115 3564 3173 3616 δέ
3199 3563 3384 3634 ἕτερος
3415 3562 3671 3634 λαμπρὸν

2098 3660 2192 3715 καὶ
2213 3657 2506 3730 περιφανὲς
2534 3659 2708 3712 ἐκεῖνο
2728 3656 2790 3710 :6
2817 3655 3039 3736 χωρίον.
3055 3655 3330 3727 ἐποίησεν,
3355 3653 3470 3709 ἀλλ’
3507 3653 3542 3725 ἢ
3581 3656 3674 3725 μό-

2098 3767 2187 3816 νος
2239 3749 2422 3812 αὐτός.
2463 3747 2619 3802 Μετά
2646 3744 2778 3816 γοῦν
2813 3745 2906 3804 τὸν
2953 3745 3111 3800 τόκον
3142 3747 3370 3809 ἐκεῖνον,
3406 3742 3514 3798 ἀπὸ
3561 3743 3673 3796 τῶν

2102 3841 2353 3912 περάτων
2402 3839 2503 3910 τῆς
2553 3838 2878 3909 οἰκουμένης
2945 3837 3194 3908 ἔρχονται
3249 3837 3505 3907 ὀψόμενοι
3573 3834 3672 3904 τὴν

2101 3933 2304 4002 φάτνην
2336 3929 2429 3985 καὶ
2459 3929 2559 3999 τῆς
2587 3927 2828 3999 καλύϐης
2857 3927 2947 3980 τὸν
2985 3928 3184 3980 τόπον·
3219 3928 3359 3994 ὅπερ
3393 3924 3598 3979 ἀνωθεν
3642 3925 3674 3976 6

2103 4024 2387 4092 προφήτης
2437 4019 2854 4090 προανεφώνησε
2876 4056 2890 4080 ,
2931 4016 3104 4084 λέγων
3125 4031 3139 4044 ·
3193 4012 3472 4081 Οὐδαμῶς
3530 4015 3670 4067 6.1a-

2101 4116 2279 4181 κίστη
2316 4109 2374 4166 εἷ
2414 4111 2484 4163 ἐν
2511 4108 2629 4172 τοῖς
2673 4108 2966 4178 ἡγεμόσιν
3019 4103 3242 4159 Ἰούδα·
3287 4103 3582 4166 τουτέστιν,
3612 4105 3670 4158 ἐν

2085 4207 2210 4266 τοῖς
2235 4201 2549 4272 φυλάρχοις.
2587 4198 2757 4252 Τοῦτο
2779 4197 2836 4250 δὲ
2870 4196 3038 4250 εἰπὼν
3063 4196 3157 4249 καὶ
3188 4195 3288 4266 τήν
3317 4192 3671 4264 Ἰερουσαλὴμ

2104 4291 2445 4365 περιέλαϐεν.
2499 4289 2636 4344 Ἀλλ’
2668 4289 2790 4344 οὐδὲ
2831 4288 2974 4341 οὓτω
3013 4288 3323 4359 προσεῖχον,
3353 4284 3531 4338 καίτοι
3570 4283 3669 4353 τῆς

2101 4385 2364 4456 ὠφελείας
2384 4385 2464 4447 εἰς
2485 4383 2683 4444 αὐτοὺς
2708 4377 3106 4446 διαϐαινούσης.
3139 4378 3250 4432 Καὶ
3273 4376 3382 4448 γὰρ
3401 4374 3489 4428 διὰ
3512 4372 3673 4426 τοῦτο

2102 4475 2337 4548 οὐδαμοῦ
2376 4475 2505 4547 περί⁵
2547 4475 2647 4545 τῆς
2695 4473 2847 4538 ἀξίας
2885 4469 3050 4525 αὐτοῦ
3083 4469 3416 4537 διαλέγονται
3446 4466 3496 4518 οἰ
3534 4481 3670 4536 προς

2103 4573 2270 4641 φῆται
2309 4571 2367 4622 ἐν
2396 4569 2540 4640 ἀρχῇ
2569 4565 2845 4638 τοσοῦτον,
2886 4564 3010 4617 ὅσον
3050 4561 3180 4632 περὶ
3213 4559 3314 4630 τῆς
3353 4556 3673 4626 εὐεργεσίας

2101 4663 2201 4732 τῆς
2229 4659 2359 4732 παρ’
2386 4656 2549 4712 αὐτοῦ
2575 4655 2872 4726 γενομένης
2902 4655 2981 4716 εἰς
3008 4650 3221 4714 αὐτούς.
3241 4649 3351 4703 Καὶ
3379 4647 3488 4718 γὰρ
3508 4648 3670 4718 ήνίκα

2102 4752 2310 4806 ἔτικτεν
2338 4752 2372 4822 ή
2396 4748 2686 4822 παρθένος·
2714 4745 3031 4809 Καλέσεις,
3056 4741 3210 4812 φησὶ,
3235 4740 3302 4794 τὸ
3343 4739 3529 4808 ὄνομα
3561 4741 3669 4793 ai:-

2102 4843 2207 4898 τοῦ
2240 4841 2500 4909 Ἰησοῦν·
2524 4838 2619 4892 καὶ
2656 4836 2853 4903 ἐπάγει
2886 4833 3060 4901 λέγων
3079 4848 3092 4860 ·
3121 4829 3314 4896 Αὐτὸς
3340 4827 3452 4898 γὰρ
3490 4828 3673 4881 σώσει

2101 4934 2208 4988 τὸν
2228 4933 2383 4987 λαόν
2415 4929 2602 4986 αὐτοῦ
2632 4927 2751 4984 ἀπὸ
2778 4925 2896 4980 τῶν
2915 4921 3212 4994 ἁμαρτιῶν
3235 4921 3453 4977 αὐτῶν.
3491 4921 3600 4974 Καὶ
3623 4921 3670 4972 οἰ

2107 5027 2270 5096 μάγοι
2289 5023 2345 5076 δέ
2372 5023 2473 5076 οὐκ
2498 5021 2703 5089 ἔλεγον,
2729 5018 2830 5073 ποῦ
2854 5021 2999 5072 ἐστιν
3028 5019 3058 5071 6
3087 5017 3214 5081 Υἱὸς
3246 5014 3341 5071 τοῦ
3375 5013 3534 5077 Θεοῦ,
3556 5011 3672 5066 ἀλλ’

2115 5117 2178 5169 '0
2205 5115 2434 5183 τεχθείς
2461 5112 2758 5178 βασιλεὺς
2795 5109 2914 5164 τῶν
2942 5107 3279 5164 Ἰουδαίων.
3305 5107 3414 5160 Καὶ
3443 5103 3672 5158 ἐνταῦθα

2105 5209 2266 5261 πάλιν
2295 5207 2391 5259 οὐκ
2423 5201 2594 5267 εἶπεν,
2629 5205 2710 5257 ὅτι
2747 5204 2810 5255 ἐκ
2842 5200 2935 5254 σοῦ
2979 5198 3320 5266 ἐξελεύσεται
3361 5199 3388 5251 6
3417 5195 3546 5257 Υἱὸς
3577 5190 3670 5243 τοῦ

2105 5299 2269 5354 Θεοῦ·
2317 5299 2430 5352 ἀλλ’
2465 5298 2832 5366 Ἡγιούμενος,
2868 5292 3039 5357 ὅστις
3078 5288 3357 5361 ποιμανεῖ
3390 5287 3493 5341 τόν
3521 5282 3674 5338 λαόν·

2101 5411 2220 5464 μου
2250 5393 2355 5444 τὸν
2387 5386 2643 5457 Ἰσραήλ.
2679 5385 2828 5440 Ἔδει
2856 5384 2965 5456 γὰρ
3005 5382 3100 5436 καὶ
3130 5370 3672 5451 συγκαταϐατικὼτε-

491 5673 960 5759 ³⁶.έπεῖιν¹ξμέγῖ)ν
998 5675 1070 5759 9.;
1092 5673 1152 5729 ε’·
1187 5674 1314 5759 ξεν·
1391 5675 1436 5759 "_
1470 5671 1937 5759 65161111055134?-
1983 5741 1987 5748 .

2095 5668 2491 5759 ἑξατέροῑὶρῐη,
2515 5665 2578 5759 Ε.
2611 5667 2718 5759 ιᾼηο
2743 5737 2769 5759 ,ι
2795 5664 2840 5698 ⁸.
2867 5654 3417 5759 παραιῖενΞσΘαιθξολλ

424 5745 514 5799 θεν
554 5739 764 5798 ἐκεῖθεν
780 5739 805 5814 ι’
822 5739 987 5813 ἦλθεν
1021 5744 1094 5814 Ε.
1128 5747 1213 5799 cui
1258 5745 1443 5799 favent
1483 5745 1586 5799 An.
1625 5739 1721 5814 Ep.
1757 5741 1987 5811 ἐξῆλθεν

2096 5743 2198 5814 ,θεν
2230 5739 2310 5810 91'.
2354 5740 2413 5794 D.

1573 5819 1617 5847 θ’
1636 5812 2096 5873 ’ἀναισθητοῦντες
2123 5812 2180 5869 F.
2215 5814 2311 5881 Ep.

429 5816 473 5846 ’³
505 5819 552 5868 οἱ
589 5813 828 5869 Ἰοιδαῐοι
857 5829 966 5868 om.
992 5813 1050 5869 F.
1079 5816 1174 5882 Ep.
1205 5815 1306 5868 An.
1345 5818 1494 5870 Ann.

2519 5665 2578 5722 Ρ.
2614 5667 2718 5721 An.
2795 5664 2840 5698 ⁸⁸
2867 5659 3269 5734 παραγενέσθαι
3290 5654 3354 5712 F.
3429 5651 3659 5779 ’θ’ἐξῖνὶὶέ.

2519 5741 2561 5771 ⁹¹
2605 5737 2972 5806 ἀνεκήρυττεν
3012 5733 3070 5783 υ.
3117 5730 3173 5782 Ε.
3275 5730 3322 5760 θ’
3361 5727 3417 5782 δέ
3449 5742 3555 5782 om.
3620 5741 3659 5782 ι,
