4084 6210
387 324 460 380 75

374 426 600 476 salutem
631 419 865 490 ipsorum
893 414 1204 486 spectabant
1225 455 1240 479 ,
1284 422 1338 466 ιιι
1365 412 1442 466 sic
1474 411 1678 466 facdius
1707 410 1941 464 attrahe-

376 520 583 566 reutnr.
615 509 883 578 Quotquot
912 506 1089 575 itaque
1121 503 1287 574 prima
1315 501 1691 572 proferuntur,
1723 513 1946 568 quorum

375 609 585 669 tempus
612 609 782 653 ortum
809 597 924 665 ejus
944 605 1168 664 spectat,
1198 593 1326 648 nihil
1349 607 1594 663 magnum
1615 590 1698 646 vel
1724 589 1947 644 sublimo

369 692 436 745 de
466 692 555 746 illo
580 691 786 754 dicunt,
816 704 915 744 nec
942 689 1162 759 perinde
1204 698 1364 758 atque
1388 703 1450 742 ea
1477 703 1595 756 qua:
1620 686 1686 740 ad
1711 685 1859 755 signa
1888 693 1944 738 et

371 784 619 837 miracula
645 781 784 836 edita
815 791 1059 850 spectant
1085 799 1098 834 :
1124 782 1211 835 illa
1241 781 1436 850 quippe
1465 779 1659 834 clarius
1683 778 1750 832 de
1780 779 1946 847 ipsius

372 873 621 941 dignitate
646 871 954 941 loquuntur.
975 871 1126 939 Quod
1152 873 1329 940 itaque
1358 880 1477 940 post
1502 870 1662 922 multa
1689 868 1944 922 miracula

373 963 596 1031 hymnos
627 962 678 1014 in
707 961 854 1015 illum
883 963 1031 1030 pueri
1061 969 1334 1024 canerent,
1369 958 1488 1014 audi
1515 957 1781 1027 quomodo
1805 958 1947 1011 dicat

364 1053 618 1121 propheta
641 1066 654 1103 :
679 1051 759 1105 Ea:
777 1069 864 1104 ore
886 1052 1160 1119 infantium
1179 1061 1224 1104 et
1245 1050 1534 1104 lactentium
1555 1049 1804 1119 perfecisti
1831 1049 1943 1101 lau-

368 1144 482 1196 dem
508 1142 680 1214 (Psol.
713 1143 765 1198 8.
797 1144 886 1211 5);
919 1159 982 1198 ac
1024 1159 1274 1197 rursum:
1301 1144 1550 1209 Quoniam
1592 1143 1765 1196 videbo
1796 1143 1945 1195 caelos

363 1241 476 1284 tuos
499 1248 652 1301 opera
673 1231 941 1301 digitorum
962 1242 1159 1283 tuorum
1182 1230 1340 1302 (Ibid.
1365 1247 1412 1284 υ.
1437 1231 1514 1302 4),
1541 1231 1590 1284 id
1609 1231 1748 1300 quod
1775 1233 1944 1298 ipsum

368 1321 599 1374 universi
632 1321 936 1374 Creatorem
963 1319 1216 1374 declarat.
1247 1321 1374 1374 Illud
1401 1336 1528 1373 vero
1557 1322 1943 1384 testimonium,

362 1411 502 1480 quod
535 1419 798 1480 peractam
821 1412 1239 1480 assumptionetn
1257 1411 1492 1479 respicit,
1511 1411 1625 1478 ejus
1643 1427 1764 1464 cum
1791 1411 1948 1466 Patre

375 1502 734 1571 arqualitatem
763 1500 996 1556 ostendit
1024 1501 1106 1554 his
1131 1501 1344 1566 verbis:
1371 1501 1509 1553 Dixit
1544 1498 1797 1554 Dominus
1843 1500 1950 1553 Do-

365 1592 503 1645 mino
530 1607 642 1644 meo
665 1631 682 1655 ,
717 1590 850 1644 Sede
877 1606 909 1642 α
949 1591 1140 1644 dextris
1170 1590 1294 1642 meis
1323 1588 1492 1659 (Psat.
1528 1589 1646 1642 109.
1683 1589 1758 1646 1).
1789 1588 1950 1643 Isaias

365 1698 492 1737 vero
515 1683 608 1745 ait,
631 1681 731 1747 Qui
754 1681 1010 1751 consurgit
1033 1680 1282 1748 imperare
1301 1679 1550 1748 gentibus,
1573 1679 1628 1731 in
1646 1679 1756 1748 ipso
1780 1688 1952 1747 gentes

362 1774 636 1841 sperabunt
659 1771 810 1842 (lani.
845 1773 931 1826 il.
969 1771 1081 1841 I0).
1111 1772 1220 1825 Cur
1242 1779 1420 1824 autem
1454 1772 1528 1823 ait
1557 1770 1864 1823 Bethlehem
1893 1770 1945 1823 in

366 1866 694 1934 principibus
719 1864 853 1918 .Iuda
883 1879 986 1917 non
1013 1877 1132 1918 esse
1163 1863 1436 1916 minimam
1459 1862 1482 1913 ?
1506 1860 1689 1930 Neque
1719 1862 1860 1913 enim
1894 1861 1958 1914 in-

365 1955 642 2010 Palmstina
685 1963 918 2020 tantum,
962 1954 1057 2008 sed
1107 1953 1266 2008 etiam
1308 1954 1359 2006 in
1401 1961 1512 2005 toto
1555 1952 1684 2005 orbe
1728 1952 1952 2005 illustris

363 2048 516 2102 vicus
540 2047 760 2102 ett'eetus
785 2056 887 2100 est.
914 2045 1020 2100 Sed
1040 2045 1106 2099 ad
1127 2045 1340 2099 Judaeos
1361 2058 1501 2098 nunc
1520 2058 1697 2097 sermo
1719 2052 1944 2112 spectat,

363 2136 590 2205 ideoque
617 2135 909 2204 subjunxit,
935 2134 1091 2204 Reget
1113 2133 1354 2203 papulum
1381 2148 1545 2185 meum
1575 2131 1776 2185 Israel:
1802 2132 1947 2200 atqui

367 2226 552 2282 orbem
583 2227 740 2280 etiam
773 2227 928 2279 rexit.
961 2227 1059 2285 At.
1093 2234 1150 2277 ut
1173 2223 1279 2278 dixi
1303 2263 1318 2288 ,
1349 2238 1453 2277 non
1486 2223 1598 2275 vult
1623 2222 1946 2277 oliendiculo

362 2330 518 2382 esse,
561 2317 787 2385 ideoque
816 2315 882 2369 de
920 2315 1166 2384 gentibus
1199 2314 1356 2368 verba
1403 2328 1508 2366 non
1539 2311 1684 2366 facit.
1713 2312 1774 2365 Et
1807 2327 1937 2381 quo-

362 2405 554 2469 modo,
599 2407 840 2475 inquies,
882 2422 988 2459 non
1020 2405 1162 2459 rexit
1190 2404 1439 2474 populum
1471 2404 1787 2458 Judaieum?
1836 2405 1946 2457 Imo

363 2498 490 2552 illud
519 2513 729 2568 quoque
760 2497 954 2552 factum
985 2506 1106 2562 est;
1153 2512 1273 2550 cum
1312 2497 1455 2550 enim
1495 2494 1742 2550 lsraelem
1773 2495 1940 2560 dicit,

360 2587 576 2642 Judzeos
601 2588 690 2656 qui
724 2589 774 2640 in
807 2589 976 2656 ipsum
1010 2585 1356 2640 crediderunt
1392 2584 1711 2640 subindicat.
1745 2585 1813 2639 Et
1842 2585 1945 2640 hoc

363 2679 721 2749 interpretans
764 2679 958 2732 Paulus
998 2678 1114 2731 ait:
1150 2676 1271 2730 Non
1313 2677 1702 2742 enimomnes,
1751 2677 1836 2744 qui
1880 2692 1943 2729 ea:

361 2768 530 2823 Israel
551 2811 564 2832 ,
605 2780 722 2823 sunt
754 2767 1032 2833 Israelitaz;
1061 2768 1148 2821 sed
1176 2769 1472 2838 quicumque
1498 2783 1586 2836 per
1610 2765 1762 2834 ﬁdem
1787 2776 1831 2819 et
1858 2783 1942 2818 re-

361 2860 742 2928 promissionem
764 2860 872 2912 nati
889 2869 1004 2912 sunt
1019 2857 1194 2926 (Rom.
1216 2859 1268 2912 9.
1295 2857 1373 2927 6).
1391 2857 1541 2924 Quod
1562 2857 1605 2909 si
1629 2870 1733 2910 non
1757 2871 1943 2911 omnes

362 2949 518 3013 revit,
551 2948 600 3002 id
627 2959 936 3002 vocatorum
963 2947 1164 3002 crimen
1188 2957 1241 3001 et
1259 2946 1411 3013 culpa
1441 2957 1543 2998 est.
1571 2945 1700 2998 Cum
1731 2944 1941 3000 debuis-

355 3045 479 3090 sent
499 3036 642 3091 enim
669 3037 790 3092 illos
807 3040 1033 3095 adorare
1051 3054 1170 3094 cum
1196 3041 1382 3109 magis,
1407 3050 1462 3095 et
1480 3041 1589 3095 Deo
1607 3040 1827 3110 gloriam
1849 3057 1938 3096 re-

357 3124 516 3189 l‘erre,
542 3125 682 3194 quod
714 3135 923 3195 tempus
947 3128 1247 3185 advenisset
1278 3131 1331 3183 in
1353 3145 1457 3198 quo
1483 3132 1659 3185 omnia
1705 3133 1938 3200 ipsorum

355 3225 574 3283 peccata
602 3217 937 3272 solverentur
973 3218 1130 3290 (nihil
1148 3221 1288 3274 enim
1315 3220 1382 3274 de
1403 3221 1649 3275 tribunali
1676 3232 1731 3276 et
1756 3222 1824 3276 de
1850 3239 1928 3276 re.

357 3303 599 3372 petendis
621 3305 796 3375 poenis
821 3306 1134 3370 audierant,
1186 3307 1281 3363 sed
1326 3308 1394 3363 de
1430 3311 1623 3364 mittet
1663 3322 1937 3366 mansueto

356 3392 615 3463 pastore),
640 3394 715 3448 illi
744 3405 928 3451 contra
958 3397 1236 3451 turbantur
1262 3407 1315 3452 et
1345 3399 1579 3463 turbant,
1609 3409 1663 3453 et
1690 3401 1936 3456 intutme-

354 3497 446 3536 ras
489 3493 670 3552 postea
717 3495 928 3539 struunt
973 3486 1208 3541 insidias.
1258 3489 1313 3542 7.
1357 3488 1500 3543 Tunc
1543 3488 1770 3546 Herodes
1807 3492 1940 3546 clam

353 3575 544 3628 vocatis
582 3575 774 3646 ntagia,
823 3577 1088 3647 diligenter
1128 3579 1305 3632 didicit
1341 3581 1404 3633 ab
1445 3581 1517 3634 eis
1561 3591 1755 3651 tempus
1781 3583 1940 3637 uella!

353 3683 467 3734 qua:
491 3671 727 3739 apparuit
767 3671 838 3723 eis
861 3686 880 3726 :
904 3686 1122 3740 puerum
1171 3673 1476 3728 interﬁcere
1519 3674 1739 3743 cupiens
1762 3693 1776 3726 :
1799 3676 1938 3742 quod

354 3771 463 3812 non
489 3759 682 3814 luroris
705 3768 930 3824 tantum,
952 3763 1046 3816 sed
1063 3763 1223 3816 etiam
1240 3773 1496 3820 extremae
1512 3764 1797 3821 dementiae
1819 3764 1937 3820 fuit.

353 3847 566 3903 Etenim
612 3866 674 3904 ea
721 3867 842 3921 qua:
876 3851 1017 3906 dicta
1060 3863 1114 3906 et
1141 3863 1288 3920 gesta
1321 3853 1530 3910 fuerant
1565 3870 1596 3907 a
1627 3856 1715 3910 tali
1745 3867 1937 3911 conatu

354 3937 506 3992 illum
537 3939 810 3995 deterrere
843 3951 1104 4009 poterant.
1133 3943 1315 4013 Neque
1348 3947 1489 3999 enim
1530 3945 1758 4000 humana
1788 3957 1939 4002 erant

350 4043 414 4084 ea
443 4045 561 4098 qua:
589 4031 914 4086 acciderant.
954 4032 1088 4088 Nam
1118 4034 1259 4103 quod
1291 4049 1475 4105 magos
1511 4038 1664 4092 stella
1707 4053 1944 4106 superne

351 4130 620 4183 vocasset,
641 4121 888 4190 quodque
911 4123 1121 4177 barbari
1143 4133 1338 4180 tantam
1354 4127 1683 4194 susciperent
1704 4129 1940 4195 pcregri-

353 4210 659 4276 nationem,
705 4218 763 4264 ut
803 4210 854 4263 in
900 4211 1178 4266 cunabulis
1221 4221 1277 4266 et
1321 4213 1370 4265 in
1418 4211 1641 4282 prtesepi
1675 4215 1942 4284 jacettem

353 4301 663 4366 adorarent,
693 4299 835 4369 quod
866 4299 1138 4372 prophetae
1161 4302 1269 4371 jam
1299 4303 1425 4358 olim
1458 4303 1573 4359 haec
1598 4307 1777 4360 omnia
1805 4321 1942 4375 pm:-

348 4391 625 4454 dieerent,
665 4390 874 4459 aliaque
917 4391 1095 4446 omnia
1136 4392 1337 4462 majora
1389 4403 1576 4460 erant,
1621 4411 1782 4466 quam
1823 4413 1941 4467 qua)

354 4480 622 4535 hominem
649 4491 952 4551 Spectarent
974 4501 988 4538 :
1012 4493 1244 4540 attamen
1270 4485 1402 4541 nihil
1429 4501 1613 4542 eorum
1643 4488 1818 4559 ipsum
1841 4505 1937 4546 co—

354 4571 548 4626 bibuit.

420 4801 476 4857 3.
517 4796 826 4867 Ilujusmodi
855 4811 1084 4866 namque
1112 4805 1195 4850 est
1219 4795 1540 4865 malignitas,
1577 4795 1626 4848 in
1660 4809 1780 4849 sese
1824 4795 1938 4864 ipsa

351 4894 611 4964 impingit,
644 4898 697 4944 et
724 4905 810 4943 res
825 4903 942 4958 quae
961 4887 1140 4956 perlici
1165 4901 1431 4957 nequeunt
1449 4903 1663 4957 semper
1690 4888 1938 4957 aggredi;

352 4999 458 5042 tur.
485 4982 761 5053 Perpende
775 4981 1072 5035 stultitiam.
1096 4979 1148 5034 Si
1179 4980 1469 5049 prophetia:
1485 4980 1755 5045 credebat,
1780 4980 1940 5033 illam-

351 5095 456 5149 que
484 5078 756 5132 immotam
780 5076 1097 5142 lirtnamque
1124 5073 1362 5142 putabat,
1393 5072 1563 5142 palam
1590 5084 1672 5126 est
1699 5089 1818 5126 eum
1853 5074 1941 5125 im-

352 5168 625 5242 possibilia
652 5176 900 5222 conatum
932 5178 1092 5229 esse;
1139 5164 1280 5233 quod
1307 5165 1350 5217 si
1395 5179 1498 5217 uou
1529 5164 1798 5230 credebat,
1844 5179 1941 5218 nec

355 5259 576 5330 putabat
615 5273 677 5314 ea
703 5274 822 5327 quae
859 5255 1191 5320 dieehantur,
1242 5264 1493 5308 eventura
1539 5270 1678 5321 esse,
1706 5263 1943 5310 metuere

354 5353 437 5405 vel
473 5351 660 5404 timere
692 5365 797 5402 non
825 5347 1083 5417 oportuit,
1113 5360 1212 5399 nec
1236 5360 1297 5398 ea
1327 5344 1395 5399 de
1429 5359 1588 5398 causa
1621 5359 1790 5415 puero
1813 5346 1942 5398 insi-

355 5442 491 5497 diar'.
527 5457 541 5494 :
571 5457 635 5495 ex
668 5449 888 5509 utraque
916 5439 1074 5508 igitur
1105 5443 1252 5505 parte
1280 5434 1582 5504 superﬂuus
1616 5443 1734 5490 erat
1766 5435 1941 5490 dolus.

353 5541 486 5597 Illud
519 5557 729 5614 quoque
769 5552 1024 5599 extremm
1043 5544 1324 5600 dementia:
1343 5554 1476 5610 erat,
1503 5545 1642 5616 quod
1673 5549 1936 5616 putaverit

352 5650 540 5713 niueos
567 5637 737 5700 ipsum
759 5636 1083 5692 antelaturos
1109 5651 1226 5692 esse
1264 5653 1450 5708 puero,
1476 5653 1571 5709 pro
1599 5655 1703 5710 quo
1734 5629 1934 5696 tantam

1539 301 1602 355 IN
1643 292 2047 354 MATTIIXEUM
2080 289 2306 345 IIOMIL.
2353 290 2459 345 VII.
3558 290 3626 349 76

2065 416 2408 479 susceperant
2436 405 2932 476 peregrinationem.
2981 405 3110 461 Nam
3158 409 3201 463 si
3235 407 3316 462 vel
3359 417 3642 480 antequam

2065 503 2210 555 illum
2244 501 2518 567 vidissent,
2550 501 2618 552 ita
2647 499 2905 553 ardebant
2934 501 3198 554 desiderio
3230 519 3242 554 :
3272 512 3547 570 postquam
3567 504 3645 557 vi-

2062 593 2245 648 derant
2277 601 2329 647 et
2351 608 2444 662 per
2466 591 2796 660 prephetiam
2813 593 3105 645 continuati
3130 593 3354 660 fuerant,
3373 595 3643 664 quomodo

2060 685 2309 754 Sperabat
2329 699 2386 738 se
2411 683 2636 738 suadere
2657 683 2761 738 illis
2780 698 2964 752 posse,
2995 694 3049 736 ut
3077 677 3292 752 puerum
3319 686 3416 740 sibi
3446 688 3642 756 prode-

2063 778 2219 832 rent?
2240 778 2486 832 Attamen
2518 776 2656 845 quod
2691 785 2767 830 tot
2809 785 3059 846 tantaque
3089 787 3270 830 essent
3320 795 3437 846 quae
3466 780 3639 848 ipsum

2059 885 2088 924 a
2137 869 2406 938 proposito
2426 867 2772 932 abducerent,
2802 867 2852 920 id
2879 877 3099 921 conatus
3119 876 3220 930 est,
3250 877 3304 922 et
3327 869 3460 922 clam
3483 886 3642 923 voca-

2059 961 2126 1013 tis
2148 958 2336 1028 magis,
2365 958 2734 1014 sciscitabatur
2756 957 2822 1012 ab
2848 959 2925 1011 eis
2955 975 2967 1011 :
2999 957 3217 1026 putabat
3252 959 3393 1013 enim
3428 958 3639 1012 .Iudams

2057 1052 2123 1106 de
2150 1050 2296 1119 pueri
2342 1050 2511 1104 salute
2541 1049 2795 1104 sollicitos
2821 1063 2975 1103 esse:
3011 1063 3184 1118 neque
3225 1049 3478 1104 credebat
3521 1051 3638 1103 illos

2057 1142 2106 1195 in
2128 1149 2329 1194 tantum
2350 1140 2566 1194 insaniae
2585 1137 2883 1200 deveni-se,
2914 1147 2969 1191 ιιι
2998 1137 3118 1192 ideo
3136 1138 3334 1192 vellent
3361 1149 3637 1207 patronum

2055 1242 2108 1286 et
2134 1230 2469 1285 Servatorem
2491 1271 2504 1292 ,
2535 1229 2626 1299 qui
2653 1229 2719 1282 ad
2755 1228 3049 1282 libertatem
3077 1227 3218 1297 genti
3249 1228 3635 1295 procurandum

2056 1332 2292 1387 venerat,
2317 1321 2544 1374 inimicis
2568 1320 2811 1389 prodere.
2841 1317 2964 1374 Ideo
2985 1319 3119 1373 clam
3150 1328 3322 1384 vocat,
3351 1328 3404 1371 et
3431 1329 3636 1387 tempus

2055 1415 2305 1484 inquirit,
2335 1429 2440 1468 non
2464 1414 2632 1482 pueri,
2662 1413 2752 1467 sed
2779 1413 2966 1476 stellae,
2993 1422 3237 1467 venatum
3266 1413 3412 1478 illum
3445 1429 3633 1481 magna

2052 1522 2172 1561 cum
2213 1496 2479 1575 diligentia
2527 1517 2762 1572 captans.
2797 1503 2928 1558 Nam
2973 1505 3180 1558 videtur
3206 1504 3333 1557 mihi
3365 1504 3516 1558 stella
3542 1505 3634 1558 diu

2053 1607 2175 1652 ante
2201 1596 2531 1666 apparuisse.
2567 1596 2699 1663 Quia
2743 1596 2884 1649 enim
2935 1596 3158 1649 mttltnm
3194 1597 3448 1666 temporis
3474 1597 3524 1650 in
3551 1597 3636 1650 iti-

2054 1705 2180 1744 nere
2201 1689 2514 1758 insumpturi
2547 1699 2698 1743 erant
2724 1688 2882 1758 magi,
2939 1699 2990 1742 ut
3025 1696 3147 1741 nato
3183 1691 3357 1741 statim
3385 1690 3635 1744 adessent

2051 1779 2070 1843 (
2086 1780 2362 1848 oportebat
2383 1780 2580 1848 quippe
2609 1780 2660 1833 in
2682 1779 2957 1834 cunabulis
2984 1781 3153 1847 ipsum
3180 1780 3422 1844 adorare,
3451 1789 3507 1832 nt
3535 1782 3634 1834 uii-

2049 1870 2265 1924 Iabilior
2304 1885 2394 1928 res
2417 1867 2771 1942 appareret);
2817 1871 2970 1924 stella
3021 1871 3240 1923 multum
3295 1881 3448 1924 antea
3480 1886 3631 1940 ‘sese

2047 1960 2300 2014 ostendit.
2324 1959 2455 2014 Nam
2484 1961 2529 2014 si
2578 1975 2644 2016 eo
2695 1961 2810 2028 ipso
2841 1971 3079 2030 tempore
3117 1976 3224 2030 quo
3251 1973 3404 2016 natus
3447 1974 3528 2016 est
3575 1962 3628 2020 iu

2049 2051 2324 2106 Palaestina
2351 2094 2365 2114 ,
2397 2052 2549 2106 stella
2600 2053 2931 2121 apparuisset
2975 2053 3078 2108 illis
3124 2055 3176 2108 in
3224 2056 3450 2120 oriente,
3508 2065 3628 2124 post

2045 2147 2269 2200 multum
2296 2145 2622 2214 insumptum
2646 2147 2701 2200 in
2729 2146 2921 2201 itinere
2962 2157 3188 2216 tempus,
3231 2162 3337 2202 non
3371 2148 3628 2202 vidissent

2042 2253 2164 2292 eum
2201 2239 2252 2292 iu
2277 2239 2575 2294 cunabulis.
2607 2239 2757 2306 Quod
2787 2249 2964 2294 autem
2995 2255 3028 2294 a
3054 2240 3256 2294 bimatu
3281 2249 3336 2294 et
3367 2241 3500 2294 intra
3529 2256 3624 2295 oc...

2040 2329 2248 2394 ciderit,
2278 2345 2346 2387 ue
2373 2331 2654 2397 miremur;
2684 2331 2831 2386 furor
2853 2333 2995 2385 enim
3013 2340 3066 2384 et
3086 2332 3244 2385 timor
3270 2332 3336 2384 ad
3367 2333 3624 2400 majorem

2039 2420 2377 2476 securitatem
2397 2423 2515 2489 plus
2537 2424 2790 2490 temporis
2815 2422 3029 2491 adjecit,
3063 2431 3118 2475 ut
3146 2423 3320 2477 nullus
3348 2423 3626 2492 elingui-et.

2040 2517 2253 2572 Vocatis
2280 2517 2580 2586 igiturillis,
2605 2519 2680 2572 ait
2706 2535 2722 2573 :
2745 2518 2800 2574 8.
2825 2517 3017 2573 Eunt“
3036 2519 3337 2584 interrogate
3358 2516 3622 2585 diligenter

2038 2607 2102 2660 de
2119 2622 2297 2676 puero,
2342 2617 2389 2659 et
2429 2623 2542 2660 cum
2565 2608 2851 2660 inveneritis
2887 2608 3170 2661 renuntiate
3195 2607 3338 2668 mihi,
3363 2616 3416 2660 ut
3445 2617 3491 2659 et
3528 2622 3619 2675 ego

2037 2698 2236 2750 ueniens
2261 2696 2465 2751 adorem
2502 2713 2636 2750 eum.
2687 2697 2927 2751 Vidistin’
2966 2697 3360 2764 insipientiam?
3392 2698 3446 2750 Si
3474 2698 3619 2749 enim

2035 2805 2102 2844 ex
2130 2789 2366 2844 veritatis
2395 2790 2583 2844 alfcctu
2616 2790 2868 2858 loqueris,
2891 2805 2989 2842 cur
3016 2789 3150 2842 ciam
3183 2785 3509 2856 interrogas?
3533 2788 3618 2840 sin

2039 2880 2257 2934 insidias
2288 2895 2460 2949 paras,
2491 2895 2586 2934 cur
2610 2895 2714 2935 non
2736 2880 2956 2948 cogitas,
2980 2894 3162 2948 magos
3182 2893 3301 2932 cum
3327 2887 3378 2930 te
3405 2876 3621 2930 videant

2037 2973 2171 3026 clam
2203 2972 2556 3041 interrogare,
2595 2971 2774 3025 dolum
2805 2971 3167 3040 suspicaturus
3190 2970 3346 3024 esse?
3387 2968 3515 3033 Sed,
3561 2976 3620 3021 ut

2035 3063 2164 3126 dixi,
2193 3063 2368 3116 anima
2390 3063 2556 3116 semel
2585 3063 2910 3132 malignitate
2939 3071 3202 3130 correpta,
3230 3060 3465 3113 omnium
3491 3059 3622 3112 insi-

2039 3155 2366 3223 pientissima
2390 3155 2588 3208 evadit.
2621 3154 2735 3208 Non
2765 3155 2919 3219 dixit,
2973 3153 3172 3207 Enntes
3204 3154 3526 3221 interrogate
3549 3151 3622 3205 de

2037 3261 2178 3313 rege,
2221 3245 2339 3310 sed,
2378 3243 2452 3298 De
2493 3261 2648 3314 puero
2677 3261 2698 3299 :
2721 3260 2830 3298 non
2856 3244 2998 3298 enim
3035 3243 3242 3312 imperii
3271 3257 3462 3296 nomen
3491 3256 3623 3310 pro-

2038 3338 2178 3392 ferre
2205 3338 2474 3391 sustinuit.
2505 3337 2638 3406 Magi
2671 3351 2818 3401 vero,
2849 3337 2935 3405 qui
2967 3350 3075 3404 prae
3105 3335 3269 3388 multa
3312 3335 3510 3404 pietate
3539 3335 3619 3386 ni-

2038 3430 2109 3483 hil
2139 3430 2328 3484 horum
2357 3437 2614 3484 noverant
2661 3430 2873 3498 (neque
2899 3431 3038 3482 enim
3070 3427 3324 3495 putabant
3361 3426 3508 3480 ilhun
3563 3426 3620 3479 in

2036 3531 2240 3576 tantum
2267 3521 2516 3590 nequitia:
2545 3519 2869 3590 prorupisse,
2900 3529 2957 3572 ut
2986 3530 3093 3572 tam
3143 3517 3368 3571 mirabili
3399 3531 3622 3570 mentio—

2037 3615 2156 3668 inim
2185 3613 2420 3668 insidiari
2451 3613 2756 3681 tentaret),
2790 3611 2920 3665 nihil
2953 3610 3253 3679 hujusmodi
3283 3610 3618 3678 suspicantes

2034 3708 2252 3771 abeunt,
2276 3706 2369 3762 sed
2396 3722 2460 3760 ex
2489 3705 2680 3760 affectu
2721 3719 2819 3760 suo
2847 3705 2979 3759 alios
3019 3704 3306 3758 aestimant.
3336 3701 3388 3757 9.
3414 3699 3482 3753 Et
3507 3716 3623 3753 erce

2032 3798 2179 3852 stella
2196 3841 2210 3860 ,
2247 3814 2397 3868 quam
2425 3798 2655 3851 uiderant
2690 3798 2745 3850 in
2770 3798 2978 3861 oriente,
3007 3793 3328 3849 antecedebat
3354 3809 3458 3846 eos.
3493 3793 3620 3846 Iden

2032 3890 2174 3944 enim
2204 3889 2461 3946 occultata
2484 3888 2676 3954 fuerat,
2707 3898 2763 3941 ut
2788 3887 2986 3942 amisso
3014 3886 3170 3948 duce,
3201 3885 3413 3939 Judmos
3445 3884 3618 3937 inter-

2033 3995 2224 4052 rogare
2270 3990 2588 4051 cogerentur
2607 4021 2622 4045 ,
2653 3989 2705 4032 et
2734 3982 2810 4032 sic
2837 3993 2925 4032 res
2952 3979 3198 4031 omnibus
3229 3978 3398 4044 palam
3444 3975 3613 4028 timet.

2033 4073 2320 4141 Postquam
2347 4071 2489 4127 enim
2523 4072 2976 4139 interrogaveram
2998 4109 3013 4134 ,
3039 4077 3090 4120 et
3130 4067 3341 4120 Inda-os
3368 4065 3618 4120 doctores

2034 4164 2347 4228 habuerant,
2380 4178 2586 4216 rursum
2637 4161 2742 4215 illis
2771 4168 3010 4228 apparet.
3037 4159 3104 4212 Et
3125 4159 3432 4213 consideres
3458 4157 3618 4215 velim

2033 4259 2290 4328 optimum
2320 4272 2496 4310 rerum
2519 4241 2782 4310 ordinem.
2811 4255 2937 4309 Post
2958 4254 3163 4308 stellam
3190 4253 3383 4321 excipit
3405 4267 3497 4305 eos
3521 4251 3618 4305 .Iu.

2033 4351 2216 4406 daicus
2242 4349 2488 4419 populus,
2529 4362 2729 4418 rexque
2752 4349 2883 4416 ipse,
2908 4346 3327 4416 prophetamque
3363 4344 3616 4400 inducunt

2033 4441 2478 4513 prmnuutiantem
2523 4439 2573 4494 id
2604 4439 2744 4509 quod
2772 4446 3108 4509 apparuerat.
3145 4437 3270 4492 l’ost
3298 4437 3611 4507 prophetam

2034 4554 2256 4594 rursum
2305 4539 2534 4608 angelus
2585 4537 2734 4607 ipsos
2777 4536 3010 4607 excipit,
3064 4537 3360 4606 omniaque
3405 4535 3618 4592 docet:

2037 4630 2259 4687 interim
2309 4643 2444 4684 vero
2492 4628 2850 4700 Jemsolymis
2902 4629 2956 4683 in
3005 4628 3330 4683 Bethlehem
3379 4641 3411 4681 a
3461 4629 3622 4684 stella

2034 4725 2357 4779 ducuntur:
2394 4723 2550 4777 stella
2579 4720 2725 4775 enim
2763 4721 2831 4774 ab
2880 4719 3048 4774 istinc
3088 4719 3188 4774 vite
3226 4719 3338 4772 dux
3378 4718 3520 4773 fuit:
3558 4728 3624 4776 ut:

2037 4817 2168 4872 hinc
2208 4829 2428 4886 quoque
2471 4813 2671 4877 discas,
2709 4827 2818 4866 non
2853 4811 3023 4866 fuisse
3069 4810 3220 4865 illam
3265 4825 3333 4865 ex
3385 4825 3622 4866 numero

2039 4917 2364 4965 czeterarum
2419 4907 2750 4960 stellarum:
2787 4905 2938 4958 nulla
2997 4906 3201 4975 quippe
3263 4903 3422 4961 stella
3478 4906 3624 4961 hanc

2043 5001 2211 5056 habet
2236 5007 2512 5054 naturam.
2549 4997 2738 5066 Neque
2765 4997 2943 5051 solum
2975 4995 3109 5063 ibat,
3144 4996 3240 5052 sed
3269 4998 3435 5052 etiam
3463 5007 3625 5053 antea

2043 5092 2274 5147 cedebat
2302 5090 2512 5144 ducens
2540 5098 2596 5143 et
2626 5087 2779 5158 quasi
2811 5103 2976 5143 manu
3012 5089 3238 5144 trahens
3269 5087 3395 5144 illos
3419 5087 3474 5143 in
3504 5099 3626 5143 mea

2043 5183 2135 5237 dio
2169 5182 2280 5236 die.
3621 5183 3623 5186 ‘

2110 5439 2167 5496 4.
2200 5437 2268 5495 Et
2286 5437 2412 5510 quid
2433 5451 2567 5510 opus
2591 5446 2706 5494 erat
2731 5435 2906 5501 stella,
2938 5435 3167 5506 inquies,
3195 5445 3316 5484 eum
3342 5428 3450 5497 jam
3476 5433 3634 5514 notus

2043 5533 2195 5588 locus
2220 5532 2403 5588 esset?
2432 5530 2502 5588 Ut
2529 5546 2664 5602 puer
2690 5531 2858 5585 videri
2888 5537 3086 5600 posset.
3119 5523 3262 5580 Nihil
3285 5521 3482 5591 quippe
3517 5527 3632 5574 erat

2043 5624 2187 5696 quod
2215 5624 2385 5696 ipsum
2414 5623 2740 5678 ostenderet.
2783 5621 2912 5676 Nam
2943 5635 3114 5688 neque
3141 5615 3334 5671 domus
3353 5619 3470 5667 crat
3497 5625 3632 5666 cono
