4058 6204
621 225 689 278 ’1⁵1
1352 231 1412 288 8.
1445 229 1730 290 JOANMS
1765 233 2249 293 CIIRYSOSTOMI
2288 234 2604 293 ARCHIEP.
2652 238 3193 299 CONSTANTINOP.
3762 242 3842 299 '18

608 339 811 407 spicua,
841 351 1016 410 neque
1064 347 1234 394 mater
1281 339 1395 409 ejus
1436 341 1693 392 illustrem
1737 341 2019 406 quamdam
2064 350 2189 406 spe-

604 432 740 484 ciem
774 446 882 499 prze
908 446 967 485 se
996 431 1217 487 ferebat.
1258 431 1402 500 Opus
1423 431 1599 499 itaque
1620 438 1736 484 erat
1764 428 1915 483 stella
1945 443 2063 498 qua:
2087 442 2183 482 eos

610 520 662 574 in
692 520 809 590 ipso
851 521 968 577 loco
1002 523 1233 577 sisteret.
1279 522 1636 591 Quamobrem
1675 521 2005 591 Jerosolyma
2037 532 2191 589 egre-

588 608 874 665 dientibus
912 622 1163 682 apparet,
1214 627 1313 666 nec
1362 620 1467 667 stat
1493 612 1638 680 prius
1665 626 1822 681 quam
1853 611 1917 664 ad
1946 623 2188 679 prmsepe

608 704 933 771 pervenerit,
980 714 1033 757 et
1077 703 1387 757 miraculum
1440 703 1697 757 miraculo
1726 701 2030 756 addiderit:
2064 714 2186 754 nam

604 801 887 861 utrumque
912 791 1155 847 mirabile
1192 804 1327 858 erat,
1372 801 1428 847 et
1454 793 1594 863 quod
1624 792 1760 861 magi
1790 792 2104 854 adorarent,
2134 799 2189 846 et

604 882 748 950 quod
786 883 936 937 stella
968 883 1111 952 ipsos
1138 885 1353 939 sisteret
1383 902 1397 938 :
1430 899 1550 952 qua:
1580 899 1710 939 sane
1757 893 1975 953 possent
2000 883 2084 938 vel
2114 882 2189 936 la-

604 970 790 1041 pideos
816 974 1024 1028 animos
1052 972 1339 1028 attrahere.
1373 973 1428 1028 Si
1455 974 1598 1028 enim
1629 973 1889 1028 dixissent
1920 988 2058 1043 magi
2081 1014 2097 1039 ,
2126 987 2187 1027 se

605 1064 891 1133 prophetas
921 1064 1188 1119 audivisse
1214 1064 1329 1118 haec
1366 1064 1630 1129 dicentes,
1660 1066 1743 1118 vel
1775 1065 1888 1119 lucc
1926 1064 2026 1119 sibi
2077 1063 2187 1132 pri-

604 1156 771 1209 vatim
796 1156 863 1209 ab
884 1156 1083 1225 angelis
1109 1156 1248 1210 dicta
1273 1156 1455 1220 fuisse,
1475 1156 1608 1213 ﬁdes
1629 1157 1733 1211 illis
1751 1173 1854 1210 non
1884 1157 2069 1211 fuisset
2088 1156 2187 1210 ba-

604 1246 713 1300 bita
744 1264 757 1299 :
787 1247 896 1315 jam
924 1263 1049 1301 vero
1078 1249 1226 1303 stella
1276 1264 1506 1318 superne
1535 1249 1766 1313 lucente,
1799 1249 1884 1303 vel
1911 1249 2191 1319 impuden-

607 1340 736 1393 tium
762 1354 853 1394 ora
876 1340 1307 1395 obstruebantur.
1330 1341 1530 1397 Deinde
1559 1357 1676 1395 cum
1698 1358 1862 1411 puero
1883 1342 2187 1395 immineret

608 1429 783 1491 stella,
812 1432 958 1485 stetit
997 1448 1010 1483 :
1042 1431 1091 1485 id
1116 1431 1257 1501 quod
1302 1432 1520 1500 majoris
1543 1440 1657 1485 erat
1682 1432 1979 1500 potestatis,
2029 1446 2188 1500 quam

608 1526 667 1571 ut
713 1520 881 1574 stella:
908 1530 1195 1586 competat,
1226 1519 1365 1591 quod
1412 1522 1615 1577 scilicet
1662 1521 1824 1576 modo
1862 1521 2188 1586 occultetur,

605 1609 767 1662 modo
793 1619 1066 1679 appareat,
1090 1621 1282 1665 etcum
1310 1621 1550 1681 apparet,
1578 1626 1796 1666 cursum
1833 1612 2006 1667 sistat.
2057 1611 2193 1665 Hinc

605 1700 683 1752 illi
712 1700 1096 1755 incrementum
1141 1700 1264 1756 ﬁdei
1307 1712 1565 1771 ceperunt
1597 1718 1610 1754 :
1640 1703 1762 1757 ideo
1811 1702 1973 1756 Ia3tati
2022 1710 2146 1755 sunt
2173 1741 2189 1765 ,

608 1791 731 1858 quia
757 1790 897 1860 quod
922 1794 1231 1862 qurerebant
1256 1794 1594 1858 invenerunt,
1616 1795 1734 1863 quia
1759 1794 1929 1847 nuntii
1952 1793 2193 1847 veritatis

602 1881 777 1935 effecti
806 1888 950 1942 sunt,
974 1878 1095 1948 quia
1116 1892 1219 1929 non
1239 1876 1431 1928 frustra
1450 1884 1652 1927 tantum
1681 1883 2031 1941 susceperunt
2051 1874 2183 1929 iter:

604 1972 682 2023 sic
706 1969 911 2023 ardenti
934 1967 1128 2022 Christi
1152 1965 1416 2020 desiderio
1434 1963 1744 2033 ﬂagrabant.
1768 1962 1900 2018 Nam
1926 1965 2187 2019 accedens

604 2060 779 2123 stella,
811 2073 972 2126 super
1017 2057 1188 2125 ipsum
1221 2055 1368 2123 pueri
1398 2062 1557 2127 caput
1583 2053 1753 2119 stetit,
1784 2054 2075 2108 ostendens
2106 2055 2189 2111 di-

608 2149 784 2201 vinam
809 2163 928 2202 8838
954 2147 1154 2216 prolem
1181 2162 1194 2199 :
1222 2159 1450 2213 cumque
1472 2144 1730 2208 stetisset,
1760 2142 1825 2197 ad
1855 2142 2185 2197 adorandum

607 2238 845 2304 adducit,
878 2253 981 2292 non
1011 2236 1325 2305 simpliciter
1351 2234 1627 2302 barbaros,
1654 2235 1748 2289 sed
1772 2235 1863 2305 qui
1902 2236 2043 2290 inter
2071 2236 2190 2291 illos

607 2330 985 2400 sapientissimi
1016 2339 1189 2384 erant.
1226 2328 1387 2384 Vides
1421 2328 1559 2382 hanc
1588 2326 1796 2382 stellam
1831 2327 1952 2397 jure
2000 2328 2191 2383 merito

608 2423 957 2493 apparuisse?
987 2422 1259 2490 Siquidem
1282 2430 1337 2475 et
1360 2428 1479 2490 post
1502 2418 1858 2490 prophetiam,
1887 2428 1943 2473 et
1968 2430 2087 2489 post
2108 2434 2193 2474 sa-

607 2516 886 2570 cerdotum
916 2515 1320 2584 scribarumque
1344 2513 1860 2583 interpretationem,
1894 2511 2068 2568 adhuc
2103 2512 2190 2567 illa

608 2609 895 2662 utebantur
917 2606 1073 2661 duce.

674 2751 900 2808 .llurcion
926 2766 972 2807 et
999 2754 1199 2810 Paulus
1225 2756 1586 2814 Samosatenus
1606 2777 1668 2814 ea:
1686 2762 1832 2815 stella
1846 2764 2186 2832 confutati.—

598 2844 893 2901 Erubescat
921 2847 1151 2902 Marcion
1177 2890 1193 2913 ,
1222 2850 1507 2905 erubescat
1545 2850 1741 2905 Paulus
1783 2853 2181 2923 Samosatenus,

595 2938 683 3005 qui
718 2938 998 2991 noluerunt
1027 2954 1089 2992 ea
1121 2941 1319 3001 videre.
1352 2957 1473 3009 qua:
1522 2943 1658 3011 magi
1684 2944 1953 3011 viderunt,
1985 2946 2181 3003 Eccle-

596 3028 691 3081 sia:
718 3028 1084 3097 progenitores
1110 3030 1185 3101 (η)
1214 3047 1228 3082 :
1261 3044 1435 3097 neque
1462 3032 1604 3086 enim
1634 3034 1794 3101 pudet
1830 3050 1916 3089 me
1952 3037 2031 3091 sic
2060 3038 2181 3094 illos

593 3135 806 3173 vocare.
848 3119 1140 3174 Erubescat
1183 3121 1439 3187 Marcion,
1492 3124 1658 3178 Deum
1701 3126 1886 3181 videns
1936 3128 1987 3181 in
2017 3144 2181 3185 carne

594 3211 893 3264 ademtam.
923 3211 1215 3265 Erubescat
1242 3213 1459 3277 Paulus,
1513 3214 1696 3269 videns
1724 3216 1869 3271 illum
1915 3236 2019 3273 non
2047 3221 2178 3275 sim-

594 3302 804 3371 pliciter
823 3312 880 3355 ut
912 3302 1182 3357 hominem
1209 3303 1442 3360 adorari.
1472 3304 1601 3359 Nam
1624 3307 1762 3376 quod
1791 3307 1842 3361 in
1864 3324 2025 3365 carne
2043 3310 2177 3365 ado-

593 3403 743 3447 ratus
771 3395 859 3459 sit,
894 3396 943 3447 id
966 3403 1020 3447 et
1045 3395 1203 3464 panni
1221 3396 1504 3449 ostendunt
1532 3408 1584 3452 et
1614 3413 1850 3466 praesepe
1876 3415 1890 3451 :
1918 3401 2057 3470 quod
2085 3416 2179 3455 au-

595 3494 701 3539 tem
726 3500 828 3540 non
854 3486 1003 3555 quasi
1023 3486 1291 3541 hominem
1312 3502 1498 3555 purum
1527 3488 1885 3556 adoraverint,
1904 3491 2177 3550 declarant

594 3577 721 3630 dum
756 3577 1054 3631 immatura:
1097 3578 1239 3631 :etati
1268 3578 1389 3632 talia
1434 3578 1709 3647 proferunt
1731 3580 1892 3646 dona,
1919 3598 2037 3652 quae
2068 3583 2175 3637 Deo

593 3666 773 3722 oﬁ'erri
805 3682 898 3735 par
925 3677 1060 3722 erat.
1089 3667 1422 3723 Erubescant
1447 3684 1568 3724 cum
1592 3671 1695 3724 illis
1724 3681 1778 3725 et
1826 3672 2018 3738 Judaei,
2046 3674 2172 3729 dum

595 3762 849 3816 barbaros
871 3772 923 3816 et
951 3777 1132 3831 magos
1152 3761 1355 3827 vident,
1386 3764 1474 3831 qui
1502 3764 1646 3831 ipsos
1667 3764 2016 3832 prmveniunt,
2073 3778 2173 3820 nec

594 3860 714 3919 post
740 3852 859 3906 illos
884 3852 1138 3908 accedere
1168 3852 1370 3907 volunt.
1402 3852 1531 3907 Nam
1559 3868 1676 3922 qua:
1706 3862 1815 3907 tum
1845 3855 1979 3908 facta
2007 3866 2169 3921 sunt,

590 3942 887 3997 futurorum
908 3954 1061 3998 erant
1092 3942 1258 4014 ﬁgura
1294 3962 1307 3998 :
1336 3951 1496 4013 atque
1525 3947 1576 3997 in
1604 3943 1824 3998 exordio
1852 3945 1965 4013 ipso
1988 3943 2170 3998 decla-

589 4047 764 4090 ratum
792 4048 905 4101 est,
934 4047 1121 4105 gentes
1163 4036 1416 4107 populum
1447 4037 1592 4091 illum
1630 4047 1991 4106 praeventurus
2026 4052 2166 4092 esse.

590 4127 656 4181 Et
693 4143 790 4182 cur
816 4169 831 4190 ,
865 4129 1093 4196 inquies,
1127 4146 1231 4183 non
1271 4130 1338 4183 ab
1384 4130 1569 4194 initio,
1603 4128 1698 4184 sed
1726 4138 1906 4200 postea
1932 4129 2166 4195 dicebat,

587 4220 779 4275 Euntes
800 4221 972 4275 docete
991 4239 1163 4275 omnes
1183 4233 1352 4291 gentes
1381 4222 1596 4289 (Matth.
1628 4222 1717 4278 28.
1746 4223 1873 4291 19)?
1900 4223 2031 4290 Quia
2048 4264 2063 4287 ,
2112 4232 2169 4278 ut

584 4312 689 4381 iam
712 4313 819 4366 disi
840 4353 856 4378 ,
888 4314 1027 4381 quod
1060 4324 1183 4367 tunc
1213 4314 1407 4367 factum
1434 4326 1533 4379 est,
1565 4316 1856 4371 futurorum
1900 4318 2086 4387 ﬁgura,
2114 4326 2168 4371 et

584 4404 735 4471 quasi
761 4404 1035 4469 przedietio
1065 4414 1201 4457 erat.
1230 4404 1659 4459 Consentaneum
1687 4407 1887 4475 quippe
1912 4416 2060 4473 erat,
2108 4416 2167 4461 ut

583 4494 752 4549 Judazi
775 4504 998 4549 ca'teros
1025 4496 1385 4563 praecederent
1409 4512 1423 4557 ;
1454 4497 1577 4565 quia
1602 4512 1727 4550 vero
1752 4498 2047 4565 praestitum
2064 4500 2163 4552 sibi

585 4586 902 4642 beneﬁcium
930 4596 1120 4656 sponte
1162 4597 1498 4657 rcspuerunt,
1542 4603 1629 4642 res
1661 4597 1985 4657 praepostere
2010 4605 2162 4645 versa

581 4688 665 4731 est
697 4696 712 4733 :
739 4678 1002 4747 siquidem
1032 4693 1203 4749 neque
1246 4677 1333 4733 hic
1356 4694 1449 4748 par
1474 4688 1609 4745 erat,
1646 4687 1703 4733 ut
1746 4680 1883 4751 magi
1922 4688 2045 4735 ante
2072 4679 2163 4737 Ju-

582 4768 731 4823 dzeos
774 4771 1048 4834 venirent;
1100 4787 1272 4842 neque
1317 4781 1370 4826 ut
1411 4772 1444 4826 ii
1488 4772 1577 4841 qui
1614 4781 1760 4826 tanto
1789 4774 1961 4843 Spatio
1988 4774 2157 4829 dista-

582 4859 743 4921 bant,
774 4875 868 4914 eos
895 4862 983 4929 qui
1013 4861 1153 4916 circa
1202 4862 1387 4918 urbem
1442 4864 1610 4933 ipsam
1658 4862 1968 4919 habitabant
2004 4873 2161 4920 ante-

584 4949 838 5005 cederent
863 4992 878 5015 ,
918 4966 1089 5022 neque
1117 4964 1175 5008 ut
1200 4953 1256 5018 ii,
1290 4956 1376 5024 qui
1418 4954 1674 5009 nihildum
1720 4955 1996 5011 audierant
2023 4971 2116 5011 eos
2140 4996 2155 5021 ,

579 5042 669 5111 qui
716 5042 854 5098 inter
881 5054 956 5098 tot
986 5045 1294 5115 pr0phetias
1341 5046 1579 5102 innutriti
1626 5047 1866 5113 fuerant,
1901 5047 2161 5117 praeveni-

548 5142 731 5198 ~rent;
765 5149 947 5190 verum
977 5136 1102 5207 quia
1132 5137 1182 5191 in
1213 5154 1418 5193 summa
1460 5133 1722 5194 bonorum
1754 5154 1972 5193 suorum
2002 5139 2157 5208 igno-

640 5410 717 5482 ζα)
746 5409 829 5482 βία
857 5410 985 5481 magi
1008 5410 1229 5484 dicuntur
1262 5411 1483 5484 Ecclesia;
1522 5417 1881 5484 progenitores,
1913 5419 2027 5482 quia
2053 5422 2159 5484 ipsi

580 5474 721 5536 primi
746 5473 793 5519 in
816 5475 1021 5536 regione
1040 5486 1143 5528 sua,
1172 5475 1267 5521 imo
1291 5476 1437 5521 etiam
1472 5473 1720 5536 ln'tud'wa,
1748 5473 1985 5530 ChriStuin
2007 5473 2155 5531 adio;

580 5533 714 5582 inisse
739 5533 1069 5593 proditarum.
1083 5542 1179 5590 Qua
1197 5536 1384 5583 ratione
1407 5542 1630 5587 auctores
1652 5533 2004 5593 ct'l'undatores
2023 5542 2154 5594 Chri-

584 5595 819 5644 stianismi
840 5594 936 5644 dici
958 5603 1175 5657 possunt.

2300 344 2465 396 rantia
2492 345 2869 413 versabantur,
2898 348 2985 417 qui
3031 350 3081 401 in
3111 348 3347 413 Perside,
3395 362 3489 401 eos
3531 349 3620 419 qui
3660 349 3881 405 Jerusa-

2300 434 2451 504 lymis
2477 445 2601 490 sunt
2652 446 3013 506 praevertunt;
3042 440 3092 493 id
3131 441 3271 509 quod
3298 440 3457 494 etiam
3482 440 3609 494 dicit
3639 441 3833 498 Paulus
3862 464 3876 497 :

2306 524 2457 579 Vobis
2503 528 2758 596 oportebat
2804 531 3107 583 annuntiare
3173 533 3392 597 primunt
3460 549 3671 603 regnum
3724 534 3819 588 Dei
3856 554 3875 591 :

2295 618 2383 672 sed
2426 620 2543 689 quia
2591 636 2676 674 vos
2728 622 2959 692 indignos
3010 621 3313 692 judtcastis,
3361 637 3474 675 ecce
3539 627 3878 679 convertimur

2294 711 2361 764 ad
2390 723 2559 783 gentes
2591 712 2727 781 (Act.
2747 714 2833 769 l5.
2855 713 2967 785 46).
2999 715 3215 769 Etiamsi
3244 716 3385 769 enim
3420 726 3574 771 antea
3617 719 3878 776 increduli

2292 809 2466 867 erant,
2495 817 2524 855 a
2552 804 2717 873 magis
2744 804 2929 858 saltem
2952 804 3227 859 audientes
3252 820 3531 861 accurrere
3560 810 3875 877 Oportebat;

2292 892 2383 946 sed
2408 893 2693 948 noluerunt
2722 910 2735 947 :
2763 893 3007 965 ideoque,
3041 894 3144 949 illis
3181 895 3567 951 dormientibus
3588 938 3602 964 ,
3634 897 3686 952 hi
3732 914 3875 968 pra:-

2291 990 2531 1037 currunt.

2351 1203 2403 1259 5.
2448 1203 2745 1259 Exhortatio
2767 1208 2991 1261 moralis.
3026 1207 3126 1273 Qui
3151 1209 3357 1280 indigne
3378 1213 3612 1279 mysteria
3636 1226 3861 1281 sumunt,

2287 1294 2476 1349 Herodi
2494 1297 2700 1352 similes.
2732 1297 3064 1353 Theatrorum
3092 1301 3403 1356 obscamitas.
3445 1333 3515 1342 —
3560 1304 3740 1375 Magos
3764 1308 3864 1361 ita.

2281 1402 2383 1455 que
2407 1402 2712 1457 sequamur,
2740 1399 2793 1443 et
2817 1405 2843 1441 a
2872 1388 3216 1445 barbarorum
3240 1400 3414 1446 tanien
3437 1394 3674 1450 moribus
3696 1398 3862 1453 inulta

2280 1479 2670 1549 intercapedine
2706 1496 2802 1534 nos
2840 1497 3206 1557 removeamus
3230 1524 3244 1549 ,
3283 1493 3338 1538 ut
3375 1484 3639 1541 Christum
3680 1490 3861 1545 videa-

2278 1585 2396 1625 mus
2425 1586 2440 1622 :
2469 1571 2893 1642 quandoquidem
2920 1583 2972 1627 et
3000 1573 3098 1643 ipsi
3126 1574 3226 1630 nisi
3256 1576 3439 1645 procul
3464 1593 3491 1630 a
3515 1592 3611 1632 sua
3638 1581 3857 1649 regione

2270 1665 2655 1733 recessissent,
2697 1682 2802 1722 non
2848 1668 2993 1722 illum
3035 1670 3199 1725 visuri
3247 1678 3421 1725 erant.
3468 1671 3799 1727 Recedamus
3825 1691 3854 1729 a

2270 1754 2497 1809 terrenis
2522 1758 2765 1826 negotiis.
2814 1758 3023 1812 Etenim
3052 1760 3190 1830 magi
3216 1799 3232 1825 ,
3264 1759 3392 1814 dum
3434 1760 3484 1813 in
3517 1761 3737 1818 Perside
3765 1779 3852 1818 es-

2268 1854 2405 1909 sent,
2428 1846 2632 1901 stellam
2659 1848 2907 1904 videbant
2931 1866 2945 1902 :
2968 1865 3087 1905 cum
3113 1862 3289 1907 autem
3315 1867 3345 1905 a
3374 1852 3591 1908 Perside
3616 1870 3856 1911 recesseo

2268 1946 2428 2001 runt,
2472 1938 2649 1993 Solem
2689 1940 2909 2008 justitize
2951 1957 3316 2012 conSpexere;
3368 1944 3474 1999 imo
3514 1960 3611 2000 nec
3639 1947 3853 2001 stellam

2269 2025 2404 2079 ultra
2436 2028 2597 2081 visuri
2634 2038 2784 2083 erant
2805 2070 2821 2095 ,
2854 2031 2956 2085 nisi
2998 2042 3243 2101 prompto
3272 2034 3450 2086 animo
3480 2034 3602 2088 inde
3630 2036 3853 2104 profecti

2266 2126 2465 2171 essent.
2530 2118 2821 2188 Surgamus
2883 2120 3041 2190 igitur
3096 2131 3152 2176 et
3210 2137 3347 2189 nos;
3408 2124 3616 2180 etiamsi
3667 2142 3856 2182 omnes

2268 2208 2663 2275 perturbentur,
2695 2210 2764 2265 ad
2788 2210 3003 2267 domum
3035 2214 3182 2282 pueri
3212 2229 3486 2269 curramus
3511 2233 3525 2269 :
3547 2220 3646 2270 etsi
3675 2233 3850 2287 reges,

2266 2297 2367 2352 etsi
2399 2300 2611 2368 populi.
2643 2302 2744 2355 etsi
2788 2304 2996 2372 tyranni
3030 2302 3164 2358 hanc
3192 2305 3329 2358 viam
3361 2304 3676 2375 intercipere
3711 2318 3854 2362 sata-

2265 2397 2393 2458 gant
2416 2428 2430 2452 ,
2463 2405 2530 2444 ne
2571 2392 2891 2446 desiderium
2931 2393 3219 2448 solvamus.
3263 2394 3353 2449 Sic
3385 2397 3526 2449 enim
3556 2402 3733 2451 omnia
3763 2400 3851 2452 in-

2264 2479 2507 2548 gruentia
2548 2482 2685 2535 mala
2724 2482 3071 2551 depellemus.
3120 2484 3391 2555 Siquidem
3431 2495 3485 2540 et
3520 2486 3570 2539 hi
3599 2504 3812 2559 quoque
3835 2530 3852 2557 ,

2265 2572 2367 2626 nisi
2408 2589 2628 2641 puerum
2658 2574 2953 2639 vidissent,
2993 2576 3283 2645 periculum
3309 2617 3325 2643 ,
3358 2578 3498 2647 quod
3528 2595 3557 2632 a
3586 2596 3708 2649 rege
3739 2598 3851 2637 me-

2265 2665 2523 2729 tuebant,
2570 2682 2674 2719 non
2718 2665 3045 2736 effugissent.
3096 2674 3391 2738 Antequam
3438 2684 3661 2738 puerum
3707 2673 3853 2727 vide-

2263 2766 2406 2822 rent,
2437 2756 2677 2821 timores,
2708 2758 2959 2826 pericula,
2988 2757 3409 2827 perturbationes
3425 2760 3658 2827 undique
3684 2762 3849 2815 insta-

2263 2847 2430 2914 bant;
2488 2858 2610 2919 post
2659 2849 3022 2904 adorationem
3066 2864 3232 2914 vero,
3284 2852 3646 2921 tranquillitas
3691 2862 3852 2921 atque

2262 2942 2552 3005 securitas;
2601 2956 2772 3009 neque
2815 2941 3038 2995 ulterius
3082 2940 3232 2996 stella
3257 2984 3272 3005 ,
3311 2940 3404 2995 sed
3443 2943 3668 3011 angelus
3704 2944 3849 3009 ipsos

2262 3031 2496 3100 excipit,
2537 3030 2606 3085 ab
2649 3031 2957 3085 adoratione
3000 3031 3305 3086 sacerdotes
3349 3031 3567 3086 eﬁ'ectos
3600 3054 3613 3089 :
3646 3036 3842 3089 ctenim

2263 3138 2482 3176 munera
2510 3122 2833 3175 obtulerunt.
2883 3122 3126 3177 Dimissis
3159 3124 3333 3191 itaque
3361 3122 3583 3179 Iudaico
3614 3126 3809 3193 populo
3832 3166 3846 3187 ,

2264 3213 2569 3283 perturbata
2609 3213 2860 3279 civitate,
2908 3214 3250 3284 sanguinario
3295 3223 3557 3284 tyranno,
3604 3219 3847 3272 smculari

2262 3319 2489 3373 pompa,
2524 3304 2575 3358 in
2618 3303 2925 3359 Bethlehem
2965 3304 3073 3359 cito
3114 3318 3307 3374 perge,
3336 3305 3425 3359 ubi
3467 3305 3658 3360 domus
3698 3311 3849 3376 panis

2261 3393 2573 3464 spiritualis.
2608 3393 2717 3448 Etsi
2743 3394 2883 3449 enim
2912 3404 3092 3463 pastor
3115 3393 3297 3459 fueris,
3328 3409 3500 3464 eoque
3524 3397 3807 3451 adveneris
3826 3439 3842 3463 ,

2264 3501 2485 3555 puerum
2530 3486 2581 3538 in
2626 3485 2919 3539 diversorio
2961 3485 3183 3539 videbis.
3231 3484 3448 3539 Etiamsi
3492 3501 3586 3541 rex
3642 3486 3803 3541 fueris
3830 3530 3844 3553 ,

2263 3593 2362 3631 nec
2408 3586 2583 3630 tamen
2627 3576 2945 3639 adveneris,
2988 3575 3118 3629 nihil
3159 3575 3251 3631 tibi
3295 3591 3523 3645 purpura
3570 3578 3843 3646 proderit;

2262 3671 2467 3723 etiamsi
2498 3682 2680 3737 magus
2707 3667 2888 3732 fueris,
2918 3667 3047 3721 nihil
3076 3652 3133 3721 te
3157 3668 3259 3722 hoc
3283 3667 3567 3734 impediet,
3600 3670 3645 3721 si
3678 3670 3838 3721 ntodo

2265 3762 2620 3816 honoraturus
2646 3759 3071 3831 adoraturusque
3087 3760 3380 3816 accesseris
3396 3799 3410 3822 ,
3443 3775 3540 3815 nec
3565 3763 3846 3816 conculca-

2263 3863 2411 3909 turus
2439 3852 2632 3907 Filium
2672 3852 2766 3908 Dei
2797 3868 2811 3905 :
2842 3852 2889 3907 si
2927 3866 3047 3907 cum
3094 3859 3329 3907 tremore
3367 3851 3525 3905 simul
3564 3860 3619 3905 et
3655 3852 3847 3921 gaudio

2265 3946 2367 4001 hoc
2393 3946 2601 4016 egeris;
2635 3945 2748 3999 hzec
2770 3945 2913 4000 enim
2946 3946 3103 4000 ambo
3128 3953 3350 4014 possunt
3372 3959 3711 4000 concurrere.
3739 3945 3845 3999 Sed

2262 4052 2393 4094 cave
2419 4053 2488 4093 ne
2517 4036 2709 4091 Herodi
2737 4037 2926 4091 similis
2952 4037 3025 4090 sis
3052 4044 3108 4092 et
3127 4036 3293 4099 dicas,
3325 4034 3393 4091 Ut
3419 4038 3615 4090 veniens
3639 4035 3846 4089 adorem

2264 4146 2415 4193 eum,
2441 4129 2769 4197 veniensque
2814 4126 3057 4183 occidere
3100 4134 3291 4181 tentes.
3342 4124 3418 4180 llli
3459 4127 3599 4181 enim
3645 4127 3847 4181 similes

2266 4230 2388 4275 sunt
2408 4259 2423 4287 ,
2448 4219 2540 4290 qui
2570 4218 2783 4289 indigne
2808 4218 3185 4290 mysteriorum
3215 4218 3499 4288 participes
3528 4228 3670 4272 sunt.
3712 4218 3845 4273 Nam

2265 4315 2353 4384 qui
2379 4314 2678 4385 hujusmodi
2702 4325 2804 4381 est,
2829 4315 2962 4369 Reus
2980 4315 3094 4379 erit,
3118 4315 3307 4383 inquit,
3331 4315 3555 4382 corporis
3577 4323 3623 4368 et
3645 4312 3849 4381 sangui-

2267 4409 2344 4459 nis
2372 4405 2576 4460 Domini
2601 4406 2678 4477 (ί.
2703 4406 2821 4461 Cor.
2847 4408 2932 4460 Η.
2954 4406 3066 4475 27).
3099 4405 3230 4459 Nam
3258 4406 3347 4473 qui
3374 4404 3675 4472 hujusmodi
3703 4411 3851 4466 sinit,

2268 4496 2466 4552 habent
2514 4499 2567 4552 in
2612 4512 2671 4551 sc
2715 4509 2994 4567 tyrannum
3041 4496 3363 4550 invidentem
3406 4511 3573 4565 regno
3609 4494 3851 4557 Christi,

2268 4604 2569 4643 mamonam
2597 4604 2786 4656 nempe
2814 4588 3022 4642 llerodc
3049 4588 3383 4656 iniquiorem.
3413 4586 3510 4640 Hic
3533 4587 3730 4656 quippe
3755 4588 3854 4637 im-

2268 4695 2457 4749 perare
2498 4678 2647 4745 vult,
2688 4680 2950 4748 mittitque
2990 4679 3223 4733 cultores
3264 4692 3391 4732 suos
3416 4719 3431 4742 ,
3472 4679 3560 4748 qui
3604 4678 3854 4731 simulate

2266 4769 2481 4840 quidem
2513 4770 2770 4833 adorent,
2800 4774 2895 4825 sed
2923 4768 3193 4823 adorando
3230 4768 3493 4839 jugulent.
3542 4767 3854 4841 Timeamus

2266 4861 2477 4931 itaque,
2506 4876 2574 4915 ne
2596 4860 2830 4931 speciem
2860 4861 3156 4929 supplicum
3202 4870 3256 4914 et
3280 4859 3621 4913 adoratornm
3653 4857 3853 4910 habea-

2266 4966 2386 5005 mus
2412 4992 2427 5016 ,
2474 4965 2635 5020 opere
2676 4959 2853 5006 autem
2894 4950 3159 5004 contraria
3188 4948 3553 5004 exhibeamus.
3605 4949 3796 5002 Omnia
3823 4963 3853 5003 c

2264 5043 2506 5097 manibus
2531 5044 2867 5114 projiciamus
2895 5042 3184 5097 adoraturi.
3217 5040 3271 5097 Si
3297 5056 3486 5097 aurum
3518 5040 3810 5095 habeamus
3836 5081 3850 5105 ,

2266 5134 2439 5202 ipsum
2476 5134 2761 5189 olferamus
2784 5175 2800 5200 ,
2832 5149 2931 5189 nec
2973 5131 3325 5187 defodiamus.
3368 5131 3423 5187 Si
3453 5132 3595 5187 enim
3640 5131 3853 5185 barbari

2264 5223 2336 5278 illi
2364 5224 2429 5278 ad
2458 5224 2713 5280 honorem
2740 5240 2961 5280 munera
2991 5234 3117 5280 tunc
3141 5224 3470 5287 obtulerunt,
3514 5223 3634 5293 quis
3662 5231 3717 5277 tu
3745 5224 3853 5276 eris

2263 5316 2366 5372 nisi
2408 5315 2609 5371 tribuas
2636 5317 2922 5386 indigenti?
2950 5317 2994 5370 si
3024 5316 3097 5370 illi
3130 5325 3328 5370 tantam
3359 5330 3644 5385 suscepere
3668 5316 3807 5369 viam
3832 5354 3848 5377 ,

2263 5415 2322 5463 ut
2361 5417 2541 5461 natmn
2573 5407 2847 5471 viderent,
2876 5423 3031 5477 quam
3068 5408 3467 5463 excusationem
3506 5407 3724 5461 habebis
3754 5416 3807 5459 tu
3832 5446 3848 5471 ,

2265 5498 2351 5569 qui
2379 5514 2446 5553 ne
2469 5498 2535 5553 ad
2565 5501 2733 5554 vicum
2755 5500 2966 5569 quidem
2995 5515 3154 5553 unutn
3181 5514 3453 5569 properas,
3478 5508 3532 5552 ut
3559 5499 3846 5561 inﬁrmum,

2263 5598 2318 5644 et
2347 5589 2398 5644 in
2419 5589 2641 5644 vinculis
2664 5590 2934 5646 detentum
2957 5589 3177 5645 visites?
3206 5590 3363 5660 Atqui
3389 5605 3485 5645 nos
3511 5598 3564 5644 et
3588 5588 3846 5650 inlit'tnus,
