4040 6208
287 337 367 392 Τῗθ
1280 357 1291 367 ‘
1507 350 1571 407 ΙΝ
1613 355 1977 411 MATIL—CUM
2021 356 2247 414 flOZiill..
2293 360 2404 414 Vll.

291 473 343 517 et
372 464 578 517 vinctos
599 501 618 529 ,
651 462 758 516 imo
787 469 842 517 et
889 461 1130 518 inimicos
1171 462 1528 530 miseramur;
1571 475 1625 518 ιιι
1659 479 1783 519 vero
1815 481 1880 521 nc

290 551 587 610 beneficum
638 553 850 624 quidem
898 565 951 608 et
998 554 1277 609 Dominum
1327 565 1472 608 tuum
1493 557 1530 608 ?‘
1566 555 1640 610 llli
1690 572 1876 611 aurum

286 646 630 712 obtulerunt;
664 657 717 702 tu
749 663 938 717 panem
970 648 1054 701 vix
1081 647 1336 702 dederis?
1379 649 1454 722 l_lli
1487 650 1694 705 stellam
1724 651 1874 705 vide-

288 746 408 793 runt
429 778 444 802 ,
487 748 539 791 et
564 738 730 807 gavisi
760 747 918 803 sunt;
950 749 1002 792 tu
1035 754 1160 793 vero
1189 739 1460 794 Christum
1487 741 1669 796 videns
1695 742 1878 813 hospi-

286 835 395 884 tem
426 837 481 884 et
507 829 708 882 nudum
733 870 746 892 ,
780 844 885 883 non
911 828 1184 883 ﬂecteris?
1219 830 1348 896 Quis
1373 832 1514 885 enim
1550 842 1781 886 vestrum
1813 848 1876 887 ex

289 921 354 977 iis
379 922 468 990 qui
500 921 646 976 mille
677 922 929 976 beneficia
957 931 1298 991 acceperunt,
1327 933 1522 976 tantam
1551 939 1647 993 pro
1667 924 1878 980 Christo

282 1013 522 1080 suscepit
552 1014 1034 1084 peregrinationem
1058 1056 1071 1078 ,
1105 1024 1355 1083 quantam
1376 1015 1458 1070 illi
1491 1016 1737 1082 barbari,
1770 1018 1877 1072 imo

286 1103 358 1157 illi
407 1103 740 1173 philos-ephis
783 1105 1174 1174 sapientiores?
1225 1108 1284 1160 Et
1337 1108 1462 1177 quid
1509 1109 1628 1162 dico
1677 1118 1876 1166 tantam

288 1196 475 1250 viam?
523 1197 695 1250 Multa:
726 1197 864 1267 apud
897 1213 993 1252 nos
1022 1199 1273 1253 mulieres
1312 1200 1381 1254 ita
1413 1201 1602 1255 molles
1628 1210 1751 1255 sunt
1775 1241 1789 1266 ,
1823 1212 1878 1254 ιιι

285 1301 355 1342 ne
399 1286 569 1340 vicum
619 1305 780 1342 unum
833 1300 1159 1344 transmeare
1203 1291 1404 1357 velint,
1445 1299 1501 1344 ut
1528 1291 1580 1344 in
1614 1292 1873 1362 spirituali

284 1386 549 1454 prtesepio
594 1385 764 1456 ipsum
808 1385 1060 1452 videant,
1115 1387 1212 1440 nisi
1252 1389 1406 1443 mulis
1447 1387 1727 1444 vehantur.
1771 1390 1871 1444 Alii

283 1476 478 1546 quibus
510 1477 649 1531 inest
681 1477 985 1531 ambulandi
1013 1476 1235 1532 facultas
1261 1521 1274 1542 ,
1304 1479 1384 1533 vel
1413 1479 1745 1535 smcularium
1776 1497 1871 1536 ne-

282 1565 548 1636 gotiorum
590 1568 800 1620 turbam
829 1609 843 1631 ,
885 1567 972 1622 vel
1020 1567 1349 1623 theatrorum
1395 1568 1872 1640 frequentationem

273 1655 409 1711 huic
444 1658 606 1712 ecetui
638 1667 989 1726 anteponunt.
1042 1659 1104 1713 Et
1135 1659 1343 1716 barbari
1371 1662 1587 1732 quidem
1620 1663 1691 1717 illi
1719 1674 1872 1719 ante-

281 1763 444 1818 quam
471 1749 614 1802 illum
645 1748 904 1816 viderent,
933 1759 1136 1806 tantum
1163 1750 1370 1808 itineris
1399 1756 1600 1811 emensi
1622 1765 1753 1810 sunt
1773 1797 1789 1821 ,
1819 1766 1872 1810 tu

279 1855 416 1896 vero
451 1856 548 1894 nec
584 1850 864 1911 postquam
905 1842 1078 1896 vidisti
1125 1843 1347 1898 imitaris
1391 1845 1539 1913 illos;
1584 1846 1678 1902 sed
1718 1857 1865 1917 post.

279 1947 443 1997 quam
476 1931 646 1984 vidisti
673 1974 688 1995 ,
721 1932 809 1985 illo
835 1931 1054 1987 dimisso
1075 1973 1090 1995 .
1119 1933 1185 1986 ad
1221 1936 1439 1989 mimum
1468 1936 1753 1992 videndum
1781 1952 1869 1991 ac-

279 2024 457 2078 curris
484 2024 504 2096 (
534 2023 724 2079 iisdem
754 2025 896 2080 enim
938 2025 1176 2080 insistam
1208 2027 1398 2096 quibus
1429 2044 1597 2099 nuper
1624 2030 1641 2099 )
1671 2046 1685 2082 :
1714 2030 1871 2085 Chri-

275 2122 424 2170 stum
453 2116 503 2169 in
542 2116 802 2186 prmsepio
835 2116 1100 2186 jacentem
1132 2118 1386 2190 relinquis
1408 2162 1423 2187 ,
1453 2129 1510 2175 ut
1537 2122 1783 2176 mulieres
1816 2122 1865 2179 in

277 2219 440 2260 scena
480 2206 680 2262 videas.
725 2207 927 2275 Quibus
964 2207 1079 2264 haec
1105 2208 1409 2265 fulminibus
1434 2211 1590 2282 digna
1619 2227 1722 2266 nou
1757 2211 1869 2268 fue~

271 2297 431 2351 rint?

343 2466 396 2520 6.
429 2464 482 2521 Si
508 2467 651 2536 quis,
679 2480 880 2538 quieso,
911 2467 1272 2536 polliceretur,
1306 2479 1356 2524 te
1386 2469 1438 2525 in
1465 2470 1662 2542 regiam
1693 2471 1856 2526 intro-

264 2553 488 2623 ducere,
525 2559 1006 2631 lmperatoremque
1030 2562 1306 2618 sedentem
1334 2563 1422 2618 tibi
1450 2573 1756 2629 ostendere,
1789 2582 1853 2619 an

267 2649 573 2720 bujusmodi
596 2654 897 2722 Spectaculo
921 2653 1182 2709 theatrum
1209 2656 1525 2721 anteferres,
1550 2659 1753 2712 etiamsi
1781 2659 1858 2711 ni--

266 2742 345 2798 hil
377 2746 502 2800 hinc
534 2746 662 2799 lucri
693 2745 893 2800 referre.
919 2749 1140 2816 posses?
1165 2749 1262 2802 Hic
1289 2764 1414 2803 vero
1445 2749 1562 2804 fons
1585 2750 1723 2821 ignis
1749 2751 1852 2819 Spi-

267 2836 480 2890 ritualis
506 2852 571 2890 ex
597 2837 698 2891 hac
723 2852 905 2891 mensa
931 2839 1148 2892 scaturit
1175 2856 1187 2892 :
1215 2848 1268 2892 tu
1298 2854 1426 2894 vero
1455 2840 1548 2892 hac
1582 2839 1763 2895 relicta
1791 2842 1854 2894 ad

265 2926 535 2982 theatrum
565 2928 802 2983 accurris
830 2937 1073 2984 natantes
1103 2930 1356 2985 mulieres
1387 2942 1717 3000 spectaturus
1741 2975 1756 2999 ,
1795 2951 1855 2988 ac

265 3033 457 3073 sessim
511 3019 658 3074 illum
706 3020 1146 3085 dehonestatum,
1186 3021 1560 3094 Christumque
1605 3026 1856 3095 relinquis

263 3109 402 3165 fonti
433 3110 799 3166 assidentem?
830 3111 1039 3166 Etenim
1071 3128 1212 3168 nunc
1239 3128 1450 3184 quoque
1474 3114 1622 3184 juxta
1653 3114 1853 3168 fontem

265 3203 418 3258 sedet
442 3245 457 3266 ,
486 3217 588 3256 non
615 3201 999 3258 Samaritanam
1025 3204 1334 3272 alloquens,
1361 3205 1453 3260 sed
1486 3214 1646 3260 totam
1671 3206 1858 3261 civita-

264 3305 377 3348 tem
414 3287 434 3348 ε’
460 3293 683 3348 fortasse
711 3310 837 3349 vero
867 3310 1004 3350 nunc
1034 3310 1242 3366 quoque
1265 3297 1654 3352 Samaritanam
1684 3298 1851 3352 solam

263 3385 582 3455 alloquitur.
629 3384 796 3439 Nemo
825 3387 966 3440 enim
998 3386 1094 3456 ipsi
1125 3402 1264 3442 nunc
1293 3387 1483 3453 adest,
1514 3389 1615 3444 nisi
1641 3388 1854 3460 quidam

261 3491 497 3546 corpore
523 3485 744 3540 tantum,
777 3477 862 3529 alii
891 3487 1068 3531 autem
1099 3493 1164 3532 ne
1191 3493 1415 3548 corpore
1439 3479 1676 3549 quidem.
1707 3481 1855 3534 Atta-

264 3582 393 3620 men
427 3567 539 3635 ipsc
565 3583 675 3620 non
709 3567 908 3621 recedit
932 3585 945 3630 ;
974 3567 1066 3622 sed
1111 3581 1288 3623 manet
1316 3579 1495 3638 potum
1521 3585 1550 3622 a
1582 3570 1736 3624 nobis
1764 3586 1856 3639 po-

263 3657 496 3720 stulans,
530 3674 634 3711 non
665 3674 888 3728 aquam,
919 3661 1012 3712 sed
1043 3660 1374 3715 sanctitatem
1408 3679 1421 3714 :
1453 3669 1634 3716 sancta
1663 3663 1857 3730 quippe

261 3747 470 3802 Sanctis
499 3750 696 3804 tribuit.
729 3751 910 3822 Neque
935 3752 1075 3807 enim
1095 3768 1292 3823 aquam
1319 3767 1384 3807 ex
1415 3753 1514 3808 hoc
1542 3752 1688 3808 fonte
1718 3769 1856 3822 prsc-

261 3837 379 3901 bel,
401 3840 494 3894 sed
521 3843 828 3912 sanguinem
853 3845 1136 3906 viventem,
1159 3847 1246 3914 qui
1274 3844 1574 3915 symbolum
1596 3855 1677 3901 est
1705 3862 1851 3900 mor-

259 3934 357 3993 tis,
390 3933 482 3986 sed
504 3936 622 3989 vita:
645 3951 802 3991 causa
829 3947 930 3992 est.
955 3937 1033 3991 Tu
1057 3948 1230 3991 autem
1259 3938 1443 3992 relicto
1463 3936 1608 3991 fonte
1634 3939 1850 4007 sangui-

255 4025 372 4088 nis,
388 4025 581 4094 poculo
597 4027 685 4080 illo
706 4028 1000 4094 tremendo,
1018 4028 1084 4082 ad
1103 4027 1299 4083 fontem
1320 4029 1494 4099 pergis
1509 4029 1848 4095 diabolicum,

255 4123 324 4167 ut
374 4127 641 4172 natantem
689 4121 1020 4175 meretricem
1063 4120 1390 4190 conspicias,
1433 4128 1487 4174 et
1521 4119 1848 4190 naufragimn

256 4208 458 4262 anima:
484 4210 721 4279 patiaris.
753 4215 900 4281 Aqua
930 4213 1070 4267 enim
1099 4212 1185 4266 illa
1216 4211 1432 4281 pelagus
1462 4221 1541 4265 est
1571 4211 1805 4266 libidinis
1829 4253 1844 4275 ,

259 4315 374 4352 non
413 4314 637 4369 corpora
681 4301 1062 4372 submergcns,
1107 4301 1201 4356 sed
1241 4302 1535 4356 animarum
1577 4299 1848 4370 naufragia

257 4391 495 4457 pariens.
537 4390 641 4446 Sed
687 4393 773 4446 illa
805 4401 949 4446 natat
979 4394 1115 4447 nuda
1142 4435 1158 4458 ,
1193 4403 1245 4447 tu
1273 4408 1400 4448 vero
1427 4394 1610 4448 videns
1636 4393 1850 4448 demer-

256 4482 404 4550 get-is
433 4483 483 4536 in
517 4482 838 4552 profundum
869 4485 1118 4540 libidinis.
1153 4484 1294 4540 Talis
1321 4486 1514 4555 quippe
1543 4495 1624 4541 est
1651 4487 1844 4541 diaboli

253 4588 457 4642 sageoa
491 4592 503 4627 :
538 4591 643 4628 non
675 4591 769 4630 eos
794 4576 881 4646 qui
913 4578 965 4630 in
992 4592 1183 4646 aquam
1210 4577 1575 4641 descendunt,
1603 4578 1695 4632 sed
1729 4580 1847 4631 illus

251 4670 437 4737 potius
465 4670 554 4738 qui
584 4685 794 4725 sursum
822 4671 1010 4726 sedent
1033 4711 1047 4731 ,
1081 4686 1238 4739 quam
1270 4686 1363 4725 eos
1390 4672 1480 4740 qui
1512 4673 1561 4724 in
1591 4688 1723 4741 aqua
1757 4688 1848 4725 vo-

251 4761 499 4814 lutantur
518 4802 533 4823 ,
563 4763 907 4834 submergere
935 4763 1104 4828 solet,
1137 4763 1433 4832 saeviusque
1464 4762 1683 4818 suﬂ‘ocat
1707 4779 1800 4817 eos
1824 4804 1842 4830 ,

245 4867 417 4920 quam
462 4852 793 4907 Pharaonem
820 4896 835 4919 ,
876 4855 964 4925 qui
1005 4869 1126 4908 cum
1168 4855 1320 4924 equis
1353 4864 1407 4908 et
1449 4855 1691 4909 curribus
1721 4865 1846 4911 tunc

241 4943 536 4997 demersus
562 4952 664 4998 est.
701 4943 768 4999 Et
793 4945 836 4998 si
865 4945 1076 5014 quidem
1103 4945 1308 4999 animas
1336 4944 1516 5000 videre
1543 4961 1840 5016 possemus,

241 5034 517 5104 plurimas
548 5036 697 5088 vobis
726 5037 1062 5091 ostenderem
1098 5037 1177 5090 his
1206 5039 1357 5106 aquis
1396 5048 1799 5107 supernatantes
1825 5081 1838 5101 ,

235 5129 396 5180 sicut
439 5135 563 5181 tunc
605 5127 978 5198 Egyptiorum
1015 5144 1259 5198 corpora.
1311 5130 1414 5185 Sed
1455 5132 1594 5202 quod
1631 5133 1840 5202 gravius

234 5228 370 5280 est,
407 5219 559 5273 talem
587 5219 872 5288 perniciem
905 5221 1227 5291 voluptatem
1257 5223 1558 5292 appellant,
1579 5234 1640 5278 .et
1668 5226 1841 5294 perdi-

235 5309 418 5363 tionis
465 5313 682 5381 pelagus
726 5313 1092 5368 delectationis
1136 5315 1374 5384 euripum
1421 5327 1624 5371 vocant.
1681 5320 1837 5386 Atqui

229 5399 457 5453 Lucilius
483 5411 560 5454 est
588 5401 829 5471 ZEga-um
860 5414 911 5457 et
943 5403 1325 5474 Tyrrhenicum
1359 5423 1524 5473 mare,
1555 5425 1709 5476 quam
1746 5408 1840 5461 hu-

227 5490 480 5560 jusntodi
523 5493 882 5562 spectaculum
924 5503 1036 5546 tuto
1079 5497 1343 5564 trajicere.
1387 5498 1516 5551 Nam
1548 5501 1716 5567 primo
1745 5516 1840 5571 per

227 5591 417 5635 totam
478 5593 686 5637 noctem
747 5584 987 5638 diabolus
1047 5586 1123 5640 rei
1185 5589 1580 5658 exspectatione
1634 5592 1839 5646 animos

223 5684 586 5744 praeoccupat
612 5674 841 5732 :deindc
872 5685 1148 5746 postquam
1179 5677 1232 5735 id
1256 5680 1396 5750 quod
1431 5683 1838 5752 exspectabatur

2001 469 2248 540 ostendit,
2270 477 2446 534 statim
2467 477 2646 548 alligat
2668 485 2720 535 α
2739 481 2978 550 captivos
2997 482 3179 540 efficit.
3200 486 3276 543 Ne
3299 488 3442 543 enim

1998 581 2113 620 cum
2144 569 2425 623 meretrice
2450 585 2553 624 non
2583 569 2812 634 coivisti,
2839 581 2888 625 te
2919 583 3068 641 putes
3093 591 3118 626 a
3147 587 3367 646 peccato
3392 580 3582 635 immo.

1995 672 2113 711 nem
2141 675 2260 714 esse
2287 678 2298 714 :
2323 676 2384 714 ex
2419 663 2846 730 concupiscentia
2877 666 3072 736 quippe
3098 677 3263 724 tutum
3289 671 3577 739 perfecisti.

1992 746 2122 801 Nam
2161 751 2204 802 si
2240 751 2666 819 concupiscentia
2707 751 2979 822 detineris,
3020 758 3275 827 majorem
3307 760 3575 818 ﬂammam

1986 842 2310 907 acccudisti;
2345 843 2424 898 sin
2455 854 2628 899 autem
2662 845 2773 899 lure
2799 847 3104 918 aspicienda
3133 847 3262 901 nihil
3295 847 3562 911 moveris,

1981 935 2168 1004 majori
2201 935 2370 1004 culpae
2409 936 2670 991 obnoxius
2694 951 2753 991 es
2779 979 2791 1002 ,
2836 938 2976 1008 quod
3007 939 3212 993 czeteris
3247 938 3568 994 offendicula

1982 1027 2056 1080 sis
2084 1069 2101 1092 ,
2132 1036 2187 1081 et
2229 1027 2372 1096 quod
2417 1027 2737 1098 speetaculis
2780 1028 3025 1093 illectus,
3059 1039 3112 1083 et
3154 1028 3337 1082 oculos
3369 1038 3487 1084 tuos
3511 1038 3565 1084 et

1980 1133 2100 1170 cum
2133 1117 2302 1172 oculis
2331 1117 2500 1187 ipsam
2526 1118 2760 1173 animam
2788 1118 3060 1187 deturpes.
3091 1117 3283 1173 Verum
3306 1134 3373 1173 no
3399 1121 3566 1174 simus

1982 1208 2341 1278 increpatione
2384 1209 2499 1265 sola
2539 1212 2814 1274 contenti,
2877 1226 2976 1282 age
3017 1211 3129 1280 jam
3176 1210 3563 1268 emendationis

1979 1301 2194 1356 modum
2225 1304 2615 1380 perquiramus.
2660 1304 2787 1372 Quis
2817 1320 2944 1380 ergo
2975 1305 3162 1360 modus
3189 1305 3332 1359 erit?
3367 1303 3563 1361 Uxori-

1983 1393 2079 1446 bus
2106 1398 2295 1451 vestris
2322 1411 2414 1452 vos
2457 1398 2666 1453 tradere
2699 1399 2817 1451 \‘olo
2842 1442 2855 1464 ,
2889 1408 2943 1452 ut
2987 1399 3115 1468 ipsae
3160 1414 3254 1454 vos
3297 1399 3561 1454 erudiant.

1977 1483 2266 1552 Oportebat
2304 1488 2517 1557 quidem
2541 1529 2554 1553 ,
2587 1489 2879 1544 secundum
2923 1490 3070 1544 Pauli
3102 1491 3268 1560 legem
3295 1533 3311 1556 ,
3343 1507 3438 1545 vos
3465 1492 3564 1544 ἀοι

1975 1587 2152 1632 ctores
2192 1594 2311 1634 esse
2335 1596 2349 1635 :
2377 1581 2498 1651 quia
2534 1596 2666 1635 vero
2707 1597 2801 1652 per
2840 1593 3112 1650 peccatum
3156 1586 3396 1638 inversus
3431 1584 3564 1638 ordo

1975 1668 2094 1736 fuit,
2126 1679 2180 1726 et
2205 1686 2400 1741 corpus
2428 1674 2704 1743 superius,
2737 1683 2893 1743 caput
2923 1688 3050 1728 vero
3083 1674 3303 1729 inferius
3331 1677 3560 1746 positum

1975 1773 2076 1827 est,
2099 1763 2238 1819 hanc
2260 1766 2445 1820 saltem
2470 1767 2606 1820 viam
2630 1767 2944 1837 deligamus.
2963 1766 3113 1833 Quod
3134 1768 3178 1821 si
3202 1768 3558 1837 magisterium

1973 1840 2215 1912 mulieris
2246 1858 2518 1915 erubescis
2543 1901 2556 1923 ,
2587 1860 2708 1931 fuge
2731 1870 3006 1931 peccatum
3028 1903 3041 1926 ,
3070 1871 3125 1916 et
3149 1863 3254 1915 cito
3282 1863 3479 1931 poteris
3507 1863 3558 1916 in

1973 1948 2169 2004 solium
2209 1965 2238 2005 a
2283 1951 2390 2007 Deo
2430 1953 2520 2006 tibi
2559 1951 2740 2008 datum
2771 1951 3081 2008 ascendere.
3121 1953 3380 2018 Quamdiu
3416 1963 3560 2010 certe

1976 2043 2298 2111 peccaveris,
2321 2059 2423 2096 non
2445 2043 2509 2097 ad
2535 2044 2784 2098 mulieres
2811 2054 3032 2108 tantum,
3053 2043 3144 2099 sed
3163 2045 3326 2100 etiam
3342 2046 3408 2098 ad
3433 2046 3559 2100 bru-

1976 2141 2148 2188 torum
2172 2137 2477 2190 animalium
2500 2137 2752 2191 vilissima
2785 2146 2836 2191 te
2864 2137 3024 2192 mittit
3051 2138 3323 2208 Scriptura
3351 2157 3363 2192 :
3388 2154 3558 2210 neque

1973 2226 2238 2282 erubescit
2278 2228 2482 2283 ratione
2519 2228 2796 2298 praditum
2828 2228 2894 2284 ad
2933 2229 3204 2284 formicam
3241 2232 3558 2302 discipulum

1973 2319 2206 2375 mittere.
2228 2319 2408 2390 Neque
2429 2320 2567 2375 enim
2589 2321 2637 2375 id
2660 2320 2945 2391 Scriptura:
2963 2321 3114 2392 culpa
3134 2331 3234 2386 est,
3259 2323 3351 2378 sed
3373 2338 3556 2378 eorum

1971 2411 2062 2480 qui
2109 2411 2188 2467 sic
2229 2411 2557 2467 nobilitatem
2599 2412 2882 2481 prodidere
2919 2428 3095 2468 suam.
3148 2414 3256 2470 lloc
3285 2426 3429 2470 certe
3465 2431 3556 2472 nos

1963 2519 2184 2574 quoque
2223 2505 2475 2560 faciemus
2507 2524 2521 2558 :
2549 2520 2612 2559 ac
2643 2521 2781 2560 nunc
2805 2506 3020 2576 quidem
3053 2517 3104 2562 te
3131 2509 3336 2564 muli-eri
3382 2509 3556 2564 trade-

1971 2613 2088 2653 mus
2115 2597 2192 2650 :si
2232 2606 2410 2656 autem
2445 2596 2580 2651 hanc
2627 2597 2967 2668 despexeris,
3017 2598 3082 2653 ad
3111 2599 3550 2656 irrationabilium

1968 2697 2024 2743 .te
2049 2687 2407 2754 magisterium
2436 2688 2708 2744 mittemus
2730 2732 2745 2754 ,
2776 2699 2828 2743 et
2862 2690 3207 2748 ostendemus.
3238 2703 3364 2761 quot
3392 2708 3550 2758 aves,

1968 2788 2097 2849 quot
2127 2779 2317 2849 pisces,
2346 2787 2476 2848 quot
2504 2778 2897 2850 quadrupedes,
2921 2790 3049 2850 quot
3079 2783 3283 2849 reptilia
3312 2785 3552 2839 animalia

1972 2879 2023 2926 te
2055 2869 2355 2924 honestiora
2386 2878 2439 2924 et
2467 2869 2876 2939 temperantiora
2913 2871 3208 2928 videantur.
3238 2872 3388 2939 Quod
3418 2874 3460 2928 si
3487 2873 3554 2929 tle

1959 2961 2365 3032 comparatione
2395 2961 2680 3017 erubescas
2701 3004 2714 3028 ,
2744 2963 2971 3018 ascende
3001 2963 3064 3018 ad
3098 2965 3370 3033 pristinam
3404 2967 3551 3021 nubi.

1964 3067 2190 3125 litatem,
2216 3075 2278 3115 ac
2291 3058 2550 3130 gehenna:
2566 3057 2786 3127 pelagus
2802 3055 3130 3125 ﬂuviumque
3153 3055 3368 3127 igneum
3401 3055 3546 3125 fuge,

1970 3154 2117 3208 illam
2149 3153 2272 3208 dico
2301 3151 2566 3222 piscinam
2597 3148 2934 3204 theatralem.
2977 3147 3102 3203 Haec
3145 3147 3288 3203 enim
3341 3149 3545 3218 piscina

1974 3246 2198 3314 pelagus
2231 3241 2361 3296 illud
2403 3241 2500 3296 tibi
2535 3239 2811 3300 conciliat,
2844 3245 2898 3292 et
2933 3238 3078 3293 illam
3107 3238 3338 3292 ﬂammat
3381 3238 3546 3306 abys-

1972 3351 2092 3390 sum
2130 3332 2436 3389 succendit.

2039 3522 2091 3574 7.
2114 3519 2244 3574 Nam
2288 3520 2360 3584 si,
2387 3521 2488 3589 Qui
2527 3523 2728 3594 respicit
2778 3523 3034 3576 mulierem
3083 3521 3152 3574 ad
3187 3523 3551 3590 concupiscen-

1967 3614 2109 3679 dum,
2145 3614 2261 3684 jam
2305 3616 2576 3668 moechatus
2602 3625 2672 3669 est
2708 3616 2728 3684 (
2755 3614 2936 3668 Matth.
2962 3615 3014 3670 ὅ.
3044 3614 3115 3670 28
3141 3615 3193 3686 ):
3240 3616 3326 3686 qui
3358 3615 3551 3670 nudam

1963 3704 2185 3760 omnino
2213 3703 2480 3773 respicere
2505 3721 2608 3758 non
2640 3704 2862 3769 dubitat,
2895 3703 3161 3775 quomodo
3187 3720 3292 3759 non
3320 3719 3551 3760 sexcen-

1966 3795 2066 3849 ties
2107 3795 2345 3864 captivus
2389 3793 2679 3849 efficietur?
2727 3795 2842 3849 Non
2891 3796 2960 3849 ita
3008 3795 3266 3850 diluvium
3315 3807 3554 3866 tempore

1964 3884 2092 3939 Nore
2123 3884 2398 3939 hominum
2444 3901 2614 3956 genus
2663 3886 2908 3955 perdidit,
2946 3897 2998 3940 ut
3032 3887 3133 3941 illa:
3167 3896 3406 3942 natantes
3432 3904 3550 3941 cum

1964 3977 2127 4031 multa
2177 3976 2503 4045 turpitudine
2551 3986 2876 4045 spectatores
2907 3991 3092 4030 omnes
3133 3978 3411 4031 sufferant.
3461 3978 3549 4033 illa

1963 4069 2155 4138 quippe
2185 4068 2359 4137 pluvia
2392 4067 2598 4122 etiamsi
2629 4076 2852 4120 mortem
2881 4082 3162 4135 corporum
3185 4065 3424 4131 inferret,
3460 4085 3546 4120 ne-

1961 4157 2179 4227 quitiam
2225 4167 2399 4212 tamen
2441 4157 2633 4210 anima:
2675 4155 2988 4210 auferebat:
3019 4157 3131 4210 hate
3177 4167 3384 4222 contra,
3433 4173 3547 4210 ma-

1964 4258 2124 4305 nente
2162 4265 2386 4319 corpore
2430 4250 2660 4304 animam
2708 4249 2980 4304 interimit.
3015 4249 3122 4304 Vos
3159 4260 3304 4304 certe
3331 4265 3452 4305 cum
3484 4253 3546 4306 de

1970 4342 2140 4410 primo
2183 4356 2438 4396 consessu
2484 4341 2678 4412 agitur,
2711 4355 2806 4396 vos
2837 4351 3004 4394 totum
3034 4340 3216 4395 orbem
3248 4342 3546 4410 praecedere

1960 4431 2299 4499 contenditis,
2332 4433 2582 4502 quoniam
2614 4433 2801 4487 civitas
2827 4441 3003 4488 vestra
3033 4432 3200 4502 prima
3218 4430 3541 4488 Christiano-

1963 4541 2077 4578 rum
2105 4540 2296 4580 nomen
2334 4524 2662 4596 adhibuit-(a)
2686 4526 2819 4594 (Act.
2855 4527 2935 4580 11.
2964 4525 3092 4595 26);
3125 4542 3244 4580 cum
3271 4534 3445 4581 autem
3483 4525 3546 4579 de

1961 4619 2204 4672 castitate
2231 4620 2421 4688 agitur,
2476 4633 2542 4672 ne
2583 4617 2650 4670 ab
2691 4617 3069 4687 agrestioribus
3105 4617 3316 4686 quidem
3362 4617 3541 4670 civita-

1964 4710 2101 4764 tibus
2129 4711 2368 4779 supcrari
2399 4709 2728 4765 erubescitis.
2761 4709 2918 4763 Certe
2949 4708 3153 4777 inquies
3187 4727 3197 4759 :
3229 4707 3353 4775 quid
3391 4707 3546 4778 igitur

1961 4817 2055 4856 uo;
2081 4801 2236 4871 jubcs
2259 4801 2474 4855 facere?
2500 4817 2565 4854 an
2595 4808 2805 4855 montes
2833 4798 3145 4861 ascendere,
3177 4807 3234 4852 et
3259 4800 3546 4856 monachos

1960 4893 2114 4947 esse?
2141 4891 2341 4947 idcirco
2368 4893 2597 4961 iugemo,
2627 4891 2766 4961 quod
2796 4891 2898 4944 illis
2926 4897 3124 4943 tantum
3155 4890 3465 4945 modestiam
3492 4907 3549 4950 et

1958 4986 2252 5038 castitatem
2290 4993 2598 5053 competere
2636 4983 2851 5052 putetis,
2883 4982 3004 5035 licet
3031 4980 3274 5035 Christus
3297 4998 3541 5038 commu-

1958 5091 2052 5130 nes
2080 5076 2221 5145 Icgcs
2252 5078 2505 5146 posuerit.
2537 5074 2666 5128 Nam
2695 5090 2813 5127 cum
2846 5072 2994 5138 dicit,
3030 5074 3089 5127 Si
3117 5075 3229 5145 quis
3272 5078 3543 5143 respexerit

1957 5171 2214 5224 mulierem
2257 5169 2324 5221 ad
2366 5165 2815 5235 concupiscendum
2842 5181 2949 5218 eam
2981 5165 3000 5235 (
3029 5165 3209 5218 Matth.
3241 5167 3292 5220 5.
3325 5166 3395 5220 28
3416 5168 3456 5236 ),
3484 5165 3538 5220 id

1956 5278 2061 5316 non
2103 5259 2363 5314 monacho
2391 5258 2538 5321 dicit,
2587 5257 2683 5311 sed
2723 5256 3005 5328 conjugato
3037 5275 3050 5308 :
3094 5273 3217 5311 nam
3257 5273 3410 5312 mons
3455 5258 3538 5312 ille

1957 5363 2081 5408 tunc
2137 5350 2439 5422 hujusmodi
2477 5349 2618 5420 yiris
2669 5348 2902 5420 repletus
2952 5358 3088 5404 erat.
3140 5347 3322 5417 Cogita
3364 5348 3536 5417 itaque

1945 5630 2379 5755 “ama
2399 5641 2600 5704 primum
2636 5647 2682 5694 in
2715 5643 2954 5695 Christum
2978 5649 3244 5701 credentes
3267 5651 3524 5710 Christiani
