  <div class='ocr_page' id='page_1' title='image "/cluster/home/n/w/nwhite01/storage/ocr_20150623/57/hvd.32044073501934/095.png"; bbox 0 0 4040 6208; ppageno 0'>
   <div class='ocr_carea' id='block_1_1' title="bbox 675 341 2237 444">
    <p class='ocr_par' dir='ltr' id='par_1_1' title="bbox 675 341 2237 412">
     <span class='ocr_line' id='line_1_1' title="bbox 675 341 2237 412; baseline 0.02 -32"><span class='ocrx_word' id='word_1_1' title='bbox 675 346 730 402; x_wconf 63' lang='grc' dir='ltr'><strong>ει</strong></span> <span class='ocrx_word' id='word_1_2' title='bbox 1393 342 1443 396; x_wconf 85' lang='lat' dir='ltr'><strong>s.</strong></span> <span class='ocrx_word' id='word_1_3' title='bbox 1478 341 1764 402; x_wconf 73' lang='lat' dir='ltr'><strong>JOANNIS</strong></span> <span class='ocrx_word' id='word_1_4' title='bbox 1801 349 2237 412; x_wconf 76' lang='lat' dir='ltr'><strong>cumsosrm</strong></span> 
     </span>
    </p>
   </div>
   <div class='ocr_carea' id='block_1_2' title="bbox 2340 341 3909 444">
    <p class='ocr_par' dir='ltr' id='par_1_2' title="bbox 2340 358 3909 444">
     <span class='ocr_line' id='line_1_2' title="bbox 2340 358 3909 444; baseline 0.022 -33"><span class='ocrx_word' id='word_1_5' title='bbox 2340 358 2649 417; x_wconf 65' lang='lat' dir='ltr'><strong>\ltCHlliP.</strong></span> <span class='ocrx_word' id='word_1_6' title='bbox 2696 365 3240 428; x_wconf 77' lang='lat' dir='ltr'><strong>CONSTANTlNOP.</strong></span> <span class='ocrx_word' id='word_1_7' title='bbox 3842 388 3909 444; x_wconf 74' lang='lat'><strong>8!</strong></span> 
     </span>
    </p>
   </div>
   <div class='ocr_carea' id='block_1_3' title="bbox 638 463 2236 535">
    <p class='ocr_par' dir='ltr' id='par_1_3' title="bbox 638 463 2236 535">
     <span class='ocr_line' id='line_1_3' title="bbox 638 463 2236 535; baseline 0.012 -21"><span class='ocrx_word' id='word_1_8' title='bbox 638 463 948 518; x_wconf 18' lang='lat' dir='ltr'><strong>utheatrum</strong></span> <span class='ocrx_word' id='word_1_9' title='bbox 987 465 1144 535; x_wconf 89' lang='lat' dir='ltr'><strong>illud,</strong></span> <span class='ocrx_word' id='word_1_10' title='bbox 1171 470 1356 528; x_wconf 90' lang='lat' dir='ltr'><strong>ethoc</strong></span> <span class='ocrx_word' id='word_1_11' title='bbox 1383 474 1714 533; x_wconf 88' lang='lat' dir='ltr'><strong>diabolicnm</strong></span> <span class='ocrx_word' id='word_1_12' title='bbox 1758 480 2033 534; x_wconf 77' lang='lat' dir='ltr'><strong>theatrum</strong></span> <span class='ocrx_word' id='word_1_13' title='bbox 2075 496 2236 535; x_wconf 87' lang='lat' dir='ltr'><strong>aver-</strong></span> 
     </span>
    </p>
   </div>
   <div class='ocr_carea' id='block_1_4' title="bbox 630 570 2234 656">
    <p class='ocr_par' dir='ltr' id='par_1_4' title="bbox 630 570 2234 656">
     <span class='ocr_line' id='line_1_4' title="bbox 630 570 2234 656; baseline 0.017 -41"><span class='ocrx_word' id='word_1_14' title='bbox 630 585 650 595; x_wconf 75' lang='lat'><em>~</em></span> <span class='ocrx_word' id='word_1_15' title='bbox 673 579 817 629; x_wconf 88' lang='lat' dir='ltr'><strong>sarc,</strong></span> <span class='ocrx_word' id='word_1_16' title='bbox 847 582 911 622; x_wconf 89' lang='lat' dir='ltr'><strong>ac</strong></span> <span class='ocrx_word' id='word_1_17' title='bbox 937 570 1049 625; x_wconf 91' lang='lat' dir='ltr'><strong>noli</strong></span> <span class='ocrx_word' id='word_1_18' title='bbox 1093 578 1248 643; x_wconf 86' lang='lat' dir='ltr'><strong>quasi</strong></span> <span class='ocrx_word' id='word_1_19' title='bbox 1285 593 1585 637; x_wconf 90' lang='lat' dir='ltr'><strong>onerosum</strong></span> <span class='ocrx_word' id='word_1_20' title='bbox 1626 585 1852 656; x_wconf 94' lang='lat' dir='ltr'><strong>culpare</strong></span> <span class='ocrx_word' id='word_1_21' title='bbox 1902 602 2234 643; x_wconf 91' lang='lat' dir='ltr'><strong>sermonem.</strong></span> 
     </span>
    </p>
   </div>
   <div class='ocr_carea' id='block_1_5' title="bbox 675 668 2235 761">
    <p class='ocr_par' dir='ltr' id='par_1_5' title="bbox 675 668 2235 761">
     <span class='ocr_line' id='line_1_5' title="bbox 675 668 2235 761; baseline 0.015 -38"><span class='ocrx_word' id='word_1_22' title='bbox 675 668 861 740; x_wconf 81' lang='lat' dir='ltr'><strong>Neque</strong></span> <span class='ocrx_word' id='word_1_23' title='bbox 910 675 1058 730; x_wconf 90' lang='lat' dir='ltr'><strong>enim</strong></span> <span class='ocrx_word' id='word_1_24' title='bbox 1106 681 1379 748; x_wconf 89' lang='lat' dir='ltr'><strong>prohibeo</strong></span> <span class='ocrx_word' id='word_1_25' title='bbox 1432 687 1688 756; x_wconf 77' lang='lat' dir='ltr'><strong>nuptias,</strong></span> <span class='ocrx_word' id='word_1_26' title='bbox 1741 706 1845 745; x_wconf 89' lang='lat' dir='ltr'><strong>nec</strong></span> <span class='ocrx_word' id='word_1_27' title='bbox 1898 691 2235 761; x_wconf 85' lang='lat' dir='ltr'><strong>voluptatem</strong></span> 
     </span>
    </p>
   </div>
   <div class='ocr_carea' id='block_1_6' title="bbox 642 781 2236 867">
    <p class='ocr_par' dir='ltr' id='par_1_6' title="bbox 642 781 2236 867">
     <span class='ocr_line' id='line_1_6' title="bbox 642 781 2236 867; baseline 0.015 -39"><span class='ocrx_word' id='word_1_28' title='bbox 642 791 652 836; x_wconf 66' lang='grc' dir='ltr'>ί</span> <span class='ocrx_word' id='word_1_29' title='bbox 674 790 899 843; x_wconf 84' lang='lat' dir='ltr'><strong>prorsus</strong></span> <span class='ocrx_word' id='word_1_30' title='bbox 926 781 1233 853; x_wconf 87' lang='lat' dir='ltr'><strong>interdico;</strong></span> <span class='ocrx_word' id='word_1_31' title='bbox 1287 790 1379 844; x_wconf 89' lang='lat' dir='ltr'><strong>sed</strong></span> <span class='ocrx_word' id='word_1_32' title='bbox 1407 807 1530 846; x_wconf 89' lang='lat' dir='ltr'><strong>cum</strong></span> <span class='ocrx_word' id='word_1_33' title='bbox 1568 794 1821 851; x_wconf 81' lang='lat' dir='ltr'><strong>castitate</strong></span> <span class='ocrx_word' id='word_1_34' title='bbox 1856 797 1910 851; x_wconf 95' lang='lat' dir='ltr'><strong>id</strong></span> <span class='ocrx_word' id='word_1_35' title='bbox 1955 797 2075 852; x_wconf 85' lang='lat' dir='ltr'><strong>ﬁeri</strong></span> <span class='ocrx_word' id='word_1_36' title='bbox 2109 814 2236 867; x_wconf 89' lang='lat' dir='ltr'><strong>per-</strong></span> 
     </span>
    </p>
   </div>
   <div class='ocr_carea' id='block_1_7' title="bbox 673 895 2233 974">
    <p class='ocr_par' dir='ltr' id='par_1_7' title="bbox 673 895 2233 974">
     <span class='ocr_line' id='line_1_7' title="bbox 673 895 2233 974; baseline 0.013 -34"><span class='ocrx_word' id='word_1_37' title='bbox 673 895 820 956; x_wconf 77' lang='lat' dir='ltr'><strong>opto,</strong></span> <span class='ocrx_word' id='word_1_38' title='bbox 851 904 966 946; x_wconf 75' lang='lat' dir='ltr'><strong>non</strong></span> <span class='ocrx_word' id='word_1_39' title='bbox 995 907 1120 948; x_wconf 91' lang='lat' dir='ltr'><strong>cum</strong></span> <span class='ocrx_word' id='word_1_40' title='bbox 1151 896 1377 974; x_wconf 88' lang='lat' dir='ltr'><strong>probro,</strong></span> <span class='ocrx_word' id='word_1_41' title='bbox 1398 900 1558 970; x_wconf 90' lang='lat' dir='ltr'><strong>culpa</strong></span> <span class='ocrx_word' id='word_1_42' title='bbox 1586 910 1643 956; x_wconf 88' lang='lat' dir='ltr'><strong>et</strong></span> <span class='ocrx_word' id='word_1_43' title='bbox 1666 907 1939 960; x_wconf 77' lang='lat' dir='ltr'><strong>sexcentis</strong></span> <span class='ocrx_word' id='word_1_44' title='bbox 1969 907 2233 962; x_wconf 90' lang='lat' dir='ltr'><strong>reatibus.</strong></span> 
     </span>
    </p>
   </div>
   <div class='ocr_carea' id='block_1_8' title="bbox 674 990 2239 1078">
    <p class='ocr_par' dir='ltr' id='par_1_8' title="bbox 674 990 2239 1078">
     <span class='ocr_line' id='line_1_8' title="bbox 674 990 2239 1078; baseline 0.017 -34"><span class='ocrx_word' id='word_1_45' title='bbox 674 990 804 1047; x_wconf 74' lang='lat' dir='ltr'><strong>Non.</strong></span> <span class='ocrx_word' id='word_1_46' title='bbox 821 998 1081 1067; x_wconf 66' lang='lat' dir='ltr'><strong>praacipio</strong></span> <span class='ocrx_word' id='word_1_47' title='bbox 1106 1013 1323 1058; x_wconf 89' lang='lat' dir='ltr'><strong>montes</strong></span> <span class='ocrx_word' id='word_1_48' title='bbox 1352 1015 1408 1061; x_wconf 88' lang='lat' dir='ltr'><strong>et</strong></span> <span class='ocrx_word' id='word_1_49' title='bbox 1440 1008 1772 1065; x_wconf 87' lang='lat' dir='ltr'><strong>solitudines</strong></span> <span class='ocrx_word' id='word_1_50' title='bbox 1804 1012 1959 1069; x_wconf 88' lang='lat' dir='ltr'><strong>adire</strong></span> <span class='ocrx_word' id='word_1_51' title='bbox 1979 1054 1993 1078; x_wconf 92' lang='lat'><strong>,</strong></span> <span class='ocrx_word' id='word_1_52' title='bbox 2016 1014 2111 1069; x_wconf 89' lang='lat' dir='ltr'><strong>scd</strong></span> <span class='ocrx_word' id='word_1_53' title='bbox 2143 1014 2239 1069; x_wconf 89' lang='lat' dir='ltr'><strong>be-</strong></span> 
     </span>
    </p>
   </div>
   <div class='ocr_carea' id='block_1_9' title="bbox 656 1098 2236 1191">
    <p class='ocr_par' dir='ltr' id='par_1_9' title="bbox 656 1098 2236 1191">
     <span class='ocr_line' id='line_1_9' title="bbox 656 1098 2236 1191; baseline 0.017 -41"><span class='ocrx_word' id='word_1_54' title='bbox 656 1098 897 1168; x_wconf 67' lang='lat' dir='ltr'><strong>nignum</strong></span> <span class='ocrx_word' id='word_1_55' title='bbox 927 1119 1070 1169; x_wconf 89' lang='lat' dir='ltr'><strong>esse,</strong></span> <span class='ocrx_word' id='word_1_56' title='bbox 1101 1110 1411 1167; x_wconf 89' lang='lat' dir='ltr'><strong>modestum</strong></span> <span class='ocrx_word' id='word_1_57' title='bbox 1442 1124 1497 1169; x_wconf 89' lang='lat' dir='ltr'><strong>et</strong></span> <span class='ocrx_word' id='word_1_58' title='bbox 1520 1127 1735 1172; x_wconf 89' lang='lat' dir='ltr'><strong>castum</strong></span> <span class='ocrx_word' id='word_1_59' title='bbox 1759 1133 1912 1186; x_wconf 89' lang='lat' dir='ltr'><strong>eum,</strong></span> <span class='ocrx_word' id='word_1_60' title='bbox 1938 1121 2031 1191; x_wconf 85' lang='lat' dir='ltr'><strong>qui</strong></span> <span class='ocrx_word' id='word_1_61' title='bbox 2056 1122 2236 1177; x_wconf 91' lang='lat' dir='ltr'><strong>media</strong></span> 
     </span>
    </p>
   </div>
   <div class='ocr_carea' id='block_1_10' title="bbox 660 1206 2236 1296">
    <p class='ocr_par' dir='ltr' id='par_1_10' title="bbox 660 1206 2236 1296">
     <span class='ocr_line' id='line_1_10' title="bbox 660 1206 2236 1296; baseline 0.019 -42"><span class='ocrx_word' id='word_1_62' title='bbox 660 1218 725 1256; x_wconf 44' lang='lat' dir='ltr'><strong>om</strong></span> <span class='ocrx_word' id='word_1_63' title='bbox 777 1206 914 1260; x_wconf 89' lang='lat' dir='ltr'><strong>urbe</strong></span> <span class='ocrx_word' id='word_1_64' title='bbox 952 1208 1185 1268; x_wconf 76' lang='lat' dir='ltr'><strong>habitat.</strong></span> <span class='ocrx_word' id='word_1_65' title='bbox 1226 1215 1431 1273; x_wconf 89' lang='lat' dir='ltr'><strong>Omnes</strong></span> <span class='ocrx_word' id='word_1_66' title='bbox 1478 1221 1681 1292; x_wconf 86' lang='lat' dir='ltr'><strong>quippe</strong></span> <span class='ocrx_word' id='word_1_67' title='bbox 1721 1224 1872 1296; x_wconf 80' lang='lat' dir='ltr'><strong>leges</strong></span> <span class='ocrx_word' id='word_1_68' title='bbox 1917 1241 2236 1284; x_wconf 91' lang='lat' dir='ltr'><strong>communes</strong></span> 
     </span>
    </p>
   </div>
   <div class='ocr_carea' id='block_1_11' title="bbox 674 1313 2233 1405">
    <p class='ocr_par' dir='ltr' id='par_1_11' title="bbox 674 1313 2233 1405">
     <span class='ocr_line' id='line_1_11' title="bbox 674 1313 2233 1405; baseline 0.019 -44"><span class='ocrx_word' id='word_1_69' title='bbox 674 1318 800 1363; x_wconf 84' lang='lat' dir='ltr'><strong>sunt</strong></span> <span class='ocrx_word' id='word_1_70' title='bbox 824 1313 986 1369; x_wconf 88' lang='lat' dir='ltr'><strong>nobis</strong></span> <span class='ocrx_word' id='word_1_71' title='bbox 1013 1332 1137 1372; x_wconf 87' lang='lat' dir='ltr'><strong>cum</strong></span> <span class='ocrx_word' id='word_1_72' title='bbox 1179 1325 1483 1391; x_wconf 85' lang='lat' dir='ltr'><strong>monachis,</strong></span> <span class='ocrx_word' id='word_1_73' title='bbox 1532 1344 1643 1383; x_wconf 92' lang='lat' dir='ltr'><strong>uno</strong></span> <span class='ocrx_word' id='word_1_74' title='bbox 1684 1340 1913 1400; x_wconf 79' lang='lat' dir='ltr'><strong>excepto</strong></span> <span class='ocrx_word' id='word_1_75' title='bbox 1939 1335 2233 1405; x_wconf 72' lang='lat' dir='ltr'><strong>coniugio;</strong></span> 
     </span>
    </p>
   </div>
   <div class='ocr_carea' id='block_1_12' title="bbox 674 1417 2235 1503">
    <p class='ocr_par' dir='ltr' id='par_1_12' title="bbox 674 1417 2235 1503">
     <span class='ocr_line' id='line_1_12' title="bbox 674 1417 2235 1503; baseline 0.017 -35"><span class='ocrx_word' id='word_1_76' title='bbox 674 1429 784 1468; x_wconf 79' lang='lat' dir='ltr'><strong>Imo</strong></span> <span class='ocrx_word' id='word_1_77' title='bbox 820 1417 986 1474; x_wconf 90' lang='lat' dir='ltr'><strong>etiam</strong></span> <span class='ocrx_word' id='word_1_78' title='bbox 1032 1421 1136 1478; x_wconf 89' lang='lat' dir='ltr'><strong>hac</strong></span> <span class='ocrx_word' id='word_1_79' title='bbox 1169 1424 1225 1479; x_wconf 92' lang='lat' dir='ltr'><strong>in</strong></span> <span class='ocrx_word' id='word_1_80' title='bbox 1259 1443 1318 1482; x_wconf 88' lang='lat' dir='ltr'><strong>re</strong></span> <span class='ocrx_word' id='word_1_81' title='bbox 1364 1432 1686 1503; x_wconf 88' lang='lat' dir='ltr'><strong>conjugatos</strong></span> <span class='ocrx_word' id='word_1_82' title='bbox 1720 1436 1830 1491; x_wconf 91' lang='lat' dir='ltr'><strong>illis</strong></span> <span class='ocrx_word' id='word_1_83' title='bbox 1859 1437 2070 1493; x_wconf 88' lang='lat' dir='ltr'><strong>similes</strong></span> <span class='ocrx_word' id='word_1_84' title='bbox 2114 1454 2235 1495; x_wconf 90' lang='lat' dir='ltr'><strong>esse</strong></span> 
     </span>
    </p>
   </div>
   <div class='ocr_carea' id='block_1_13' title="bbox 674 1519 2234 1613">
    <p class='ocr_par' dir='ltr' id='par_1_13' title="bbox 674 1519 2234 1613">
     <span class='ocr_line' id='line_1_13' title="bbox 674 1519 2234 1613; baseline 0.02 -43"><span class='ocrx_word' id='word_1_85' title='bbox 674 1519 822 1582; x_wconf 83' lang='lat' dir='ltr'><strong>mbet</strong></span> <span class='ocrx_word' id='word_1_86' title='bbox 849 1522 1050 1582; x_wconf 85' lang='lat' dir='ltr'><strong>Paulus</strong></span> <span class='ocrx_word' id='word_1_87' title='bbox 1090 1547 1103 1582; x_wconf 90' lang='lat'><strong>:</strong></span> <span class='ocrx_word' id='word_1_88' title='bbox 1149 1530 1397 1588; x_wconf 74' lang='lat' dir='ltr'><strong>Prwterit</strong></span> <span class='ocrx_word' id='word_1_89' title='bbox 1432 1538 1572 1591; x_wconf 85' lang='lat' dir='ltr'><strong>enim</strong></span> <span class='ocrx_word' id='word_1_90' title='bbox 1593 1538 1769 1609; x_wconf 76' lang='lat' dir='ltr'><strong>figura</strong></span> <span class='ocrx_word' id='word_1_91' title='bbox 1822 1544 1981 1613; x_wconf 83' lang='lat' dir='ltr'><strong>hujus</strong></span> <span class='ocrx_word' id='word_1_92' title='bbox 2028 1548 2234 1613; x_wconf 83' lang='lat' dir='ltr'><strong>mundi,</strong></span> 
     </span>
    </p>
   </div>
   <div class='ocr_carea' id='block_1_14' title="bbox 674 1632 2236 1716">
    <p class='ocr_par' dir='ltr' id='par_1_14' title="bbox 674 1632 2236 1716">
     <span class='ocr_line' id='line_1_14' title="bbox 674 1632 2236 1716; baseline 0.021 -42"><span class='ocrx_word' id='word_1_93' title='bbox 674 1634 727 1677; x_wconf 85' lang='lat' dir='ltr'><strong>ut</strong></span> <span class='ocrx_word' id='word_1_94' title='bbox 783 1636 833 1679; x_wconf 81' lang='lat' dir='ltr'><strong>et</strong></span> <span class='ocrx_word' id='word_1_95' title='bbox 888 1632 978 1698; x_wconf 83' lang='lat' dir='ltr'><strong>qui</strong></span> <span class='ocrx_word' id='word_1_96' title='bbox 1029 1634 1223 1691; x_wconf 79' lang='lat' dir='ltr'><strong>habent</strong></span> <span class='ocrx_word' id='word_1_97' title='bbox 1280 1656 1471 1697; x_wconf 74' lang='lat' dir='ltr'><strong>uxores</strong></span> <span class='ocrx_word' id='word_1_98' title='bbox 1522 1652 1781 1716; x_wconf 84' lang='lat' dir='ltr'><strong>tanquam</strong></span> <span class='ocrx_word' id='word_1_99' title='bbox 1841 1666 1945 1702; x_wconf 86' lang='lat' dir='ltr'><strong>non</strong></span> <span class='ocrx_word' id='word_1_100' title='bbox 1988 1652 2236 1707; x_wconf 82' lang='lat' dir='ltr'><strong>habentes</strong></span> 
     </span>
    </p>
   </div>
   <div class='ocr_carea' id='block_1_15' title="bbox 673 1733 2240 1826">
    <p class='ocr_par' dir='ltr' id='par_1_15' title="bbox 673 1733 2240 1826">
     <span class='ocr_line' id='line_1_15' title="bbox 673 1733 2240 1826; baseline 0.019 -43"><span class='ocrx_word' id='word_1_101' title='bbox 673 1733 779 1786; x_wconf 82' lang='lat' dir='ltr'><strong>sint</strong></span> <span class='ocrx_word' id='word_1_102' title='bbox 808 1736 826 1805; x_wconf 94' lang='lat'><strong>(</strong></span> <span class='ocrx_word' id='word_1_103' title='bbox 860 1736 884 1789; x_wconf 81' lang='lat' dir='ltr'><strong>l</strong></span> <span class='ocrx_word' id='word_1_104' title='bbox 923 1737 1043 1795; x_wconf 86' lang='lat' dir='ltr'><strong>Cor.</strong></span> <span class='ocrx_word' id='word_1_105' title='bbox 1094 1742 1145 1797; x_wconf 93' lang='lat'><strong>7.</strong></span> <span class='ocrx_word' id='word_1_106' title='bbox 1178 1744 1293 1816; x_wconf 71' lang='grc' dir='ltr'><strong>ΞΩ).</strong></span> <span class='ocrx_word' id='word_1_107' title='bbox 1327 1746 1518 1819; x_wconf 82' lang='lat' dir='ltr'><strong>Itaque</strong></span> <span class='ocrx_word' id='word_1_108' title='bbox 1550 1791 1566 1815; x_wconf 91' lang='lat'><strong>,</strong></span> <span class='ocrx_word' id='word_1_109' title='bbox 1600 1753 1697 1819; x_wconf 85' lang='lat' dir='ltr'><strong>ait,</strong></span> <span class='ocrx_word' id='word_1_110' title='bbox 1752 1770 1863 1809; x_wconf 87' lang='lat' dir='ltr'><strong>non</strong></span> <span class='ocrx_word' id='word_1_111' title='bbox 1913 1757 2085 1826; x_wconf 85' lang='lat' dir='ltr'><strong>jnbeo</strong></span> <span class='ocrx_word' id='word_1_112' title='bbox 2141 1773 2240 1813; x_wconf 93' lang='lat' dir='ltr'><strong>vos</strong></span> 
     </span>
    </p>
   </div>
   <div class='ocr_carea' id='block_1_16' title="bbox 673 1839 2234 1932">
    <p class='ocr_par' dir='ltr' id='par_1_16' title="bbox 673 1839 2234 1932">
     <span class='ocr_line' id='line_1_16' title="bbox 673 1839 2234 1932; baseline 0.019 -43"><span class='ocrx_word' id='word_1_113' title='bbox 673 1839 940 1894; x_wconf 90' lang='lat' dir='ltr'><strong>montium</strong></span> <span class='ocrx_word' id='word_1_114' title='bbox 975 1848 1258 1903; x_wconf 90' lang='lat' dir='ltr'><strong>cacumina</strong></span> <span class='ocrx_word' id='word_1_115' title='bbox 1292 1865 1566 1923; x_wconf 89' lang='lat' dir='ltr'><strong>occupare</strong></span> <span class='ocrx_word' id='word_1_116' title='bbox 1603 1876 1615 1912; x_wconf 94' lang='lat'><strong>:</strong></span> <span class='ocrx_word' id='word_1_117' title='bbox 1647 1857 1702 1912; x_wconf 92' lang='lat' dir='ltr'><strong>id</strong></span> <span class='ocrx_word' id='word_1_118' title='bbox 1749 1860 1950 1915; x_wconf 78' lang='lat' dir='ltr'><strong>vellem</strong></span> <span class='ocrx_word' id='word_1_119' title='bbox 1988 1862 2234 1932; x_wconf 91' lang='lat' dir='ltr'><strong>quidem,</strong></span> 
     </span>
    </p>
   </div>
   <div class='ocr_carea' id='block_1_17' title="bbox 677 1941 2241 2035">
    <p class='ocr_par' dir='ltr' id='par_1_17' title="bbox 677 1941 2241 2035">
     <span class='ocr_line' id='line_1_17' title="bbox 677 1941 2241 2035; baseline 0.02 -42"><span class='ocrx_word' id='word_1_120' title='bbox 677 1941 808 2008; x_wconf 87' lang='lat' dir='ltr'><strong>quia</strong></span> <span class='ocrx_word' id='word_1_121' title='bbox 843 1946 1011 2003; x_wconf 90' lang='lat' dir='ltr'><strong>urbes</strong></span> <span class='ocrx_word' id='word_1_122' title='bbox 1062 1950 1469 2014; x_wconf 85' lang='lat' dir='ltr'><strong>Sodomitarum</strong></span> <span class='ocrx_word' id='word_1_123' title='bbox 1502 1960 1734 2019; x_wconf 89' lang='lat' dir='ltr'><strong>crimina</strong></span> <span class='ocrx_word' id='word_1_124' title='bbox 1778 1965 2102 2035; x_wconf 85' lang='lat' dir='ltr'><strong>imitantur;</strong></span> <span class='ocrx_word' id='word_1_125' title='bbox 2156 1978 2241 2024; x_wconf 87' lang='lat' dir='ltr'><strong>at-</strong></span> 
     </span>
    </p>
   </div>
   <div class='ocr_carea' id='block_1_18' title="bbox 677 2052 2238 2135">
    <p class='ocr_par' dir='ltr' id='par_1_18' title="bbox 677 2052 2238 2135">
     <span class='ocr_line' id='line_1_18' title="bbox 677 2052 2238 2135; baseline 0.022 -37"><span class='ocrx_word' id='word_1_126' title='bbox 677 2054 856 2103; x_wconf 85' lang='lat' dir='ltr'><strong>tamen</strong></span> <span class='ocrx_word' id='word_1_127' title='bbox 885 2052 950 2107; x_wconf 92' lang='lat' dir='ltr'><strong>ad</strong></span> <span class='ocrx_word' id='word_1_128' title='bbox 986 2054 1039 2110; x_wconf 93' lang='lat' dir='ltr'><strong>id</strong></span> <span class='ocrx_word' id='word_1_129' title='bbox 1074 2074 1186 2115; x_wconf 92' lang='lat' dir='ltr'><strong>non</strong></span> <span class='ocrx_word' id='word_1_130' title='bbox 1221 2078 1377 2135; x_wconf 91' lang='lat' dir='ltr'><strong>cogo.</strong></span> <span class='ocrx_word' id='word_1_131' title='bbox 1408 2067 1675 2124; x_wconf 88' lang='lat' dir='ltr'><strong>Permane</strong></span> <span class='ocrx_word' id='word_1_132' title='bbox 1718 2071 1773 2127; x_wconf 91' lang='lat' dir='ltr'><strong>in</strong></span> <span class='ocrx_word' id='word_1_133' title='bbox 1801 2070 1965 2128; x_wconf 91' lang='lat' dir='ltr'><strong>domo</strong></span> <span class='ocrx_word' id='word_1_134' title='bbox 1993 2084 2083 2129; x_wconf 85' lang='lat' dir='ltr'><strong>tua</strong></span> <span class='ocrx_word' id='word_1_135' title='bbox 2115 2091 2238 2131; x_wconf 89' lang='lat' dir='ltr'><strong>cum</strong></span> 
     </span>
    </p>
   </div>
   <div class='ocr_carea' id='block_1_19' title="bbox 673 2151 2242 2237">
    <p class='ocr_par' dir='ltr' id='par_1_19' title="bbox 673 2151 2242 2237">
     <span class='ocr_line' id='line_1_19' title="bbox 673 2151 2242 2237; baseline 0.022 -33"><span class='ocrx_word' id='word_1_136' title='bbox 673 2151 859 2211; x_wconf 81' lang='lat' dir='ltr'><strong>tiberis</strong></span> <span class='ocrx_word' id='word_1_137' title='bbox 890 2167 945 2212; x_wconf 94' lang='lat' dir='ltr'><strong>et</strong></span> <span class='ocrx_word' id='word_1_138' title='bbox 976 2176 1175 2231; x_wconf 83' lang='lat' dir='ltr'><strong>uxore;</strong></span> <span class='ocrx_word' id='word_1_139' title='bbox 1216 2168 1314 2223; x_wconf 90' lang='lat' dir='ltr'><strong>sed</strong></span> <span class='ocrx_word' id='word_1_140' title='bbox 1368 2186 1439 2227; x_wconf 91' lang='lat' dir='ltr'><strong>ne</strong></span> <span class='ocrx_word' id='word_1_141' title='bbox 1485 2178 1819 2232; x_wconf 90' lang='lat' dir='ltr'><strong>contumelia</strong></span> <span class='ocrx_word' id='word_1_142' title='bbox 1851 2194 2076 2237; x_wconf 83' lang='lat' dir='ltr'><strong>uxorem</strong></span> <span class='ocrx_word' id='word_1_143' title='bbox 2122 2181 2242 2237; x_wconf 84' lang='lat' dir='ltr'><strong>afﬁ-</strong></span> 
     </span>
    </p>
   </div>
   <div class='ocr_carea' id='block_1_20' title="bbox 673 2258 2237 2353">
    <p class='ocr_par' dir='ltr' id='par_1_20' title="bbox 673 2258 2237 2353">
     <span class='ocr_line' id='line_1_20' title="bbox 673 2258 2237 2353; baseline 0.02 -41"><span class='ocrx_word' id='word_1_144' title='bbox 673 2258 820 2326; x_wconf 86' lang='lat' dir='ltr'><strong>cias,</strong></span> <span class='ocrx_word' id='word_1_145' title='bbox 870 2279 1047 2336; x_wconf 93' lang='lat' dir='ltr'><strong>neque</strong></span> <span class='ocrx_word' id='word_1_146' title='bbox 1088 2269 1232 2328; x_wconf 85' lang='lat' dir='ltr'><strong>filios</strong></span> <span class='ocrx_word' id='word_1_147' title='bbox 1275 2277 1566 2344; x_wconf 85' lang='lat' dir='ltr'><strong>traducas.</strong></span> <span class='ocrx_word' id='word_1_148' title='bbox 1614 2298 1795 2353; x_wconf 87' lang='lat' dir='ltr'><strong>neque</strong></span> <span class='ocrx_word' id='word_1_149' title='bbox 1851 2286 2051 2341; x_wconf 85' lang='lat' dir='ltr'><strong>theatri</strong></span> <span class='ocrx_word' id='word_1_150' title='bbox 2091 2287 2237 2343; x_wconf 89' lang='lat' dir='ltr'><strong>luem</strong></span> 
     </span>
    </p>
   </div>
   <div class='ocr_carea' id='block_1_21' title="bbox 673 2363 2235 2461">
    <p class='ocr_par' dir='ltr' id='par_1_21' title="bbox 673 2363 2235 2461">
     <span class='ocr_line' id='line_1_21' title="bbox 673 2363 2235 2461; baseline 0.022 -46"><span class='ocrx_word' id='word_1_151' title='bbox 673 2363 893 2421; x_wconf 85' lang='lat' dir='ltr'><strong>domum</strong></span> <span class='ocrx_word' id='word_1_152' title='bbox 927 2370 1185 2431; x_wconf 87' lang='lat' dir='ltr'><strong>inducas.</strong></span> <span class='ocrx_word' id='word_1_153' title='bbox 1241 2380 1362 2436; x_wconf 89' lang='lat' dir='ltr'><strong>Non</strong></span> <span class='ocrx_word' id='word_1_154' title='bbox 1429 2385 1590 2441; x_wconf 87' lang='lat' dir='ltr'><strong>audis</strong></span> <span class='ocrx_word' id='word_1_155' title='bbox 1644 2388 1876 2445; x_wconf 85' lang='lat' dir='ltr'><strong>Paulum</strong></span> <span class='ocrx_word' id='word_1_156' title='bbox 1911 2391 2185 2449; x_wconf 88' lang='lat' dir='ltr'><strong>dicentem</strong></span> <span class='ocrx_word' id='word_1_157' title='bbox 2218 2433 2235 2461; x_wconf 89' lang='lat'><strong>,</strong></span> 
     </span>
    </p>
   </div>
   <div class='ocr_carea' id='block_1_22' title="bbox 677 2468 2239 2565">
    <p class='ocr_par' dir='ltr' id='par_1_22' title="bbox 677 2468 2239 2565">
     <span class='ocr_line' id='line_1_22' title="bbox 677 2468 2239 2565; baseline 0.02 -43"><span class='ocrx_word' id='word_1_158' title='bbox 677 2468 763 2524; x_wconf 77' lang='lat' dir='ltr'><strong>Vir</strong></span> <span class='ocrx_word' id='word_1_159' title='bbox 796 2477 882 2529; x_wconf 87' lang='lat' dir='ltr'><strong>sui</strong></span> <span class='ocrx_word' id='word_1_160' title='bbox 921 2484 1157 2551; x_wconf 81' lang='lat' dir='ltr'><strong>corporis</strong></span> <span class='ocrx_word' id='word_1_161' title='bbox 1202 2494 1514 2554; x_wconf 85' lang='lat' dir='ltr'><strong>potestatem</strong></span> <span class='ocrx_word' id='word_1_162' title='bbox 1561 2510 1664 2547; x_wconf 85' lang='lat' dir='ltr'><strong>non</strong></span> <span class='ocrx_word' id='word_1_163' title='bbox 1715 2496 1891 2565; x_wconf 84' lang='lat' dir='ltr'><strong>habet,</strong></span> <span class='ocrx_word' id='word_1_164' title='bbox 1922 2499 2023 2553; x_wconf 85' lang='lat' dir='ltr'><strong>sed‘</strong></span> <span class='ocrx_word' id='word_1_165' title='bbox 2045 2500 2239 2556; x_wconf 78' lang='lat' dir='ltr'><strong>mulier</strong></span> 
     </span>
    </p>
   </div>
   <div class='ocr_carea' id='block_1_23' title="bbox 672 2578 2236 2677">
    <p class='ocr_par' dir='ltr' id='par_1_23' title="bbox 672 2578 2236 2677">
     <span class='ocr_line' id='line_1_23' title="bbox 672 2578 2236 2677; baseline 0.02 -44"><span class='ocrx_word' id='word_1_166' title='bbox 672 2578 689 2647; x_wconf 88' lang='lat'>(</span> <span class='ocrx_word' id='word_1_167' title='bbox 722 2580 773 2635; x_wconf 79' lang='lat' dir='ltr'><strong>t.</strong></span> <span class='ocrx_word' id='word_1_168' title='bbox 805 2580 928 2641; x_wconf 82' lang='lat' dir='ltr'><strong>Cor.</strong></span> <span class='ocrx_word' id='word_1_169' title='bbox 967 2588 1021 2641; x_wconf 89' lang='lat'><strong>7.</strong></span> <span class='ocrx_word' id='word_1_170' title='bbox 1047 2588 1126 2660; x_wconf 76' lang='grc'><strong>4),</strong></span> <span class='ocrx_word' id='word_1_171' title='bbox 1165 2607 1229 2646; x_wconf 86' lang='lat' dir='ltr'><strong>ac</strong></span> <span class='ocrx_word' id='word_1_172' title='bbox 1263 2608 1583 2655; x_wconf 91' lang='lat' dir='ltr'><strong>communes</strong></span> <span class='ocrx_word' id='word_1_173' title='bbox 1628 2602 1850 2674; x_wconf 90' lang='lat' dir='ltr'><strong>utrique</strong></span> <span class='ocrx_word' id='word_1_174' title='bbox 1893 2605 2042 2677; x_wconf 82' lang='lat' dir='ltr'><strong>leges</strong></span> <span class='ocrx_word' id='word_1_175' title='bbox 2071 2607 2236 2664; x_wconf 90' lang='lat' dir='ltr'><strong>indu-</strong></span> 
     </span>
    </p>
   </div>
   <div class='ocr_carea' id='block_1_24' title="bbox 666 2690 2233 2784">
    <p class='ocr_par' dir='ltr' id='par_1_24' title="bbox 666 2690 2233 2784">
     <span class='ocr_line' id='line_1_24' title="bbox 666 2690 2233 2784; baseline 0.021 -46"><span class='ocrx_word' id='word_1_176' title='bbox 666 2690 932 2744; x_wconf 79' lang='lat' dir='ltr'><strong>centem?</strong></span> <span class='ocrx_word' id='word_1_177' title='bbox 981 2691 1063 2747; x_wconf 86' lang='lat' dir='ltr'><strong>Tu</strong></span> <span class='ocrx_word' id='word_1_178' title='bbox 1111 2711 1266 2766; x_wconf 87' lang='lat' dir='ltr'><strong>vero,</strong></span> <span class='ocrx_word' id='word_1_179' title='bbox 1310 2701 1355 2755; x_wconf 91' lang='lat' dir='ltr'><strong>si</strong></span> <span class='ocrx_word' id='word_1_180' title='bbox 1391 2705 1679 2761; x_wconf 90' lang='lat' dir='ltr'><strong>ecclesiam</strong></span> <span class='ocrx_word' id='word_1_181' title='bbox 1716 2725 1855 2765; x_wconf 77' lang='lat' dir='ltr'><strong>uxor</strong></span> <span class='ocrx_word' id='word_1_182' title='bbox 1898 2711 2233 2784; x_wconf 81' lang='lat' dir='ltr'><strong>frequentet,</strong></span> 
     </span>
    </p>
   </div>
   <div class='ocr_carea' id='block_1_25' title="bbox 665 2793 2232 2892">
    <p class='ocr_par' dir='ltr' id='par_1_25' title="bbox 665 2793 2232 2892">
     <span class='ocr_line' id='line_1_25' title="bbox 665 2793 2232 2892; baseline 0.022 -49"><span class='ocrx_word' id='word_1_183' title='bbox 665 2793 846 2873; x_wconf 86' lang='lat' dir='ltr'><strong>gravis</strong></span> <span class='ocrx_word' id='word_1_184' title='bbox 884 2809 1175 2857; x_wconf 90' lang='lat' dir='ltr'><strong>accusator</strong></span> <span class='ocrx_word' id='word_1_185' title='bbox 1203 2820 1297 2870; x_wconf 90' lang='lat' dir='ltr'><strong>es;</strong></span> <span class='ocrx_word' id='word_1_186' title='bbox 1344 2814 1399 2863; x_wconf 89' lang='lat' dir='ltr'><strong>tu</strong></span> <span class='ocrx_word' id='word_1_187' title='bbox 1436 2810 1480 2864; x_wconf 88' lang='lat' dir='ltr'><strong>si</strong></span> <span class='ocrx_word' id='word_1_188' title='bbox 1519 2811 1571 2867; x_wconf 94' lang='lat' dir='ltr'><strong>in</strong></span> <span class='ocrx_word' id='word_1_189' title='bbox 1609 2813 1840 2871; x_wconf 83' lang='lat' dir='ltr'><strong>theatris</strong></span> <span class='ocrx_word' id='word_1_190' title='bbox 1871 2817 1990 2874; x_wconf 86' lang='lat' dir='ltr'><strong>dies</strong></span> <span class='ocrx_word' id='word_1_191' title='bbox 2026 2820 2232 2892; x_wconf 77' lang='lat' dir='ltr'><strong>exigas,</strong></span> 
     </span>
    </p>
   </div>
   <div class='ocr_carea' id='block_1_26' title="bbox 671 2905 2234 2985">
    <p class='ocr_par' dir='ltr' id='par_1_26' title="bbox 671 2905 2234 2985">
     <span class='ocr_line' id='line_1_26' title="bbox 671 2905 2234 2985; baseline 0.022 -34"><span class='ocrx_word' id='word_1_192' title='bbox 671 2914 779 2953; x_wconf 85' lang='lat' dir='ltr'><strong>non</strong></span> <span class='ocrx_word' id='word_1_193' title='bbox 813 2909 864 2956; x_wconf 85' lang='lat' dir='ltr'><strong>te</strong></span> <span class='ocrx_word' id='word_1_194' title='bbox 904 2905 1241 2976; x_wconf 89' lang='lat' dir='ltr'><strong>culpandum</strong></span> <span class='ocrx_word' id='word_1_195' title='bbox 1274 2917 1469 2982; x_wconf 89' lang='lat' dir='ltr'><strong>putas?</strong></span> <span class='ocrx_word' id='word_1_196' title='bbox 1502 2916 1609 2973; x_wconf 89' lang='lat' dir='ltr'><strong>Sed</strong></span> <span class='ocrx_word' id='word_1_197' title='bbox 1651 2920 1720 2976; x_wconf 93' lang='lat' dir='ltr'><strong>de</strong></span> <span class='ocrx_word' id='word_1_198' title='bbox 1759 2925 1948 2980; x_wconf 82' lang='lat' dir='ltr'><strong>uxoris</strong></span> <span class='ocrx_word' id='word_1_199' title='bbox 1981 2928 2234 2985; x_wconf 80' lang='lat' dir='ltr'><strong>castitate</strong></span> 
     </span>
    </p>
   </div>
   <div class='ocr_carea' id='block_1_27' title="bbox 671 3003 2233 3105">
    <p class='ocr_par' dir='ltr' id='par_1_27' title="bbox 671 3003 2233 3105">
     <span class='ocr_line' id='line_1_27' title="bbox 671 3003 2233 3105; baseline 0.022 -50"><span class='ocrx_word' id='word_1_200' title='bbox 671 3003 958 3072; x_wconf 71' lang='lat' dir='ltr'><strong>sollicitus,</strong></span> <span class='ocrx_word' id='word_1_201' title='bbox 1000 3010 1187 3068; x_wconf 91' lang='lat' dir='ltr'><strong>hacin</strong></span> <span class='ocrx_word' id='word_1_202' title='bbox 1227 3032 1285 3070; x_wconf 89' lang='lat' dir='ltr'><strong>re</strong></span> <span class='ocrx_word' id='word_1_203' title='bbox 1323 3021 1657 3089; x_wconf 86' lang='lat' dir='ltr'><strong>superﬂuam</strong></span> <span class='ocrx_word' id='word_1_204' title='bbox 1702 3026 2233 3105; x_wconf 88' lang='lat' dir='ltr'><strong>immoderatamque</strong></span> 
     </span>
    </p>
   </div>
   <div class='ocr_carea' id='block_1_28' title="bbox 672 3112 2299 3195">
    <p class='ocr_par' dir='ltr' id='par_1_28' title="bbox 672 3112 2299 3195">
     <span class='ocr_line' id='line_1_28' title="bbox 672 3112 2299 3195; baseline 0.021 -32"><span class='ocrx_word' id='word_1_205' title='bbox 672 3123 855 3163; x_wconf 73' lang='lat' dir='ltr'><strong>curam</strong></span> <span class='ocrx_word' id='word_1_206' title='bbox 891 3112 1141 3183; x_wconf 87' lang='lat' dir='ltr'><strong>adhibes,</strong></span> <span class='ocrx_word' id='word_1_207' title='bbox 1182 3119 1256 3177; x_wconf 85' lang='lat' dir='ltr'><strong>ita</strong></span> <span class='ocrx_word' id='word_1_208' title='bbox 1292 3130 1351 3178; x_wconf 89' lang='lat' dir='ltr'><strong>ut</strong></span> <span class='ocrx_word' id='word_1_209' title='bbox 1380 3140 1449 3181; x_wconf 91' lang='lat' dir='ltr'><strong>ne</strong></span> <span class='ocrx_word' id='word_1_210' title='bbox 1479 3128 1704 3195; x_wconf 87' lang='lat' dir='ltr'><strong>quidem</strong></span> <span class='ocrx_word' id='word_1_211' title='bbox 1744 3136 2089 3194; x_wconf 83' lang='lat' dir='ltr'><strong>necessarios</strong></span> <span class='ocrx_word' id='word_1_212' title='bbox 2117 3141 2234 3195; x_wconf 80' lang='lat' dir='ltr'><strong>cxi-</strong></span> <span class='ocrx_word' id='word_1_213' title='bbox 2298 3174 2299 3177; x_wconf 60' lang='grc' dir='ltr'><strong>η</strong></span> 
     </span>
    </p>
   </div>
   <div class='ocr_carea' id='block_1_29' title="bbox 2345 484 3903 567">
    <p class='ocr_par' dir='ltr' id='par_1_29' title="bbox 2345 484 3903 567">
     <span class='ocr_line' id='line_1_29' title="bbox 2345 484 3903 567; baseline 0.014 -33"><span class='ocrx_word' id='word_1_214' title='bbox 2345 490 2432 536; x_wconf 90' lang='lat' dir='ltr'><strong>tus</strong></span> <span class='ocrx_word' id='word_1_215' title='bbox 2459 484 2510 537; x_wconf 90' lang='lat' dir='ltr'><strong>ei</strong></span> <span class='ocrx_word' id='word_1_216' title='bbox 2544 486 2832 555; x_wconf 88' lang='lat' dir='ltr'><strong>permittas</strong></span> <span class='ocrx_word' id='word_1_217' title='bbox 2866 505 2880 543; x_wconf 88' lang='lat'><strong>:</strong></span> <span class='ocrx_word' id='word_1_218' title='bbox 2916 490 3014 544; x_wconf 84' lang='lat' dir='ltr'><strong>tibi</strong></span> <span class='ocrx_word' id='word_1_219' title='bbox 3046 508 3180 547; x_wconf 84' lang='lat' dir='ltr'><strong>vero</strong></span> <span class='ocrx_word' id='word_1_220' title='bbox 3215 492 3400 546; x_wconf 66' lang='lat' dir='ltr'><strong>omnia</strong></span> <span class='ocrx_word' id='word_1_221' title='bbox 3430 493 3596 550; x_wconf 79' lang='lat' dir='ltr'><strong>licere</strong></span> <span class='ocrx_word' id='word_1_222' title='bbox 3627 506 3806 567; x_wconf 87' lang='lat' dir='ltr'><strong>putas.</strong></span> <span class='ocrx_word' id='word_1_223' title='bbox 3840 504 3903 560; x_wconf 73' lang='lat' dir='ltr'><strong>At</strong></span> 
     </span>
    </p>
   </div>
   <div class='ocr_carea' id='block_1_30' title="bbox 2344 588 3907 669">
    <p class='ocr_par' dir='ltr' id='par_1_30' title="bbox 2344 588 3907 669">
     <span class='ocr_line' id='line_1_30' title="bbox 2344 588 3907 669; baseline 0.014 -28"><span class='ocrx_word' id='word_1_224' title='bbox 2344 588 2443 643; x_wconf 86' lang='lat' dir='ltr'><strong>tibi</strong></span> <span class='ocrx_word' id='word_1_225' title='bbox 2497 591 2602 645; x_wconf 90' lang='lat' dir='ltr'><strong>hoc</strong></span> <span class='ocrx_word' id='word_1_226' title='bbox 2652 609 2761 648; x_wconf 90' lang='lat' dir='ltr'><strong>non</strong></span> <span class='ocrx_word' id='word_1_227' title='bbox 2807 596 3079 664; x_wconf 88' lang='lat' dir='ltr'><strong>permittit</strong></span> <span class='ocrx_word' id='word_1_228' title='bbox 3124 598 3345 663; x_wconf 86' lang='lat' dir='ltr'><strong>Paulus,</strong></span> <span class='ocrx_word' id='word_1_229' title='bbox 3392 601 3485 669; x_wconf 82' lang='lat' dir='ltr'><strong>qui</strong></span> <span class='ocrx_word' id='word_1_230' title='bbox 3534 603 3781 660; x_wconf 84' lang='lat' dir='ltr'><strong>eamdem</strong></span> <span class='ocrx_word' id='word_1_231' title='bbox 3817 609 3907 664; x_wconf 78' lang='lat' dir='ltr'><strong>dat</strong></span> 
     </span>
    </p>
   </div>
   <div class='ocr_carea' id='block_1_31' title="bbox 2343 695 3905 764">
    <p class='ocr_par' dir='ltr' id='par_1_31' title="bbox 2343 695 3905 764">
     <span class='ocr_line' id='line_1_31' title="bbox 2343 695 3905 764; baseline 0.013 -20"><span class='ocrx_word' id='word_1_232' title='bbox 2343 695 2499 748; x_wconf 80' lang='lat' dir='ltr'><strong>uxori</strong></span> <span class='ocrx_word' id='word_1_233' title='bbox 2548 705 2876 764; x_wconf 87' lang='lat' dir='ltr'><strong>potestatem</strong></span> <span class='ocrx_word' id='word_1_234' title='bbox 2934 700 3022 755; x_wconf 90' lang='lat' dir='ltr'><strong>his</strong></span> <span class='ocrx_word' id='word_1_235' title='bbox 3076 703 3257 756; x_wconf 88' lang='lat' dir='ltr'><strong>verbis</strong></span> <span class='ocrx_word' id='word_1_236' title='bbox 3305 718 3317 754; x_wconf 91' lang='lat'><strong>:</strong></span> <span class='ocrx_word' id='word_1_237' title='bbox 3356 702 3516 758; x_wconf 70' lang='lat' dir='ltr'><strong>Ureri</strong></span> <span class='ocrx_word' id='word_1_238' title='bbox 3557 708 3637 759; x_wconf 73' lang='lat' dir='ltr'><strong>vir</strong></span> <span class='ocrx_word' id='word_1_239' title='bbox 3679 708 3905 764; x_wconf 84' lang='lat' dir='ltr'><strong>debitum</strong></span> 
     </span>
    </p>
   </div>
   <div class='ocr_carea' id='block_1_32' title="bbox 2342 798 3905 878">
    <p class='ocr_par' dir='ltr' id='par_1_32' title="bbox 2342 798 3905 878">
     <span class='ocr_line' id='line_1_32' title="bbox 2342 798 3905 878; baseline 0.012 -29"><span class='ocrx_word' id='word_1_240' title='bbox 2342 798 2591 853; x_wconf 81' lang='lat' dir='ltr'><strong>honorem</strong></span> <span class='ocrx_word' id='word_1_241' title='bbox 2631 802 2815 856; x_wconf 84' lang='lat' dir='ltr'><strong>reddat</strong></span> <span class='ocrx_word' id='word_1_242' title='bbox 2852 803 2925 874; x_wconf 81' lang='grc'><strong>(1.</strong></span> <span class='ocrx_word' id='word_1_243' title='bbox 2962 804 3082 860; x_wconf 84' lang='lat' dir='ltr'><strong>Cor.</strong></span> <span class='ocrx_word' id='word_1_244' title='bbox 3115 807 3167 859; x_wconf 89' lang='lat'><strong>7.</strong></span> <span class='ocrx_word' id='word_1_245' title='bbox 3197 806 3272 876; x_wconf 78' lang='grc'><strong>5).</strong></span> <span class='ocrx_word' id='word_1_246' title='bbox 3326 808 3532 877; x_wconf 87' lang='lat' dir='ltr'><strong>Ecquis</strong></span> <span class='ocrx_word' id='word_1_247' title='bbox 3576 811 3666 865; x_wconf 86' lang='lat' dir='ltr'><strong>ille</strong></span> <span class='ocrx_word' id='word_1_248' title='bbox 3702 812 3905 878; x_wconf 78' lang='lat' dir='ltr'><strong>honor,</strong></span> 
     </span>
    </p>
   </div>
   <div class='ocr_carea' id='block_1_33' title="bbox 2343 903 3906 988">
    <p class='ocr_par' dir='ltr' id='par_1_33' title="bbox 2343 903 3906 988">
     <span class='ocr_line' id='line_1_33' title="bbox 2343 903 3906 988; baseline 0.012 -33"><span class='ocrx_word' id='word_1_249' title='bbox 2343 903 2475 957; x_wconf 92' lang='lat' dir='ltr'><strong>dum</strong></span> <span class='ocrx_word' id='word_1_250' title='bbox 2501 905 2648 959; x_wconf 89' lang='lat' dir='ltr'><strong>illam</strong></span> <span class='ocrx_word' id='word_1_251' title='bbox 2682 907 2737 961; x_wconf 90' lang='lat' dir='ltr'><strong>in</strong></span> <span class='ocrx_word' id='word_1_252' title='bbox 2771 924 2829 963; x_wconf 92' lang='lat' dir='ltr'><strong>re</strong></span> <span class='ocrx_word' id='word_1_253' title='bbox 2860 911 3136 981; x_wconf 64' lang='lat' dir='ltr'><strong>praecipua</strong></span> <span class='ocrx_word' id='word_1_254' title='bbox 3165 911 3519 981; x_wconf 88' lang='lat' dir='ltr'><strong>debonestas,</strong></span> <span class='ocrx_word' id='word_1_255' title='bbox 3543 915 3673 969; x_wconf 90' lang='lat' dir='ltr'><strong>dum</strong></span> <span class='ocrx_word' id='word_1_256' title='bbox 3706 933 3906 988; x_wconf 77' lang='lat' dir='ltr'><strong>corpus</strong></span> 
     </span>
    </p>
   </div>
   <div class='ocr_carea' id='block_1_34' title="bbox 2343 1010 3905 1094">
    <p class='ocr_par' dir='ltr' id='par_1_34' title="bbox 2343 1010 3905 1094">
     <span class='ocr_line' id='line_1_34' title="bbox 2343 1010 3905 1094; baseline 0.01 -31"><span class='ocrx_word' id='word_1_257' title='bbox 2343 1010 2463 1080; x_wconf 86' lang='lat' dir='ltr'><strong>ejus</strong></span> <span class='ocrx_word' id='word_1_258' title='bbox 2494 1012 2886 1069; x_wconf 86' lang='lat' dir='ltr'><strong>meretricibus</strong></span> <span class='ocrx_word' id='word_1_259' title='bbox 2911 1017 3123 1071; x_wconf 88' lang='lat' dir='ltr'><strong>tradis?</strong></span> <span class='ocrx_word' id='word_1_260' title='bbox 3154 1017 3301 1088; x_wconf 90' lang='lat' dir='ltr'><strong>(nam</strong></span> <span class='ocrx_word' id='word_1_261' title='bbox 3334 1034 3535 1090; x_wconf 87' lang='lat' dir='ltr'><strong>corpus</strong></span> <span class='ocrx_word' id='word_1_262' title='bbox 3560 1030 3714 1076; x_wconf 91' lang='lat' dir='ltr'><strong>tuum</strong></span> <span class='ocrx_word' id='word_1_263' title='bbox 3734 1025 3905 1094; x_wconf 81' lang='lat' dir='ltr'><strong>ipsius</strong></span> 
     </span>
    </p>
   </div>
   <div class='ocr_carea' id='block_1_35' title="bbox 2341 1115 3902 1187">
    <p class='ocr_par' dir='ltr' id='par_1_35' title="bbox 2341 1115 3902 1187">
     <span class='ocr_line' id='line_1_35' title="bbox 2341 1115 3902 1187; baseline 0.01 -18"><span class='ocrx_word' id='word_1_264' title='bbox 2341 1115 2503 1187; x_wconf 87' lang='lat' dir='ltr'><strong>est;)</strong></span> <span class='ocrx_word' id='word_1_265' title='bbox 2538 1117 2669 1171; x_wconf 92' lang='lat' dir='ltr'><strong>dum</strong></span> <span class='ocrx_word' id='word_1_266' title='bbox 2707 1120 2903 1176; x_wconf 88' lang='lat' dir='ltr'><strong>turbas</strong></span> <span class='ocrx_word' id='word_1_267' title='bbox 2939 1131 2994 1176; x_wconf 90' lang='lat' dir='ltr'><strong>et</strong></span> <span class='ocrx_word' id='word_1_268' title='bbox 3019 1122 3147 1177; x_wconf 90' lang='lat' dir='ltr'><strong>lites</strong></span> <span class='ocrx_word' id='word_1_269' title='bbox 3192 1124 3416 1179; x_wconf 90' lang='lat' dir='ltr'><strong>domum</strong></span> <span class='ocrx_word' id='word_1_270' title='bbox 3466 1127 3720 1182; x_wconf 81' lang='lat' dir='ltr'><strong>inducis?</strong></span> <span class='ocrx_word' id='word_1_271' title='bbox 3772 1129 3902 1185; x_wconf 88' lang='lat' dir='ltr'><strong>dum</strong></span> 
     </span>
    </p>
   </div>
   <div class='ocr_carea' id='block_1_36' title="bbox 2345 1222 3902 1297">
    <p class='ocr_par' dir='ltr' id='par_1_36' title="bbox 2345 1222 3902 1297">
     <span class='ocr_line' id='line_1_36' title="bbox 2345 1222 3902 1297; baseline 0.009 -22"><span class='ocrx_word' id='word_1_272' title='bbox 2345 1222 2471 1276; x_wconf 86' lang='lat' dir='ltr'><strong>talia</strong></span> <span class='ocrx_word' id='word_1_273' title='bbox 2501 1225 2618 1294; x_wconf 81' lang='lat' dir='ltr'><strong>agis</strong></span> <span class='ocrx_word' id='word_1_274' title='bbox 2646 1225 2702 1279; x_wconf 90' lang='lat' dir='ltr'><strong>in</strong></span> <span class='ocrx_word' id='word_1_275' title='bbox 2734 1226 2877 1291; x_wconf 91' lang='lat' dir='ltr'><strong>foro,</strong></span> <span class='ocrx_word' id='word_1_276' title='bbox 2904 1243 3025 1297; x_wconf 77' lang='lat' dir='ltr'><strong>quae</strong></span> <span class='ocrx_word' id='word_1_277' title='bbox 3053 1244 3177 1282; x_wconf 91' lang='lat' dir='ltr'><strong>cum</strong></span> <span class='ocrx_word' id='word_1_278' title='bbox 3225 1229 3375 1284; x_wconf 92' lang='lat' dir='ltr'><strong>domi</strong></span> <span class='ocrx_word' id='word_1_279' title='bbox 3416 1246 3628 1296; x_wconf 88' lang='lat' dir='ltr'><strong>narras,</strong></span> <span class='ocrx_word' id='word_1_280' title='bbox 3674 1234 3739 1287; x_wconf 92' lang='lat' dir='ltr'><strong>ad</strong></span> <span class='ocrx_word' id='word_1_281' title='bbox 3773 1250 3902 1289; x_wconf 86' lang='lat' dir='ltr'><strong>eru-</strong></span> 
     </span>
    </p>
   </div>
   <div class='ocr_carea' id='block_1_37' title="bbox 2342 1327 3903 1407">
    <p class='ocr_par' dir='ltr' id='par_1_37' title="bbox 2342 1327 3903 1407">
     <span class='ocr_line' id='line_1_37' title="bbox 2342 1327 3903 1407; baseline 0.006 -26"><span class='ocrx_word' id='word_1_282' title='bbox 2342 1327 2680 1384; x_wconf 86' lang='lat' dir='ltr'><strong>bescendum</strong></span> <span class='ocrx_word' id='word_1_283' title='bbox 2735 1332 2885 1402; x_wconf 85' lang='lat' dir='ltr'><strong>cogis</strong></span> <span class='ocrx_word' id='word_1_284' title='bbox 2915 1348 3140 1387; x_wconf 82' lang='lat' dir='ltr'><strong>uxorem</strong></span> <span class='ocrx_word' id='word_1_285' title='bbox 3191 1333 3509 1388; x_wconf 90' lang='lat' dir='ltr'><strong>audientem</strong></span> <span class='ocrx_word' id='word_1_286' title='bbox 3541 1376 3556 1401; x_wconf 93' lang='lat'><strong>,</strong></span> <span class='ocrx_word' id='word_1_287' title='bbox 3598 1345 3655 1391; x_wconf 91' lang='lat' dir='ltr'><strong>et</strong></span> <span class='ocrx_word' id='word_1_288' title='bbox 3696 1338 3903 1407; x_wconf 89' lang='lat' dir='ltr'><strong>pudore</strong></span> 
     </span>
    </p>
   </div>
   <div class='ocr_carea' id='block_1_38' title="bbox 2343 1435 3903 1511">
    <p class='ocr_par' dir='ltr' id='par_1_38' title="bbox 2343 1435 3903 1511">
     <span class='ocr_line' id='line_1_38' title="bbox 2343 1435 3903 1511; baseline 0.007 -23"><span class='ocrx_word' id='word_1_289' title='bbox 2343 1435 2619 1491; x_wconf 74' lang='lat' dir='ltr'><strong>suﬂ‘undis</strong></span> <span class='ocrx_word' id='word_1_290' title='bbox 2662 1436 2828 1491; x_wconf 88' lang='lat' dir='ltr'><strong>filiam</strong></span> <span class='ocrx_word' id='word_1_291' title='bbox 2858 1448 3188 1509; x_wconf 64' lang='lat' dir='ltr'><strong>praesentem</strong></span> <span class='ocrx_word' id='word_1_292' title='bbox 3220 1481 3237 1506; x_wconf 91' lang='lat'><strong>,</strong></span> <span class='ocrx_word' id='word_1_293' title='bbox 3291 1449 3456 1511; x_wconf 88' lang='lat' dir='ltr'><strong>atque</strong></span> <span class='ocrx_word' id='word_1_294' title='bbox 3506 1452 3632 1498; x_wconf 90' lang='lat' dir='ltr'><strong>ante</strong></span> <span class='ocrx_word' id='word_1_295' title='bbox 3671 1443 3791 1498; x_wconf 85' lang='lat' dir='ltr'><strong>illas</strong></span> <span class='ocrx_word' id='word_1_296' title='bbox 3834 1455 3903 1499; x_wconf 87' lang='lat' dir='ltr'><strong>tc-</strong></span> 
     </span>
    </p>
   </div>
   <div class='ocr_carea' id='block_1_39' title="bbox 2344 1542 3904 1613">
    <p class='ocr_par' dir='ltr' id='par_1_39' title="bbox 2344 1542 3904 1613">
     <span class='ocr_line' id='line_1_39' title="bbox 2344 1542 3904 1613; baseline 0.004 -18"><span class='ocrx_word' id='word_1_297' title='bbox 2344 1542 2559 1612; x_wconf 87' lang='lat' dir='ltr'><strong>ipsum?</strong></span> <span class='ocrx_word' id='word_1_298' title='bbox 2596 1544 2829 1600; x_wconf 83' lang='lat' dir='ltr'><strong>Necesse</strong></span> <span class='ocrx_word' id='word_1_299' title='bbox 2848 1544 2994 1600; x_wconf 89' lang='lat' dir='ltr'><strong>enim</strong></span> <span class='ocrx_word' id='word_1_300' title='bbox 3016 1556 3104 1601; x_wconf 91' lang='lat' dir='ltr'><strong>est</strong></span> <span class='ocrx_word' id='word_1_301' title='bbox 3132 1556 3229 1602; x_wconf 90' lang='lat' dir='ltr'><strong>aut</strong></span> <span class='ocrx_word' id='word_1_302' title='bbox 3262 1555 3462 1613; x_wconf 89' lang='lat' dir='ltr'><strong>tacere,</strong></span> <span class='ocrx_word' id='word_1_303' title='bbox 3493 1559 3588 1603; x_wconf 91' lang='lat' dir='ltr'><strong>aut</strong></span> <span class='ocrx_word' id='word_1_304' title='bbox 3614 1550 3717 1604; x_wconf 92' lang='lat' dir='ltr'><strong>hoc</strong></span> <span class='ocrx_word' id='word_1_305' title='bbox 3744 1551 3904 1605; x_wconf 83' lang='lat' dir='ltr'><strong>modo</strong></span> 
     </span>
    </p>
   </div>
   <div class='ocr_carea' id='block_1_40' title="bbox 2342 1648 3903 1721">
    <p class='ocr_par' dir='ltr' id='par_1_40' title="bbox 2342 1648 3903 1721">
     <span class='ocr_line' id='line_1_40' title="bbox 2342 1648 3903 1721; baseline 0.006 -19"><span class='ocrx_word' id='word_1_306' title='bbox 2342 1648 2722 1713; x_wconf 86' lang='lat' dir='ltr'><strong>dehonestari,</strong></span> <span class='ocrx_word' id='word_1_307' title='bbox 2756 1666 2857 1720; x_wconf 91' lang='lat' dir='ltr'><strong>pro</strong></span> <span class='ocrx_word' id='word_1_308' title='bbox 2873 1652 3076 1721; x_wconf 90' lang='lat' dir='ltr'><strong>quibus</strong></span> <span class='ocrx_word' id='word_1_309' title='bbox 3108 1652 3275 1709; x_wconf 88' lang='lat' dir='ltr'><strong>rebus</strong></span> <span class='ocrx_word' id='word_1_310' title='bbox 3307 1655 3393 1708; x_wconf 83' lang='lat' dir='ltr'><strong>vel</strong></span> <span class='ocrx_word' id='word_1_311' title='bbox 3423 1654 3751 1710; x_wconf 88' lang='lat' dir='ltr'><strong>domesticos</strong></span> <span class='ocrx_word' id='word_1_312' title='bbox 3779 1673 3903 1711; x_wconf 83' lang='lat' dir='ltr'><strong>ver-</strong></span> 
     </span>
    </p>
   </div>
   <div class='ocr_carea' id='block_1_41' title="bbox 2345 1757 3903 1832">
    <p class='ocr_par' dir='ltr' id='par_1_41' title="bbox 2345 1757 3903 1832">
     <span class='ocr_line' id='line_1_41' title="bbox 2345 1757 3903 1832; baseline 0.004 -21"><span class='ocrx_word' id='word_1_313' title='bbox 2345 1757 2574 1813; x_wconf 89' lang='lat' dir='ltr'><strong>beribus</strong></span> <span class='ocrx_word' id='word_1_314' title='bbox 2597 1759 2775 1828; x_wconf 76' lang='lat' dir='ltr'><strong>excipi</strong></span> <span class='ocrx_word' id='word_1_315' title='bbox 2814 1775 2914 1830; x_wconf 88' lang='lat' dir='ltr'><strong>par</strong></span> <span class='ocrx_word' id='word_1_316' title='bbox 2958 1768 3065 1815; x_wconf 90' lang='lat' dir='ltr'><strong>est.</strong></span> <span class='ocrx_word' id='word_1_317' title='bbox 3105 1759 3279 1827; x_wconf 86' lang='lat' dir='ltr'><strong>Quam</strong></span> <span class='ocrx_word' id='word_1_318' title='bbox 3320 1761 3519 1832; x_wconf 78' lang='lat' dir='ltr'><strong>igitur,</strong></span> <span class='ocrx_word' id='word_1_319' title='bbox 3570 1778 3777 1832; x_wconf 64' lang='lat' dir='ltr'><strong>quaeso,</strong></span> <span class='ocrx_word' id='word_1_320' title='bbox 3812 1779 3903 1817; x_wconf 83' lang='lat' dir='ltr'><strong>ex-</strong></span> 
     </span>
    </p>
   </div>
   <div class='ocr_carea' id='block_1_42' title="bbox 2344 1862 3903 1938">
    <p class='ocr_par' dir='ltr' id='par_1_42' title="bbox 2344 1862 3903 1938">
     <span class='ocr_line' id='line_1_42' title="bbox 2344 1862 3903 1938; baseline 0.006 -24"><span class='ocrx_word' id='word_1_321' title='bbox 2344 1862 2689 1916; x_wconf 88' lang='lat' dir='ltr'><strong>cusationem</strong></span> <span class='ocrx_word' id='word_1_322' title='bbox 2715 1862 2967 1930; x_wconf 89' lang='lat' dir='ltr'><strong>habebis,</strong></span> <span class='ocrx_word' id='word_1_323' title='bbox 3015 1863 3147 1919; x_wconf 91' lang='lat' dir='ltr'><strong>dum</strong></span> <span class='ocrx_word' id='word_1_324' title='bbox 3179 1880 3241 1919; x_wconf 90' lang='lat' dir='ltr'><strong>ea</strong></span> <span class='ocrx_word' id='word_1_325' title='bbox 3280 1874 3432 1920; x_wconf 87' lang='lat' dir='ltr'><strong>tanto</strong></span> <span class='ocrx_word' id='word_1_326' title='bbox 3478 1866 3663 1920; x_wconf 90' lang='lat' dir='ltr'><strong>studio</strong></span> <span class='ocrx_word' id='word_1_327' title='bbox 3691 1868 3903 1938; x_wconf 84' lang='lat' dir='ltr'><strong>conspi-</strong></span> 
     </span>
    </p>
   </div>
   <div class='ocr_carea' id='block_1_43' title="bbox 2341 1967 3905 2040">
    <p class='ocr_par' dir='ltr' id='par_1_43' title="bbox 2341 1967 3905 2040">
     <span class='ocr_line' id='line_1_43' title="bbox 2341 1967 3905 2040; baseline 0.003 -18"><span class='ocrx_word' id='word_1_328' title='bbox 2341 1967 2441 2032; x_wconf 90' lang='lat' dir='ltr'><strong>cis,</strong></span> <span class='ocrx_word' id='word_1_329' title='bbox 2474 1984 2596 2038; x_wconf 50' lang='lat' dir='ltr'><strong>quas</strong></span> <span class='ocrx_word' id='word_1_330' title='bbox 2622 1983 2692 2023; x_wconf 89' lang='lat' dir='ltr'><strong>ne</strong></span> <span class='ocrx_word' id='word_1_331' title='bbox 2714 1984 2941 2025; x_wconf 88' lang='lat' dir='ltr'><strong>narrare</strong></span> <span class='ocrx_word' id='word_1_332' title='bbox 2974 1970 3199 2040; x_wconf 88' lang='lat' dir='ltr'><strong>quidem</strong></span> <span class='ocrx_word' id='word_1_333' title='bbox 3228 1970 3311 2025; x_wconf 88' lang='lat' dir='ltr'><strong>fas</strong></span> <span class='ocrx_word' id='word_1_334' title='bbox 3344 1973 3474 2027; x_wconf 89' lang='lat' dir='ltr'><strong>est?</strong></span> <span class='ocrx_word' id='word_1_335' title='bbox 3520 1972 3650 2038; x_wconf 77' lang='lat' dir='ltr'><strong>Quae</strong></span> <span class='ocrx_word' id='word_1_336' title='bbox 3692 1987 3761 2027; x_wconf 91' lang='lat' dir='ltr'><strong>ne</strong></span> <span class='ocrx_word' id='word_1_337' title='bbox 3798 1988 3905 2027; x_wconf 86' lang='lat' dir='ltr'><strong>mc-</strong></span> 
     </span>
    </p>
   </div>
   <div class='ocr_carea' id='block_1_44' title="bbox 2340 2072 3905 2147">
    <p class='ocr_par' dir='ltr' id='par_1_44' title="bbox 2340 2072 3905 2147">
     <span class='ocr_line' id='line_1_44' title="bbox 2340 2072 3905 2147; baseline 0.004 -22"><span class='ocrx_word' id='word_1_338' title='bbox 2340 2087 2557 2131; x_wconf 85' lang='lat' dir='ltr'><strong>morare</strong></span> <span class='ocrx_word' id='word_1_339' title='bbox 2594 2072 2815 2143; x_wconf 89' lang='lat' dir='ltr'><strong>quidem</strong></span> <span class='ocrx_word' id='word_1_340' title='bbox 2846 2074 2997 2140; x_wconf 89' lang='lat' dir='ltr'><strong>licet,</strong></span> <span class='ocrx_word' id='word_1_341' title='bbox 3019 2091 3085 2131; x_wconf 89' lang='lat' dir='ltr'><strong>ea</strong></span> <span class='ocrx_word' id='word_1_342' title='bbox 3117 2076 3375 2131; x_wconf 90' lang='lat' dir='ltr'><strong>omnibus</strong></span> <span class='ocrx_word' id='word_1_343' title='bbox 3399 2078 3731 2147; x_wconf 85' lang='lat' dir='ltr'><strong>anteponis?</strong></span> <span class='ocrx_word' id='word_1_344' title='bbox 3759 2078 3905 2133; x_wconf 79' lang='lat' dir='ltr'><strong>Inte-</strong></span> 
     </span>
    </p>
   </div>
   <div class='ocr_carea' id='block_1_45' title="bbox 2339 2178 3905 2253">
    <p class='ocr_par' dir='ltr' id='par_1_45' title="bbox 2339 2178 3905 2253">
     <span class='ocr_line' id='line_1_45' title="bbox 2339 2178 3905 2253; baseline 0.004 -22"><span class='ocrx_word' id='word_1_345' title='bbox 2339 2178 2444 2233; x_wconf 90' lang='lat' dir='ltr'><strong>rim</strong></span> <span class='ocrx_word' id='word_1_346' title='bbox 2479 2179 2649 2249; x_wconf 80' lang='lat' dir='ltr'><strong>igitur</strong></span> <span class='ocrx_word' id='word_1_347' title='bbox 2679 2218 2694 2245; x_wconf 88' lang='lat'><strong>,</strong></span> <span class='ocrx_word' id='word_1_348' title='bbox 2734 2194 2805 2234; x_wconf 93' lang='lat' dir='ltr'><strong>ne</strong></span> <span class='ocrx_word' id='word_1_349' title='bbox 2844 2179 2945 2235; x_wconf 93' lang='lat' dir='ltr'><strong>sim</strong></span> <span class='ocrx_word' id='word_1_350' title='bbox 2979 2181 3289 2247; x_wconf 90' lang='lat' dir='ltr'><strong>onerosior,</strong></span> <span class='ocrx_word' id='word_1_351' title='bbox 3335 2182 3424 2237; x_wconf 89' lang='lat' dir='ltr'><strong>hic</strong></span> <span class='ocrx_word' id='word_1_352' title='bbox 3451 2182 3613 2239; x_wconf 83' lang='lat' dir='ltr'><strong>ﬁnem</strong></span> <span class='ocrx_word' id='word_1_353' title='bbox 3647 2184 3905 2253; x_wconf 86' lang='lat' dir='ltr'><strong>loquendi</strong></span> 
     </span>
    </p>
   </div>
   <div class='ocr_carea' id='block_1_46' title="bbox 2336 2283 3908 2355">
    <p class='ocr_par' dir='ltr' id='par_1_46' title="bbox 2336 2283 3908 2355">
     <span class='ocr_line' id='line_1_46' title="bbox 2336 2283 3908 2355; baseline 0.003 -17"><span class='ocrx_word' id='word_1_354' title='bbox 2336 2283 2557 2340; x_wconf 82' lang='lat' dir='ltr'><strong>faciam.</strong></span> <span class='ocrx_word' id='word_1_355' title='bbox 2589 2284 2645 2340; x_wconf 89' lang='lat' dir='ltr'><strong>Si</strong></span> <span class='ocrx_word' id='word_1_356' title='bbox 2674 2293 2859 2338; x_wconf 91' lang='lat' dir='ltr'><strong>autem</strong></span> <span class='ocrx_word' id='word_1_357' title='bbox 2887 2284 3083 2340; x_wconf 90' lang='lat' dir='ltr'><strong>iisdem</strong></span> <span class='ocrx_word' id='word_1_358' title='bbox 3117 2284 3451 2355; x_wconf 86' lang='lat' dir='ltr'><strong>persistatis,</strong></span> <span class='ocrx_word' id='word_1_359' title='bbox 3487 2286 3735 2342; x_wconf 86' lang='lat' dir='ltr'><strong>acutiore</strong></span> <span class='ocrx_word' id='word_1_360' title='bbox 3762 2286 3908 2342; x_wconf 88' lang='lat' dir='ltr'><strong>ferro</strong></span> 
     </span>
    </p>
   </div>
   <div class='ocr_carea' id='block_1_47' title="bbox 2336 2390 3909 2463">
    <p class='ocr_par' dir='ltr' id='par_1_47' title="bbox 2336 2390 3909 2463">
     <span class='ocr_line' id='line_1_47' title="bbox 2336 2390 3909 2463; baseline 0.001 -16"><span class='ocrx_word' id='word_1_361' title='bbox 2336 2391 2667 2463; x_wconf 78' lang='lat' dir='ltr'><strong>profundius</strong></span> <span class='ocrx_word' id='word_1_362' title='bbox 2700 2392 2902 2447; x_wconf 88' lang='lat' dir='ltr'><strong>vulnus</strong></span> <span class='ocrx_word' id='word_1_363' title='bbox 2924 2390 3164 2462; x_wconf 84' lang='lat' dir='ltr'><strong>infligam</strong></span> <span class='ocrx_word' id='word_1_364' title='bbox 3196 2408 3209 2444; x_wconf 90' lang='lat'><strong>:</strong></span> <span class='ocrx_word' id='word_1_365' title='bbox 3239 2407 3419 2462; x_wconf 89' lang='lat' dir='ltr'><strong>neque</strong></span> <span class='ocrx_word' id='word_1_366' title='bbox 3454 2392 3705 2457; x_wconf 79' lang='lat' dir='ltr'><strong>cessabo,</strong></span> <span class='ocrx_word' id='word_1_367' title='bbox 3732 2392 3909 2448; x_wconf 82' lang='lat' dir='ltr'><strong>donec</strong></span> 
     </span>
    </p>
   </div>
   <div class='ocr_carea' id='block_1_48' title="bbox 2336 2495 3909 2567">
    <p class='ocr_par' dir='ltr' id='par_1_48' title="bbox 2336 2495 3909 2567">
     <span class='ocr_line' id='line_1_48' title="bbox 2336 2495 3909 2567; baseline 0 -14"><span class='ocrx_word' id='word_1_368' title='bbox 2336 2497 2602 2567; x_wconf 89' lang='lat' dir='ltr'><strong>dissipato</strong></span> <span class='ocrx_word' id='word_1_369' title='bbox 2654 2496 2750 2552; x_wconf 91' lang='lat' dir='ltr'><strong>illo</strong></span> <span class='ocrx_word' id='word_1_370' title='bbox 2780 2495 3053 2551; x_wconf 90' lang='lat' dir='ltr'><strong>diabolico</strong></span> <span class='ocrx_word' id='word_1_371' title='bbox 3104 2496 3320 2552; x_wconf 90' lang='lat' dir='ltr'><strong>theatro</strong></span> <span class='ocrx_word' id='word_1_372' title='bbox 3346 2538 3360 2562; x_wconf 94' lang='lat'><strong>,</strong></span> <span class='ocrx_word' id='word_1_373' title='bbox 3420 2513 3619 2567; x_wconf 91' lang='lat' dir='ltr'><strong>purum</strong></span> <span class='ocrx_word' id='word_1_374' title='bbox 3646 2497 3909 2553; x_wconf 62' lang='lat' dir='ltr'><strong>Ecclesiae</strong></span> 
     </span>
    </p>
   </div>
   <div class='ocr_carea' id='block_1_49' title="bbox 2336 2602 3907 2674">
    <p class='ocr_par' dir='ltr' id='par_1_49' title="bbox 2336 2602 3907 2674">
     <span class='ocr_line' id='line_1_49' title="bbox 2336 2602 3907 2674; baseline -0.001 -14"><span class='ocrx_word' id='word_1_375' title='bbox 2336 2614 2537 2660; x_wconf 84' lang='lat' dir='ltr'><strong>coetum</strong></span> <span class='ocrx_word' id='word_1_376' title='bbox 2568 2603 2830 2659; x_wconf 74' lang='lat' dir='ltr'><strong>effecero.</strong></span> <span class='ocrx_word' id='word_1_377' title='bbox 2878 2603 2957 2658; x_wconf 90' lang='lat' dir='ltr'><strong>lta</strong></span> <span class='ocrx_word' id='word_1_378' title='bbox 3004 2602 3153 2659; x_wconf 90' lang='lat' dir='ltr'><strong>enim</strong></span> <span class='ocrx_word' id='word_1_379' title='bbox 3195 2618 3225 2658; x_wconf 94' lang='lat' dir='ltr'><strong>a</strong></span> <span class='ocrx_word' id='word_1_380' title='bbox 3262 2604 3519 2674; x_wconf 80' lang='lat' dir='ltr'><strong>praesenti</strong></span> <span class='ocrx_word' id='word_1_381' title='bbox 3564 2603 3907 2673; x_wconf 85' lang='lat' dir='ltr'><strong>turpitudine</strong></span> 
     </span>
    </p>
   </div>
   <div class='ocr_carea' id='block_1_50' title="bbox 2335 2709 3905 2781">
    <p class='ocr_par' dir='ltr' id='par_1_50' title="bbox 2335 2709 3905 2781">
     <span class='ocr_line' id='line_1_50' title="bbox 2335 2709 3905 2781; baseline -0.001 -14"><span class='ocrx_word' id='word_1_382' title='bbox 2335 2712 2718 2777; x_wconf 90' lang='lat' dir='ltr'><strong>liberabimur,</strong></span> <span class='ocrx_word' id='word_1_383' title='bbox 2751 2719 2808 2767; x_wconf 92' lang='lat' dir='ltr'><strong>et</strong></span> <span class='ocrx_word' id='word_1_384' title='bbox 2836 2709 3081 2765; x_wconf 89' lang='lat' dir='ltr'><strong>futuram</strong></span> <span class='ocrx_word' id='word_1_385' title='bbox 3118 2724 3525 2779; x_wconf 84' lang='lat' dir='ltr'><strong>consequemur</strong></span> <span class='ocrx_word' id='word_1_386' title='bbox 3562 2710 3755 2773; x_wconf 86' lang='lat' dir='ltr'><strong>vitam,</strong></span> <span class='ocrx_word' id='word_1_387' title='bbox 3781 2724 3905 2781; x_wconf 77' lang='lat' dir='ltr'><strong>gra-</strong></span> 
     </span>
    </p>
   </div>
   <div class='ocr_carea' id='block_1_51' title="bbox 2336 2814 3907 2875">
    <p class='ocr_par' dir='ltr' id='par_1_51' title="bbox 2336 2814 3907 2875">
     <span class='ocr_line' id='line_1_51' title="bbox 2336 2814 3907 2875; baseline -0.003 -1"><span class='ocrx_word' id='word_1_388' title='bbox 2336 2821 2411 2874; x_wconf 90' lang='lat' dir='ltr'><strong>tia</strong></span> <span class='ocrx_word' id='word_1_389' title='bbox 2471 2827 2529 2873; x_wconf 91' lang='lat' dir='ltr'><strong>et</strong></span> <span class='ocrx_word' id='word_1_390' title='bbox 2588 2818 2973 2875; x_wconf 89' lang='lat' dir='ltr'><strong>misericordia</strong></span> <span class='ocrx_word' id='word_1_391' title='bbox 3054 2816 3270 2873; x_wconf 88' lang='lat' dir='ltr'><strong>Domini</strong></span> <span class='ocrx_word' id='word_1_392' title='bbox 3313 2814 3487 2870; x_wconf 89' lang='lat' dir='ltr'><strong>nostri</strong></span> <span class='ocrx_word' id='word_1_393' title='bbox 3549 2815 3679 2870; x_wconf 82' lang='lat' dir='ltr'><strong>Jesu</strong></span> <span class='ocrx_word' id='word_1_394' title='bbox 3744 2815 3907 2870; x_wconf 79' lang='lat' dir='ltr'><strong>Chri-</strong></span> 
     </span>
    </p>
   </div>
   <div class='ocr_carea' id='block_1_52' title="bbox 2335 2920 3905 2998">
    <p class='ocr_par' dir='ltr' id='par_1_52' title="bbox 2335 2920 3905 2998">
     <span class='ocr_line' id='line_1_52' title="bbox 2335 2920 3905 2998; baseline -0.004 -19"><span class='ocrx_word' id='word_1_395' title='bbox 2335 2925 2425 2991; x_wconf 85' lang='lat' dir='ltr'><strong>sti,</strong></span> <span class='ocrx_word' id='word_1_396' title='bbox 2467 2926 2555 2979; x_wconf 88' lang='lat' dir='ltr'><strong>cui</strong></span> <span class='ocrx_word' id='word_1_397' title='bbox 2583 2925 2755 2998; x_wconf 78' lang='lat' dir='ltr'><strong>gloria</strong></span> <span class='ocrx_word' id='word_1_398' title='bbox 2797 2933 2851 2981; x_wconf 89' lang='lat' dir='ltr'><strong>et</strong></span> <span class='ocrx_word' id='word_1_399' title='bbox 2892 2922 3183 2994; x_wconf 89' lang='lat' dir='ltr'><strong>imperium</strong></span> <span class='ocrx_word' id='word_1_400' title='bbox 3238 2923 3291 2977; x_wconf 93' lang='lat' dir='ltr'><strong>in</strong></span> <span class='ocrx_word' id='word_1_401' title='bbox 3330 2920 3525 2977; x_wconf 67' lang='lat' dir='ltr'><strong>saecula</strong></span> <span class='ocrx_word' id='word_1_402' title='bbox 3557 2921 3905 2976; x_wconf 68' lang='lat' dir='ltr'><strong>mulorum.</strong></span> 
     </span>
    </p>
   </div>
   <div class='ocr_carea' id='block_1_53' title="bbox 2338 3032 2532 3085">
    <p class='ocr_par' dir='ltr' id='par_1_53' title="bbox 2338 3032 2532 3085">
     <span class='ocr_line' id='line_1_53' title="bbox 2338 3032 2532 3085; baseline 0 0"><span class='ocrx_word' id='word_1_403' title='bbox 2338 3032 2532 3085; x_wconf 76' lang='lat' dir='ltr'><strong>Amen.</strong></span> 
     </span>
    </p>
   </div>
   <div class='ocr_carea' id='block_1_54' title="bbox 2008 4659 2565 4720">
    <p class='ocr_par' dir='ltr' id='par_1_54' title="bbox 2008 4659 2565 4720">
     <span class='ocr_line' id='line_1_54' title="bbox 2008 4659 2565 4720; baseline 0 -3"><span class='ocrx_word' id='word_1_404' title='bbox 2008 4659 2345 4720; x_wconf 82' lang='lat' dir='ltr'><strong>HOMILIA</strong></span> <span class='ocrx_word' id='word_1_405' title='bbox 2404 4660 2565 4719; x_wconf 77' lang='lat' dir='ltr'><strong>Vill.</strong></span> 
     </span>
    </p>
   </div>
   <div class='ocr_carea' id='block_1_55' title="bbox 666 4916 2231 4992">
    <p class='ocr_par' dir='ltr' id='par_1_55' title="bbox 666 4916 2231 4992">
     <span class='ocr_line' id='line_1_55' title="bbox 666 4916 2231 4992; baseline 0.003 -21"><span class='ocrx_word' id='word_1_406' title='bbox 666 4916 790 4972; x_wconf 71' lang='lat' dir='ltr'><strong>CAP.</strong></span> <span class='ocrx_word' id='word_1_407' title='bbox 822 4917 887 4971; x_wconf 84' lang='lat' dir='ltr'><strong>ll.</strong></span> <span class='ocrx_word' id='word_1_408' title='bbox 925 4934 978 4970; x_wconf 77' lang='grc' dir='ltr'><strong>ν.</strong></span> <span class='ocrx_word' id='word_1_409' title='bbox 1010 4920 1094 4972; x_wconf 80' lang='lat' dir='ltr'><strong>ll.</strong></span> <span class='ocrx_word' id='word_1_410' title='bbox 1146 4919 1214 4974; x_wconf 81' lang='lat' dir='ltr'><strong>Et</strong></span> <span class='ocrx_word' id='word_1_411' title='bbox 1258 4920 1518 4973; x_wconf 81' lang='lat' dir='ltr'><strong>intrantes</strong></span> <span class='ocrx_word' id='word_1_412' title='bbox 1549 4920 1785 4989; x_wconf 86' lang='lat' dir='ltr'><strong>domum,</strong></span> <span class='ocrx_word' id='word_1_413' title='bbox 1824 4922 2065 4976; x_wconf 82' lang='lat' dir='ltr'><strong>viderunt</strong></span> <span class='ocrx_word' id='word_1_414' title='bbox 2102 4937 2231 4992; x_wconf 82' lang='lat' dir='ltr'><strong>pue-</strong></span> 
     </span>
    </p>
   </div>
   <div class='ocr_carea' id='block_1_56' title="bbox 739 5024 2232 5098">
    <p class='ocr_par' dir='ltr' id='par_1_56' title="bbox 739 5024 2232 5098">
     <span class='ocr_line' id='line_1_56' title="bbox 739 5024 2232 5098; baseline 0.005 -23"><span class='ocrx_word' id='word_1_415' title='bbox 739 5042 854 5078; x_wconf 84' lang='lat' dir='ltr'><strong>rum</strong></span> <span class='ocrx_word' id='word_1_416' title='bbox 883 5041 999 5077; x_wconf 89' lang='lat' dir='ltr'><strong>cum</strong></span> <span class='ocrx_word' id='word_1_417' title='bbox 1021 5024 1195 5079; x_wconf 77' lang='lat' dir='ltr'><strong>Maria</strong></span> <span class='ocrx_word' id='word_1_418' title='bbox 1231 5036 1402 5081; x_wconf 86' lang='lat' dir='ltr'><strong>matre</strong></span> <span class='ocrx_word' id='word_1_419' title='bbox 1425 5028 1567 5097; x_wconf 84' lang='lat' dir='ltr'><strong><em>ejus;</em></strong></span> <span class='ocrx_word' id='word_1_420' title='bbox 1595 5037 1642 5082; x_wconf 79' lang='lat' dir='ltr'><strong>et</strong></span> <span class='ocrx_word' id='word_1_421' title='bbox 1669 5030 1995 5098; x_wconf 79' lang='lat' dir='ltr'><strong>prociden‘tes</strong></span> <span class='ocrx_word' id='word_1_422' title='bbox 2033 5030 2232 5083; x_wconf 84' lang='lat' dir='ltr'><strong>adora-</strong></span> 
     </span>
    </p>
   </div>
   <div class='ocr_carea' id='block_1_57' title="bbox 740 5134 2233 5205">
    <p class='ocr_par' dir='ltr' id='par_1_57' title="bbox 740 5134 2233 5205">
     <span class='ocr_line' id='line_1_57' title="bbox 740 5134 2233 5205; baseline 0.003 -21"><span class='ocrx_word' id='word_1_423' title='bbox 740 5140 929 5185; x_wconf 80' lang='lat' dir='ltr'><strong>verunt</strong></span> <span class='ocrx_word' id='word_1_424' title='bbox 979 5148 1144 5185; x_wconf 87' lang='lat' dir='ltr'><strong>enm:</strong></span> <span class='ocrx_word' id='word_1_425' title='bbox 1201 5142 1247 5185; x_wconf 86' lang='lat' dir='ltr'><strong>et</strong></span> <span class='ocrx_word' id='word_1_426' title='bbox 1292 5135 1490 5205; x_wconf 81' lang='lat' dir='ltr'><strong>apertis</strong></span> <span class='ocrx_word' id='word_1_427' title='bbox 1528 5136 1792 5189; x_wconf 78' lang='lat' dir='ltr'><strong>thesauris</strong></span> <span class='ocrx_word' id='word_1_428' title='bbox 1835 5134 2135 5190; x_wconf 84' lang='lat' dir='ltr'><strong>obtulerunt</strong></span> <span class='ocrx_word' id='word_1_429' title='bbox 2185 5137 2233 5189; x_wconf 75' lang='lat' dir='ltr'><strong>ei</strong></span> 
     </span>
    </p>
   </div>
   <div class='ocr_carea' id='block_1_58' title="bbox 737 5240 1924 5313">
    <p class='ocr_par' dir='ltr' id='par_1_58' title="bbox 737 5240 1924 5313">
     <span class='ocr_line' id='line_1_58' title="bbox 737 5240 1924 5313; baseline 0.005 -23"><span class='ocrx_word' id='word_1_430' title='bbox 737 5253 982 5303; x_wconf 76' lang='lat' dir='ltr'><strong>munera,</strong></span> <span class='ocrx_word' id='word_1_431' title='bbox 1025 5255 1240 5303; x_wconf 85' lang='lat' dir='ltr'><strong>aurum,</strong></span> <span class='ocrx_word' id='word_1_432' title='bbox 1281 5240 1398 5294; x_wconf 85' lang='lat' dir='ltr'><strong>thus</strong></span> <span class='ocrx_word' id='word_1_433' title='bbox 1433 5249 1483 5293; x_wconf 86' lang='lat' dir='ltr'><strong>et</strong></span> <span class='ocrx_word' id='word_1_434' title='bbox 1509 5244 1783 5313; x_wconf 82' lang='lat' dir='ltr'><strong>myrrham</strong></span> <span class='ocrx_word' id='word_1_435' title='bbox 1820 5242 1924 5313; x_wconf 67' lang='grc' dir='ltr'><strong>(α),</strong></span> 
     </span>
    </p>
   </div>
   <div class='ocr_carea' id='block_1_59' title="bbox 738 5359 2229 5431">
    <p class='ocr_par' dir='ltr' id='par_1_59' title="bbox 738 5359 2229 5431">
     <span class='ocr_line' id='line_1_59' title="bbox 738 5359 2229 5431; baseline 0 -18"><span class='ocrx_word' id='word_1_436' title='bbox 738 5359 777 5413; x_wconf 88' lang='lat' dir='ltr'><strong>l.</strong></span> <span class='ocrx_word' id='word_1_437' title='bbox 817 5359 985 5430; x_wconf 73' lang='lat' dir='ltr'><strong>Magis</strong></span> <span class='ocrx_word' id='word_1_438' title='bbox 1015 5361 1144 5431; x_wconf 84' lang='lat' dir='ltr'><strong>quid</strong></span> <span class='ocrx_word' id='word_1_439' title='bbox 1191 5362 1377 5427; x_wconf 82' lang='lat' dir='ltr'><strong>suasit,</strong></span> <span class='ocrx_word' id='word_1_440' title='bbox 1415 5369 1470 5413; x_wconf 87' lang='lat' dir='ltr'><strong>ut</strong></span> <span class='ocrx_word' id='word_1_441' title='bbox 1506 5360 1769 5417; x_wconf 65' lang='lat' dir='ltr'><strong>Christum</strong></span> <span class='ocrx_word' id='word_1_442' title='bbox 1814 5364 2126 5426; x_wconf 78' lang='lat' dir='ltr'><strong>adorarent,</strong></span> <span class='ocrx_word' id='word_1_443' title='bbox 2175 5363 2229 5414; x_wconf 85' lang='lat' dir='ltr'><strong>in</strong></span> 
     </span>
    </p>
   </div>
   <div class='ocr_carea' id='block_1_60' title="bbox 731 5533 2230 5609">
    <p class='ocr_par' dir='ltr' id='par_1_60' title="bbox 731 5533 2230 5609">
     <span class='ocr_line' id='line_1_60' title="bbox 731 5533 2230 5609; baseline 0.001 -26"><span class='ocrx_word' id='word_1_444' title='bbox 731 5536 801 5598; x_wconf 72' lang='lat' dir='ltr'><strong>(tt)</strong></span> <span class='ocrx_word' id='word_1_445' title='bbox 826 5536 1119 5609; x_wconf 57' lang='lat' dir='ltr'><strong>Longiorem</strong></span> <span class='ocrx_word' id='word_1_446' title='bbox 1155 5534 1234 5583; x_wconf 79' lang='lat' dir='ltr'><strong>hic</strong></span> <span class='ocrx_word' id='word_1_447' title='bbox 1258 5533 1455 5609; x_wconf 68' lang='lat' dir='ltr'><strong>titulum</strong></span> <span class='ocrx_word' id='word_1_448' title='bbox 1486 5534 1635 5609; x_wconf 80' lang='lat' dir='ltr'><strong>habet</strong></span> <span class='ocrx_word' id='word_1_449' title='bbox 1667 5535 1837 5609; x_wconf 77' lang='lat' dir='ltr'><strong>Morel.</strong></span> <span class='ocrx_word' id='word_1_450' title='bbox 1873 5550 2025 5609; x_wconf 72' lang='lat' dir='ltr'><strong>quam</strong></span> <span class='ocrx_word' id='word_1_451' title='bbox 2056 5538 2230 5609; x_wconf 34' lang='lat' dir='ltr'><strong>Samii...</strong></span> 
     </span>
    </p>
   </div>
   <div class='ocr_carea' id='block_1_61' title="bbox 665 5596 2229 5707">
    <p class='ocr_par' dir='ltr' id='par_1_61' title="bbox 665 5596 2229 5707">
     <span class='ocr_line' id='line_1_61' title="bbox 665 5596 2229 5707; baseline -0.001 -61"><span class='ocrx_word' id='word_1_452' title='bbox 665 5606 719 5646; x_wconf 86' lang='lat' dir='ltr'><strong>et</strong></span> <span class='ocrx_word' id='word_1_453' title='bbox 740 5596 901 5707; x_wconf 54' lang='lat' dir='ltr'><strong>&#39;irecte</strong></span> <span class='ocrx_word' id='word_1_454' title='bbox 934 5596 1151 5659; x_wconf 58' lang='lat' dir='ltr'><strong>quidem</strong></span> <span class='ocrx_word' id='word_1_455' title='bbox 1190 5610 1201 5644; x_wconf 94' lang='lat'>:</span> <span class='ocrx_word' id='word_1_456' title='bbox 1242 5608 1350 5645; x_wconf 83' lang='lat' dir='ltr'><strong>nam</strong></span> <span class='ocrx_word' id='word_1_457' title='bbox 1393 5596 1499 5645; x_wconf 77' lang='lat' dir='ltr'><strong>haec</strong></span> <span class='ocrx_word' id='word_1_458' title='bbox 1536 5610 1632 5646; x_wconf 91' lang='lat' dir='ltr'><strong>non</strong></span> <span class='ocrx_word' id='word_1_459' title='bbox 1673 5596 1972 5659; x_wconf 85' lang='lat' dir='ltr'><strong>repetuntur</strong></span> <span class='ocrx_word' id='word_1_460' title='bbox 2013 5598 2134 5647; x_wconf 77' lang='lat' dir='ltr'><strong>intra</strong></span> <span class='ocrx_word' id='word_1_461' title='bbox 2181 5597 2229 5646; x_wconf 92' lang='lat' dir='ltr'><strong>in</strong></span> 
     </span>
     <span class='ocr_line' id='line_1_62' title="bbox 665 5670 817 5707; baseline 0 -1"><span class='ocrx_word' id='word_1_462' title='bbox 665 5670 817 5707; x_wconf 60' lang='grc' dir='ltr'><strong>εις-ε.</strong></span> 
     </span>
    </p>
   </div>
   <div class='ocr_carea' id='block_1_62' title="bbox 2342 4914 3900 4987">
    <p class='ocr_par' dir='ltr' id='par_1_62' title="bbox 2342 4914 3900 4987">
     <span class='ocr_line' id='line_1_63' title="bbox 2342 4914 3900 4987; baseline 0.003 -18"><span class='ocrx_word' id='word_1_463' title='bbox 2342 4924 2494 4971; x_wconf 83' lang='lat' dir='ltr'><strong>tanta</strong></span> <span class='ocrx_word' id='word_1_464' title='bbox 2539 4916 2718 4987; x_wconf 87' lang='lat' dir='ltr'><strong>inopia</strong></span> <span class='ocrx_word' id='word_1_465' title='bbox 2773 4923 2984 4969; x_wconf 74' lang='lat' dir='ltr'><strong>natant.</strong></span> <span class='ocrx_word' id='word_1_466' title='bbox 3037 4914 3149 4985; x_wconf 82' lang='lat' dir='ltr'><strong>Ipsi</strong></span> <span class='ocrx_word' id='word_1_467' title='bbox 3202 4914 3461 4970; x_wconf 86' lang='lat' dir='ltr'><strong>Christum</strong></span> <span class='ocrx_word' id='word_1_468' title='bbox 3494 4924 3551 4969; x_wconf 87' lang='lat' dir='ltr'><strong>ut</strong></span> <span class='ocrx_word' id='word_1_469' title='bbox 3603 4914 3769 4969; x_wconf 84' lang='lat' dir='ltr'><strong>Deum</strong></span> <span class='ocrx_word' id='word_1_470' title='bbox 3826 4919 3900 4973; x_wconf 68' lang='lat' dir='ltr'><strong>ha</strong></span> 
     </span>
    </p>
   </div>
   <div class='ocr_carea' id='block_1_63' title="bbox 2339 5020 3909 5092">
    <p class='ocr_par' dir='ltr' id='par_1_63' title="bbox 2339 5020 3909 5092">
     <span class='ocr_line' id='line_1_64' title="bbox 2339 5020 3909 5092; baseline -0.004 -15"><span class='ocrx_word' id='word_1_471' title='bbox 2339 5024 2681 5077; x_wconf 84' lang='lat' dir='ltr'><strong>buerunt.—-</strong></span> <span class='ocrx_word' id='word_1_472' title='bbox 2721 5020 3009 5088; x_wconf 87' lang='lat' dir='ltr'><strong>Quomodo</strong></span> <span class='ocrx_word' id='word_1_473' title='bbox 3060 5036 3191 5092; x_wconf 90' lang='lat' dir='ltr'><strong>ergo</strong></span> <span class='ocrx_word' id='word_1_474' title='bbox 3249 5021 3328 5075; x_wconf 91' lang='lat' dir='ltr'><strong>ait</strong></span> <span class='ocrx_word' id='word_1_475' title='bbox 3382 5021 3598 5085; x_wconf 89' lang='lat' dir='ltr'><strong>Lucas,</strong></span> <span class='ocrx_word' id='word_1_476' title='bbox 3654 5022 3809 5091; x_wconf 89' lang='lat' dir='ltr'><strong>quod</strong></span> <span class='ocrx_word' id='word_1_477' title='bbox 3868 5023 3909 5076; x_wconf 80' lang='lat' dir='ltr'><strong>ir</strong></span> 
     </span>
    </p>
   </div>
   <div class='ocr_carea' id='block_1_64' title="bbox 2338 5125 3909 5200">
    <p class='ocr_par' dir='ltr' id='par_1_64' title="bbox 2338 5125 3909 5200">
     <span class='ocr_line' id='line_1_65' title="bbox 2338 5125 3909 5200; baseline -0.001 -16"><span class='ocrx_word' id='word_1_478' title='bbox 2338 5128 2606 5200; x_wconf 67' lang='lat' dir='ltr'><strong>praesepio</strong></span> <span class='ocrx_word' id='word_1_479' title='bbox 2656 5127 2872 5199; x_wconf 92' lang='lat' dir='ltr'><strong>positus</strong></span> <span class='ocrx_word' id='word_1_480' title='bbox 2925 5138 3071 5184; x_wconf 87' lang='lat' dir='ltr'><strong>esset</strong></span> <span class='ocrx_word' id='word_1_481' title='bbox 3124 5127 3281 5197; x_wconf 68' lang='lat' dir='ltr'><strong>(Luc.</strong></span> <span class='ocrx_word' id='word_1_482' title='bbox 3334 5128 3386 5183; x_wconf 74' lang='lat'><strong>9...</strong></span> <span class='ocrx_word' id='word_1_483' title='bbox 3434 5125 3558 5197; x_wconf 85' lang='lat'><strong>7.)?</strong></span> <span class='ocrx_word' id='word_1_484' title='bbox 3601 5126 3739 5193; x_wconf 85' lang='lat' dir='ltr'><strong>Quia</strong></span> <span class='ocrx_word' id='word_1_485' title='bbox 3814 5140 3909 5183; x_wconf 83' lang='lat' dir='ltr'><strong>sta</strong></span> 
     </span>
    </p>
   </div>
   <div class='ocr_carea' id='block_1_65' title="bbox 2340 5231 3909 5303">
    <p class='ocr_par' dir='ltr' id='par_1_65' title="bbox 2340 5231 3909 5303">
     <span class='ocr_line' id='line_1_66' title="bbox 2340 5231 3909 5303; baseline -0.002 -13"><span class='ocrx_word' id='word_1_486' title='bbox 2340 5235 2435 5290; x_wconf 91' lang='lat' dir='ltr'><strong>tim</strong></span> <span class='ocrx_word' id='word_1_487' title='bbox 2476 5243 2640 5303; x_wconf 88' lang='lat' dir='ltr'><strong>atque</strong></span> <span class='ocrx_word' id='word_1_488' title='bbox 2676 5242 2969 5303; x_wconf 85' lang='lat' dir='ltr'><strong>pepererat</strong></span> <span class='ocrx_word' id='word_1_489' title='bbox 2997 5248 3122 5287; x_wconf 87' lang='lat' dir='ltr'><strong>eum</strong></span> <span class='ocrx_word' id='word_1_490' title='bbox 3166 5232 3250 5286; x_wconf 77' lang='lat' dir='ltr'><strong>ibi</strong></span> <span class='ocrx_word' id='word_1_491' title='bbox 3276 5232 3581 5287; x_wconf 86' lang='lat' dir='ltr'><strong>reclinavit.</strong></span> <span class='ocrx_word' id='word_1_492' title='bbox 3618 5231 3909 5287; x_wconf 83' lang='lat' dir='ltr'><strong>Ccntluen</strong></span> 
     </span>
    </p>
   </div>
   <div class='ocr_carea' id='block_1_66' title="bbox 2339 5336 3906 5404">
    <p class='ocr_par' dir='ltr' id='par_1_66' title="bbox 2339 5336 3906 5404">
     <span class='ocr_line' id='line_1_67' title="bbox 2339 5336 3906 5404; baseline -0.002 -9"><span class='ocrx_word' id='word_1_493' title='bbox 2339 5341 2490 5396; x_wconf 89' lang='lat' dir='ltr'><strong>tibus</strong></span> <span class='ocrx_word' id='word_1_494' title='bbox 2546 5339 2693 5394; x_wconf 91' lang='lat' dir='ltr'><strong>enim</strong></span> <span class='ocrx_word' id='word_1_495' title='bbox 2746 5339 2813 5393; x_wconf 87' lang='lat' dir='ltr'><strong>ad</strong></span> <span class='ocrx_word' id='word_1_496' title='bbox 2881 5353 3105 5393; x_wconf 90' lang='lat' dir='ltr'><strong>censum</strong></span> <span class='ocrx_word' id='word_1_497' title='bbox 3171 5336 3411 5402; x_wconf 62' lang='lat' dir='ltr'><strong>Iudaeis,</strong></span> <span class='ocrx_word' id='word_1_498' title='bbox 3492 5337 3644 5391; x_wconf 90' lang='lat' dir='ltr'><strong>nulla</strong></span> <span class='ocrx_word' id='word_1_499' title='bbox 3697 5346 3906 5404; x_wconf 82' lang='lat' dir='ltr'><strong>potera</strong></span> 
     </span>
    </p>
   </div>
   <div class='ocr_carea' id='block_1_67' title="bbox 2340 5436 3910 5513">
    <p class='ocr_par' dir='ltr' id='par_1_67' title="bbox 2340 5436 3910 5513">
     <span class='ocr_line' id='line_1_68' title="bbox 2340 5436 3910 5513; baseline -0.001 -16"><span class='ocrx_word' id='word_1_500' title='bbox 2340 5436 2574 5513; x_wconf 87' lang='lat' dir='ltr'><strong>reperiri</strong></span> <span class='ocrx_word' id='word_1_501' title='bbox 2635 5442 2834 5498; x_wconf 88' lang='lat' dir='ltr'><strong>domus</strong></span> <span class='ocrx_word' id='word_1_502' title='bbox 2862 5459 2874 5495; x_wconf 93' lang='lat'><strong>:</strong></span> <span class='ocrx_word' id='word_1_503' title='bbox 2922 5441 3069 5512; x_wconf 90' lang='lat' dir='ltr'><strong>quod</strong></span> <span class='ocrx_word' id='word_1_504' title='bbox 3090 5441 3253 5495; x_wconf 89' lang='lat' dir='ltr'><strong>etiam</strong></span> <span class='ocrx_word' id='word_1_505' title='bbox 3282 5440 3460 5495; x_wconf 89' lang='lat' dir='ltr'><strong>Lucas</strong></span> <span class='ocrx_word' id='word_1_506' title='bbox 3489 5439 3764 5510; x_wconf 79' lang='lat' dir='ltr'><strong>signiﬁcat</strong></span> <span class='ocrx_word' id='word_1_507' title='bbox 3790 5457 3910 5497; x_wconf 82' lang='lat' dir='ltr'><strong>eun</strong></span> 
     </span>
    </p>
   </div>
   <div class='ocr_carea' id='block_1_68' title="bbox 2341 5542 3906 5612">
    <p class='ocr_par' dir='ltr' id='par_1_68' title="bbox 2341 5542 3906 5612">
     <span class='ocr_line' id='line_1_69' title="bbox 2341 5542 3906 5612; baseline -0.002 -12"><span class='ocrx_word' id='word_1_508' title='bbox 2341 5547 2440 5611; x_wconf 88' lang='lat' dir='ltr'><strong>ait,</strong></span> <span class='ocrx_word' id='word_1_509' title='bbox 2485 5545 2623 5611; x_wconf 84' lang='lat' dir='ltr'><strong>Quia</strong></span> <span class='ocrx_word' id='word_1_510' title='bbox 2665 5563 2768 5601; x_wconf 84' lang='lat' dir='ltr'><strong>non</strong></span> <span class='ocrx_word' id='word_1_511' title='bbox 2821 5556 2936 5599; x_wconf 87' lang='lat' dir='ltr'><strong>erat</strong></span> <span class='ocrx_word' id='word_1_512' title='bbox 2984 5546 3155 5609; x_wconf 83' lang='lat' dir='ltr'><strong>locus,</strong></span> <span class='ocrx_word' id='word_1_513' title='bbox 3198 5544 3474 5598; x_wconf 78' lang='lat' dir='ltr'><strong>reclinavit</strong></span> <span class='ocrx_word' id='word_1_514' title='bbox 3516 5542 3689 5597; x_wconf 77' lang='lat' dir='ltr'><strong>illum.</strong></span> <span class='ocrx_word' id='word_1_515' title='bbox 3736 5543 3906 5612; x_wconf 78' lang='lat' dir='ltr'><strong>(Ibid.</strong></span> 
     </span>
    </p>
   </div>
   <div class='ocr_carea' id='block_1_69' title="bbox 2340 5646 3910 5718">
    <p class='ocr_par' dir='ltr' id='par_1_69' title="bbox 2340 5646 3910 5718">
     <span class='ocr_line' id='line_1_70' title="bbox 2340 5646 3910 5718; baseline -0.002 -14"><span class='ocrx_word' id='word_1_516' title='bbox 2340 5650 2539 5705; x_wconf 86' lang='lat' dir='ltr'><strong>Postea</strong></span> <span class='ocrx_word' id='word_1_517' title='bbox 2586 5665 2720 5705; x_wconf 83' lang='lat' dir='ltr'><strong>vero</strong></span> <span class='ocrx_word' id='word_1_518' title='bbox 2777 5649 3002 5705; x_wconf 85' lang='lat' dir='ltr'><strong>sustulit</strong></span> <span class='ocrx_word' id='word_1_519' title='bbox 3034 5658 3101 5703; x_wconf 78' lang='lat' dir='ltr'><strong>et</strong></span> <span class='ocrx_word' id='word_1_520' title='bbox 3157 5662 3321 5717; x_wconf 81' lang='lat' dir='ltr'><strong>supra</strong></span> <span class='ocrx_word' id='word_1_521' title='bbox 3369 5661 3545 5718; x_wconf 78' lang='lat' dir='ltr'><strong>genua</strong></span> <span class='ocrx_word' id='word_1_522' title='bbox 3602 5646 3910 5707; x_wconf 72' lang='lat' dir='ltr'><strong>collocavit</strong></span> 
     </span>
    </p>
   </div>
  </div>
