4058 6208
273 265 334 320 ει
1409 258 1483 315 IN
1511 255 1917 314 HATTIIEUM
1957 257 2184 314 IIOMIL.
2231 257 2362 314 ιίιι.
3449 273 3518 328 83

271 358 601 430 ποιήσομεν·
632 362 722 416 καί
747 363 841 415 νῦν
872 359 971 432 μέν
1001 346 1061 414 σὲ
1092 361 1156 434 τῇ
1183 361 1401 431 γυναικὶ
1427 363 1841 435 παραδώσομενο

268 446 338 502 ἀν
365 449 422 502 δὲ
454 449 656 523 ταύτης
694 452 1127 524 καταφρονήσῃς,
1171 454 1265 508 καί.
1293 455 1372 518 εἰς
1398 453 1460 508 τὸ
1489 453 1597 509 τῶν
1633 455 1843 526 ἀλόγων

269 538 641 594 διδασκαλεῖον
681 541 1102 612 ἀποστελοῦμεν,
1141 543 1233 596 καὶ
1268 542 1511 616 δείξομεν
1540 545 1695 598 πόσοι
1743 546 1838 615 μὲν

267 628 506 699 ὄρνιθες.
543 631 694 684 πόσοι
721 631 777 684 δέ
810 630 1008 701 ἰχθύες,
1042 632 1182 686 πόσα
1215 632 1271 686 δὲ
1301 634 1607 705 τετράποδα
1633 636 1723 688 καὶ
1748 636 1836 706 ἐρ-

266 719 406 772 πετά
446 720 540 773 σοῦ
578 720 876 792 σεμνότερα
908 723 1001 776 καὶ
1036 723 1448 796 σωφρονέστερα
1480 726 1744 795 φαίνεται.
1777 727 1837 780 Εἰ

261 809 321 861 δὲ
345 809 573 882 αἰσχύνη
595 810 690 882 τὴν
717 811 1000 883 σύγκρισιν
1026 813 1118 866 καὶ
1145 815 1420 886 ἐρυθριᾷς,
1448 816 1676 888 ἀνάϐηθι
1702 817 1836 888 πρὸς

263 898 364 970 τὴν
395 900 602 954 οἰκείαν
647 901 944 971 εὐγένειαν,
981 905 1074 958 καὶ
1119 903 1180 957 τὸ
1224 906 1322 976 τῆς
1348 909 1570 979 γεέννης
1601 908 1834 976 πέλαγος

260 990 358 1044 καὶ
389 990 481 1044 τὸν
512 991 606 1046 τοῦ
639 995 806 1065 πυρὸς
840 1000 1094 1069 ποταμὸν·
1122 998 1167 1033 ⁸⁸
1202 1000 1363 1070 φύγε,
1391 1001 1489 1055 τὴν
1524 1002 1581 1053 ἐν
1610 999 1685 1069 τῷ
1711 1000 1834 1054 θεά-

256 1093 369 1146 τρῳ
396 1076 799 1150 κολυμϐήθραν.
841 1079 990 1153 Αὕτη
1021 1082 1128 1154 γὰρ
1168 1085 1201 1154 ὴ
1255 1082 1606 1154 κολυμϐήθρα
1647 1083 1834 1152 ἐκεῖνο

256 1167 319 1220 τὺ
351 1167 587 1238 πέλαγος
637 1171 910 1242 προξενεῖ,
941 1173 1034 1226 καί⁵
1077 1175 1176 1245 τὴν
1219 1173 1455 1230 ἄϐυσσον
1494 1173 1710 1245 ἐκείνην
1740 1174 1836 1227 ἀν·-

259 1259 423 1312 άπτει
450 1261 551 1331 τῆς
593 1261 810 1331 φλογός.

330 1348 396 1413 ζ’-
426 1350 491 1405 Εἰ
517 1351 626 1425 γὰρ
659 1353 722 1406 '0
751 1354 1061 1423 ἐμϐλέπων
1090 1355 1343 1425 γυναῖκα
1363 1357 1409 1388 ⁸ο
1437 1356 1584 1424 πρὸς
1611 1355 1678 1408 τὸ
1710 1355 1836 1408 ἐπι-

261 1439 548 1509 θυμῆσαι.
596 1443 712 1512 ἤδη
768 1445 1154 1514 ἐμοίχευσενο
1195 1448 1223 1500 6
1290 1448 1386 1502 καὶ
1426 1446 1637 1519 γυμνὴν
1685 1445 1835 1518 [Hii]

257 1529 702 1604 ἀναγκαζόμενος
738 1535 888 1600 ἰδεῖν,
934 1536 1050 1599 πῶς
1089 1536 1152 1590 ού
1193 1537 1452 1608 μυριάκις
1495 1537 1838 1607 αἰχμάλωτος

259 1621 503 1690 γίνεται;
545 1626 658 1696 Ούχ
685 1624 857 1690 οὕτως
894 1627 923 1679 6
957 1627 1048 1679 ἐπὶ
1078 1626 1172 1680 τοῦ
1213 1628 1340 1681 Νῶε
1366 1628 1749 1699 κατακλυσμὸς
1779 1628 1840 1680 τὸ

256 1713 368 1766 τῶν
399 1714 705 1786 ἀνθρώπων
737 1715 986 1772 ἀπώλεσε
1014 1718 1190 1788 γένος,
1229 1719 1304 1783 ὡς
1330 1714 1489 1773 αὗται
1519 1722 1576 1774 αἰ
1609 1721 1841 1791 νηχόμε-

255 1823 348 1860 ναι
397 1806 646 1870 ἅπαντας
692 1809 811 1861 ἐκεῖ
869 1807 1007 1878 μετὰ
1077 1809 1275 1878 πολλῆς
1326 1809 1686 1879 ἀποπνίγουσι
1740 1809 1840 1880 τῆς

253 1896 543 1969 αἰσχύνης.
589 1897 826 1964 Ἐκεῖνος
860 1899 959 1972 μὲν
987 1900 1096 1970 γὰρ
1123 1900 1151 1953 6
1180 1900 1354 1964 ὑετὸς,
1395 1902 1444 1954 εἰ
1491 1902 1584 1955 καὶ
1611 1901 1838 1955 θάνατον

257 1988 556 2059 εἰργάσατο
599 1989 868 2062 σώματος,
925 1991 1058 2045 ἀλλά
1103 1993 1203 2064 τὴν
1250 1993 1349 2064 τῆς
1404 1993 1583 2064 ψυχῆς
1640 1993 1842 2048 κακίαν

258 2077 543 2148 ἀνέκοψενο
571 2073 725 2143 οὗτος
765 2080 822 2135 δὲ
869 2082 1174 2136 τούναντίον
1209 2085 1368 2146 ποιεῖ,
1427 2082 1535 2137 τῶν
1574 2085 1839 2157 σωμάτων

263 2168 552 2239 μενόντων,
583 2171 681 2242 τὴν
709 2171 887 2244 ψυχὴν
931 2173 1263 2228 ἀπόλλυσιν-
1285 2173 1474 2245 Ὑμεῖς
1499 2174 1555 2227 δὲ
1583 2175 1709 2229 ὅταν
1740 2176 1839 2247 μὲν

259 2259 554 2330 προεδρίας
642 2261 818 2331 λόγος,
849 2263 1062 2331 ἀξιοῦτε
1093 2264 1192 2333 τῆς
1215 2264 1539 2336 οἰκουμένης
1564 2267 1838 2337 προκαθῑμ

264 2347 387 2401 σθαι
416 2349 616 2419 πάσης,
665 2352 851 2423 ἐπειδὴ
899 2353 1091 2424 πρώτη
1144 2355 1178 2424 ὴ
1214 2353 1368 2418 πόλις
1422 2355 1578 2426 ἡμῶν
1621 2355 1684 2409 τὸ
1727 2357 1836 2410 τῶν

260 2439 602 2512 Χριστιανῶν
631 2440 926 2511 ἀνεδήσατο
971 2441 1142 2513 ὄνομα
1165 2461 1178 2474 ·
1219 2445 1277 2497 ἐν
1305 2443 1361 2498 δέ
1387 2443 1464 2514 τῷ
1494 2445 1592 2516 τῆς
1628 2463 1837 2518 σωφροο

262 2532 429 2603 σύνης
477 2531 667 2601 ἀγῶνι,
699 2530 794 2586 καὶ
824 2533 932 2587 τῶν
956 2534 1356 2606 ἀγροικοτέρων
1389 2536 1595 2591 πόλεων
1619 2537 1838 2591 ἔλαττον

262 2623 520 2695 φέροντες
548 2623 648 2677 οὐκ
683 2623 1032 2696 αἰσχύνεσθε;
1085 2625 1214 2694 Ναὶ,
1250 2625 1384 2697 φησί
1404 2641 1419 2657 ο
1451 2627 1545 2680 καὶ
1567 2627 1620 2680 τί
1662 2629 1706 2660 ⁸¹
1749 2644 1838 2681 κε-

261 2712 439 2778 λεύεις
479 2717 683 2782 ποιεῖν;
713 2716 796 2770 Τὰ
838 2715 940 2788 ὄρη
989 2716 1426 2788 καταλαμϐάνειν
1455 2718 1548 2771 καὶ
1577 2718 1839 2789 μοναχοὺς

260 2805 539 2876 γίνεσθαι;
579 2807 679 2862 Διά
719 2807 826 2880 γὰρ
851 2808 1008 2862 τοῦτο
1047 2809 1240 2877 στένω,
1265 2810 1347 2863 ὅτι
1395 2810 1577 2882 μόνοις
1610 2809 1840 2874 ἐκείνοις

259 2897 483 2968 ἡγεῖσθε
523 2899 786 2970 ἁρμόζειν
825 2901 1162 2972 κοσμιότητα
1191 2901 1286 2954 καὶ
1312 2901 1686 2975 σωφροσύνηνο
1718 2901 1841 2955 καί-

261 3005 408 3059 τοιγε
440 2991 468 3044 6
499 2991 735 3062 Χριστὸς
772 2993 983 3056 κοινοὺς
1007 2993 1133 3056 τοὺς
1161 2992 1360 3064 νόμους
1389 2993 1573 3066 ἔθηκε.
1597 2993 1706 3047 Καὶ
1730 2993 1840 3064 γάρ

262 3084 388 3138 ὅταν
422 3082 576 3154 λέγῃ,
605 3083 740 3138 Ἐάν
765 3101 855 3151 τις
879 3085 1147 3155 ἐμϐλέψῃ
1187 3086 1422 3157 γυναικί
1453 3087 1604 3155 πρὸς
1627 3085 1694 3140 τὸ
1718 3087 1842 3140 ἐπι-

264 3173 552 3244 θυμῆσαι,
591 3175 650 3228 οὐ
678 3175 756 3247 τῷ
804 3177 1088 3248 μονάζοντι
1132 3179 1302 3249 λέγει,
1335 3178 1472 3233 ἀλλά
1512 3176 1712 3249 καὶτῷ
1743 3195 1840 3246 γυ-

263 3265 425 3318 ναῖκα
452 3263 660 3334 ἔχοντι·
711 3265 805 3318 καὶ
843 3265 951 3338 γὰρ
991 3267 1052 3320 τὸ
1082 3266 1206 3339 ὅρος
1246 3269 1421 3322 ἐκεῖνο
1461 3269 1582 3322 τότε
1624 3267 1841 3322 πάντων

263 3351 372 3405 τῶν
420 3351 675 3406 τοιούτων
723 3353 1155 3426 πεπληρωμένον
1203 3351 1294 3428 ἦν’
1341 3357 1620 3426 Ἐννόησον
1662 3356 1842 3411 τοίνυν

264 3441 440 3496 ἐκεῖνο
465 3441 527 3495 τδ
558 3441 805 3514 θέατρον,
846 3445 939 3498 καὶ
965 3446 1193 3518 μίσησον
1221 3447 1378 3502 τοῦτο
1413 3447 1475 3501 τὸ
1515 3446 1839 3512 διαϐολικδν,

266 3531 358 3586 καὶ
389 3532 467 3608 μὴ
510 3533 797 3606 καταγνῷς
841 3535 935 3591 τοῦ
989 3537 1146 3608 λόγου
1195 3538 1494 3612 βαρύτητα.
1549 3539 1682 3594 Ούδὲ
1731 3538 1842 3610 γάρ

264 3626 457 3681 κωλύω
484 3627 706 3697 γαμεῖν,
743 3624 862 3679 ούδέ
897 3621 1171 3695 ἐμποδίζω
1193 3619 1509 3689 τέρπεσθαιο
1535 3616 1670 3672 ἀλλά
1699 3615 1836 3688 μετὰ

263 3718 617 3791 σωφροσύνης
635 3716 794 3770 τοῦτο
827 3715 1082 3787 βούλομαι
1102 3712 1366 3784 γίνεσθαι,
1395 3711 1456 3765 οὐ
1489 3708 1625 3781 μετά
1650 3707 1837 3780 αἰσχύ-

262 3828 357 3882 νης
383 3811 480 3864 καὶ
507 3809 843 3881 κατηγορίας
876 3808 969 3862 καὶ
996 3807 1203 3879 μυρίων
1235 3803 1614 3877 ἐγκλημάτων.
1642 3801 1718 3855 Οὐ
1750 3816 1837 3854 νο-

267 3901 479 3973 μοθετῶ
502 3901 571 3954 τὰ
597 3901 698 3974 ὅρη
728 3899 1165 3970 καταλαμϐάνειν
1189 3900 1283 3954 καὶ
1307 3898 1406 3962 τὰς
1428 3895 1681 3970 ἐρημίας,
1703 3894 1855 3948 am.

261 3993 497 4066 χρηστὸν
541 3989 682 4048 εἶναι
715 3995 809 4047 καί¹
857 3993 1072 4064 ἐπιεικῆ
1117 3992 1211 4045 καὶ
1251 3990 1521 4063 σώφρονα,
1561 3989 1731 4060 μέσην
1757 3986 1836 4040 οί-

261 4085 462 4139 κοῦντα
489 4083 589 4155 τὴν
618 4085 790 4141 πόλιν.
836 4084 948 4138 Καὶ
981 4083 1091 4155 γάρ
1131 4082 1309 4136 πάντα
1334 4083 1468 4152 ἡμῖν
1501 4079 1568 4132 τὰ
1611 4077 1718 4131 τῶν
1747 4077 1836 4130 νό-

265 4195 380 4248 μων
410 4177 569 4232 κοινά
606 4177 742 4250 πρὸς
769 4177 896 4240 τοὺς
945 4175 1210 4247 μοναχούς
1252 4176 1390 4238 ἐστι,
1437 4171 1574 4241 πλὴν
1596 4171 1689 4224 τοῦ
1734 4170 1838 4238 γά-

271 4289 392 4338 μου·
426 4270 632 4340 μᾶλλον
670 4268 726 4324 δὲ
779 4269 877 4324 καί¹
913 4268 973 4322 ὲν
1011 4265 1184 4336 τούτῳ
1232 4263 1439 4318 κελεύει
1475 4263 1504 4316 6
1550 4259 1760 4324 Παῦλος
1781 4263 1838 4314 ἐν

345 4411 390 4443 δ’
414 4405 681 4478 ποταμὸν]
712 4407 838 4462 add.
873 4407 1054 4463 λαϐὼν
1088 4408 1231 4464 κατά
1250 4407 1376 4463 νοῦν
1407 4410 1470 4461 Δ.
1503 4407 1561 4462 Β.
1591 4405 1654 4463 C.
1689 4405 2012 4478 vid.iadnol.
2116 4408 2164 4450 ⁸⁸

1961 373 2166 427 ἅπασιν
2190 374 2236 405 ⁸⁸
2275 371 2581 439 ἐξισοῦσθαι
2635 370 2840 438 αὐτοῖς,
2886 369 3058 440 λέγων
3080 388 3094 404 ·
3133 372 3388 441 Παράτει
3425 376 3536 440 γὰρ

1961 462 2028 517 τὸ
2062 461 2272 531 σχῆμα
2300 461 2408 516 τοῦ
2437 461 2667 530 κόσμου
2695 461 2931 525 τούτου,
2957 460 3058 514 ἵνα
3084 461 3180 514 καί
3213 463 3264 514 οἰ
3293 461 3537 528 ἔχοντες

1963 553 2249 624 γυναῖκας
2284 554 2366 618 ὡς
2405 552 2491 623 μὴ
2532 554 2778 622 ἔχοντες
2817 547 2987 607 ὦσιν.
3023 552 3207 618 Ὥστε,
3256 552 3419 623 φησὶν
3464 551 3532 609 ⁸³.

1960 649 2022 701 ού
2051 647 2254 701 κελεύω
2285 647 2384 710 τὰς
2422 645 2665 716 κορυφὰς
2703 663 2809 698 των
2840 645 3008 716 ὀρέων
3053 643 3204 716 [H7]
3254 644 3538 712 καταλαμρ

1964 737 2166 791 ϐάνεινο
2202 734 2501 804 ἐϐουλόμην
2527 734 2624 804 μὲν
2644 733 2774 804 γάρ,
2799 734 2886 788 διὰ
2923 734 2986 787 τὸ
3015 734 3112 798 τὰς
3143 733 3323 796 πόλεις
3353 733 3535 802 μιμεῖ-

1963 827 2178 882 σθαιτά
2205 827 2265 879 ἐν
2305 825 2556 896 Σοδόμοις
2596 825 2875 896 γινόμενα·
2911 827 3053 897 πλὴν
3093 826 3192 880 οὐκ
3242 825 3535 893 ἀναγκάζω

1957 916 2135 972 τοῦτο.
2185 915 2328 971 Μένε
2380 915 2556 970 οἰκίαν
2596 914 2736 986 ἔχων
2783 917 2877 969 καὶ
2911 916 3097 970 παιδία
3145 916 3236 970 καὶ
3266 919 3530 985 γυναῖκαο

1957 1011 2093 1067 ἀλλά
2125 1010 2197 1082 μὴ
2230 1009 2418 1082 ὕϐριζε
2453 1008 2550 1080 τὴν
2585 1011 2838 1079 γυναῖκα,
2894 1009 3030 1080 μηδὲ
3071 1009 3533 1082 παραδειγμάτιζε

1956 1102 2028 1158 τά
2051 1103 2258 1169 παιδία,
2288 1102 2422 1173 μηδὲ
2457 1100 2643 1171 εἴσαγε
2689 1103 2766 1165 εἰς
2806 1103 2906 1173 τὴν
2950 1101 3126 1154 οὶκίαν
3153 1103 3250 1172 τὴν
3280 1102 3386 1154 ἀπὸ
3425 1101 3533 1155 τῶν

1959 1194 2200 1266 θεάτρων
2242 1193 2440 1265 λύμην.
2481 1194 2594 1247 Ούκ
2636 1193 2855 1256 ἀκούεις
2903 1191 3436 1260 Παύλου,λέγοντος;
3481 1191 3534 1242 Ὀ

1957 1285 2116 1355 ἀνὴρ
2147 1287 2258 1340 οὐκ
2293 1283 2626 1349 ἐξουσιάζει
2662 1282 2768 1336 τοῦ
2797 1283 2952 1337 ἰδίου
2995 1281 3289 1352 σώματος,
3322 1283 3457 1336 ἀλλ’
3492 1283 3530 1348 ἡ

1957 1378 2130 1449 γυνή·
2175 1377 2268 1431 καὶ
2291 1377 2502 1440 κοινοὺς
2530 1374 2859 1445 ἀμφοτέροις
2899 1374 3136 1438 τιθέντος
3183 1374 3412 1443 νόμουςς
3459 1373 3532 1425 Σὺ

1958 1469 2034 1534 δὲ,
2065 1468 2131 1524 ἂν
2160 1468 2259 1540 μὲν
2279 1470 2358 1532 εἱς
2385 1467 2680 1538 ἐκκλησίαν
2708 1465 2945 1536 συνεχῶς
2968 1466 3212 1538 ἐμϐάλλῃ
3242 1463 3344 1535 ’δὴ
3371 1463 3531 1534 γυνὴ.

1961 1559 2130 1631 βαρὺς
2162 1558 2464 1628 κατήγορος
2493 1556 2648 1626 γίνῃ’
2685 1555 2844 1618 αὐτὸς
2887 1555 2944 1608 δὲ
2983 1556 3064 1618 εἰς
3101 1555 3302 1626 θέατρα
3347 1555 3532 1625 διημε-

1962 1651 2158 1723 ρεύων,
2189 1650 2288 1720 οὐχ
2338 1651 2444 1720 ἡγῇ
2476 1648 2808 1719 κατηγορίας
2843 1646 2991 1711 ἀξιος
3039 1641 3206 1700 εἶναι·
3239 1645 3374 1699 ἀλλά
3405 1648 3534 1716 περὶ

1963 1739 2062 1812 μὲν
2089 1739 2186 1811 τὴν
2211 1740 2310 1810 τῆς
2342 1738 2598 1808 γυναικὸς
2631 1737 2982 1809 σωφροσύνην
3003 1737 3175 1801 οὕτως
3205 1733 3254 1790 εἷ
3278 1737 3532 1811 ἀκριϐὴς,

1957 1834 2034 1897 ὡς
2087 1832 2182 1886 καὶ
2220 1831 2470 1903 περιττὸς
2525 1828 2662 1885 εἶναι
2697 1831 2792 1886 καὶ
2837 1831 3092 1902 ἄμετρος,
3124 1831 3218 1884 καὶ
3259 1829 3392 1901 μηδέ
3433 1829 3532 1894 τὰς

1957 1920 2260 1990 ἀναγκαίας
2319 1919 2532 1986 ἐξόδους
2583 1921 2914 1989 συγχωρεῖν·
2965 1917 3148 1989 σαυτῷ
3193 1919 3250 1972 δὲ
3290 1919 3533 1990 νομίζεις

1957 2014 2137 2068 πάντα
2187 2012 2405 2077 ἐξεῖναι.
2451 2009 2589 2062 Ἀλλ’
2638 2011 2739 2063 ούκ
2785 2009 3068 2081 ἐπιτρέπει
3108 2026 3193 2062 σοι
3236 2009 3467 2073 Παῦλος,
3502 2011 3533 2062 6

1960 2109 2054 2164 καὶ
2083 2109 2150 2179 τῇ
2193 2104 2414 2176 γυναικὶ
2448 2102 2544 2174 τὴν
2575 2101 2746 2174 αὐτὴν
2771 2101 3017 2167 ἐξουσίαν
3047 2099 3241 2167 διδοὺς,
3275 2101 3371 2155 καὶ
3400 2101 3529 2171 γάρ’

1969 2189 2046 2260 Τῇ
2077 2193 2329 2259 γυναικὶ,
2371 2195 2555 2264 φησὶν,
2597 2197 2630 2248 ό
2668 2195 2824 2264 ἀνὴρ
2867 2195 2979 2263 τὴν
3027 2187 3424 2268 ὀφειλομένην
3451 2217 3536 2254 τι·

1961 2278 2083 2348 μὴν
2118 2281 2162 2312 ⁵⁵
2194 2282 2543 2338 ἀποδιδότω.
2583 2284 2718 2337 Ποία
2756 2283 2849 2339 οὖν
2889 2286 3030 2355 αῦτη
3066 2289 3099 2358 ἡ
3129 2287 3282 2360 τιμὴ,
3310 2289 3437 2344 ὅταν
3477 2293 3536 2344 ἐν

1960 2374 2072 2434 τοῖς
2098 2373 2328 2443 καιρίοις
2356 2375 2525 2447 αὐτὴν
2548 2375 2797 2450 ύϐρίζῃς,
2826 2379 2920 2431 καὶ
2945 2379 3007 2432 τὺ
3042 2378 3198 2449 σῶμα
3225 2381 3393 2450 αὐτῆς
3415 2385 3537 2445 ταῖς

1960 2460 2186 2531 πόρναις
2226 2462 2502 2536 παρέχῃς;
2531 2465 2592 2518 τὸ
2638 2467 2746 2539 γὰρ
2778 2467 2870 2521 σὺν
2900 2469 3115 2539 ἐκείνης
3155 2469 3316 2541 σῶμά
3347 2473 3492 2525 ἐστιν
3518 2489 3532 2503 ·

1962 2549 2095 2603 ὅταν
2119 2550 2378 2621 θορύϐους
2429 2555 2522 2608 καὶ
2550 2555 2822 2626 πολέμους
2864 2558 3090 2630 εἰσάγῃς
3117 2561 3197 2622 εἰς
3215 2561 3313 2631 τὴν
3333 2561 3534 2626 οἰκίανς

1959 2639 2086 2693 ὅταν
2116 2640 2340 2694 τοιαῦτα
2368 2646 2529 2714 ποιῇς
2561 2646 2619 2698 ἐν
2649 2647 2841 2716 ἀγορᾷ,
2868 2647 2905 2700 ἃ
2927 2648 3278 2719 διηγούμενος
3306 2652 3363 2702 ἐν
3387 2651 3536 2722 οἰκίᾳ

1960 2728 2342 2800 καταισχύνεις
2375 2732 2473 2801 μὲν
2497 2732 2596 2804 τὴν
2625 2733 2926 2788 ἀκούουσαν
2957 2739 3210 2805 γυναῖκα,
3261 2738 3535 2809 αίσχύνεις

1958 2818 2015 2870 δέ
2038 2819 2137 2891 τὴν
2160 2819 2440 2891 παροῦσαν
2466 2821 2762 2893 θυγατέρα,
2797 2824 2892 2878 καὶ
2917 2825 3022 2897 πρό
3050 2843 3113 2896 γε
3142 2827 3364 2881 ἐκείνων
3405 2845 3532 2883 σαυ-

1959 2909 2079 2978 τόν;
2118 2912 2354 2985 Ἀνάγκη
2401 2915 2507 2987 γάρ
2545 2916 2578 2986 ἢ
2623 2919 2780 2988 σιγᾷν
2823 2919 2888 2983 ⁸⁸,
2938 2919 2972 2990 ἢ
3022 2919 3245 2974 τοιαῦτα
3287 2922 3533 2992 ἀσχημο-

1958 3005 2092 3070 νεῖν,
2117 3005 2200 3073 ἐφ⁹
2227 2999 2307 3068 οἷς
2335 3005 2428 3058 καὶ
2459 3007 2585 3071 τοὺς
2609 3008 2824 3074 οἰκέτας
2853 3010 2897 3040 ⁸⁷
2923 3011 3275 3080 μαστίζεσθαι
3303 3011 3530 3065 δίκαιον.

1959 3096 2092 3149 Τίνα
2139 3093 2234 3152 οὖν
2279 3098 2422 3164 ἕξεις
2454 3101 2767 3171 ἀπολογίαν,
2816 3105 2937 3158 εἰπέ
2971 3122 3083 3175 μοι,
3125 3105 3162 3159 ἃ
3197 3106 3329 3177 μηδέ
3360 3109 3535 3160 εἰπεῖν

1958 3185 2142 3251 καλὸν,
2175 3187 2346 3241 ταῦτα
2379 3189 2590 3259 βλέπων
2637 3191 2778 3262 μετά
2820 3193 3019 3264 πολλῆς
3059 3194 3160 3264 τῆς
3198 3195 3463 3266 σπουδῆςς
3499 3196 3534 3250 ἃ

1969 3277 2116 3366 μηδὲ,
2157 3277 2519 3348 διηγήσασθαι
2568 3281 2814 3347 ἀνεκτὸν,
2858 3285 3032 3340 ταῦτα
3083 3289 3300 3344 πάντων
3355 3311 3538 3366 προτι-

1965 3364 2078 3423 θείς
2107 3365 2185 3433 ¹⁸;
2213 3367 2361 3432 Τέως
2391 3371 2489 3440 μὲν
2509 3367 2621 3435 οὖν,
2651 3373 2791 3427 ὥστε
2823 3378 2898 3448 μὴ
2926 3379 3177 3446 γενέσθαι
3207 3364 3537 3456 φορτικώτε-

1965 3473 2079 3528 ρος,
2109 3458 2340 3514 ἐνταῦθα
2355 3462 2645 3518 καταλύσω
2670 3465 2760 3520 τὸν
2779 3466 2956 3536 λόγον.
2994 3470 3117 3524 Ἐὰν
3134 3471 3190 3526 δὲ
3217 3477 3328 3539 τοῖς
3353 3477 3538 3542 αὐτοῖς

1963 3547 2304 3619 ἐπιμείνητε,
2331 3551 2580 3624 ὀξύτερον
2603 3554 2665 3608 τὸ
2695 3556 2933 3628 σιδήριον
2959 3563 3206 3632 ποιήσας,
3232 3564 3536 3637 βαθυτέραν

1965 3637 2120 3693 δώσω
2149 3641 2246 3714 τὴν
2277 3645 2449 3715 τομήν
2468 3663 2482 3678 ο
2524 3647 2619 3700 καὶ
2647 3649 2708 3701 ού
2743 3651 3040 3723 παύσομαι,
3077 3654 3182 3718 ἕως
3213 3657 3278 3711 ἂν
3319 3657 3536 3713 διασκε-

1964 3730 2130 3797 δάσας
2161 3733 2254 3787 τοῦ
2281 3735 2526 3790 διαϐόλου
2568 3738 2717 3814 [118]
2751 3741 2810 3796 τὸ
2842 3743 3087 3816 θέατρον,
3115 3747 3351 3820 καθαρὸν
3378 3753 3534 3823 ποιή-

1966 3840 2045 3877 σω
2076 3823 2174 3894 τῆς
2210 3826 2532 3899 Ἐκκλησίας
2562 3831 2652 3886 τὸν
2683 3835 2955 3904 σύλλογον.
2989 3839 3143 3894 Οὕτω
3169 3841 3277 3911 γὰρ
3310 3844 3402 3896 καὶ
3432 3848 3534 3914 τῆς

1963 3917 2242 3990 παρούσης
2279 3921 2540 3994 αἰσχύνης
2577 3925 3096 4000 ἀπαλλαγησόμεθα,
3144 3935 3239 3988 καὶ
3277 3937 3373 4006 τὴν
3404 3937 3532 4006 μέλ-

1961 4007 2157 4100 λουσαν
2183 4013 2583 4084 καρπωσόμεθα
2619 4016 2784 4088 ζωὴν,
2825 4021 3008 4091 χάριτι
3037 4026 3127 4078 καὶ
3153 4026 3532 4100 φιλανθρωπίᾳ

1958 4099 2051 4152 τοῦ
2103 4099 2302 4173 Κυρίου
2347 4106 2505 4176 ἡμῶν
2538 4108 2710 4178 Ἰησοῦ
2751 4108 3072 4182 Χριστοῦ,ᾧ
3106 4119 3139 4186 ή
3185 4116 3311 4184 δόξα
3350 4119 3443 4172 καὶ
3470 4099 3530 4174 τδ

1960 4189 2160 4262 κράτος
2181 4233 2196 4258 ,
2231 4193 2310 4258 είς
2343 4195 2468 4259 τοὺς
2498 4196 2697 4263 αἰῶνας
2724 4200 2832 4255 τῶν
2855 4201 3085 4260 αἰώνων.
3129 4207 3320 4278 Ἀμήν.

2194 4409 2415 4482 γυναικὶ
2446 4408 2505 4465 Β.
2581 4409 2627 4442 ⁵⁸
2658 4409 2752 4464 καὶ
2778 4407 2852 4482 τί]
2882 4410 3013 4482 ιιιΙιΙ.
3047 4406 3141 4466 οὖν
3172 4409 3308 4467 Edd.
3385 4413 3433 4445 "
3467 4414 3526 4467 ἐν

345 4411 390 4443 δ’
414 4405 692 4530 ποταμδνὲ
712 4407 838 4462 add.
873 4407 1054 4463 λαϐὼν
1088 4408 1231 4464 κατά
1250 4407 1376 4463 νοῦν
1407 4410 1470 4461 Δ.
1503 4407 1561 4462 Β.
1591 4405 1654 4463 C.
1689 4407 1800 4462 vid.
1826 4423 1841 4458 ι

276 4482 478 4553 ᾂπασιν
507 4494 619 4553 qm1
698 4517 710 4529 .
738 4480 816 4541 ὼς
841 4479 897 4532 ἐν
923 4477 1129 4553 ἅπασιν
1143 4480 1216 4553 _A.
1389 4480 1436 4510 ⁵³
1464 4478 1628 4553 φησὶν
1658 4477 1841 4553 οιιιηᾼ

1961 4413 2012 4462 ιι.
2116 4408 2164 4450 ⁸⁸
2194 4409 2415 4477 γυναικὶ
2446 4408 2505 4465 Β.
2581 4409 2627 4442 ⁵⁸
2658 4409 2752 4464 καὶ
2778 4407 2852 4482 τί]
2885 4410 3013 4466 add.
3047 4406 3141 4466 οὖν
3172 4409 3308 4467 Edd.
3385 4413 3433 4445 "
3467 4414 3526 4467 ἐν

1961 4481 2116 4553 ⁸⁸5³3.
2149 4478 2268 4553 Mox
2309 4480 2370 4553 ού
2412 4481 2816 4553 καταναγκάζω
2853 4481 2989 4553 Edd.
3065 4483 3111 4516 “
3141 4483 3353 4553 ἐμϐάλῃ
3389 4483 3527 4538 Edd.

278 4547 538 4622 ⁸⁸γτιμὴν]
566 4548 780 4622 εὔνοιαν
810 4563 1020 4622 amnes:
1053 4546 1395 4622 Vid.__adn9_l.
1468 4548 1514 4579 "

1541 4547 1790 4625 ﬂmév]
1825 4547 1841 4601 ε

1961 4547 2016 4601 Ι).
2157 4549 2478 4625 ᾼτιιι.ἢ-υιη
2511 4547 2753 4625 οῳιετίη
2789 4553 2833 4584 ⁸⁷
2860 4551 3098 4625 οἰκέτας]
3133 4547 3259 4608 add.
3295 4547 3531 4622 φθέγγοι-

280 4617 597 4694 μένοις-Ρ.
628 4618 688 4671 Ε.
724 4618 783 4672 F.
815 4617 939 4673 Sav.
988 4618 1296 4694 favgntibus
1320 4617 1509 4674 Verss.
1565 4617 1633 4650 "'
1666 4617 1832 4689 Singu

1961 4635 2006 4672 ιιι
2051 4617 2546 4692 Ιοοιὶυιιοιιίῂιιιυι
2570 4621 2629 4675 Β.
2657 4622 2828 4676 ταῦτα
2850 4622 2942 4676 ὑπ’
2981 4617 3103 4693 ὕψιῦ
3133 4617 3350 4677 πάντων
3393 4617 3531 4694 προ-

277 4688 462 4754 τιθείς.
501 4689 784 4759 Vulgalam
820 4697 1040 4744 tuemur
1072 4688 1311 4759 lnterpp.

3387 4853 3510 4870 ῃ

1728 4949 1972 5006 ΟΜΙΛΙΑ
2014 4951 2091 5006 ΙΙ’.

288 5095 394 5153 Καὶ
418 5093 794 5157 εἰσελθόντες
821 5091 866 5122 ⁸⁸
895 5092 982 5157 εἰς
1027 5089 1140 5157 τὴν
1169 5087 1380 5154 οἰκίαν,
1423 5084 1586 5142 εἶδον
1624 5088 1689 5141 τὸ
1726 5104 1855 5140 παις

355 5167 488 5240 δίον
518 5163 668 5234 μετὰ
701 5161 928 5240 Μαρίας
963 5159 1072 5227 τῆς
1102 5160 1328 5240 μητρός
1364 5158 1570 5240 αὐτοῦ’
1612 5158 1711 5240 καὶ
1753 5171 1856 5211 πε-

355 5228 573 5301 σόντες
623 5228 1087 5306 προσεκύνησαν
1109 5228 1112 5229 ⁷
1135 5228 1317 5306 αὺτῷς
1363 5229 1462 5282 καί
1507 5228 1860 5306 ἀνοίξαντες

535 5296 878 5370 θησὰυροὺς
903 5297 1102 5354 αὐτῶν
1123 5297 1546 5370 προσήνεγκαν
1565 5297 1724 5362 αὐτῷ
1749 5296 1858 5350 δῶ-

358 5306 498 5372 τοὺς

350 5393 452 5445 ρα,
473 5367 743 5446 χρυσὸν,
769 5369 869 5425 καὶ
889 5367 1175 5436 λίϐανον,
1198 5367 1297 5422 καί
1327 5369 1626 5438 σμύρναν.

352 5485 420 5540 α’.
441 5482 566 5545 Πῶς
584 5475 677 5534 οὖν
705 5491 866 5546 φησιν
884 5475 911 5526 6
932 5471 1166 5534 Λουκᾶς,
1183 5469 1264 5522 ὅτι
1291 5468 1382 5523 ἐπ)⁵
1409 5469 1507 5538 τῆς
1529 5469 1734 5538 φάτνης
1749 5468 1859 5521 κεῖ-

1961 5104 2153 5176 οὺκιῆν
2175 5103 2351 5157 οἰκίαν
2381 5090 2581 5171 εὑρεῖν·
2607 5097 2741 5169 ὅπερ
2789 5101 2881 5152 οὑν
2924 5093 3076 5152 καί-ό
3096 5102 3311 5162 Λουκᾶς
3346 5097 3534 5168 ἐπιση-

1967 5197 2216 5268 μαίνεται
2241 5194 2436 5263 λέγων,
2463 5193 2550 5246 ὅτι
2580 5191 2677 5246 διὰ
2702 5190 2767 5245 τὸ
2786 5190 2873 5260 μὴ
2907 5187 3056 5245 εἶναι
3082 5193 3289 5255 τόπον,
3309 5189 3540 5247 ἁνέκλιο

1963 5305 2070 5342 νεν
2102 5288 2306 5341 αὐτόν.
2338 5281 2488 5339 Μετά
2523 5285 2580 5338 δέ
2615 5283 2788 5337 ταῦτα
2819 5283 3060 5338 ἀνείλετο
3078 5285 3144 5348 ⁸⁸³,
3176 5285 3269 5338 καὶ
3312 5284 3404 5336 ἐπὶ
3430 5283 3537 5336 τῶν

1964 5377 2205 5448 γονάτων
2250 5372 2414 5446 εἶχεν.
2457 5375 2624 5444 Ὀμοῦ
2669 5391 2727 5440 τε
2772 5373 2878 5444 γὰρ
2921 5374 3091 5442 ἐπέϐη
3131 5373 3232 5442 τῆς
3271 5371 3534 5442 Βηθλεέμ,

1966 5470 2061 5524 καὶ
2108 5470 2209 5532 τὰς
2254 5468 2459 5532 ώδίνας.
2489 5466 2695 5521 ἔλυσεν·
2753 5466 2840 5519 ἵνα
2899 5466 3076 5537 μάθῃς
3112 5463 3403 5518 κάντεῦθεν
3438 5462 3537 5532 τὴν

291 5590 446 5643 μενον
472 5567 542 5643 ἦν
565 5587 581 5635 ;
617 5567 736 5618 Ὅτι
765 5559 997 5613 τεκοῦσα
1034 5557 1130 5626 μὲν
1162 5556 1365 5619 εὐθέως
1392 5554 1524 5610 ικῦτὸ
1550 5552 1860 5609 κατέκλινεν
1970 5562 2278 5633 οἰκονομίαν
2306 5560 2504 5619 πᾶσαν,
2530 5555 2566 5609 ἀ
2596 5554 2785 5608 κα“ιότι
2807 5552 2904 5622 οὐχ
2927 5553 3111 5614 ἁπλῶς
3137 5551 3258 5602 ούδέ
3283 5549 3356 5610 ὡς
3378 5551 3533 5619 ἔτυχε

287 5667 417 5720 ἐκιῖο
452 5663 547 5718 ἅτε
584 5658 693 5728 γὰρ
716 5651 925 5709 πολλῶν
962 5649 1248 5702 συνιόντων
1274 5647 1361 5701 διὰ
1384 5648 1482 5716 τὴν
1511 5645 1855 5717 ἀπογραφὴν,

363 5833 404 5866 ¹⁹
435 5825 774 5888 εἰσελθόντες
801 5815 904 5890 εἰς]
928 5813 1174 5877 ἐλθόντεςΔ
1200 5812 1290 5867 ἐπὶ
1319 5810 1381 5867 Α.
1412 5811 1472 5868 C,
1501 5808 1744 5872 ἐλθόντες
1777 5805 1852 5869 zz;
1875 5803 1927 5858 Β,

1972 5655 2144 5710 ταῦτα
2173 5652 2400 5722 ὲγίνετυ,
2433 5647 2568 5704 ἀλλά
2615 5645 2755 5700 κατά
2798 5643 3050 5716 πρόνοιάν
3098 5658 3218 5696 τινα
3256 5639 3405 5696 θυείαν
3443 5650 3532 5706 καὶ

2058 5809 2102 5840 ⁸⁸
2131 5811 2380 5864 ἀνείλατο
2407 5811 2466 5859 Ε.
2497 5808 2554 5859 P'.
2595 5803 2687 5858 καὶ
2717 5802 2964 5856 ἀνείλατο
3005 5803 3140 5854 Edd.
