4058 6208
313 285 385 341 ετ,
1445 267 1508 321 IN
1549 264 1906 319 narramu-

2017 265 2232 320 ilOftilL.
2282 264 2406 318 Vill.
3512 244 3577 295 Si
3632 271 3636 280 ι

308 404 436 460 Nam
451 403 629 458 statim
643 409 796 469 atque
817 396 864 449 in
884 388 1188 447 Bethlehem
1205 383 1467 457 pervenit,
1487 382 1645 436 ﬁlium
1662 379 1892 450 peperit,

309 507 364 550 ut
394 495 518 548 hinc
541 502 703 547 totam
735 487 934 541 ediscas
954 479 1327 540 oeconomiam,
1359 483 1537 530 etnon
1561 487 1685 527 casu
1707 481 1758 524 et
1778 471 1893 522 sine

309 587 532 644 consilio
555 593 726 654 gesta,
755 579 845 634 sed
876 592 973 648 per
1003 571 1388 644 providentiam
1427 565 1712 638 quamdam
1754 563 1892 616 divi—

309 693 431 732 nam
463 691 524 729 ac
551 670 842 728 secundum
875 663 1163 737 pr0pbetia:
1189 663 1380 716 seriem
1410 657 1624 726 impleta
1648 655 1894 708 bmcom-

311 769 397 824 nia
427 767 606 820 fuisse.
639 761 840 816 Verum
883 755 1008 828 quid
1056 754 1175 808 illos
1206 751 1273 806 ad
1305 763 1525 821 puerum
1569 743 1896 800 adorandum

311 857 550 916 induxit?
577 853 759 923 Neque
781 849 925 905 enim
949 847 1110 916 Virgo
1150 843 1356 912 insigne
1386 839 1654 912 quidpiam
1703 849 1813 905 pra:
1840 848 1900 887 se

313 950 535 1014 terebat,
565 961 736 1016 neque
766 943 957 998 domus
984 937 1259 1009 magniﬁca
1293 941 1426 998 erat,
1461 945 1632 1002 neque
1663 928 1779 982 istic
1804 927 1903 1016 alis

315 1041 440 1114 quid
470 1036 614 1094 aliud
647 1015 782 1098 erat,
818 1031 962 1103 quod
993 1035 1173 1100 posset
1213 1025 1335 1080 illos
1376 1022 1458 1077 vel
1501 1015 1903 1114 percellercvel

317 1110 554 1186 allicere.
587 1126 665 1182 llli
698 1140 825 1180 vero
854 1137 956 1177 non
985 1119 1143 1175 modo
1170 1116 1414 1176 adorant,
1446 1111 1538 1167 sed
1570 1110 1769 1180 apertis
1790 1110 1906 1161 the.

321 1224 493 1280 sauris
531 1221 641 1276 suis
674 1232 894 1273 munera
938 1213 1186 1275 offerunt,
1238 1224 1458 1263 munera
1508 1206 1745 1274 inquam,
1801 1217 1907 1254 non

323 1316 470 1388 quasi
502 1311 724 1374 homini,
758 1308 850 1363 sed
881 1306 1027 1376 quasi
1065 1304 1190 1357 Deo.
1233 1301 1378 1354 Thus
1418 1299 1559 1352 enim
1603 1305 1657 1349 et
1687 1295 1869 1364 myrrh

325 1385 418 1462 llei
451 1403 679 1458 maxime
701 1397 1000 1470 symbolum
1029 1403 1163 1450 erat.
1194 1390 1330 1460 Quid
1359 1390 1517 1459 igitur
1539 1387 1638 1441 hoc
1667 1385 1769 1438 illis
1787 1399 1911 1436 sua-

325 1497 428 1552 sit?
458 1494 691 1564 ldipsum
719 1488 859 1559 quod
885 1485 1134 1542 excitavit
1162 1483 1300 1546 illos,
1328 1489 1384 1533 ut
1408 1479 1595 1533 relicta
1623 1476 1782 1530 domo
1802 1485 1914 1526 lan-

328 1597 440 1643 tum
489 1587 592 1640 iter
639 1582 1006 1650 susciperent:
1042 1575 1292 1629 nimirum
1336 1570 1487 1624 stella
1537 1578 1590 1621 et
1632 1564 1918 1621 illustratio

328 1682 526 1737 mentis
553 1696 581 1734 a
615 1681 725 1734 Deo
755 1677 884 1748 ipsis
915 1676 1114 1740 indita;
1141 1689 1256 1746 qurc
1287 1673 1541 1744 paulatim
1569 1672 1687 1724 illos
1708 1671 1774 1725 ad
1798 1687 1916 1740 per-

327 1775 604 1828 fectiorem
636 1772 874 1825 notitiam
903 1769 1145 1824 deduxit.
1193 1766 1303 1820 Nisi
1332 1765 1475 1820 enim
1512 1779 1598 1818 res
1629 1764 1698 1816 ita
1729 1779 1786 1818 se
1819 1764 1915 1817 ha-

327 1867 506 1931 beret,
541 1880 660 1920 cum
689 1863 865 1916 omnia
895 1876 1014 1930 qua:
1041 1859 1160 1913 istic
1195 1857 1510 1911 videbantur
1558 1855 1682 1908 vilia
1711 1863 1912 1920 essent,

327 1959 511 2012 nonei
559 1965 760 2009 tantum
806 1952 1171 2008 exhibuissent
1224 1951 1504 2003 honorem.
1559 1947 1684 2002 ldeo
1737 1956 1914 2001 autem

327 2051 458 2104 nihil
479 2064 664 2104 eorum
689 2063 807 2117 qua:
835 2047 937 2101 sub
961 2060 1176 2100 sensum
1195 2043 1386 2097 cadunt
1415 2043 1482 2094 ibi
1514 2056 1759 2106 inagnum
1778 2048 1912 2105 erat,

327 2139 421 2195 sed
453 2153 716 2209 prmsepe,
751 2136 1036 2203 tugurium,
1067 2144 1236 2190 mater
1281 2134 1455 2203 inOpS,
1483 2143 1538 2186 ut
1565 2131 1757 2185 nudam
1797 2145 1914 2185 ma-

326 2249 514 2302 gorum
546 2230 933 2301 philosophiam
954 2229 1262 2299 perspicias,
1295 2237 1453 2297 atque
1479 2225 1676 2291 discas,
1696 2240 1788 2278 eos
1808 2239 1912 2277 non

329 2336 385 2379 ut
415 2325 686 2378 hominem
718 2337 927 2390 purum,
956 2319 1048 2373 sed
1079 2327 1133 2372 ut
1153 2319 1317 2372 Deum
1343 2329 1395 2372 et
1422 2318 1718 2370 beneﬁcmn
1743 2317 1912 2385 ipsum

327 2417 544 2472 adiisse.
569 2416 908 2486 Quapropter
935 2414 1079 2468 nullo
1105 2427 1292 2467 eorum
1319 2429 1437 2482 qua:
1467 2413 1798 2466 extrinsecus
1833 2411 1910 2464 vi-

327 2509 592 2564 debantur
617 2509 806 2564 oll'cnsi
854 2520 997 2576 sunt,
1025 2510 1118 2565 sed
1147 2509 1436 2564 adorarunt
1461 2515 1516 2564 et
1540 2507 1674 2561 dona
1704 2507 1908 2561 obtule-

327 2609 469 2667 runt,
499 2616 620 2671 qua:
647 2601 783 2656 dona
814 2601 1036 2656 multum
1076 2617 1106 2656 a
1148 2601 1367 2656 Judaica
1413 2601 1654 2656 crassitie
1697 2600 1912 2654 diﬁerc-

329 2690 477 2744 bant.
507 2690 692 2761 Neque
721 2692 864 2746 enim
909 2707 1038 2747 oves
1087 2702 1140 2747 et
1187 2692 1382 2746 vitulos
1427 2691 1790 2756 immolarunt,
1821 2691 1914 2745 sed

327 2798 446 2851 qua:
473 2781 850 2837 ecclesiastica:
876 2782 1223 2852 phiIoSOphiaa
1245 2783 1414 2836 vicina
1445 2791 1630 2836 erant:
1653 2782 1914 2850 siquidem

328 2874 628 2938 scientiam,
654 2873 1012 2928 obedientiam
1040 2885 1094 2929 et
1115 2874 1454 2929 dilectionem
1475 2873 1575 2943 ipsi
1595 2872 1912 2928 oll‘erebant.

329 2965 418 3018 12.
444 2964 515 3019 Et
545 2982 787 3035 responso
813 2979 1018 3037 accepto
1046 2968 1098 3020 in
1127 2967 1335 3030 somnis,
1369 2984 1431 3020 ne
1461 2966 1680 3020 redirent
1706 2965 1775 3019 ad
1803 2964 1912 3018 lle-

329 3057 527 3122 rodem,
563 3074 654 3126 per
679 3058 833 3112 aliam
855 3059 986 3112 viam
1017 3058 1200 3112 reversi
1239 3069 1354 3112 sunt
1389 3058 1441 3112 in
1467 3059 1716 3128 regionem
1747 3073 1913 3110 suam.

332 3149 427 3203 llic
450 3149 579 3204 mihi
609 3150 728 3204 vide
759 3150 916 3204 ﬁdem
941 3152 1194 3220 ipsorum,
1221 3150 1487 3220 quomodo
1509 3167 1614 3204 non
1641 3149 1916 3204 offendan-

330 3251 436 3305 tur,
464 3241 558 3294 sed
587 3240 693 3294 sint
721 3241 885 3309 quieti
914 3250 968 3296 et
996 3242 1446 3310 obtemperantes,
1477 3257 1650 3312 neque
1695 3241 1914 3295 turben-

331 3343 432 3394 tur,
468 3347 641 3401 neque
672 3332 794 3386 talia
840 3342 1026 3387 mutuo
1073 3333 1390 3402 loquantur:
1417 3333 1558 3388 Sane
1601 3335 1644 3387 si
1695 3347 1915 3401 magnus

331 3423 417 3478 hic
445 3440 579 3494 puer
605 3433 704 3488 est,
737 3425 858 3480 etsi
897 3440 1055 3494 quam
1089 3424 1249 3480 habet
1287 3425 1597 3494 potentiam,
1631 3422 1754 3492 quid
1783 3436 1917 3491 opus

327 3518 445 3588 iuga
474 3526 528 3572 et
558 3517 766 3572 occulto
793 3517 1066 3572 discessu?
1094 3532 1190 3572 cur
1237 3532 1365 3572 vero
1409 3531 1506 3570 nos
1540 3516 1627 3584 qui
1661 3515 1832 3585 palam
1861 3523 1916 3569 et

327 3623 448 3662 cum
472 3606 663 3662 ﬁducia
687 3608 1008 3663 accessimus
1035 3608 1098 3663 ad
1127 3608 1380 3680 populum
1409 3615 1633 3671 tantum,
1658 3616 1708 3661 et
1733 3621 1914 3660 coram

328 3697 539 3753 furente
565 3713 690 3768 rege
719 3698 987 3763 stetimus,
1021 3699 1173 3770 quasi
1211 3698 1462 3769 fugitivos
1503 3714 1566 3751 ex
1594 3697 1806 3751 civitate
1833 3695 1914 3750 di-

329 3788 492 3842 mittit
517 3787 772 3858 angelus?
798 3789 866 3843 At
895 3788 1027 3842 nihil
1059 3788 1166 3843 tale
1194 3789 1277 3843 vel
1306 3787 1554 3842 dixerunt
1583 3787 1665 3840 vel
1707 3787 1911 3856 cegita-

329 3889 472 3935 runt.
504 3879 633 3934 Illud
663 3879 806 3936 enim
845 3881 1083 3936 maxime
1111 3879 1176 3936 ad
1205 3879 1360 3936 ﬁdem
1406 3880 1656 3950 pertinet,
1690 3887 1748 3932 ut
1773 3877 1911 3932 nulla

325 3975 694 4028 mandatorum
728 3975 860 4027 ratio
891 3975 1216 4043 exquiratur,
1245 3975 1334 4027 sed
1359 3975 1522 4044 jussis
1554 3985 1753 4030 tantum
1784 3974 1904 4032 obe-

325 4069 521 4120 diatur.
551 4066 638 4120 15.
675 4066 774 4132 Qui
805 4083 916 4119 eum
944 4066 1204 4132 abiissent,
1228 4082 1339 4119 ecce
1365 4068 1572 4136 angelus
1590 4066 1792 4121 Domini
1812 4084 1910 4137 ap-

325 4159 494 4227 paruit
533 4158 585 4210 in
627 4159 813 4211 somnis
843 4157 1058 4227 Joseph,
1084 4158 1291 4210 dicens:
1324 4157 1488 4227 Surge
1513 4169 1556 4212 et
1588 4159 1763 4230 accipe
1791 4174 1910 4228 puc-

325 4266 438 4302 rum
464 4258 510 4302 et
540 4257 748 4302 matrem
776 4250 904 4320 ejus,
931 4259 976 4303 et
1003 4251 1120 4320 fuge
1146 4249 1197 4301 in
1227 4247 1534 4318 .‘Egyptum.
1566 4247 1664 4303 llic
1690 4247 1835 4304 subit
1857 4248 1908 4302 iu

325 4353 560 4399 mentem
588 4336 830 4413 quasdam
858 4341 1120 4397 dubitatio
1149 4342 1291 4395 circa
1315 4355 1519 4411 magos,
1543 4348 1598 4396 et
1616 4340 1755 4396 circa
1775 4356 1912 4413 pue-

325 4451 464 4491 rum.
497 4435 611 4490 Etsi
641 4436 784 4490 enim
815 4435 890 4489 illi
921 4435 1114 4489 turbati
1145 4449 1249 4487 non
1278 4433 1405 4499 sint,
1430 4434 1520 4488 sed
1550 4433 1776 4490 ﬁdeliter
1797 4448 1913 4488 om-

326 4527 409 4582 nia
439 4526 796 4595 susceperint,
830 4525 986 4580 nobis
1029 4535 1205 4580 tamen
1244 4523 1586 4595 qumrendum
1630 4523 1905 4589 incumbit,

325 4633 421 4673 cur
449 4632 556 4673 non
585 4629 639 4674 et
667 4617 741 4671 illi
774 4626 828 4672 et
866 4632 997 4686 puer
1036 4625 1331 4687 prmsentes
1369 4626 1677 4682 servantur;
1709 4614 1804 4671 sed
1834 4615 1910 4671 illi

326 4712 378 4763 iu
413 4710 713 4777 Persidem,
747 4709 833 4765 hic
865 4711 916 4764 in
950 4708 1243 4781 ngyptum
1291 4724 1412 4763 cum
1459 4719 1632 4764 matre
1676 4707 1904 4780 fugatur.

325 4804 430 4859 Sed
463 4803 628 4874 quid?
655 4817 721 4857 an
763 4801 1041 4873 oportebat
1068 4801 1214 4856 illum
1243 4799 1476 4856 incidere
1505 4802 1556 4856 in
1584 4816 1773 4856 manus
1801 4800 1910 4856 He-

326 4899 491 4964 rodis,
525 4907 577 4951 et
607 4907 820 4966 captum
853 4911 959 4950 non
988 4894 1250 4950 interﬁci?
1278 4897 1348 4949 At
1373 4910 1475 4949 non
1518 4904 1754 4964 putatum
1784 4894 1911 4948 tuis-

326 5001 408 5045 set
438 4991 611 5060 ipsum
643 4991 913 5058 accepisse
956 5003 1194 5056 carnem,
1227 5003 1399 5057 neque
1441 4987 1755 5042 ozcouomim
1793 5001 1909 5041 ma-

326 5083 546 5154 gnitudo
575 5083 777 5137 credita
819 5081 1022 5136 fuisset.
1071 5079 1200 5134 Nam
1247 5080 1291 5133 si
1331 5078 1412 5134 his
1454 5079 1521 5132 ita
1550 5079 1732 5148 gestis,
1764 5087 1907 5147 post-

328 5191 482 5245 quam
513 5174 679 5230 multa
711 5173 943 5227 humano
969 5171 1129 5226 modo
1168 5171 1472 5240 dispensata
1518 5182 1662 5237 sunt,
1695 5170 1907 5240 quidam

261 5327 267 5332 ,
328 5267 506 5322 dicere
532 5266 646 5320 ausi
677 5273 802 5318 sunt
827 5264 1002 5319 carnis
1039 5263 1458 5330 assumptionem
1504 5276 1624 5316 esse
1654 5260 1906 5328 fabulam,

329 5377 431 5429 quo
461 5357 754 5430 impietatis
784 5373 888 5411 non
919 5355 1304 5427 prornpissent,
1329 5355 1371 5406 si
1403 5354 1577 5407 omnia
1603 5353 1782 5406 divino
1799 5369 1911 5407 mo-

327 5453 394 5508 do
421 5463 476 5509 et
502 5452 794 5508 secundum
821 5465 969 5504 suam
999 5449 1285 5518 potentiam
1326 5447 1574 5503 fecisset?
1612 5446 1789 5517 Magos
1812 5463 1908 5500 au-

331 5558 433 5605 tem
465 5549 722 5605 celeriter
751 5545 967 5606 emittit,
998 5544 1151 5598 simul
1182 5543 1430 5597 doctores
1461 5542 1678 5596 mittens
1709 5542 1760 5595 in
1787 5541 1909 5595 Pero

325 5660 504 5700 sarum
538 5642 836 5712 regionem,
867 5647 919 5693 et
950 5637 1158 5708 tyranni
1201 5636 1430 5692 furorem
1478 5643 1820 5706 ιιτωγοτῑριιε,
1857 5643 1909 5687 ιιι

2011 383 2295 444 edisceret,
2326 391 2384 431 se
2408 387 2496 429 res
2520 385 2637 441 qua:
2661 367 2773 422 ﬁeri
2803 379 2907 418 non
2933 369 3148 432 possent
3173 357 3407 427 aggredi,
3433 359 3589 408 iram-

2012 490 2116 544 que
2143 473 2258 542 ejus
2285 468 2518 533 sedaret,
2549 472 2602 519 et
2622 478 2650 516 a
2677 475 2810 513 vano
2832 456 3012 512 labore
3041 451 3357 544 retraheret.
3383 449 3460 502 Ad
3479 447 3593 544 ejus

2014 539 2156 620 enim
2173 539 2479 632 potentiam
2527 554 2775 625 pertinet,
2821 564 2926 604 non
2959 546 3117 601 modo
3147 541 3390 597 inimicos
3422 539 3593 607 palam

2017 656 2318 728 proﬂigare,
2343 651 2434 706 sed
2466 649 2627 703 etiam
2673 648 2816 714 ipsos
2857 641 3008 696 facile
3037 637 3306 706 decipere.
3341 633 3431 689 Sic
3455 632 3596 685 enim

2015 745 2295 819 Egyptios
2327 744 2380 797 in
2412 740 2718 796 Judznorum
2745 735 2967 805 gratiam
2990 730 3218 800 decepit.
3249 737 3299 781 et
3328 740 3448 781 cum
3480 736 3600 792 pos-

2017 849 2098 896 set
2115 837 2326 892 illorum
2344 833 2554 889 divitias
2581 831 2632 884 in
2657 842 2843 881 manus
2865 825 3206 879 Hebraeorum
3236 820 3406 890 palam
3429 825 3601 871 trans-

2016 922 2174 986 ferre,
2219 919 2355 974 clam
2383 918 2434 971 id
2461 928 2515 972 et
2541 932 2661 971 cum
2691 919 2884 972 astutia
2917 919 3028 972 ﬁeri
3056 919 3205 988 jubet
3239 935 3252 971 :
3288 918 3336 972 id
3368 919 3507 987 quod
3532 919 3598 972 il-

2016 1013 2123 1067 lum
2154 1028 2256 1066 non
2278 1013 2452 1066 minus
2474 1010 2862 1067 formidabilem
2893 1011 3131 1066 hostibus
3150 1011 3419 1075 reddebat,
3441 1027 3597 1081 quam

2015 1104 2113 1156 alia
2147 1104 2318 1172 signa.

2083 1195 2138 1249 2.
2183 1194 2470 1249 Potentiam
2494 1194 2583 1249 Dei
2606 1197 2661 1248 in
2683 1193 2988 1264 decipiendis
3015 1192 3234 1246 hostibus
3264 1193 3455 1246 elucere
3478 1194 3600 1246 olim

2015 1288 2233 1358 confessi
2253 1298 2368 1340 sunt
2385 1287 2706 1340 Ascaloniae.
2736 1285 2987 1340 Herodem
3014 1286 3191 1338 maluit
3217 1283 3351 1338 Dens
3375 1283 3601 1354 decipere

2013 1395 2164 1448 quam
2193 1381 2597 1449 perterrefacere.
2631 1377 2857 1432 Christus
2883 1392 2972 1430 cur
2997 1377 3049 1429 in
3080 1374 3366 1447 Egyptum
3395 1378 3596 1430 missus.

2017 1499 2083 1508 —-
2102 1468 2419 1522 Ascalonita:
2450 1483 2676 1536 namque
2699 1468 2984 1536 cmterique
3011 1483 3195 1521 omnes
3220 1477 3493 1536 postquam
3516 1484 3601 1520 ar-

2017 1575 2132 1613 cam
2179 1568 2451 1628 ceperant,
2488 1559 2722 1628 percussi
2751 1559 2942 1613 deinde
2988 1558 3339 1613 hortabantur
3376 1572 3503 1612 suos
3533 1575 3600 1613 ne

2019 1660 2332 1721 pugnarent,
2365 1667 2537 1730 neque
2583 1651 2864 1705 adversum
2895 1660 3120 1714 starent,
3151 1667 3212 1706 ac
3241 1666 3360 1706 cum
3391 1652 3601 1705 caneris

2017 1743 2292 1797 miraculis
2322 1742 2424 1796 hoc
2449 1743 2608 1796 etiam
2635 1743 2684 1797 in
2716 1742 2946 1796 medium
2979 1741 3312 1812 proferebant
3331 1743 3597 1799 dicentes:

2018 1837 2190 1899 Quare
2208 1835 2491 1905 aggravatis
2511 1835 2666 1888 corda
2690 1845 2870 1900 vestra,
2889 1835 3016 1887 sicut
3032 1835 3320 1905 aggravavit
3338 1833 3602 1905 Afguptns

2014 1938 2060 1981 ct
2094 1925 2337 1981 Pharao?
2363 1943 2530 1980 nonne
2558 1936 2819 1996 postquam
2843 1926 2998 1979 illusit
3027 1927 3116 1991 eis,
3148 1936 3263 1978 tunc
3295 1927 3484 1979 dimisit
3511 1944 3601 1994 p0-

2015 2021 2188 2088 pnlum
2217 2036 2383 2084 suum,
2418 2027 2460 2073 et
2485 2019 2715 2072 abierunt
2743 2020 2815 2090 (ἲ.
2845 2019 2971 2088 Reg.
2998 2021 3048 2071 (ἶ.
3075 2016 3164 2089 6)?
3187 2018 3310 2072 Ηωο
3330 2017 3598 2082 dicebant,

2015 2119 2261 2178 putantes
2291 2110 2391 2164 hoc
2423 2121 2749 2179 postremum
2779 2111 2986 2179 signum
3017 2125 3119 2164 non
3147 2110 3324 2164 minus
3353 2127 3474 2165 esse
3497 2127 3602 2165 ca:-

2015 2200 2141 2254 teris
2171 2201 2342 2268 palam
2371 2202 2556 2269 gestis,
2583 2201 2647 2254 ad
2676 2201 2794 2269 ejus
2815 2200 3282 2255 demonstrandam
3309 2204 3596 2271 potentiam

2015 2302 2170 2362 atque
2198 2292 2634 2362 magnitudinem.
2666 2292 2717 2346 Id
2748 2291 2890 2362 quod
2931 2293 3088 2346 etiam
3139 2293 3222 2347 hic
3270 2292 3462 2348 factum
3495 2305 3596 2361 est,

2015 2393 2325 2454 poteratque
2373 2393 2657 2456 tyrannum
2717 2385 3156 2453 perterrefaeere.
3217 2386 3599 2442 Animadverte

2014 2493 2242 2546 namque
2273 2485 2469 2546 quanta
2504 2491 2740 2546 passum,
2771 2485 2821 2529 et
2852 2485 3050 2544 quanlo
3081 2475 3427 2544 praelocatum
3460 2491 3596 2531 mm-

2015 2583 2133 2622 rore
2155 2566 2422 2622 Herodem
2454 2568 2616 2621 fuisse
2648 2567 2936 2622 verisimile
2958 2569 3045 2627 sit,
3082 2569 3157 2621 sic
3183 2583 3210 2620 a
3241 2570 3408 2637 magis
3439 2567 3598 2624 dece-

2015 2671 2160 2730 ptmn
2190 2667 2239 2714 et
2272 2659 2505 2712 illusum.
2537 2659 2670 2727 Quid
2700 2659 2866 2724 enim,
2900 2661 2942 2713 si
2985 2676 3089 2714 non
3121 2661 3312 2715 melior
3354 2663 3424 2716 sit
3465 2663 3596 2717 cﬁ‘e-

2015 2752 2166 2807 ctus?
2196 2749 2245 2803 id
2278 2759 2423 2804 certe
2452 2764 2556 2804 non
2588 2749 2652 2801 ad
2680 2764 2802 2802 eum
2830 2749 2916 2818 qui
2951 2749 3064 2804 haec
3090 2749 3420 2820 dispensavit
3457 2753 3598 2807 refe-

2015 2840 2239 2897 rcndnm
2271 2849 2374 2906 est,
2409 2840 2501 2895 sed
2535 2840 2599 2893 ad
2628 2841 2895 2909 iugentmn
2931 2843 3164 2895 furorem
3205 2842 3347 2897 illius
3371 2844 3458 2913 qui
3491 2861 3598 2899 non

2014 2933 2175 2986 cessit
2203 2933 2285 2998 iis,
2309 2947 2428 3001 qua:
2457 2931 2628 3000 ipsum
2655 2931 2916 2986 consolari
2941 2943 2993 2985 et
3018 2949 3046 2985 a
3075 2933 3308 3003 nequitia
3332 2935 3599 2990 abducere

2016 3024 2314 3089 debebant;
2347 3023 2438 3077 sed
2469 3023 2688 3077 ulterius
2736 3025 3015 3092 processit,
3063 3035 3121 3078 ut
3170 3035 3330 3081 tantae
3379 3027 3600 3084 insania:

2015 3115 2283 3186 graviores
2315 3115 2482 3168 lueret
2513 3128 2718 3184 pmnas.
2752 3115 2814 3168 Et
2839 3131 2954 3184 cur,
2974 3115 3202 3186 inquies,
3233 3117 3284 3170 in
3307 3117 3597 3189 Egyptum

2017 3222 2146 3276 puer
2178 3206 2436 3261 mittitur?
2462 3205 2688 3260 Causam
2719 3206 2769 3259 in
2800 3206 2982 3275 primis
3029 3209 3243 3276 protulit
3275 3212 3597 3280 evangelista

2018 3300 2230 3354 dicens:
2260 3301 2343 3355 15.
2363 3298 2430 3353 Ut
2458 3300 2750 3369 impleretur
2775 3299 2941 3353 illud:
2972 3299 3053 3354 Ex
3079 3299 3310 3372 /Eggplo
3337 3306 3508 3357 vocavi
3532 3307 3600 3372 ﬁ-

2020 3391 2139 3444 lium
2162 3408 2326 3446 meum
2357 3386 2526 3462 (Osee.
2560 3393 2646 3446 ll.
2678 3393 2766 3461 l):
2798 3393 3061 3463 simulque
3092 3393 3243 3448 home
3269 3397 3382 3465 spei
3419 3412 3596 3466 prete-

2025 3491 2126 3544 mia
2151 3492 2243 3545 toti
2266 3491 2380 3545 orbi
2411 3495 2922 3562 przenuntiabantur.
2948 3497 3078 3565 Quia
3118 3499 3258 3554 enim
3285 3500 3520 3574 Babylon
3553 3518 3604 3560 et

2022 3581 2286 3653 A‘Lgyptus
2318 3583 2435 3653 plus
2479 3601 2636 3656 quam
2687 3588 2922 3657 reliquus
2951 3590 3096 3646 orbis
3128 3591 3419 3662 impietatis
3447 3598 3604 3652 arde-

2024 3674 2148 3728 bant
2172 3674 2405 3743 ﬂamma,
2433 3675 2500 3731 ab
2530 3678 2750 3733 exordio
2780 3679 3058 3737 declarans
3080 3699 3138 3737 se
3159 3687 3344 3740 ambas
3375 3687 3494 3742 illas
3524 3705 3604 3746 re-

2020 3765 2205 3837 giones
2230 3766 2656 3835 emendaturum,
2690 3781 2739 3825 et
2767 3771 2832 3826 ad
2874 3773 3090 3829 meliora
3121 3774 3492 3842 deducturum,
3543 3783 3601 3835 si-

2021 3857 2235 3926 mulque
2263 3873 2356 3928 per
2383 3858 2496 3915 lucc
2523 3861 2762 3917 indicans
2789 3865 2946 3919 etiam
2976 3867 3067 3919 toti
3089 3877 3348 3922 terrarum
3375 3871 3489 3926 orbi
3518 3872 3603 3925 lo.

2022 3962 2087 4001 na
2117 3950 2472 4018 exspectanda
2503 3967 2639 4018 esse,
2669 3963 2722 4007 et
2745 3970 2924 4022 magos
2948 3955 3110 4021 misit,
3134 3966 3188 4012 et
3210 3959 3322 4026 ipse
3347 3975 3468 4015 cum
3499 3978 3602 4014 ma-

2021 4046 2100 4093 tre
2130 4055 2223 4092 sua
2257 4041 2528 4110 profectus
2558 4051 2658 4096 est.
2706 4043 2783 4096 Ad
2817 4043 2931 4098 hzec
2961 4061 3088 4099 vero
3117 4047 3258 4100 aliud
3289 4049 3447 4103 etiam
3482 4051 3606 4106 inde

2018 4126 2291 4194 docemur,
2317 4131 2460 4200 quod
2485 4147 2587 4186 non
2617 4148 2801 4201 parum
2831 4150 2926 4188 nos
2955 4136 3020 4189 ad
3051 4136 3438 4208 philosophiam
3472 4143 3604 4198 inei-

2021 4227 2114 4271 tet.
2142 4218 2427 4286 Quodnam
2453 4221 2778 4288 illud?Quod
2805 4223 2871 4279 ab
2891 4225 3005 4294 ipso
3035 4224 3184 4280 initio
3213 4230 3530 4286 tentationes
3557 4245 3606 4287 et

2020 4311 2253 4380 pericula
2285 4312 2394 4368 sint
2418 4315 2797 4384 exspectanda.
2821 4315 2948 4371 Vide
2967 4333 3194 4389 namque
3216 4319 3270 4375 id
3296 4321 3394 4390 ipsi
3424 4322 3491 4377 ab
3522 4324 3571 4378 iu
3591 4357 3603 4364 -

2017 4403 2292 4457 cunabulis
2319 4405 2595 4460 accidisse.
2625 4405 2756 4460 Nam
2776 4407 2864 4461 illo
2884 4418 3007 4461 nato
3033 4408 3159 4464 furit
3181 4421 3461 4482 tyrannus;
3486 4414 3608 4468 hinc

2019 4495 2136 4565 fuga
2163 4505 2215 4550 et
2240 4496 2631 4568 transmigratio
2662 4499 2712 4553 in
2737 4500 2908 4555 exsilii
2936 4500 3132 4566 locum,
3156 4511 3210 4557 et
3232 4503 3415 4558 insons
3439 4517 3606 4561 mater

2019 4586 2069 4640 in
2104 4585 2448 4642 barbarorum
2491 4589 2763 4659 regionem
2795 4605 2854 4645 se
2899 4591 3122 4660 proripit
3149 4610 3162 4646 :
3191 4603 3251 4646 ut
3281 4602 3334 4647 tu
3364 4595 3479 4649 hch
3507 4612 3604 4649 an-

2017 4678 2170 4734 diens
2197 4679 2374 4749 aliquo
2403 4681 2662 4749 Spirituali
2690 4683 2984 4737 ministerio
3024 4683 3287 4753 dignatus,
3333 4686 3376 4740 si
3408 4687 3605 4744 videris

2017 4781 2066 4824 te
2091 4770 2205 4824 dira
2233 4773 2520 4840 patientem
2552 4813 2567 4836 ,
2596 4781 2650 4826 et
2691 4773 2827 4826 inter
2851 4782 3100 4826 sexcenta
3129 4785 3431 4830 versantem
3466 4779 3607 4847 peri-

2016 4861 2155 4924 cula,
2179 4877 2243 4915 ne
2271 4862 2520 4926 turberis,
2551 4878 2681 4916 neve
2706 4862 2885 4916 dicas:
2909 4861 3168 4929 Quidnam
3190 4864 3292 4920 hoc
3311 4867 3428 4921 est?
3448 4883 3606 4937 Opor-

2019 4951 2161 5004 tebat
2191 4952 2367 5021 utique
2395 4967 2481 5006 me
2506 4953 2770 5014 coronari,
2803 4953 3027 5016 laudari,
3051 4955 3254 5009 clarum
3274 4965 3326 5010 et
3345 4957 3603 5015 illustrem

2017 5055 2155 5106 esse,
2180 5043 2268 5110 qui
2293 5042 2599 5096 mandatum
2629 5043 2833 5097 Domini
2866 5044 3146 5112 impleam:
3173 5046 3264 5101 sed
3294 5046 3396 5103 hoc
3423 5065 3605 5104 exem-

2020 5132 2105 5200 plo
2136 5129 2295 5185 fultus
2327 5131 2532 5186 fortiter
2561 5131 2718 5196 feras,
2747 5149 2962 5204 gnarus,
2989 5135 3124 5191 hanc
3143 5151 3261 5190 cum
3282 5138 3464 5207 primis
3484 5157 3602 5196 esse

2005 5212 2370 5291 spiritualium
2403 5223 2636 5277 virorum
2662 5233 2883 5290 sortem,
2914 5233 2975 5280 ut
3004 5226 3201 5299 ubique
3223 5231 3604 5284 tcntationibus

2027 5321 2371 5390 impetantur.
2400 5323 2779 5378 Animadverte
2797 5323 2958 5394 igitur
2973 5323 3025 5378 id
3043 5339 3149 5378 non
3167 5323 3338 5379 solum
3365 5338 3529 5394 puero
3549 5337 3602 5380 et

2026 5417 2183 5470 matri
2202 5417 2483 5472 aceidere'
2511 5435 2523 5482 ;
2558 5418 2649 5471 sed
2668 5417 2830 5472 etiam
2856 5418 3104 5473 barbaris
3123 5418 3245 5470 illis.
3286 5415 3414 5468 Nam
3439 5425 3490 5470 et
3518 5415 3594 5471 illi

2073 5635 2086 5666 ¹
2119 5630 2234 5691 Alii,
2265 5629 2312 5680 id
2346 5645 2438 5681 non
2463 5633 2616 5681 solum
2639 5628 2781 5679 matri
2802 5627 2941 5692 pueri
2965 5625 3202 5677 accidere.
