4058 6208
481 288 547 341 8ῖὶ
1681 289 1746 342 ΙΝ
1787 287 2054 342 ΜΑΤΤΗΑ

2163 287 2192 339 ll
2235 288 2461 341 iiOMiL
2506 289 2634 342 Vill.
3691 299 3756 355 86

472 415 607 467 clam
640 411 920 469 discedunt
942 412 1090 481 quasi
1117 408 1349 478 fugitivi;
1384 415 1436 460 et
1459 406 1590 465 ltrec,
1619 418 1738 473 qua:
1776 416 2060 471 numquam

478 524 508 560 e
536 506 693 559 domo
715 520 925 574 egressa
951 503 1138 565 fuerat,
1161 512 1261 552 tam
1287 498 1498 565 longum
1520 504 1571 548 et
1592 507 1946 548 arrumnusum
1967 493 2064 546 iter

478 597 751 665 suscipere
773 594 1006 664 jubetur,
1039 592 1105 645 ob
1137 588 1431 643 mirabilem
1459 586 1598 640 hunc
1619 585 1815 639 editum
1841 596 2065 652 puerum

479 697 533 741 et
559 685 882 755 Spirilualem
912 692 1141 751 partum.
1173 680 1303 733 Rem
1330 679 1519 731 iterum
1550 674 1862 744 stupendum
1892 675 2068 726 CttllSl-

481 775 632 831 dera.
677 773 955 829 Pubeslina
987 770 1286 833 insidiatur,
1320 767 1583 837 Egyptus
1629 780 1757 818 vero
1786 764 1987 832 exeipit
2016 773 2069 817 et

482 884 657 929 servat
687 872 891 927 insidiis
919 874 1237 942 impolitum.
1268 873 1449 943 Neque
1471 876 1609 928 enim
1636 886 1838 930 tantum
1871 877 2069 955 inxfiliis

482 964 817 1036 patriareltzc,
848 965 943 1020 sed
973 966 1132 1020 etiam
1166 964 1217 1018 in
1251 966 1474 1019 Domino
1506 967 1611 1037 typi
1641 978 1692 1021 et
1721 968 1897 1037 figura:
1936 984 2066 1023 con-

482 1060 733 1130 tigerunt.
764 1059 867 1113 Per
895 1074 956 1113 ea
977 1058 1117 1112 enim
1160 1074 1276 1125 qua:
1303 1057 1369 1111 ab
1414 1059 1524 1127 ipSu
1552 1068 1696 1128 gesta
1724 1068 1868 1124 sunt,
1904 1061 2067 1113 multa

483 1150 976 1221 praenuntiabantur
1004 1166 1210 1208 eurum,
1244 1166 1361 1218 qua:
1394 1160 1571 1217 postea
1602 1159 1854 1204 eventura
1882 1161 2067 1205 erant:

479 1245 691 1313 quodet
713 1244 767 1297 in
796 1244 943 1297 asina
973 1252 1025 1296 et
1052 1243 1100 1295 in
1134 1242 1275 1310 pullo
1305 1241 1498 1295 factum
1530 1252 1628 1295 est.
1660 1243 1891 1311 Angelus
1914 1242 2069 1311 igitur

480 1336 569 1406 qui
598 1335 864 1404 apparttit,
900 1350 1003 1387 non
1035 1334 1272 1397 Mariam,
1306 1333 1403 1387 sed
1423 1332 1712 1403 Josepbum
1740 1333 2064 1404 alloquitur:

480 1437 528 1477 et
564 1425 687 1493 qttid
720 1425 882 1478 dicit?
931 1424 1155 1495 Surgeus
1186 1427 1357 1492 accipe
1385 1442 1597 1494 puerum
1636 1437 1683 1480 et
1725 1436 1933 1481 matrem
1959 1427 2067 1493 eius

483 1517 702 1586 (Matth.
733 1518 781 1571 l.
816 1516 932 1585 c.20).
978 1518 1071 1571 llic
1100 1533 1203 1571 non
1235 1519 1367 1571 ultra
1395 1518 1540 1580 dicit,
1576 1517 1851 1591 Conjugem
1892 1536 2067 1585 tuam;

480 1609 597 1672 Sed,
627 1603 841 1661 Matrem
873 1610 997 1678 ejus.
1028 1609 1156 1675 Quia
1189 1611 1327 1662 enim
1366 1620 1547 1678 partus
1569 1610 1807 1680 contigit,
1836 1612 2067 1681 SIISpieio

480 1701 653 1754 Saluta
684 1706 785 1765 est,
819 1710 869 1751 et
904 1699 1015 1752 viro
1044 1699 1175 1753 fides
1204 1698 1337 1753 facta
1368 1709 1470 1763 est,
1504 1702 1671 1755 libere
1692 1702 1801 1770 jam
1836 1702 2067 1771 loquitur

480 1791 724 1861 angelus,
759 1807 932 1861 neque
958 1791 1121 1844 filium
1154 1807 1325 1861 neque
1364 1793 1641 1861 Cottjngrm
1694 1794 1807 1862 ejus
1851 1794 2065 1861 dieens;

479 1885 596 1951 sed,
631 1883 855 1938 Puerum
883 1893 928 1936 et
960 1895 1166 1937 matrem
1188 1885 1327 1953 ejus;
1354 1896 1399 1936 et
1420 1886 1539 1956 fuge
1559 1886 1610 1938 in
1638 1884 1923 1956 rEgyptunt
1940 1905 1959 1952 ;
1990 1888 2069 1940 fu-

479 1989 668 2045 gmque
711 1990 925 2029 causam
977 1973 1123 2028 addit
1158 1993 1169 2027 :
1201 1974 1453 2028 Futurum
1494 1986 1565 2030 est
1606 1977 1759 2043 enim,
1793 1978 1976 2046 inquit,
2014 1989 2067 2032 ut

487 2065 718 2120 Herodes
742 2076 933 2135 qua‘rat
958 2068 1179 2121 animam
1208 2067 1369 2137 pueri.

544 2253 595 2305 5.
615 2248 829 2319 Iosephi
845 2249 1147 2304 [ωλι-ΠΕ
1160 2248 1351 2303 auditis
1366 2248 1560 2319 Joseph
1581 2264 1686 2303 non
1703 2247 1934 2304 offensus
1957 2258 2058 2316 est,

474 2362 646 2416 neque
683 2346 816 2399 dixit
847 2364 859 2398 :
903 2344 1151 2415 Ainigma
1198 2356 1279 2399 est
1316 2344 1437 2397 hoc.
1482 2343 1560 2397 Tu
1592 2358 1758 2411 nuper
1798 2341 2013 2397 dicebas
2044 2330 2058 2399 Ξ

474 2438 684 2492 Salvum
701 2437 849 2509 faciet
865 2436 1109 2507 pupulum
1125 2451 1272 2488 suum
1288 2432 1502 2503 (Matth.
1521 2434 1569 2486 i.
1587 2432 1679 2505 2i)
1701 2452 1713 2486 :
1734 2448 1871 2487 nunc
1886 2442 2061 2488 autent

472 2542 571 2582 nec
611 2527 843 2595 seipsum
880 2534 1052 2594 potest
1081 2540 1294 2579 scrvare
1315 2566 1329 2589 ,
1367 2523 1460 2577 sed
1482 2522 1602 2591 fuga
1632 2523 1783 2577 nobis
1816 2532 1898 2577 est
1930 2538 2063 2592 opus

471 2629 521 2673 et
545 2619 971 2687 peregrinatione
991 2633 1053 2671 ac
1072 2616 1354 2687 longinqua
1388 2615 1849 2686 transmigratioue
1874 2615 1897 2668 ?
1924 2616 2063 2670 Con-

470 2711 627 2763 traria
650 2720 772 2763 sunt
803 2708 914 2762 lucc
943 2708 1277 2776 promissioni
1309 2716 1429 2761 tua).
1462 2706 1566 2762 Sed
1594 2706 1726 2761 nihil
1755 2707 2057 2776 hujusmodi

469 2800 644 2865 dixit;
677 2798 845 2854 fidelis
878 2800 1019 2854 enim
1068 2802 1145 2852 vir
1182 2806 1336 2862 erat;
1372 2814 1542 2867 neque
1573 2798 1895 2852 reversionis
1927 2807 2060 2852 tem-

470 2906 567 2961 pus
593 2890 828 2960 inquirit,
851 2889 1057 2944 etiamsi
1074 2891 1293 2960 angelus
1315 2888 1587 2943 indefinite
1613 2888 1863 2958 loquutus
1886 2900 2057 2955 esset;

470 3000 593 3039 nam
634 2984 707 3036 ait
741 3000 753 3034 :
789 2980 909 3035 Esto
938 2982 1001 3033 ibi
1030 3023 1042 3044 ,
1091 2982 1368 3051 usquedum
1397 2982 1559 3033 dicant
1591 2980 1700 3033 tibi.
1746 2979 1940 3033 Verum
1973 2982 2060 3037 ille

473 3090 578 3129 non
617 3074 741 3127 ideo
769 3071 984 3141 segnior
1026 3070 1195 3124 factus
1226 3079 1340 3134 est,
1374 3070 1466 3123 sed
1508 3078 1658 3139 paret
1696 3078 1751 3124 et
1786 3069 2060 3141 obtempe-

473 3176 571 3228 iat,
608 3164 1036 3233 tentationesque
1062 3177 1250 3215 omnes
1276 3177 1395 3215 cum
1426 3161 1617 3231 gaudio
1643 3162 1852 3217 tolerat.
1882 3164 2062 3219 Enim-

471 3273 597 3310 vero
626 3256 885 3325 benignus
918 3257 1055 3309 Deus
1087 3254 1167 3308 his
1196 3253 1462 3309 laboribus
1503 3252 1681 3310 dulcia
1714 3254 1925 3311 miscuit
1962 3275 1975 3312 :
2008 3258 2059 3313 id

464 3362 607 3425 quod
636 3360 795 3411 etiam
825 3359 876 3411 in
916 3360 1112 3415 sanctis
1145 3359 1391 3415 omnibus
1433 3366 1681 3416 observat
1714 3380 1727 3416 :
1757 3379 1930 3433 neque
1956 3381 2048 3435 pe-

464 3449 652 3516 ricula,
686 3464 859 3520 neque
884 3451 1116 3520 quietem
1144 3451 1452 3506 continuam
1483 3462 1699 3523 praestat
1727 3494 1751 3519 μ
1772 3455 1864 3510 sed
1894 3467 1948 3510 et
1971 3458 2050 3511 his

463 3552 517 3597 et
553 3542 657 3599 illis
700 3545 1003 3614 permixtim
1041 3548 1229 3615 positis
1275 3548 1438 3601 vitam
1482 3546 1751 3617 justorum
1792 3549 2046 3604 ordinat:

463 3632 523 3688 id
544 3634 684 3704 quod
714 3636 872 3690 etiam
915 3636 1000 3690 hic
1022 3636 1145 3691 fecit
1178 3655 1192 3691 :
1226 3637 1383 3707 idque
1426 3639 1721 3708 perpendas
1752 3639 1930 3694 velim.
1967 3640 2052 3695 Vi-

461 3725 557 3781 det
590 3727 679 3782 ille
705 3726 970 3797 Virginem
1000 3740 1207 3784 uterum
1237 3741 1532 3800 gestantem
1564 3751 1575 3785 :
1609 3748 1669 3786 ea
1698 3732 1763 3787 de
1789 3749 1845 3788 re
1876 3734 2048 3787 turba—

465 3828 569 3883 tur,
596 3826 649 3872 et
673 3818 955 3874 admodum
979 3821 1169 3875 anxius
1193 3832 1274 3875 est
1299 3838 1312 3873 :
1336 3821 1628 3875 adulteram
1654 3824 1794 3876 enim
1825 3824 2050 3892 puellam

461 3926 581 3966 esse
625 3911 1033 3981 suspicabatur;
1083 3913 1177 3967 sed
1220 3914 1399 3968 statim
1441 3913 1642 3967 adstitit
1670 3915 1890 3985 angelus
1916 3957 1929 3979 ,
1961 3916 2047 3985 qui

460 4003 817 4072 suspicionem
844 4003 1075 4059 solveret
1104 4021 1166 4059 ac
1198 4015 1393 4059 metmn
1427 4006 1748 4059 elitninaret.
1804 4006 1937 4061 Cum
1970 4008 2047 4059 vir

459 4095 535 4148 dit
558 4104 734 4149 natum
768 4111 1009 4165 puerum,
1038 4096 1230 4166 gaudio
1262 4112 1454 4167 magno
1480 4097 1725 4166 perfusus
1758 4108 1841 4152 est
1880 4116 1892 4151 :
1924 4115 2047 4151 rur-

459 4202 681 4256 sumque
718 4188 966 4257 gaudium
1013 4186 1316 4256 huiusmodi
1358 4188 1648 4257 periculum
1680 4207 1782 4243 non
1817 4206 2042 4259 parvum

459 4281 656 4350 excipit
680 4322 693 4342 ,
733 4280 949 4335 civitate
999 4281 1303 4349 perturbata
1332 4320 1347 4343 ,
1390 4296 1453 4334 ac
1497 4297 1620 4351 rege
1651 4282 1881 4349 furente,
1921 4299 2048 4353 pue-

462 4388 685 4440 rumque
718 4373 1075 4441 perqnirente.
1128 4373 1196 4424 At
1239 4371 1693 4442 perturbationem
1729 4374 1873 4427 illam
1906 4374 2050 4427 aliud

461 4463 713 4532 gaudium
741 4462 958 4531 excipit,
988 4462 1141 4516 stella
1168 4477 1375 4531 nempe,
1402 4471 1456 4516 et
1487 4478 1760 4531 magorum
1786 4464 2040 4518 adoratio.

466 4562 676 4619 Rursus
723 4576 850 4615 vero
893 4570 1017 4630 post
1054 4559 1196 4615 hanc
1223 4556 1483 4619 laetitiam,
1529 4555 1689 4610 timor
1729 4570 1793 4609 ac
1820 4552 2038 4622 pericu-

466 4654 609 4707 lum:
646 4652 1033 4719 Qnteritenim,
1061 4650 1275 4719 inquit,
1307 4647 1543 4702 Herodes
1585 4645 1820 4699 animam
1856 4643 2039 4713 pueri;

467 4743 771 4812 iterumque
848 4742 1160 4812 fugiendum
1244 4749 1326 4793 est
1404 4750 1457 4792 et
1543 4733 2039 4803 transmigrandum

468 4837 709 4894 humano
773 4854 953 4901 mete;
1028 4835 1268 4891 nondum
1347 4832 1491 4887 enim
1562 4827 1822 4883 miracula
1884 4826 2044 4879 edere

471 4930 771 5000 oportebat.
864 4928 997 4982 Nam
1044 4929 1086 4981 si
1139 4944 1167 4981 a
1214 4928 1386 4997 prima
1439 4931 1594 4977 actate
1634 4916 1895 4973 miracula
1924 4915 2037 4969 edi-

470 5020 665 5086 disset,
691 5020 852 5074 homo
882 5035 985 5073 non
1012 5020 1248 5074 creditus
1282 5018 1493 5073 fuisset.
1544 5012 1749 5068 Idcirco
1781 5025 1885 5066 non
1909 5009 2038 5064 sim-

472 5112 683 5183 pliciter
711 5112 965 5180 templum
994 5112 1283 5178 formatur,
1303 5111 1393 5165 sed
1415 5109 1749 5163 uteritumor
1769 5102 2040 5171 conspici-

472 5215 578 5269 tur,
600 5213 655 5257 et
682 5217 871 5257 novem
909 5203 1174 5257 mensium
1198 5202 1456 5272 Spatium,
1490 5208 1543 5254 et
1566 5208 1777 5269 partus,
1810 5205 1862 5247 ι·ι
1885 5195 2040 5246 lactis

472 5295 884 5359 nutrimentum,
915 5294 1069 5363 quies
1099 5310 1193 5363 per
1221 5295 1447 5347 multum
1485 5290 1767 5360 temporis;
1799 5296 1930 5340 atlas
1958 5285 2040 5337 vi-

474 5383 591 5438 rilis
622 5390 987 5452 exspectatur,
1023 5391 1081 5434 ut
1111 5399 1207 5453 per
1237 5384 1414 5435 omnia
1446 5381 1693 5434 cridbile
1721 5378 2040 5431 redderetur

474 5473 791 5528 oeconomia:
822 5472 1156 5544 mysterium.
1185 5471 1301 5537 Qua
1332 5487 1458 5541 ergo
1489 5472 1555 5523 de
1591 5483 1775 5530 causa,
1802 5464 2039 5535 inquies,

477 5564 590 5620 huic
620 5565 690 5621 ab
738 5565 892 5619 initio
943 5564 1085 5619 facta
1122 5571 1248 5618 sunt
1278 5560 1474 5633 signa?
1522 5560 1745 5627 Propter
1775 5563 2041 5621 matrem,

475 5665 692 5726 prepter
719 5653 1032 5725 Josephuru,
1055 5663 1275 5720 propter
1307 5653 1613 5707 Simeonem
1634 5648 1856 5719 jamjam
1883 5646 2049 5700 mori-

2181 422 2376 481 turum,
2429 428 2645 485 propter
2700 424 2965 484 pastores,
3017 426 3235 489 propter
3287 431 3492 487 magos,
3540 428 3753 488 prapter

2175 504 2405 560 Judteos.
2439 505 2495 561 Si
2535 506 2676 561 enim
2705 508 2766 562 iis
2792 523 2909 578 quae
2936 509 3256 578 gerebantur
3283 521 3534 565 accurate
3564 511 3755 565 voluis-

2177 607 2295 651 sent
2319 596 2613 661 attendere,
2648 613 2753 652 non
2786 615 3003 669 parvum
3038 601 3158 655 hinc
3186 602 3251 655 ad
3282 601 3519 655 futurum
3550 610 3755 670 tempus

2179 688 2409 743 fructmn
2451 691 2776 745 retulissent.
2811 692 2962 758 Quod
3007 693 3049 747 si
3082 692 3356 763 propheta:
3382 692 3449 747 de
3480 693 3650 763 magis
3681 694 3754 748 ni-

2178 781 2246 834 hil
2283 781 2592 850 pta-dicant,
2637 798 2703 837 ne
2745 783 2862 838 ideo
2895 784 3159 850 turberis;
3195 800 3365 854 neque
3404 785 3548 839 enim
3581 786 3754 840 omnia

2178 873 2568 942 praedixerunt,
2620 890 2792 945 neque
2829 876 2985 929 etiam
3041 876 3218 930 omnia
3270 886 3569 932 tacuerunt.
3614 878 3755 934 Sicut

2173 962 2314 1015 enim
2358 963 2499 1018 nulla
2530 979 2588 1018 re
2616 976 2739 1020 ante
2764 965 2939 1019 audita
2960 1008 2974 1032 ,
3022 982 3109 1022 res
3140 966 3443 1035 hujusmodi
3472 980 3652 1038 gestas
3680 970 3752 1024 \i-

2173 1051 2319 1118 dere,
2350 1071 2600 1125 magnum
2646 1068 2954 1128 stuporem,
3004 1075 3353 1129 magnamque
3404 1064 3754 1129 perturbatio-

2175 1160 2294 1199 nem
2341 1148 2684 1217 peperisset:
2731 1151 2807 1204 sic
2837 1151 2879 1204 si
2914 1151 3091 1204 omnia
3133 1150 3444 1206 didicissent
3487 1154 3751 1209 auditores

2173 1236 2451 1293 dortnituri
2497 1249 2679 1304 erant,
2726 1258 2824 1297 nec
2872 1243 3157 1312 quidquam
3197 1245 3535 1314 evangelistis
3568 1243 3753 1301 fuisset

2176 1329 2436 1383 relictum.
2471 1332 2620 1399 Quod
2662 1333 2707 1386 si
2753 1333 2819 1387 de
2860 1333 3134 1402 prophetia
3179 1336 3451 1405 ambigant
3479 1335 3647 1390 Judaei
3676 1337 3751 1391 di-

2172 1430 2377 1487 centes,
2412 1422 2577 1489 illud,
2612 1422 2696 1477 Ex
2737 1423 2968 1495 Egi/pta
3012 1426 3182 1478 vocavi
3224 1426 3386 1493 ﬁlium
3433 1444 3635 1490 meum,
3690 1428 3751 1482 de

2171 1512 2405 1580 seipsis‘
2454 1513 2655 1567 dictum
2705 1530 2825 1569 esse
2871 1534 2883 1567 :
2937 1502 3373 1584 respondebimus
3425 1517 3567 1578 illis.
3620 1517 3752 1572 hunc

2170 1600 2330 1656 etiam
2363 1618 2480 1657 esse
2510 1603 2807 1673 prophetiae
2840 1622 3063 1671 morem,
3096 1618 3156 1660 ut
3186 1607 3348 1659 multa
3380 1624 3523 1677 sa-pe
3551 1609 3618 1663 de
3639 1609 3750 1663 aiiis

2169 1693 2434 1757 dicantur,
2465 1706 2520 1751 et
2560 1698 2611 1750 in
2659 1698 2779 1751 aliis
2807 1697 3149 1766 impleantur,
3199 1700 3355 1768 quale
3384 1700 3515 1754 illud
3548 1700 3618 1755 de
3652 1700 3748 1771 Sy-

2172 1797 2327 1839 meon
2375 1794 2429 1840 et
2456 1784 2582 1840 Levi
2626 1786 2822 1841 dictutn
2856 1806 2869 1841 :
2899 1786 3137 1841 Dividunt
3172 1806 3256 1842 eos
3298 1789 3349 1841 in
3392 1788 3575 1855 Jacob,
3601 1801 3649 1844 et
3674 1792 3748 1843 di-

2170 1893 2404 1949 spergam
2432 1894 2518 1932 eos
2564 1879 2615 1932 in
2662 1878 2827 1933 Israel
2855 1879 3021 1948 (Gen.
3050 1880 3139 1933 49.
3165 1881 3194 1934 7
3222 1880 3240 1952 )
3273 1899 3285 1934 :
3315 1880 3366 1933 id
3392 1883 3533 1936 enim
3568 1899 3673 1935 non
3703 1884 3748 1937 in

2170 1964 2319 2037 ipsis,
2354 1969 2449 2024 sed
2488 1970 2539 2024 in
2571 1971 2801 2041 posteris
2832 1986 3016 2026 eorum
3051 1972 3323 2041 impletum
3370 1985 3452 2027 est
3487 1994 3499 2027 :
3532 1984 3587 2028 et
3629 1974 3749 2028 illud

2168 2061 2307 2132 quod
2336 2062 2402 2116 de
2427 2062 2678 2118 Chanaan
2707 2081 2733 2116 a
2766 2064 2877 2119 Noe
2906 2066 3297 2134 pronuntiatum
3330 2076 3443 2131 est,
3490 2067 3751 2122 Gabaoni-

2170 2154 2235 2208 tis
2265 2170 2329 2209 ex
2375 2155 2541 2225 stirpe
2575 2156 2846 2211 Chanaani
2877 2158 3118 2226 contigit.
3165 2157 3316 2224 Quod
3351 2158 3523 2225 ipsum
3552 2158 3751 2214 Iacobo

2168 2245 2327 2298 etiam
2377 2246 2633 2301 accidisse
2679 2247 3095 2317 deprehenditur
3128 2267 3139 2301 :
3170 2247 3566 2304 benedictiones
3610 2252 3751 2305 enim

2168 2335 2290 2403 illa),
2323 2335 2443 2391 Esto
2472 2339 2707 2392 dominus
2728 2340 2900 2408 fratris
2935 2340 3010 2392 tui
3029 2382 3042 2404 ,
3080 2351 3124 2394 et
3163 2341 3373 2394 adorent
3397 2350 3443 2395 te
3464 2343 3556 2410 (iiii
3598 2344 3751 2413 patris

2167 2428 2239 2481 tui
2284 2426 2453 2500 (Gen.
2491 2430 2582 2483 ‘27.
2634 2430 2773 2500 29),
2823 2447 2926 2483 non
2962 2432 3013 2484 in
3046 2432 3159 2499 ipso
3198 2431 3356 2487 finem
3402 2446 3749 2505 acceperunt,

2167 2519 2481 2588 (quomodo
2529 2522 2673 2575 enim
2714 2521 2778 2574 ad
2834 2521 3006 2590 ipsum
3061 2524 3346 2592 pertineat,
3399 2526 3490 2595 qui
3534 2527 3746 2582 fratrem

2168 2610 2387 2665 timebat
2411 2612 2796 2680 tremebatque,
2830 2628 2892 2667 ac
2912 2617 3214 2669 sexcenties
3243 2617 3412 2684 ipsmu
3441 2618 3747 2691 adoravit?)

2165 2701 2259 2756 sed
2296 2702 2365 2757 de
2407 2703 2556 2771 prole
2591 2702 2707 2773 ejus
2733 2703 2932 2757 dictum
2977 2714 3077 2759 est.
3121 2706 3271 2773 Quod
3310 2709 3468 2762 etiam
3502 2709 3605 2765 hoc
3634 2712 3747 2766 loco

2166 2792 2269 2847 dici
2300 2793 2485 2862 possit.
2514 2792 2645 2860 Quis
2668 2794 2811 2848 enim
2845 2794 3025 2849 verius
3057 2796 3144 2850 Dei
3175 2796 3313 2853 filius
3339 2799 3548 2855 dicatur
3578 2819 3593 2854 :
3618 2818 3683 2858 an
3703 2805 3746 2858 is

2165 2897 2254 2965 qui
2301 2896 2519 2950 vitulum
2569 2897 2827 2962 adoravit,
2857 2906 2911 2951 et
2958 2898 3303 2968 Beelphegori
3356 2901 3592 2956 initiatus
3638 2912 3739 2969 est,

2164 2987 2361 3055 quique
2406 2986 2545 3041 ﬁlios
2589 3003 2713 3043 suos
2763 2988 3045 3045 daemoniis
3094 2990 3427 3057 immolavit;
3458 3008 3524 3046 an
3568 2994 3614 3048 is
3654 2993 3740 3063 qui

2166 3088 2356 3130 natura
2405 3077 2543 3131 filius
2593 3089 2741 3145 erat,
2789 3091 2841 3133 et
2884 3080 3180 3149 genitorem
3210 3081 3740 3154 honoravitiltaque

2166 3167 2267 3221 nisi
2307 3167 2395 3223 hic
2424 3168 2755 3237 advenisset,
2792 3170 3068 3241 prophetia
3101 3172 3315 3244 dignum
3363 3190 3469 3230 non
3502 3175 3737 3231 habitura

2165 3258 2324 3314 finem
2346 3270 2483 3315 erat.

2236 3434 2291 3487 4.
2337 3433 2468 3491 Vide
2520 3453 2648 3509 ergo
2702 3443 2971 3512 quomodo
3028 3445 3132 3503 hoc
3198 3448 3368 3518 ipsum
3421 3453 3739 3523 evangelista

2166 3524 2465 3583 subindieet
2494 3530 2699 3599 dicens,
2738 3533 2806 3589 Ut
2850 3537 3162 3607 impleretur,
3202 3544 3490 3599 ostendens
3522 3547 3624 3600 nisi
3656 3563 3741 3602 ve-

2164 3617 2347 3683 nisset,
2382 3635 2486 3674 non
2536 3621 2863 3692 implendum
2911 3627 3037 3684 illud
3068 3630 3248 3686 fuisse.
3301 3634 3410 3690 lloc
3450 3653 3577 3693 vero
3623 3637 3737 3692 Vir-

2160 3710 2339 3778 ginem
2381 3712 2550 3781 ipsam
2597 3732 2702 3771 non
2746 3720 3084 3776 mediocriter
3112 3725 3309 3780 claram
3339 3727 3502 3782 efficit
3529 3739 3582 3784 et
3623 3730 3739 3785 illu-

2162 3810 2343 3856 strem.
2392 3803 2521 3859 Nam
2554 3809 2694 3876 quod
2728 3820 2869 3866 totus
2915 3815 3140 3882 populus
3183 3819 3409 3873 encomii
3442 3820 3559 3873 loco
3580 3822 3737 3875 habe.-

2161 3893 2266 3959 bat,
2323 3897 2423 3951 hoc
2470 3899 2639 3967 ipsum
2694 3902 2889 3958 habere
2923 3908 3092 3975 potuit
3132 3918 3183 3963 et
3215 3911 3348 3979 ipsa.
3398 3912 3550 3980 Quod
3599 3914 3734 3968 enim

2158 3987 2320 4042 altum
2368 3992 2644 4060 sapiebant
2689 4006 2742 4050 et
2794 4012 2914 4052 sese
2964 3998 3235 4068 jactabant
3291 4005 3359 4059 ob
3400 4005 3628 4061 reditum
3672 4024 3733 4061 ex

2159 4078 2412 4150 Egypto,
2452 4083 2470 4151 (
2504 4083 2553 4137 id
2606 4086 2746 4155 quod
2796 4089 3139 4145 subindicans
3185 4094 3436 4159 pr0pbeta
3486 4096 3730 4161 dicebat,

2157 4171 2343 4228 Nonne
2380 4177 2687 4247 alienigenas
2730 4182 2924 4234 adduxi
2962 4184 3024 4235 de
3060 4182 3405 4253 Cappadocia,
3429 4197 3478 4241 et
3510 4190 3735 4260 Assyrios

2154 4281 2218 4318 ea:
2242 4267 2382 4333 fovea
2410 4268 2471 4339 Ρ)
2520 4272 2537 4339 (
2570 4273 2721 4325 Amos
2754 4272 2806 4327 9.
2839 4274 2894 4342 7)
2950 4274 3074 4327 illud
3126 4276 3293 4344 ipsum
3334 4283 3731 4350 praerogativam

2154 4356 2387 4427 Virginis
2416 4361 2555 4415 facit.
2588 4362 2695 4415 lmo
2723 4380 2851 4417 vero
2882 4375 2934 4419 et
2966 4367 3188 4435 pOpulus
3214 4378 3267 4423 et
3309 4372 3605 4437 patriarcha
3636 4374 3728 4428 de-

2152 4450 2469 4505 scendentes
2496 4461 2549 4506 et
2574 4455 2922 4511 ascendentes
2979 4458 3118 4523 inde,
3167 4460 3316 4515 istius
3356 4478 3613 4520 ascensus
3639 4480 3731 4521 seu

2152 4540 2352 4594 reditus
2391 4551 2569 4612 typum
2604 4544 2914 4611 implebant.
2958 4549 3088 4604 Nam
3131 4552 3203 4606 illi
3231 4553 3643 4622 descenderunt,
3677 4567 3729 4611 ut

2150 4642 2377 4686 mortem
2429 4649 2494 4688 ex
2530 4634 2667 4691 fame
2712 4638 3076 4697 imminentem
3124 4644 3452 4715 cllugerent;
3484 4648 3568 4704 hic
3608 4665 3727 4705 vero

2151 4732 2206 4775 ut
2234 4724 2423 4777 vitaret
2458 4735 2683 4780 mortem
2710 4728 2916 4786 insidiis
2944 4745 3202 4801 paratam.
3235 4739 3302 4790 At
3330 4737 3400 4791 illi
3426 4754 3491 4793 eo
3521 4742 3724 4796 venien-

2152 4825 2228 4868 tes
2257 4831 2320 4869 ex
2350 4816 2516 4881 fame,
2549 4828 2671 4873 tunc
2699 4821 2909 4877 liberati
2948 4836 3071 4879 sunt
3097 4844 3111 4892 ;
3159 4828 3248 4882 ille
3281 4844 3410 4885 vero
3457 4841 3515 4886 ut
3543 4850 3608 4888 eo
3632 4834 3722 4888 de-

2147 4907 2371 4972 scendit,
2405 4910 2675 4977 regionem
2710 4921 2871 4966 totam
2906 4930 3000 4984 per
3030 4917 3314 4972 adventum
3347 4938 3500 4976 suum
3529 4925 3723 4979 sancti-

2145 4996 2338 5052 ficavit.
2368 4999 2685 5058 Consideres
2714 5004 2890 5075 itaque
2922 5008 3080 5062 velim
3103 5012 3370 5080 quomodo
3392 5013 3533 5069 inter
3558 5016 3723 5069 humi~

2144 5090 2209 5143 lia
2247 5108 2363 5160 qua:
2391 5093 2457 5146 ad
2496 5094 2821 5152 divinitatem
2853 5101 3121 5169 pertinent
3156 5107 3479 5159 revelentur.
3521 5108 3720 5162 Etenim

2142 5195 2262 5234 cum
2295 5182 2426 5238 dixit
2452 5185 2673 5253 angelus
2695 5228 2709 5253 ,
2745 5186 2889 5259 Fuge
2914 5190 2967 5243 in
3010 5189 3317 5263 .IEgyptum,
3355 5210 3458 5250 non
3484 5198 3722 5267 promisit

2219 5392 2453 5487 1..P‘°:E!;:
2474 5395 2742 5487 ἔξηξςέξεέξι
2762 5402 3059 5487 "5.3mm
3271 5412 3735 5487 αε.ίιφ-.υιςιιωιιιιο

2329 5451 2745 5538 Eamrseeuudum
2777 5451 3732 5538 priore};iéétidii'éiii‘"iiitiiéi"3i‘éé"b'§ii

2148 5512 2618 5604 ἔρῃ)ςο
2648 5512 2987 5604 eamdi/vitium:
3018 5512 3281 5604 $55512};

2147 5577 2700 5659 gutiourngposterioretu
2724 5602 2840 5659 vero
2863 5590 3104 5656 dicebant,
3133 5577 3291 5649 idyuon
3316 5577 3392 5653 del
3408 5577 3727 5659 Christo’di’ci.

2146 5642 2262 5688 Cum
2287 5642 2449 5703 priore
2471 5655 2700 5698 consonat
2724 5648 2953 5702 Auianus.
