4058 6208
418 269 490 326 εἴ
1067 287 1127 343 s.
1166 289 1451 342 JUANMS
1487 286 1974 342 cumsosu‘um

2087 286 2338 340 ιωιιιςυ.
2376 283 2916 345 CONSTANTINOP.
3592 278 3665 335 εδ

416 384 512 434 καὶ
573 381 866 454 περιφανῆ,
915 381 1239 454 πρόσταγμα
1295 379 1602 453 πληροῦντα
1649 379 1981 433 δεσποτικὸν·

413 472 531 526 ἀλλ’
581 474 720 545 ἔχων
769 472 926 526 τοῦτο
986 474 1043 526 16
1091 475 1412 545 ὑπόδειγμα,
1449 473 1618 547 φέρῃς
1649 472 1826 526 πάντα
1861 489 1984 539 γεν-

415 565 600 626 ναίως,
633 564 786 626 είδὼς
824 565 904 617 ὅτι
947 565 1177 634 μάλιστα
1212 565 1350 636 αὕτη
1392 567 1499 618 τῶν
1528 565 1908 633 πνευματικῶν
1950 565 1982 634 ἡ

413 652 702 707 ἀκολουθία
731 653 866 719 ἐστὶ,
904 653 964 706 16
992 654 1264 724 πανταχοῦ
1307 656 1644 725 πειρασμοὺς
1683 651 1982 721 συγκεκλη-

417 740 694 812 ρωμένους
736 740 898 811 ἔχειν.
932 742 1072 812 Ὅρα
1105 742 1236 810 γοῦν
1267 743 1366 795 οὑκ
1395 743 1487 794 ἐπὶ
1524 743 1619 813 τῆς
1656 742 1858 812 μητρὸς
1891 742 1984 794 καὶ

412 831 508 885 τοῦ
551 830 598 862 ⁷⁸
636 832 849 885 παιδίου
891 833 1049 886 τοῦτο
1074 834 1354 903 γινόμενον
1391 834 1568 905 μόνον,
1597 833 1732 888 ἀλλὰ
1767 834 1859 886 καὶ
1895 833 1984 886 ἐπὶ

413 928 522 982 τῶν
553 929 844 1002 βαρϐάρων
880 933 1120 986 ἐκείνων.
1152 934 1261 987 Καὶ⁸
1291 933 1395 1004 γὰρ
1430 935 1623 986 ἐκεῖνοι
1655 931 1828 1004 λάθρα
1850 934 1982 986 ἀνα-

413 1020 683 1092 χωροῦσιν
720 1024 778 1075 ἐν
804 1024 950 1090 τάξει
987 1025 1257 1093 φυγάδων·
1299 1025 1392 1078 καὶ
1429 1025 1568 1095 αὕτη
1611 1024 1790 1089 πάλιν,
1833 1023 1981 1077 οὐδέ-

415 1127 544 1164 ποτε
589 1112 689 1183 τὴν
730 1115 905 1167 οἰκίαν
949 1115 1250 1186 ὑπερϐᾶσα,
1293 1115 1508 1186 μακρὰν
1541 1114 1682 1168 οὑτω
1715 1115 1985 1168 ταλαιπω-

416 1201 535 1269 ρίας
580 1204 698 1258 ὁδὸν
740 1205 1032 1276 ὑπομένειν
1078 1205 1377 1270 κελεύεται,
1418 1206 1505 1260 διὰ
1540 1205 1630 1258 τὸν
1675 1203 1984 1276 θαυμαστὸν

412 1293 598 1348 τοῦτον
630 1297 788 1350 τόκον
819 1299 913 1350 καὶ
941 1297 1036 1360 τὰς
1079 1299 1451 1368 πνευματικὰς
1495 1298 1707 1362 ὠδῖνας.
1739 1298 1850 1350 Καὶ
1891 1297 1986 1350 θέα

417 1387 478 1438 τὸ
521 1389 822 1459 παράδοξον
867 1390 1046 1444 πάλιν.
1096 1392 1426 1460 Παλαιστίνη
1481 1393 1578 1462 μὲν
1629 1391 1983 1455 ἐπιϐουλεύει,

418 1478 690 1545 Αἴγυπτος
738 1482 794 1534 δέ
844 1481 1160 1552 ὑποδέχεται
1215 1483 1311 1535 καὶ
1348 1483 1600 1546 διασώζει
1645 1484 1734 1535 τὸν
1776 1483 1990 1536 ἐπιϐου-

413 1579 718 1649 λευόμενον.
746 1580 822 1631 Οὑ
846 1577 955 1649 γὰρ
979 1577 1044 1648 δὴ
1078 1578 1234 1648 μόνον
1263 1578 1354 1630 ἐπὶ
1380 1576 1487 1630 τῶν
1515 1575 1721 1630 παίδων
1752 1575 1846 1628 τοῦ
1877 1591 1983 1629 πι-

412 1667 673 1738 τριάρχου
715 1666 875 1720 τύποι
906 1665 1236 1727 συνέϐαινον,
1273 1666 1408 1719 ἀλλὰ
1445 1666 1539 1719 καὶ
1572 1666 1657 1718 ἐπ’
1694 1665 1856 1718 αὑτοῦ
1888 1663 1982 1717 τοῦ

412 1758 703 1812 Δεσπότου.
742 1757 920 1810 Πολλὰ
947 1757 1075 1825 γοῦν
1099 1757 1186 1809 διά
1228 1757 1334 1809 τῶν
1377 1759 1468 1810 ὑπ’
1496 1757 1659 1810 αὑτοῦ
1688 1755 1983 1826 γινομένων

410 1849 530 1902 τότε
568 1847 1072 1919 προανεκηρύττετο
1111 1847 1218 1898 τῶν
1252 1847 1476 1917 ὓστερον
1509 1848 1826 1916 συμϐαίνειν
1858 1845 1983 1916 μελ-

409 1937 628 1992 λόντων·
658 1938 792 2007 ὅπερ
814 1933 906 1989 οὖν
932 1937 1025 1988 καὶ
1051 1937 1144 1988 ἐπὶ
1171 1936 1271 2004 τῆς
1295 1935 1416 1988 ὄνου
1445 1935 1538 1988 καὶ
1562 1935 1653 1987 ἐπὶ
1683 1934 1778 1987 τοῦ
1803 1934 1980 1988 πώλου

409 2029 621 2098 γέγονε.
673 2027 866 2090 Φανεὶς
909 2027 1088 2080 τοίνυν
1135 2030 1163 2081 6
1211 2027 1463 2095 ἄγγελος,
1502 2028 1622 2096 οὑχὶ
1665 2031 1729 2097 τῇ
1772 2027 1980 2099 Μαρίᾳ,

408 2119 545 2173 ἀλλὰ
597 2118 676 2190 τῷ
730 2116 926 2187 Ἰωσὴφ
968 2118 1289 2186 διαλέγεται·
1338 2119 1430 2170 καὶ
1461 2117 1513 2169 τί
1554 2134 1753 2188 φησιν;
1791 2119 1988 2186 Ἐγερ-’“

409 2210 530 2275 θεὶς
563 2208 871 2277 παράλαϐε
905 2209 967 2262 τὸ
1006 2209 1245 2262 παιδίον
1271 2209 1366 2262 καὶ
1393 2209 1508 2276 τὴν
1527 2208 1754 2277 μητέρα
1773 2208 1977 2263 αὐτοῦ.

421 2299 685 2353 Ἐνταῦθα
735 2299 918 2354 οὐκέτι
957 2299 1125 2366 λέγει,
1182 2302 1299 2367 Τὴν
1351 2297 1608 2368 γυναῖκά
1650 2315 1785 2362 σου,
1821 2298 1977 2363 ἀλλὰ,

413 2390 531 2458 Τὴν
579 2389 804 2460 μητέρα
855 2387 1062 2444 αὐτοῦ.
1111 2388 1326 2459 Ἐπειδὴ
1379 2389 1488 2460 γὰρ
1523 2391 1550 2442 6
1599 2390 1756 2452 τόκος
1799 2389 1980 2460 ἐξέϐη,

410 2480 502 2532 καὶ
562 2481 594 2550 ὴ
646 2479 849 2549 ὑποψία
894 2478 1079 2548 ἐλύθη,
1122 2479 1216 2532 καὶ
1259 2479 1288 2530 6
1335 2478 1472 2550 ἀνὴρ
1513 2479 1806 2549 ἐπιστώθη,
1845 2479 1981 2548 μετά

408 2570 718 2641 παρρησίας
763 2567 946 2622 λοιπὸν
986 2568 1286 2636 διαλέγεται
1326 2568 1354 2620 6
1386 2568 1633 2636 ἄγγελος,
1679 2567 1802 2620 οὗτε
1852 2586 1981 2621 παι-

404 2661 536 2726 δίον,
586 2661 710 2714 οὑτε
767 2663 1000 2730 γυναῖκα
1051 2658 1214 2712 αὑτοῦ
1252 2659 1448 2712 καλῶν·
1484 2660 1636 2722 ἀλλὰ,
1671 2659 1981 2727 Παραλαϐε

405 2753 472 2806 τὸ
537 2752 773 2806 παιδίον
831 2752 927 2805 καὶ
972 2750 1086 2818 τὴν
1121 2749 1349 2820 μητέρα
1386 2750 1570 2804 αὐτοῦ
1595 2767 1607 2779 ·
1661 2750 1757 2804 καὶ
1800 2751 1981 2821 φεῦγε

403 2846 488 2909 εἰς
509 2845 832 2912 Αἴγυπτον·
876 2844 968 2896 καὶ
987 2841 1085 2913 τὴν
1105 2841 1280 2894 αἰτίαν
1305 2841 1448 2908 λέγει
1472 2842 1566 2910 τῆς
1588 2841 1781 2911 φυγῆς·
1818 2841 1974 2894 Μέλ-

402 2938 495 2988 λει
524 2934 632 3003 γὰρ
659 2937 691 2988 ό
723 2933 1000 3002 Ἡρώδης,
1050 2933 1203 3002 φησὶ,
1237 2930 1427 2999 (nteh-
1471 2933 1584 2999 τὴν
1623 2931 1836 3002 ψυχὴν
1868 2933 1976 2986 τοῦ

402 3023 662 3078 παιδίου.

470 3120 540 3182 γ’.
561 3113 746 3166 Ταῦτα
769 3111 1006 3176 ἀκούσας
1025 3113 1054 3165 6
1083 3111 1278 3183 Ἰωσὴφ
1300 3111 1400 3164 οὑκ
1419 3111 1833 3184 ἐσκανδαλίσθη,
1855 3112 1974 3166 οὑδέ

397 3201 571 3257 εἶπεν·
596 3204 833 3273 Αίνιγμα
859 3203 920 3257 16
945 3204 1176 3275 πρᾶγμά
1204 3204 1370 3256 ἐστιν·
1395 3204 1455 3257 οὑ
1477 3204 1522 3236 ’⁸
1546 3204 1736 3276 πρώην
1765 3205 1970 3274 ἔλεγες,

399 3294 555 3366 Ηῖὖ]
580 3295 662 3348 ὅτι
698 3293 859 3348 σώσει
883 3295 975 3348 τὸν
1005 3295 1133 3347 λαὸν
1167 3294 1362 3360 αὑτοῦ;
1394 3295 1485 3348 καὶ
1517 3294 1611 3348 νῦν
1633 3295 1752 3348 οὐδὲ
1785 3297 1972 3350 ἐαυτὸν

401 3388 584 3451 σώζει,
625 3387 761 3442 ἀλλὰ
789 3390 966 3459 φυγῆς
997 3389 1128 3457 ἡμῖν
1167 3385 1343 3457 χρεία,
1376 3387 1472 3440 καὶ
1511 3387 1839 3458 ἀποδημίας,
1879 3389 1972 3442 καὶ

402 3481 620 3550 μακρᾶς
649 3479 1030 3550 μεταστάσεως
1055 3479 1120 3510 ⁷⁸·
1149 3477 1366 3531 ἐναντία
1397 3482 1462 3550 τῇ
1492 3479 1780 3548 ὑποσχέσει
1807 3479 1875 3532 τὰ
1894 3496 1973 3548 γι-

399 3573 619 3640 νόμενα.
673 3569 811 3623 Ἀλλ’
843 3569 996 3622 οὐδὲν
1027 3567 1230 3622 τούτων
1272 3568 1438 3637 λέγει·
1473 3569 1661 3633 πιστὸς
1697 3569 1806 3640 γάρ
1848 3565 1915 3640 ἦν
1943 3572 1971 3624 6

399 3662 557 3732 ἁνήρ·
592 3660 712 3714 οὑδέ
747 3660 1164 3731 περιεργάζεται
1210 3659 1309 3730 τῆς
1333 3659 1591 3714 ἐπανόδου
1629 3661 1719 3714 τὸν
1757 3661 1966 3732 χρόνον,

397 3751 492 3804 καὶ
518 3751 690 3804 ταῦτα
727 3750 826 3804 τοῦ.
852 3751 1082 3820 ἀγγέλου
1117 3751 1434 3823 ἀδιορίστως
1461 3751 1620 3806 αὑτὸν
1643 3751 1965 3816 τεθεικότος·

400 3843 554 3907 Ἕως
583 3843 693 3912 γὰρ
719 3841 797 3895 ἂν
823 3842 968 3894 alma
992 3857 1110 3904 σοι,
1151 3840 1275 3893 ἴσθι
1307 3839 1448 3895 ἐκεῖ.
1492 3839 1629 3892 Ἀλλ’
1669 3841 1816 3911 ὅμως
1849 3841 1969 3895 οὑδέ

396 3932 534 4005 πρὸς
557 3932 714 3986 τοῦτο
748 3931 1069 4003 ἐνάρκησεν,
1103 3930 1216 3983 ἀλλ’
1252 3931 1515 3984 ὑπακούει
1562 3931 1657 3983 καὶ
1699 3931 1964 3994 πείθεται,

397 4025 610 4088 πάντας
636 4023 775 4094 μετὰ
800 4025 974 4094 χαρᾶς
1003 4023 1127 4084 τοὺς
1151 4024 1488 4094 πειρασμοὺς
1517 4022 1818 4093 ὑπομένων.
1857 4025 1964 4076 Καὶ

394 4129 505 4202 γὰρ
541 4131 569 4184 6
596 4129 971 4201 φιλάνθρωπος
1003 4128 1133 4192 Θεὸς
1173 4131 1285 4191 τοῖς
1316 4127 1591 4189 ἐπιπόνοις
1627 4126 1833 4188 τούτοις
1871 4125 1966 4178 καὶ

396 4219 526 4292 ἡδέα
577 4219 850 4291 ἀνέμιξεν·
903 4221 1039 4290 ὅπερ
1091 4218 1186 4274 καὶ
1236 4218 1329 4272 ἐπὶ⁵
1381 4217 1596 4270 πάντων
1641 4215 1750 4267 τῶν
1795 4215 1964 4282 ἁγίων

397 4316 556 4378 ποιεῖ,
587 4312 709 4367 οὔτε
739 4315 864 4377 τοὺς
891 4311 1188 4374 κινδύνους,
1214 4308 1336 4362 οὔτε
1361 4308 1461 4372 τὰς
1487 4307 1698 4370 ἀνέσεις
1726 4309 1964 4376 συνεχεῖς

394 4405 584 4469 τιθεὶς,
625 4404 759 4459 ἀλλά
783 4403 877 4457 καὶ
901 4402 988 4456 διὰ
1012 4401 1216 4454 τούτων
1246 4400 1338 4452 καὶ
1373 4399 1440 4452 δι’
1474 4396 1694 4451 ἐκείνων
1725 4397 1966 4465 ὑφαίνων

393 4499 483 4552 τὸν
515 4498 626 4551 τῶν
666 4497 886 4551 δικαίων
927 4495 1058 4567 βίον.
1093 4495 1157 4547 '0
1199 4493 1263 4564 δὴ
1294 4493 1389 4546 κοιλ⁸
1426 4488 1658 4544 ἐνταῦθα
1679 4489 1962 4558 πεποίηκε·

396 4590 589 4644 σκόπει
622 4589 750 4662 γάρ.
794 4585 913 4644 Είδε
950 4588 1186 4642 κύουσαν
1218 4586 1316 4658 τὴν
1347 4583 1640 4655 Παρθένον·
1683 4584 1762 4646 είς
1796 4599 1966 4654 ταρα·

393 4686 493 4756 χὴν
539 4683 701 4736 αὑτὸν
738 4681 955 4736 ἐνέϐαλε
993 4679 1170 4746 τοῦτο,
1201 4679 1294 4731 καὶ
1325 4677 1416 4730 τὸν
1449 4676 1674 4746 ἔσχατον
1717 4674 1962 4744 θόρυϐον·

393 4777 486 4831 ἐπὶ
531 4775 746 4848 μοιχείᾳ
773 4774 881 4847 γάρ
917 4773 1014 4846 τὴν
1043 4771 1211 4845 κόρην
1245 4769 1580 4823 ὑπώπτευεν·
1614 4767 1729 4821 ἀλλ’
1765 4765 1964 4831 εὐθέως

393 4869 596 4940 ἐπέστη
627 4871 655 4922 6
684 4867 932 4937 ἄγγελος,
958 4865 1060 4935 τήν
1087 4881 1146 4916 τε
1176 4861 1410 4932 ὑποψίαν
1438 4861 1599 4925 λύων,
1631 4859 1725 4912 καὶ
1752 4857 1842 4911 τὸν
1871 4856 1966 4926 φό-

394 4959 486 5014 ϐον
517 4959 754 5030 ἀναιρῶν
781 4958 984 5011 τοῦτον·
1016 4955 1111 5009 καὶ
1137 4953 1195 5007 16
1226 4952 1434 5006 παιδίον
1473 4950 1661 5020 τεχθὲν
1681 4948 1844 5021 όρῶν,
1869 4965 1964 5018 χα-

396 5051 494 5122 ράν
526 5049 889 5121 ἐκαρπώσατο
924 5045 1205 5118 μεγίστην.
1241 5043 1411 5097 Πάλιν
1440 5042 1537 5112 τὴν
1559 5039 1733 5113 χαρὰν
1760 5039 1964 5109 ταύτην

395 5143 635 5204 κίνδυνος
667 5140 726 5193 οὐ
770 5138 958 5211 μικρὸς
997 5136 1318 5207 διαδέχεται,
1343 5133 1444 5204 τῆς
1470 5133 1676 5195 πόλεως
1707 5147 1964 5201 ταραττο-

397 5234 583 5302 μένης,
639 5231 732 5284 καὶ
783 5229 874 5283 τοῦ
921 5227 1184 5299 βασιλέως
1231 5225 1575 5296 μαινομένου,
1619 5222 1713 5276 καὶ
1753 5223 1843 5275 τὸν
1871 5238 1962 5274 τε-

395 5324 589 5393 χθέντα
613 5321 1010 5394 ἐπιζητοῦντος.
1052 5317 1209 5372 Ἀλλά
1232 5318 1320 5371 τὸν
1344 5316 1568 5389 θόρυϐον
1592 5313 1780 5369 τοῦτον
1803 5312 1964 5383 ἐτέρα

398 5416 557 5470 πάλιν
598 5413 866 5478 διεδέξατο
904 5411 1064 5483 χαρά·
1117 5411 1146 5462 6
1191 5409 1388 5480 ἀστὴρ,
1423 5407 1516 5461 καὶ
1557 5407 1590 5477 ἡ
1631 5403 1738 5458 τῶν
1775 5405 1963 5476 μάγων

396 5507 786 5581 προσκύνησις.
816 5503 986 5560 Πάλιν
1030 5501 1168 5576 μετά
1205 5500 1304 5570 τὴν
1344 5498 1542 5568 ἡδονὴν
1569 5496 1771 5568 ταύτην
1802 5496 1964 5566 φόϐος

2108 383 2201 438 καὶ
2240 385 2497 446 κίνδυνος·
2528 384 2709 453 Ζητεῖ
2738 383 2867 454 γὰρ,
2909 383 3092 454 φησὶν,
3140 383 3390 452 Ἡρώδης
3416 385 3532 452 τὴν
3555 388 3674 454 ψυ-

2107 474 2227 544 χὴν
2247 474 2353 529 τοῦ
2384 473 2644 529 παιδίου·
2671 476 2766 528 καὶ
2799 472 2875 525 δεῖ
2906 475 3094 542 φυγεῖν
3127 473 3220 526 καὶ
3251 471 3602 542 μεθίστασθαι
3625 473 3673 505 ⁷⁷

2105 567 2478 638 ἀνθρωπίνως.
2511 567 2955 637 θαυματουργεῖν
2997 566 3106 636 γάρ
3147 565 3281 628 τέως
3317 565 3415 618 οὑκ
3449 565 3573 618 ἔδει.
3609 567 3672 618 EE

2104 659 2211 727 γάρ
2247 660 2310 711 ἐκ
2340 659 2556 730 πρώτης
2596 659 2811 729 ἡλικίας
2839 656 3087 727 θαύματα
3117 654 3442 721 ἐπεδείξατο,
3469 656 3577 708 οὐδ’
3607 657 3677 710 ἂν

2105 748 2361 818 ἐνομίσθη
2398 749 2680 818 ἄνθρωπος
2709 743 2864 799 εἶναι.
2909 747 3007 799 Διά
3035 763 3115 798 τοι
3149 745 3306 799 τοῦτο
3332 745 3452 797 οὑδὲ
3486 745 3672 807 ἁπλῶς

2103 835 2228 899 ναὸς
2256 835 2565 898 πλάττεται,
2598 835 2732 887 ἀλλὰ
2765 835 2857 886 καὶ
2885 834 3080 904 κύησις
3111 834 3336 902 γίνεται,
3367 834 3459 887 καὶ
3493 837 3672 887 ἐννεα-

2105 931 2352 1000 μηνιαῖος
2382 929 2590 999 χρόνος,
2619 927 2714 980 καὶ
2738 926 2946 990 ὠδῖνες,
2977 927 3068 979 καὶ
3087 927 3257 990 τόκος,
3282 928 3375 980 καὶ
3401 925 3545 998 [124]
3574 943 3674 994 γαρ

2100 1020 2479 1090 λακτοτροφία,
2509 1020 2601 1072 καὶ
2635 1019 2724 1072 διὰ
2750 1017 2947 1080 παντὸς
2975 1017 3168 1086 ἡσυχία
3192 1017 3285 1069 τοῦ
3325 1018 3537 1087 χρόνου,
3580 1017 3671 1069 καὶ

2101 1113 2361 1184 ἀναμένει
2400 1111 2498 1182 τὴν
2548 1110 2770 1181 ἀνδράσι
2822 1109 3133 1179 πρέπουσαν
3188 1108 3421 1178 ἡλικίαν·
3469 1108 3555 1161 ἵνα
3583 1107 3673 1159 διὰ

2100 1206 2316 1260 πάντων
2348 1203 2746 1274 εὐπαράδεκτον
2774 1201 2996 1270 γένηται
3024 1199 3123 1268 τῆς
3148 1198 3453 1267 οἰκονομίας
3481 1199 3541 1250 16
3572 1216 3668 1268 μυ-

2100 1296 2337 1365 στήριον.
2370 1293 2524 1354 Τίνος
2556 1288 2648 1345 οὖν
2675 1291 2859 1344 ἕνεκεν
2897 1288 3186 1343 καὶταῦτα
3221 1289 3287 1340 τὰ
3323 1291 3518 1358 σημεῖα
3549 1288 3673 1355 ἐγέ-

2099 1402 2238 1451 νετο,
2288 1384 2470 1455 φησὶν,
2515 1384 2570 1449 ἐξ
2619 1383 2830 1453 ἀρχῆς;
2876 1379 2974 1432 Διὰ
3013 1380 3110 1450 τὴν
3154 1379 3382 1449 μητέρα,
3435 1378 3522 1431 διὰ
3577 1378 3671 1431 τὸν

2110 1481 2325 1548 Ἰωσὴφ,
2379 1479 2467 1532 διὰ
2512 1480 2602 1533 τὸν
2653 1481 2874 1552 Συμεὼν
2923 1485 3181 1553 μέλλοντα
3210 1489 3426 1542 ἀπιέναι
3463 1489 3664 1551 λοιπὶν,

2095 1569 2184 1621 διὰ
2215 1570 2340 1630 τοὺς
2380 1571 2662 1639 ποιμένας,
2694 1572 2780 1625 διὰ
2816 1573 2942 1637 τοὺς
2980 1577 3204 1645 μάγους,
3249 1578 3335 1631 διὰ
3375 1581 3500 1643 τοὺς
3539 1583 3668 1634 Ἰου-

2096 1659 2296 1722 δαίους.
2344 1661 2405 1712 EE
2448 1662 2556 1734 γάρ
2587 1663 2868 1718 ἐϐούλοντο
2901 1670 3188 1738 προσέχειν
3223 1671 3360 1738 μετὰ
3387 1673 3667 1744 ἀκριϐείας

2095 1752 2206 1810 τοῖς
2236 1750 2555 1819 γινομένοις,
2597 1754 2658 1805 ού
2703 1756 2874 1826 μικρὰ
2921 1757 3014 1810 καὶ
3053 1759 3298 1812 ἐντεῦθεν
3340 1761 3405 1815 ἂν
3435 1764 3568 1833 πρὸς
3600 1766 3669 1817 τὰ

2099 1839 2356 1908 μέλλοντα
2393 1841 2798 1912 ἐκαρπώσαντο.
2829 1846 2889 1897 Εἰ
2913 1846 2968 1898 δέ
3002 1847 3075 1918 μὴ
3106 1848 3351 1916 λέγουσιν
3381 1853 3429 1903 οἱ
3458 1854 3669 1924 Προφῆ-

2093 1947 2183 1982 ται
2229 1930 2296 1983 τὰ
2341 1932 2469 2002 περὶ
2520 1932 2628 1985 τῶν
2677 1936 2882 2004 μάγων,
2919 1936 2992 2007 μὴ
3038 1938 3360 2008 θορυϐηθῇς·
3397 1941 3520 1994 οὑτε
3557 1945 3667 2012 γὰρ

2096 2018 2272 2071 πάντα
2300 2021 2578 2088 προεῖπον,
2605 2020 2727 2074 οὗτε
2757 2024 2930 2076 πάντα
2955 2024 3289 2094 ἐσιώπησαν.
3321 2028 3530 2099 ’Ὠσπερ
3555 2031 3666 2102 γὰρ

2093 2108 2151 2160 16
2189 2108 2355 2178 μηδὲν
2383 2110 2720 2176 ἀκούσαντας
2754 2113 2878 2166 ἰδεῖν
2915 2116 3324 2186 παρα-γινόμενα
3352 2118 3398 2148 ⁷⁸
3426 2119 3495 2172 τὰ
3526 2122 3666 2191 πρά-

2093 2216 2296 2268 γματα,
2336 2200 2536 2271 πολλὴν
2561 2203 2731 2255 ἐποίει
2767 2204 2865 2273 τὴν
2893 2204 3151 2274 ἔκπληξιν
3185 2207 3278 2259 καὶ
3302 2208 3393 2262 τὸν
3416 2209 3662 2280 θόρυϐον·

2091 2288 2230 2342 οὕτω
2275 2291 2370 2342 καί
2403 2291 2463 2343 16
2503 2291 2680 2346 πάντα
2720 2293 2909 2364 μαθεῖν
2959 2295 3237 2350 καθεύδειν
3288 2300 3664 2370 παρεσκεύαζε

2091 2381 2178 2432 τὸν
2229 2383 2523 2453 ἀκροατὴν,
2568 2385 2663 2438 καὶ
2706 2389 2820 2450 τοῖς
2861 2387 3270 2455 εὑαγγελισταῖς
3313 2391 3464 2443 οὐδὲν
3514 2394 3664 2461 ἠφίει

2091 2472 2270 2527 πλέον.
2309 2475 2370 2526 Ei
2396 2474 2451 2527 δὲ
2474 2477 2600 2546 περὶ
2629 2477 2729 2546 τῆς
2759 2479 3092 2548 προφητείας
3113 2479 3499 2551 ἀμφιϐάλλοιεν
3535 2485 3665 2537 Ἰου-

2089 2563 2224 2616 δαῖοι
2277 2563 2544 2631 λέγοντες,
2603 2565 2682 2629 16,
2739 2568 2840 2631 Ἓξ
2894 2570 3194 2638 Αἰγύπτου
3249 2571 3512 2629 ἐκάλεσα
3555 2574 3664 2628 τὸν

2091 2657 2222 2708 υἱόν
2269 2672 2409 2724 μου,
2461 2656 2546 2706 ἐπ’
2588 2656 2766 2710 αὐτῶν
2815 2655 3082 2728 εἰρῆσθαι·
3134 2660 3382 2731 εἴποιμεν
3424 2663 3488 2716 ἂν
3525 2665 3660 2733 πρὸς

2090 2746 2304 2810 αὑτοὺς,
2353 2747 2434 2798 ὅτι
2481 2747 2572 2799 καὶ
2617 2739 2767 2809 οὗτος
2803 2749 3136 2819 προφητείας
3177 2752 3358 2820 νόμος,
3390 2755 3449 2805 τὸ
3488 2754 3659 2808 πολλά

2089 2835 2345 2898 πολλάκις
2379 2835 2629 2904 λέγεσθαι
2657 2836 2754 2907 μὲν
2781 2839 2867 2890 ἐπ’
2897 2838 3090 2906 ἄλλων,
3121 2840 3539 2910 πληροῦσθαιδέ
3571 2846 3657 2914 ἐφ’

2088 2929 2308 2999 ἑτέρων,
2341 2923 2449 2981 οἷον
2487 2928 2545 2980 16
2589 2929 2678 2980 ἐπὶ
2718 2928 2812 2981 τοῦ
2843 2929 3062 3000 Συμεὼν
3089 2933 3184 2984 καὶ
3215 2933 3345 2986 Λευῖ
3371 2937 3657 3007 εἰρημένον

2088 3020 2220 3072 ἐστί·
2252 3019 2530 3088 Διαμεριῶ
2561 3020 2670 3088 γὰρ
2705 3021 2945 3086 αὐτοὺς,
2983 3023 3167 3094 φησὶν,
3207 3024 3276 3076 ἐν
3309 3025 3523 3088 Ἰακὼϐ,
3557 3029 3654 3083 καί

2084 3109 2381 3177 διασπερῶ
2405 3109 2627 3176 αὐτοὺς
2649 3110 2718 3162 ἐν
2745 3110 3001 3178 Ἰσραήλ.
3038 3111 3293 3182 Καίτοιγε
3315 3116 3415 3168 οὑκ
3446 3118 3532 3170 ἐπ’
3558 3119 3656 3172 αὑ-

2083 3200 2189 3253 τῶν
2221 3200 2378 3253 τοῦτο
2415 3201 2655 3270 γέγονεν,
2683 3200 2795 3254 ἀλλ’
2820 3203 2912 3254 ἐπὶ
2934 3201 3040 3256 τῶν
3065 3204 3320 3272 ἐγγόνων·
3352 3207 3448 3259 καὶ
3478 3208 3536 3260 16
3559 3209 3654 3263 ἐπὶ

2081 3288 2174 3343 τοῦ
2218 3290 2438 3343 Χαναὰν
2480 3291 2536 3343 δέ
2573 3289 2721 3360 παρὰ
2751 3290 2842 3343 τοῦ
2881 3290 3006 3343 Νῶε
3038 3291 3250 3362 λεχθὲν,
3283 3295 3361 3356 είς
3391 3295 3516 3359 τοὺς
3555 3296 3655 3350 Γαο

2082 3381 2348 3445 ϐαωνίτας
2373 3383 2499 3445 τοὺς
2537 3381 2790 3450 ἐγγόνους
2817 3383 2861 3412 ⁷³
2883 3380 2977 3434 τοῦ
3002 3383 3222 3437 Χαναὰν
3247 3383 3428 3456 ἐξέϐη.
3455 3386 3564 3439 Καὶ
3591 3387 3654 3440 τὸ

2081 3475 2172 3530 ἐπὶ
2197 3476 2291 3529 τοῦ
2329 3472 2520 3527 Ἰακὼϐ
2547 3472 2718 3536 οὑτως
2749 3474 2846 3526 ἴδοι
2878 3491 2962 3536 τις
2991 3475 3058 3528 ἂν
3088 3476 3318 3546 συμϐάν·
3344 3479 3399 3530 αί
3431 3478 3538 3550 γάρ
3567 3481 3652 3532 εὑ-

2079 3567 2254 3637 λογίαι
2285 3569 2487 3622 ἐκεῖναι
2519 3567 2572 3620 αἱ
2593 3565 2868 3634 λέγουσαι,
2893 3568 3077 3622 Γίνου
3101 3567 3318 3636 Κύριος
3347 3570 3451 3624 τοῦ
3479 3571 3653 3626 ἀδελ-

2078 3657 2196 3728 φοῦ
2226 3674 2362 3724 σου,
2399 3659 2496 3712 καὶ
2524 3657 3123 3726 προσκυνησάτωσάν
3155 3675 3229 3714 σε
3257 3662 3310 3714 οί
3333 3661 3379 3693 ⁸ο
3405 3661 3518 3714 υἱοὶ
3546 3663 3652 3717 τοῦ

2079 3751 2300 3820 πατρός
2327 3768 2464 3818 σου,
2488 3752 2585 3805 οὑκ
2615 3751 2701 3806 ἐπ’
2730 3751 2891 3806 αὑτοῦ
2937 3752 3086 3816 τέλος
3118 3752 3292 3823 ἔσχον,
3331 3751 3482 3819 (πῶς
3519 3754 3649 3825 γὰρ,

2078 3843 2171 3896 τοῦ
2212 3843 2509 3907 δεδοικότος
2553 3845 2646 3897 καὶ
2690 3843 3005 3914 τρέμοντος,
3046 3846 3140 3898 καὶ
3192 3846 3449 3914 μυριάκις
3488 3846 3650 3901 αὑτὸν

2079 3933 2574 4006 προσκυνοῦντος)
2615 3934 2728 3986 ἀλλ’
2772 3936 2864 3987 ἐπὶ
2899 3935 3010 3987 τῶν
3053 3936 3290 4002 ἐγγόνων
3319 3936 3427 3989 τῶν
3461 3939 3645 3994 αὑτοῦ.

2085 4029 2147 4082 Ὃ
2183 4027 2247 4098 δὴ
2282 4026 2378 4078 καὶ
2407 4025 2641 4079 ἐνταῦθα
2687 4024 2831 4077 εῐποι
2864 4043 2947 4089 τις
2976 4026 3060 4080 ἄν.
3095 4025 3188 4088 Τίς
3218 4026 3327 4094 γάρ
3357 4026 3649 4096 ἀληθέστε-

2082 4142 2170 4197 ρος
2187 4125 2229 4157 "
2249 4125 2373 4187 Υἱὸς
2389 4124 2523 4177 Θεοῦ
2544 4122 2791 4194 λεχθείη;
2816 4125 2843 4176 6
2863 4124 3061 4194 μόσχον
3085 4123 3426 4195 προσκυνῶν,
3457 4127 3552 4178 καὶ
3570 4125 3648 4196 τῷ

2078 4213 2397 4284 Βεελφεγῶρ
2430 4213 2580 4287 [125]
2614 4216 2954 4287 τελούμενος,
3008 4219 3100 4272 καὶ
3145 4222 3268 4283 τοὺς
3321 4223 3468 4287 υἱοὺς
3501 4225 3643 4280 θύων

2075 4304 2185 4364 τοῖς
2208 4301 2517 4372 δαιμονίοις,
2551 4307 2584 4376 ἢ
2619 4309 2646 4360 6
2679 4309 2837 4377 φύσει
2871 4311 3017 4375 Υἱὸς,
3047 4315 3138 4364 καὶ
3171 4311 3260 4366 τὸν
3287 4318 3641 4386 γεγεννηκότα

2075 4393 2283 4461 τιμῶν;
2318 4396 2480 4448 Ὥστε
2522 4401 2569 4451 εί
2623 4401 2696 4470 μὴ
2740 4403 3071 4471 παρεγένετο
3121 4397 3292 4470 οὗτος,
3347 4406 3445 4461 οὐκ
3496 4408 3558 4462 ἂν
3610 4413 3639 4462 ι

2076 4483 2378 4552 προφητεία
2409 4485 2557 4550 τέλος
2586 4487 2741 4541 ἔλαϐε
2767 4490 2826 4543 τὸ
2855 4493 3147 4563 προσῆκον.

2141 4573 2182 4627 δ’
2190 4575 2353 4646 ,Ὅρα
2372 4577 2498 4644 γοῦν
2530 4579 2644 4644 πῶς
2673 4582 2802 4634 αὑτὸ
2827 4585 2920 4636 καὶ
2940 4587 2967 4637 6
2988 4585 3390 4659 Εὑαγγελιστὴς
3415 4591 3644 4646 αἰνίττε-

2071 4678 2158 4715 ται
2175 4662 2369 4732 λέγων,
2393 4667 2515 4721 Ἵνα
2537 4671 2840 4740 πληρωθῇ,
2865 4673 3074 4737 δεικνὺς
3103 4676 3183 4728 ὅτι
3205 4677 3302 4730 οὑκ
3320 4677 3384 4731 ἂν
3404 4680 3640 4750 ἐπληρώ.

2072 4754 2158 4823 οη,
2181 4757 2227 4808 εἰ
2250 4755 2324 4827 μὴ
2345 4761 2735 4830 παραγέγονεν.
2758 4765 2868 4832 Οὑχ
2885 4763 2958 4826 ώς
2985 4763 3141 4834 ἔτυχε
3169 4765 3224 4820 δὲ
3250 4769 3345 4820 καὶ
3372 4768 3469 4835 τὴν
3491 4772 3627 4844 Παρ⁹

2071 4845 2220 4936 θένον
2240 4846 2499 4920 λαμπράν
2520 4852 2676 4906 τοῦτο
2694 4856 2837 4905 ποιεῖ
2872 4854 2964 4906 καὶ
2997 4859 3288 4930 περιφανῆ.
3324 4861 3498 4934 Ὅπερ
3531 4866 3636 4936 γὰρ

2068 4932 2209 5006 εἶχεν
2236 4939 2263 4990 6
2291 4938 2458 5008 δῆμος
2481 4941 2632 5004 ἄπας
2658 4944 2715 4996 ἐν
2741 4945 3014 5015 ἐγκωμίου
3043 4949 3212 5014 τάξει,
3236 4951 3393 5005 τοῦτο
3417 4954 3510 5006 καὶ
3541 4957 3631 5008 αὑ-

2067 5027 2132 5096 τὴ
2160 5026 2344 5082 λοιπὸν
2375 5029 2521 5100 ἔχειν
2543 5032 2789 5101 ἠδύνατο.
2829 5037 3043 5111 Ἐπειδὴ
3069 5040 3176 5111 γὰρ
3210 5043 3349 5112 μέγα
3379 5046 3633 5115 ἐφρόνουν

2066 5119 2156 5171 ἐπὶ
2187 5120 2261 5190 τῷ
2288 5121 2529 5178 ἀνελθεῖν
2558 5125 2615 5192 ἐξ
2643 5127 2940 5195 Αἰγύπτου,
2974 5134 3067 5184 καὶ
3094 5135 3424 5205 ἐκόμπαζον.
3453 5140 3631 5210 Ὅπερ

2064 5204 2155 5262 οὖν
2191 5211 2284 5266 καὶ
2315 5215 2342 5266 6
2369 5214 2662 5287 Προφήτης
2692 5221 3058 5292 αἰνιττόμενος
3087 5204 3288 5294 ἔλεγεν·
3313 5228 3457 5297 Οὐχί
3488 5204 3628 5297 τοὺς

2063 5302 2454 5372 ἀλλοφύλους
2481 5309 2783 5380 ἀνήγαγον
2805 5314 2873 5367 ἐκ
2897 5317 3342 5383 Καππαδοκίας,
3367 5319 3461 5371 καὶ
3490 5320 3626 5386 τοὺς

2077 5393 2422 5463 Ἀσσυρίους
2451 5398 2521 5452 ἐκ
2541 5401 2804 5470 βόθρου;
2837 5406 2988 5459 Ποιεῖ
3016 5408 3108 5461 καὶ
3134 5409 3230 5478 τῆς
3265 5408 3536 5479 Παρθένου
3565 5410 3627 5463 τὸ

2069 5486 2385 5557 προτέρημα
2426 5491 2589 5543 ’τοῦτο
2611 5493 2672 5548 δ’.
2717 5496 2932 5550 Μᾶλλον
2983 5498 3040 5551 δὲ
3101 5500 3192 5552 καὶ
3237 5502 3264 5552 6
3298 5499 3422 5553 λαὸς
3464 5501 3556 5555 καὶ
3598 5504 3626 5557 6

441 5662 486 5748 ’ξ
521 5663 619 5716 καὶ
648 5660 766 5748 τρῦ]
916 5659 979 5714 Ε.
1022 5661 1368 5748 ῥςωηνμιξο
1398 5660 1698 5748 καίθάεεξεξ.
1777 5663 1934 5748 ζξξού]
1969 5669 1974 5715 1

2087 5662 2468 5748 {LnEpLAf‘mz
2492 5666 2654 5748 vulg‘o
2678 5665 2764 5718 σύ.
2785 5665 2916 5748 ἓῐρν
2948 5663 3133 5748 ἔλεγεν
3168 5664 3242 5748 Α..
3311 5662 3358 5694 ⁷⁵
3387 5680 3628 5748 μετανας

381 5733 622 5790 στάσεως
655 5735 780 5785 Sav.
810 5732 939 5786 Ben.

1041 5731 1317 5807 vir-xaris?
1356 5734 1548 5807 φυγεῖν
1580 5734 1675 5807 καλ.
1715 5731 1974 5802 μεθίστασ

2087 5735 2098 5807 1
2260 5735 2320 5788 ι).
2445 5739 2546 5788 An.
2588 5731 2744 5807 ᾉιψ.
2780 5737 2861 5787 δεῖ
2909 5750 3018 5807 οιιι.
3060 5732 3126 5807 (3.
3160 5734 3254 5785 καὶ

379 5803 854 5874 μετανίσταταιγιθ.
885 5803 978 5874 καὶ
1010 5802 1169 5874 πάλιν
1209 5803 1236 5852 6
1266 5801 1495 5874 ἅγγελος
1530 5801 1725 5871 μηνύει
1756 5807 1946 5870 φυγεῖν
1977 5801 2460 5874 καὶμεθίστασθαι
2495 5807 2558 5858 Δ.
2587 5806 2644 5858 Β.
2677 5805 2791 5857 fere
2822 5815 2876 5857 ul
2908 5803 3042 5856 ΕιΙίΙ.

3299 5735 3492 5802 φεύγει
3528 5735 3627 5789 καὶ

3122 5806 3166 5835 ⁷⁸
3199 5807 3624 5874 παραγενόμενα

381 5870 541 5950 ᾔδει.-
591 5875 638 5950 "f”
660 5870 1287 5950 6176‘)...15xyh6v..._ler
1401 5870 1500 5950 Ερ.
1528 5870 1693 5950 pum.
1772 5873 1816 5904 ⁸⁰
1851 5875 1896 5926 οἱ
1926 5892 1974 5930 οι

2087 5870 2124 5931 ἶ.
2161 5876 2219 5930 Ε.
2250 5873 2412 5931 ΕιιιΙι.
2490 5878 2530 5907 δι
2565 5874 2926 5943 ἀληθέστερον
2961 5885 3008 5927 cl
3037 5891 3152 5930 mox
3187 5870 3405 5945 λεχθείη
3425 5870 3493 5931 ἄν
3527 5877 3623 5948 Ep.

378 5945 423 5976 ²¹
452 5943 634 6012 τοῦ-ειιῖ
663 5938 802 5998 εἶναι
836 5938 993 5995 τοῦτο
1025 5941 1087 5997 Ι).
1121 5943 1274 5996 τοῦτο
1302 5938 1603 5998 εἷναιἘιῘιΙ.
