4058 6208
341 293 406 348 87
1057 296 1114 354 S.
1155 296 1441 358 JOANNIS
1481 297 1964 361 CilllYSilSTOlll
2006 301 2321 364 ARCHIEP.
2359 306 2904 368 CONSTANTI‘NOP.
3509 306 3581 361 33

326 445 390 487 se
419 430 634 488 itineris
663 425 918 486 comitem
950 427 1191 482 futurum
1222 427 1306 484 vel
1340 427 1797 488 descendentibus
1827 434 1907 487 vel

327 525 715 589 redeuntibus,
746 521 1096 577 subiudicans
1131 520 1252 577 illos
1287 538 1538 593 magnum
1579 524 1776 583 habere
1809 543 1906 582 co-

325 615 543 683 mitem,
569 630 756 672 recens
787 623 971 668 natum
1005 628 1259 684 puerum,
1284 615 1377 684 qui
1407 616 1591 670 statim
1623 627 1787 686 atque
1813 633 1910 686 apo

325 691 526 775 paruit,
568 705 746 761 omnia
794 707 1052 768 mutavit,
1079 715 1241 775 atque
1281 706 1332 760 id
1373 706 1568 772 effecit,
1609 709 1908 764 ut'iuimici

326 800 391 854 ad
431 799 572 852 hanc
603 799 961 854 meouomiam
996 797 1281 852 admodum
1319 799 1661 854 inservirent.
1694 800 1902 857 Etenim

328 892 464 962 magi
497 901 552 946 et
584 891 822 958 barbari,
856 900 1080 960 paterna
1113 893 1502 960 superstitione
1534 893 1742 958 relicta,
1777 895 1905 950 ado-

327 985 498 1038 raturi
529 984 781 1050 veniunt;
813 983 1086 1053 Augustus
1116 981 1568 1038 Bethlebemitico
1600 985 1776 1053 partui
1809 985 1906 1038 Ini-

327 1077 541 1142 nistrat,
574 1078 699 1131 dum
729 1092 953 1132 censum
988 1077 1102 1131 fieri
1127 1076 1316 1143 jubet;
1345 1073 1637 1147 Egyptus,
1667 1079 1792 1131 dum
1826 1078 1907 1130 fu-

325 1169 558 1238 gientem
588 1178 641 1222 et
674 1167 886 1222 insidiis
919 1168 1217 1237 appetitttm
1243 1168 1469 1236 excipit,
1497 1177 1678 1223 servat
1707 1169 1902 1236 ipsum,

327 1257 561 1327 hincque
592 1259 881 1327 quamdam
921 1257 1308 1314 familiaritatis
1343 1272 1465 1313 cum
1505 1260 1622 1329 ipso
1654 1261 1907 1314 occasio-

326 1365 447 1406 nem
488 1351 705 1420 accipit,
745 1359 801 1405 ut
846 1366 966 1404 cum
1009 1349 1157 1404 illum
1198 1361 1385 1418 postea
1425 1352 1636 1407 audiret
1671 1350 1738 1406 ab
1777 1365 1907 1421 apo-

325 1443 482 1497 stolis
529 1445 848 1512 praedicari,
893 1444 959 1500 de
1010 1444 1092 1498 bis
1139 1443 1487 1514 gloriaretur,
1532 1445 1673 1514 quod
1727 1445 1906 1514 ipsum

329 1533 499 1603 prima
535 1536 844 1604 excepisset

393 1695 460 1749 In
508 1693 744 1765 Egypto
785 1692 1020 1747 monachi
1074 1700 1121 1746 et
1163 1700 1317 1746 cretus
1361 1690 1632 1761 virginum.
1661 1688 1912 1757 —Atqui

321 1785 492 1840 solius
543 1784 840 1839 Palaestina:
899 1792 1015 1837 erat
1082 1783 1195 1835 hzcc
1258 1780 1610 1850 prmrogativa
1655 1797 1669 1832 :
1727 1793 1912 1832 verum

316 1874 590 1946 'IEgyptus
618 1873 908 1929 ferVentior
937 1873 1022 1926 illa
1061 1869 1176 1924 fuit.
1205 1870 1356 1925 Nunc
1381 1881 1531 1924 certe
1559 1870 1601 1924 si
1628 1884 1815 1939 pergas
1859 1870 1910 1921 in

324 1966 598 2021 desertum
649 1963 906 2034 Egypti,
955 1961 1148 2031 quovis
1194 1959 1440 2029 paradiso
1485 1960 1911 2030 praestantiorem

324 2055 666 2114 solitudinem
712 2053 981 2117 invenies,
1029 2060 1313 2106 sexcentos
1360 2050 1673 2120 angelorum
1719 2049 1914 2105 choros

325 2147 552 2204 humana
584 2147 771 2209 forma,
813 2152 1104 2214 martyrum
1137 2142 1384 2212 populos,
1414 2151 1586 2196 coetus
1625 2141 1911 2211 virginum,

325 2241 552 2296 solutam
580 2236 775 2292 diaboli
805 2235 1142 2308 tyrannidem
1177 2245 1362 2301 totam,
1393 2235 1589 2290 Christi
1618 2243 1795 2289 autem
1823 2248 1910 2288 re-

326 2348 486 2403 gnum
519 2343 828 2386 coruscans.
863 2327 1011 2383 lllam
1035 2342 1161 2382 vero
1195 2342 1314 2397 qua:
1344 2335 1642 2396 poetarum,
1672 2327 1913 2397 philoso-

326 2425 550 2494 phorum
599 2433 654 2478 et
691 2435 968 2492 magorum
1009 2427 1180 2474 mater
1219 2429 1352 2484 erat,
1377 2436 1496 2490 qum
1521 2435 1683 2476 omne
1707 2421 1914 2489 praesti-

323 2517 529 2586 giarum
573 2527 742 2584 genus
785 2513 1078 2573 invenerat,
1120 2510 1348 2581 aliisque
1390 2511 1702 2577 tradiderat,
1747 2513 1912 2576 illam,

325 2610 570 2678 inquam,
603 2605 806 2660 videbis
845 2604 912 2658 de
958 2602 1310 2673 piscatoribus
1356 2603 1694 2672 gloriantem,
1735 2612 1793 2659 et
1827 2605 1914 2658 illa

324 2699 537 2769 quidem
564 2705 740 2752 vetera
774 2695 954 2749 omnia
996 2693 1400 2762 despicientem,
1449 2694 1790 2764 publicanum
1827 2710 1918 2750 ve-

326 2806 386 2845 ro
427 2799 482 2844 et
525 2788 874 2843 tentoriorum
913 2783 1171 2838 artificem
1204 2784 1399 2854 ubique
1424 2784 1912 2852 circumferentem,

323 2899 384 2940 ac
435 2895 648 2938 crucem
695 2885 1215 2950 praemonstrantem.
1247 2877 1371 2930 Hzec
1404 2891 1563 2946 porro
1593 2893 1698 2931 non
1729 2877 1779 2931 in
1821 2892 1911 2932 ur-

323 2975 480 3029 bibus
520 2980 748 3034 tantum,
796 2968 889 3024 sed
920 2968 1080 3023 etiam
1125 2967 1178 3021 in
1216 2966 1432 3022 deserto
1461 2969 1630 3037 magis
1673 2983 1830 3037 quam
1862 2968 1917 3022 in

325 3064 565 3120 urbibus.
613 3063 714 3116 Per
742 3068 906 3115 totam
937 3058 1080 3114 enim
1125 3059 1401 3129 regionem
1429 3058 1588 3113 istam
1617 3058 1800 3114 videre
1829 3069 1912 3114 est

324 3156 519 3212 Christi
551 3153 872 3214 exercitum,
911 3151 1221 3222 regiumque
1261 3165 1500 3220 gregem,
1529 3166 1913 3221 supernarum-

325 3265 426 3319 que
455 3251 709 3304 virtutum
742 3250 902 3303 vitam
931 3265 947 3315 ;
980 3241 1151 3318 idque
1190 3263 1296 3302 non
1325 3247 1465 3318 apud
1494 3245 1640 3302 viros
1679 3255 1907 3314 tantum,

324 3343 417 3398 sed
461 3352 516 3398 et
543 3343 597 3397 in
647 3342 893 3397 muliebri
936 3356 1065 3395 sexu
1114 3341 1372 3410 reperias.
1411 3337 1621 3396 Etenim
1665 3337 1768 3394 illae
1804 3352 1909 3393 non

327 3437 501 3492 minus
549 3451 706 3506 quam
736 3435 834 3489 viri
878 3433 1355 3504 philosophantur,
1393 3445 1503 3488 non
1528 3441 1739 3488 scutum
1767 3432 1910 3486 acci-

328 3529 554 3598 pientes,
584 3543 754 3597 neque
776 3539 974 3595 equum
1003 3524 1446 3590 conscendentes,
1479 3531 1540 3580 ut
1562 3523 1754 3594 jubent
1781 3523 1913 3578 clari

327 3621 400 3676 illi
428 3621 737 3677 Graecorum
787 3618 1116 3688 legislatures
1152 3626 1208 3672 et
1253 3614 1595 3687 philosophi;
1647 3615 1741 3671 sed
1772 3613 1918 3670 aliud

328 3711 485 3781 longe
522 3711 736 3780 gravius
768 3708 965 3763 bellum
1009 3707 1328 3778 suscipiunt.
1364 3703 1662 3762 Commune
1688 3705 1830 3760 enim
1863 3713 1920 3761 el

327 3803 458 3872 ipsis
498 3812 551 3857 ct
577 3802 707 3856 viris
736 3801 930 3856 bellum
972 3808 1055 3854 est
1083 3807 1265 3854 contra
1297 3796 1568 3854 diabolum
1595 3807 1649 3852 et
1681 3806 1917 3868 potesta-

331 3903 408 3949 tes
438 3893 776 3948 tenebrarum
809 3910 822 3945 :
855 3890 920 3944 ad
951 3888 1254 3960 huiusmodi
1283 3903 1411 3943 vero
1448 3887 1728 3944 conflictus
1753 3902 1912 3942 num-

329 4000 490 4054 quam
515 3982 619 4036 illis
647 3996 807 4036 sexus
829 3979 1073 4035 debilitas
1096 3977 1476 4050 impedimento
1497 3987 1577 4033 est
1599 3993 1617 4045 ;
1641 3993 1745 4033 non
1773 3978 1916 4033 enim

331 4075 568 4145 corporis
595 4083 799 4139 natura,
839 4071 932 4127 sed
963 4070 1125 4126 animi
1159 4070 1432 4140 proposito
1459 4068 1763 4139 hujusmodi
1783 4084 1918 4139 pra!—

332 4167 398 4220 lia
421 4165 802 4221 decernuntur.
827 4163 1056 4233 Ideoque
1073 4176 1216 4230 saepe
1241 4160 1493 4216 mulieres
1521 4159 1712 4215 fortius
1757 4175 1920 4230 quam

331 4259 434 4312 viri
482 4265 892 4328 pugnaverunt,
942 4264 998 4309 et
1036 4251 1324 4324 insigniora
1369 4262 1564 4323 tropum
1609 4261 1916 4306 erexerunt.

332 4349 446 4406 Non
491 4352 563 4404 ita
593 4348 784 4404 ca'lum
822 4345 1161 4416 splendidum
1209 4355 1292 4400 est
1321 4343 1468 4399 vario
1502 4343 1598 4399 illo
1644 4344 1919 4399 stellarum

331 4443 518 4508 choro,
546 4452 602 4497 ut
625 4441 844 4512 Egypti
875 4437 1109 4494 solitudo
1128 4479 1146 4504 ,
1173 4453 1292 4509 quae
1323 4435 1557 4508 undique
1585 4437 1738 4494 nobis
1765 4436 1920 4494 exhi-

335 4535 422 4590 bet
451 4533 788 4589 tabernacula
819 4528 1226 4586 monachorum.

401 4706 455 4760 5.
493 4704 549 4760 Si
582 4703 700 4773 quis
725 4711 958 4757 veterem
989 4701 1132 4754 illam
1161 4694 1447 4772 ligyptum
1479 4702 1645 4768 novit,
1681 4697 1775 4756 Dei
1809 4701 1910 4756 ini-

333 4796 523 4850 micam
550 4803 602 4849 et
629 4791 914 4856 furentem,
941 4791 1117 4848 felium
1145 4792 1442 4859 cultricem,
1469 4805 1589 4864 qum
1618 4807 1779 4863 cepas
1806 4792 1919 4847 for-

334 4887 566 4942 midabat
609 4895 663 4939 et
717 4883 1002 4949 tremebat,
1051 4881 1138 4938 hic
1182 4884 1382 4954 optime
1419 4879 1616 4939 Christi
1670 4885 1919 4940 virtutem

333 4982 485 5036 sciet.
519 4981 630 5034 lmo
652 4994 780 5034 vero
816 4992 920 5031 non
949 4991 1082 5047 opus
1112 4987 1193 5032 est
1232 4974 1384 5032 nobis
1409 4977 1632 5033 vetustis
1660 4978 1921 5033 narratio-

333 5074 488 5127 nibus
524 5089 537 5124 :
568 5085 691 5125 nam
749 5069 1014 5140 hodieque
1071 5069 1270 5124 insana:
1325 5069 1463 5124 illius
1504 5069 1678 5139 gentis
1721 5083 1918 5125 monu-

333 5171 510 5218 menta
531 5169 839 5232 supersunt,
869 5176 986 5229 quae
1013 5161 1240 5229 priscam
1268 5160 1433 5230 ipsius
1459 5160 1748 5216 amentiam
1774 5161 1924 5216 testi—

332 5259 580 5311 ficantur.
619 5256 868 5309 Attamen
896 5252 949 5306 hi
976 5252 1069 5323 qui
1097 5252 1226 5308 olim
1258 5266 1450 5307 omnes
1490 5253 1540 5306 in
1570 5261 1768 5306 tantam
1798 5268 1920 5323 pro-

336 5357 589 5419 ruperant
616 5345 926 5411 amentiam,
957 5344 1025 5400 de
1054 5345 1205 5410 caelo,
1235 5343 1408 5416 deque
1435 5342 1739 5401 cazlestibus
1761 5344 1923 5400 rebus

344 5449 818 5520 philosophantur,
870 5455 1227 5518 patentesque
1268 5461 1446 5502 mores
1482 5447 1744 5512 derident,
1795 5461 1924 5500 avos

343 5555 466 5598 suos
508 5541 735 5596 miseros
769 5537 1081 5610 pradicant,
1129 5547 1181 5591 et
1223 5537 1570 5608 philosophos
1611 5539 1733 5594 illos
1773 5538 1924 5594 nihili

346 5632 600 5703 pendunt.
634 5631 711 5688 Ex
757 5630 888 5701 ipsis
908 5629 1050 5686 enim
1076 5629 1235 5685 rebus
1263 5630 1596 5686 edidiccrunt
1622 5631 1820 5700 priscas
1855 5631 1920 5686 il-

2015 418 2092 470 las
2129 415 2300 471 aniles
2332 415 2540 471 fabulas
2563 416 2832 471 ebriorum
2871 427 2990 470 esse
3018 415 3249 480 iuventa,
3285 431 3464 471 veram
3495 429 3592 473 au-

2017 518 2121 565 tem
2153 509 2466 580 sapientiam
2494 509 2640 564 caelis
2682 522 2801 564 esse
2839 507 3073 579 dignam.
3106 508 3230 563 Haec
3275 518 3356 564 est
3402 525 3522 579 quae
3564 525 3595 564 a

2018 599 2368 669 piscatoribus
2393 601 2703 654 annuntiata
2733 599 2860 668 ipsis
2888 597 3006 653 fuit.
3038 598 3266 669 ideoque
3290 615 3410 654 cum
3437 615 3596 654 accu-

2017 703 2130 745 rat:
2155 691 2461 762 dogmatum
2507 693 2730 746 veritate
2775 691 2990 745 multam
3034 691 3288 748 exhibent
3331 693 3464 747 bene
3510 695 3594 746 vi-

2015 779 2168 836 vendi
2199 781 2546 852 diligentiam.
2579 780 2850 852 Siquidem
2875 783 3016 837 exuti
3043 783 3202 838 rebus
3231 786 3435 838 cunctis
3459 799 3597 854 prae.

2014 875 2272 940 sentibus,
2297 873 2601 943 mundoque
2632 873 2890 932 crucifixi.
2916 875 3049 927 ultra
3082 875 3239 928 etiam
3272 875 3593 945 procedunt,

2014 965 2196 1020 labore
2220 965 2460 1034 corporis
2501 974 2710 1018 utentes
2750 964 2814 1017 ad
2845 965 3037 1018 victum
3071 967 3252 1034 egenis
3280 981 3597 1036 comparan-

2017 1056 2162 1110 dum.
2195 1056 2377 1125 Neque
2397 1056 2538 1111 enim
2561 1055 2941 1126 quiajejunaut
2966 1066 3020 1110 et
3049 1058 3284 1126 vigilant,
3314 1072 3371 1111 se
3399 1058 3596 1112 idcirco

2012 1147 2214 1204 dedunt
2249 1149 2380 1214 otio,
2430 1147 2524 1204 sed
2571 1157 2756 1203 noctes
2797 1149 3010 1219 hymnis
3052 1163 3114 1203 ac
3144 1149 3446 1219 pervigiliis,
3479 1150 3596 1204 dies

2017 1242 2262 1311 precibus
2283 1249 2336 1298 et
2359 1242 2508 1312 operi
2527 1256 2778 1295 manuum
2807 1240 3084 1310 deputant,
3113 1242 3336 1309 apostoli
3363 1241 3592 1295 studium

2013 1333 2300 1390 imitantes.
2328 1333 2384 1388 Si
2411 1333 2580 1400 enim,
2610 1331 2873 1404 inquiunt,
2905 1332 3012 1397 ille,
3040 1342 3147 1394 toto
3179 1332 3308 1386 orbe
3327 1332 3395 1385 ad
3422 1333 3592 1401 ipsum

2015 1423 2354 1493 respiciente,
2405 1433 2462 1478 ut
2512 1423 2700 1494 inopes
2739 1422 2926 1490 aleret,
2967 1423 3234 1476 officinam
3287 1423 3489 1489 habuit,
3543 1433 3596 1479 ct

2013 1526 2182 1572 artem
2231 1515 2494 1580 tractavit,
2550 1517 2820 1570 insomnes
2861 1516 3068 1568 interim
3117 1524 3300 1569 noctes
3351 1514 3590 1571 ducens:

2015 1605 2183 1660 multo
2214 1605 2381 1673 magis
2409 1619 2524 1669 nos,
2557 1606 2645 1675 qui
2674 1605 2727 1658 in
2765 1604 2976 1658 deserto
3007 1605 3322 1672 habitamus,
3356 1607 3594 1675 nihilth

2014 1710 2296 1751 commune
2321 1696 2577 1750 habemus
2597 1710 2717 1749 cum
2747 1695 2956 1750 urbium
2997 1695 3328 1761 tumultibus,
3355 1698 3592 1750 vacatio-

2014 1789 2094 1842 nis
2138 1788 2248 1842 otio
2292 1786 2358 1840 ad
2402 1787 2694 1854 spiritualia
2739 1801 2902 1856 Opera
2939 1787 3012 1841 uti
3046 1802 3139 1855 par
3165 1798 3267 1840 est.
3302 1782 3592 1842 Erubesca-

2013 1893 2128 1931 mus
2169 1876 2345 1946 itaque
2385 1889 2592 1939 omnes,
2642 1885 2696 1929 et
2723 1875 2934 1941 divites,
2979 1887 3028 1930 et
3074 1892 3352 1945 pauperes,
3381 1877 3593 1946 quando

2015 1970 2089 2023 illi
2131 1967 2258 2023 nihil
2298 1983 2518 2040 prorsus
2569 1968 2850 2034 habentes,
2896 1969 2996 2022 nisi
3036 1984 3230 2036 corpus
3285 1978 3488 2024 tantum
3538 1979 3594 2026 et

2011 2073 2220 2120 manus,
2267 2066 2527 2112 conantur
2567 2066 2621 2111 et
2661 2057 2988 2112 contendunt
3020 2067 3075 2111 ttt
3119 2058 3241 2112 hinc
3269 2059 3462 2114 victum
3494 2075 3590 2129 pa-

2009 2162 2127 2206 rent
2163 2152 2474 2221 egentibus:
2502 2167 2600 2207 nos
2630 2167 2777 2216 vero,
2822 2151 2946 2205 dum
2996 2150 3272 2205 iunttmcra
3320 2151 3464 2205 domi
3506 2168 3592 2208 re-

2009 2243 2220 2297 condita
2269 2239 2412 2309 sunt,
2463 2259 2528 2298 ne
2573 2243 2837 2312 superﬂua
2869 2241 3082 2312 quidem
3127 2243 3206 2296 his
3252 2242 3588 2298 adhibemus.

2007 2334 2176 2400 Quam
2230 2333 2425 2403 igitur,
2482 2348 2697 2404 quarso,
2766 2334 3160 2388 excusationem
3214 2335 3590 2403 proferemus?

2010 2441 2168 2494 quam
2222 2440 2610 2496 consequemur
2662 2425 2913 2479 veniam?
2964 2426 3120 2494 Atqui
3175 2425 3377 2495 cogites
3431 2427 3587 2481 velim

2007 2527 2258 2583 quantum
2297 2517 2381 2570 isti
2410 2517 2532 2569 olim
2566 2517 2803 2586 pecuniae
2829 2526 3094 2570 amatores
3120 2526 3293 2579 erant,
3327 2529 3583 2586 quantum

2006 2609 2140 2677 gula:
2166 2607 2348 2672 dediti,
2383 2623 2503 2661 cum
2532 2609 2740 2662 caeteris
2764 2607 2923 2660 vitiis.
2975 2607 3046 2660 lbi
3092 2610 3233 2661 enim
3276 2617 3428 2662 erant
3465 2610 3585 2664 olla:

2008 2711 2246 2766 carnium
2295 2709 2485 2780 (Exod.
2514 2709 2602 2763 16.
2633 2707 2700 2776 5)
2721 2748 2734 2771 ,
2774 2719 2904 2774 quas
2952 2714 3248 2758 memorant
3276 2705 3444 2760 Judzui
3476 2722 3490 2759 :
3520 2705 3589 2758 ihi

2011 2817 2196 2872 magna
2220 2801 2418 2855 ventris
2442 2797 2698 2870 tyrannis.
2733 2799 2978 2850 Attamen
3005 2796 3125 2865 quia
3148 2797 3450 2861 voluerunt,
3477 2812 3564 2849 mu
3581 2823 3593 2835 -

2012 2895 2102 2948 tati
2127 2902 2268 2958 sunt,
2302 2902 2354 2946 et
2385 2893 2502 2961 igne
2528 2889 2722 2944 Christi
2759 2897 3027 2957 suscepto,
3076 2888 3126 2942 in
3154 2888 3343 2942 celum
3370 2897 3590 2956 repente

2009 2985 2324 3040 advolarunt
2375 3002 2388 3037 :
2425 2987 2624 3052 quippe
2663 2982 2808 3050 prius
2855 2980 3187 3034 ardentior-cs
3233 2979 3352 3033 aliis
3404 2987 3588 3035 erant.

2010 3088 2170 3146 atque
2208 3075 2273 3129 ad
2302 3076 2434 3130 iram
2476 3081 2531 3127 et
2559 3073 2623 3127 ad
2651 3071 2896 3141 corporis
2925 3072 3246 3138 voluptatem
3280 3071 3587 3139 propensio-

2013 3184 2118 3235 res,
2159 3168 2502 3236 iucorporcas
2535 3173 2824 3234 potestates
2867 3161 3272 3217 mansuetudine
3310 3171 3365 3216 et
3389 3161 3589 3227 reliqua

2013 3259 2361 3328 philosophize
2386 3272 2495 3313 suae
2519 3255 2796 3312 tolerantia
2814 3243 3114 3309 imitantur.
3143 3253 3392 3324 Quisquis
3420 3253 3471 3306 in
3497 3254 3599 3308 hac

2013 3351 2229 3421 regione
2259 3349 2376 3418 fuit,
2409 3365 2526 3430 quae
2556 3348 2674 3404 dico
2697 3347 2845 3402 novit

2085 3529 2290 3584 Antonii
2347 3527 2526 3600 Magni
2573 3527 2934 3582 monachorum
2991 3525 3150 3597 patris
3199 3524 3392 3580 laudes.
3434 3557 3503 3567 —
3541 3527 3596 3582 Si

2011 3623 2131 3692 quis
2153 3638 2280 3677 vero
2307 3619 2647 3676 tabernacula
2689 3619 2775 3674 illa
2805 3632 3092 3688 numquam
3137 3617 3284 3682 adiit,
3313 3618 3512 3688 cogitet
3538 3619 3595 3671 il.

2013 3714 2120 3767 lum
2151 3713 2240 3783 qui
2269 3712 2524 3767 hactenus
2565 3711 2618 3765 in
2663 3711 2900 3764 omnium
2932 3710 3101 3764 fertur
3137 3724 3249 3775 ore,
3294 3725 3450 3779 quem
3478 3719 3593 3778 post

2009 3805 2282 3873 apostolos
2325 3804 2588 3876 [Egyptus
2633 3804 2750 3858 tulit
2779 3804 2990 3858 beatum
3034 3812 3086 3856 et
3129 3818 3375 3872 magnum
3426 3804 3595 3856 Antos

2013 3899 2183 3963 nium,
2227 3905 2281 3951 et
2327 3911 2508 3952 secum
2563 3902 2774 3965 reputet
2832 3894 2983 3948 illum
3039 3894 3089 3947 iu
3135 3894 3320 3948 eadem
3379 3894 3592 3962 regione

2013 3987 2194 4052 fuisse,
2229 3986 2280 4039 in
2306 4001 2406 4054 qua
2436 3985 2663 4039 Pharao.
2696 3984 2944 4037 Attamen
2977 3982 3107 4036 nihil
3140 3981 3262 4035 hinc
3285 3981 3590 4036 detrimenti

2011 4078 2236 4146 accepit,
2269 4075 2362 4131 sed
2391 4076 2550 4130 etiam
2574 4075 2750 4129 divina
2778 4073 2984 4127 visione
3013 4071 3261 4141 dignatus
3295 4081 3396 4135 est,
3427 4080 3481 4124 ct
3512 4081 3588 4125 ta-

2013 4167 2120 4220 lem
2147 4167 2308 4220 vitam
2356 4163 2621 4226 exhibuit,
2653 4162 2862 4232 qualem
2904 4161 3101 4216 Christi
3134 4160 3276 4231 leges
3305 4161 3590 4230 postulant.

2012 4259 2078 4312 Et
2107 4257 2208 4312 hoc
2233 4256 2366 4311 sciet
2394 4255 2634 4326 quisquis
2662 4263 2912 4309 accurate
2943 4253 3134 4308 librum
3167 4252 3374 4324 legerit,
3407 4255 3459 4308 iu
3488 4269 3590 4324 quo

2011 4358 2094 4404 est
2129 4349 2351 4403 historia
2380 4347 2502 4402 vita:
2543 4347 2662 4416 ejus
2684 4345 2785 4416 (α),
2835 4345 2922 4400 ubi
2969 4345 3188 4400 multant
3232 4344 3590 4416 deprehendet

2011 4441 2365 4513 prepbetiam.
2410 4439 2546 4495 Nam.
2585 4439 2671 4495 illa
2709 4453 2830 4509 quae
2882 4438 3133 4494 Arianico
3179 4439 3366 4494 morbo
3412 4449 3598 4511 captos

2011 4531 2359 4604 spectabant,
2415 4546 2622 4588 necnon
2667 4530 3044 4586 detrimentum
3096 4529 3220 4586 inde
3262 4545 3590 4587 emersurum

2011 4627 2406 4698 prmnuntiavit,
2457 4626 2566 4682 Deo
2607 4625 2792 4695 utique
2839 4623 3129 4689 revelante,
3177 4633 3231 4678 et
3273 4625 3447 4678 omnia
3478 4640 3596 4694 qum

2012 4720 2185 4776 futura
2228 4728 2381 4776 erant
2410 4734 2519 4787 prze
2561 4718 2729 4772 oculis
2770 4717 2868 4786 ipsi
2911 4725 3141 4785 ponente
3171 4731 3185 4768 :
3220 4716 3269 4769 id
3301 4717 3442 4786 quod
3472 4733 3590 4771 cum

2011 4813 2130 4866 aliis
2157 4811 2316 4867 etiam
2340 4809 2602 4880 adjunctis
2629 4809 2917 4862 maximum
2942 4818 3024 4862 est
3045 4806 3282 4862 veritatis
3306 4824 3590 4879 argumen-

2015 4913 2146 4968 tum,
2177 4901 2318 4973 quod
2359 4899 2605 4956 videlicet
2642 4897 2784 4953 nulla
2833 4897 3053 4952 haeresis
3098 4897 3256 4953 talem
3289 4898 3481 4954 habeat
3507 4902 3587 4954 vi-

2013 5011 2152 5050 rum.
2178 4993 2284 5050 Sed
2312 5010 2378 5049 ne
2407 4994 2545 5048 ultra
2581 4991 2695 5046 huic
2724 5007 2754 5046 a
2780 4991 2933 5047 nobis
2958 4990 3144 5047 audire
3166 4995 3420 5064 pergatis,
3457 4995 3500 5048 si
3531 4995 3594 5048 li-

2013 5088 2168 5143 brum
2198 5086 2250 5142 in
2275 5101 2380 5158 quo
2401 5085 2516 5140 inec
2543 5085 2740 5155 scripta
2760 5092 2884 5139 sunt
2910 5082 3117 5154 legatis,
3150 5097 3396 5140 accurate
3417 5089 3590 5138 Oltmizt

2027 5192 2269 5250 ediscere
2296 5183 2568 5258 poteritis,
2603 5191 2656 5238 et
2689 5182 2916 5237 multam
2960 5182 3082 5237 inde
3115 5183 3329 5237 haurire
3356 5183 3588 5253 philoso~

2028 5283 2233 5355 phiam.
2254 5277 2368 5332 Hoc
2391 5284 2570 5330 autem
2600 5291 2730 5347 rogo
2760 5292 2864 5330 non
2893 5287 2950 5331 ut
2976 5276 3170 5330 librum
3202 5275 3464 5330 adeamus
3484 5283 3616 5329 tan-

2071 5571 2144 5643 (ᾳ)
2178 5573 2260 5621 llic
2283 5573 2579 5643 hauddubie
2605 5573 2814 5643 loquitur
2835 5573 3027 5643 de_\'ita
3049 5581 3094 5625 S.
3123 5581 3307 5628 Antonii
3336 5591 3424 5642 per
3447 5583 3604 5635 Atltar

2009 5634 2195 5684 uasium
2218 5634 2634 5698 archiepisc0pum
2659 5634 3058 5686 Alexandrinum.
