4040 6208
520 316 539 331 .
583 277 788 346 59-175

597 418 734 472 tum,
767 408 865 463 sed
918 417 974 463 et
1031 425 1092 462 ea
1124 423 1243 477 qua:
1298 407 1372 460 ibi
1418 405 1619 475 scripta
1659 414 1792 461 sunt
1848 405 2150 465 imitemur,

586 528 768 583 neque
808 513 1013 577 locutu,
1057 514 1142 568 vel
1179 513 1562 567 educationem
1586 555 1600 579 ,
1628 515 1712 569 vel
1747 513 2017 583 majorum
2053 526 2155 566 no-

579 625 824 673 strorum
870 618 1173 688 nequitiam
1215 618 1601 675 obtendamus.
1652 618 1709 675 Si
1741 619 1888 675 enim
1919 618 2153 673 velimus

585 726 896 790 attendere,
932 725 1070 779 nihil
1124 726 1318 779 borum
1371 726 1535 781 nobis
1569 727 1962 797 impedimento
2021 726 2148 781 erit.

582 830 718 885 Nam
768 829 1043 884 Abraham
1096 830 1323 899 impium
1383 839 1593 900 patrem
1634 830 1850 896 habuit,
1898 830 1994 883 sed
2038 831 2159 902 ejus

584 935 891 1004 nequitiam
923 950 1032 988 non
1066 935 1317 1004 excepit;
1347 936 1611 989 Ezechias
1634 934 1779 988 filius
1798 935 2003 989 Acbazi
2034 935 2157 999 fuit,

584 1047 640 1092 et
688 1047 874 1092 tamen
904 1038 998 1092 Dei
1030 1039 1243 1093 amicus
1268 1039 1502 1093 effectus
1540 1051 1661 1105 est;
1706 1040 1909 1109 Ioseph
1942 1056 2071 1095 vero
2102 1041 2157 1094 in

585 1142 766 1197 media
796 1141 1029 1213 Egypto
1063 1142 1330 1197 castitatis
1364 1158 1568 1197 corona
1608 1145 1899 1200 redimitus
1934 1153 2050 1211 est;
2094 1162 2158 1201 ac

580 1255 693 1300 tres
720 1247 877 1316 pueri
902 1247 956 1301 in
992 1248 1169 1302 media
1193 1249 1491 1320 Babylone,
1517 1249 1683 1319 inque
1710 1250 1908 1305 mediis
1922 1250 2154 1318 ardibus,

592 1363 716 1402 cum
756 1350 1061 1421 Sybaritica
1112 1369 1303 1408 mensa
1346 1364 1606 1425 apparata
1660 1365 1825 1421 esset,
1887 1373 2155 1413 summam

577 1452 881 1510 exhibuere
911 1456 1346 1527 philosophiam;
1374 1469 1433 1513 ut
1455 1468 1511 1514 et
1538 1460 1749 1530 Moyses
1772 1462 1826 1515 in
1846 1460 2077 1533 Egypto
2100 1472 2157 1517 et

1334 266 1392 322 ὃ.
1432 266 1717 325 JOANNIS
1756 270 2245 330 CllllYSOSTOMI
2288 274 2603 333 ARClllEP.
2644 265 3192 329 CONSTANTINOP.

3616 262 3806 320 90-176

2260 402 2462 457 Paulus
2503 402 2559 456 in
2593 401 2726 456 orbe
2753 418 2767 455 :
2794 401 3044 469 nihilque
3084 399 3171 453 his
3203 396 3462 452 omnibus
3494 397 3561 451 ad
3605 398 3811 455 virtutis

2262 523 2487 562 cursum
2525 507 2628 561 fuit
2663 506 3081 578 impedimento.
3113 505 3238 558 llaec
3260 504 3443 573 itaque
3464 503 3645 557 omnia
3671 505 3811 575 cogi-

2256 620 2453 676 tantes,
2488 612 2807 667 occasiones
2853 621 2909 665 et
2950 610 3208 664 obtentus
3246 606 3560 677 huiusmodi
3608 607 3675 661 de
3707 623 3814 662 me-

2251 719 2342 773 dio
2377 719 2651 781 tollamus,
2699 716 3035 786 sudoresque
3064 730 3164 785 pro
3190 713 3398 767 virtute
3432 712 3690 766 sectanda
3719 711 3810 766 ad-

2258 840 2468 879 eamus.
2493 824 2582 879 Sic
2604 825 2751 878 enim
2791 824 2961 877 Deum
2991 820 3059 876 ad
3089 821 3352 890 majorem
3378 832 3506 887 erga
3534 832 3633 870 nos
3656 817 3815 872 bene-

2259 930 2557 984 volentiam
2615 929 3004 993 attrabemus,
3065 923 3589 995 impetrabimusque
3652 933 3715 977 ut
3770 924 3816 977 in

2258 1034 2657 1089 certaminibus
2702 1033 2862 1087 nobis
2887 1031 3208 1102 Opituletur,
3240 1038 3405 1098 atque
3440 1026 3661 1082 aeternis
3681 1027 3825 1081 frue-

2259 1160 2384 1198 ﬂllll‘
2417 1144 2639 1198 COI'ODiS
2668 1160 2682 1197 ζ
2715 1158 2851 1212 quas
2908 1141 3119 1196 utinam
3173 1154 3364 1194 οιηιιρε
3404 1151 3819 1205 consequantur,

2269 1252 2443 1321 gratia
2492 1260 2547 1305 et
2596 1248 2934 1319 benignitate
2997 1245 3216 1301 Domini
3269 1243 3443 1298 nostri
3494 1242 3623 1296 Jesu
3669 1241 3819 1295 Chri-

2262 1357 2352 1421 sti,
2396 1356 2483 1410 cui
2530 1355 2703 1425 gloria
2734 1363 2789 1409 et
2817 1352 3107 1423 imperium
3140 1352 3195 1404 in
3226 1348 3421 1404 swcula
3479 1346 3818 1401 seculorum;

2262 1463 2455 1517 Amen.

1961 2723 2303 2784 HOMILIA
2352 2724 2466 2783 1X.

576 2970 705 3027 Car.
734 2970 789 3037 2,
826 2988 879 3025 v.
912 2970 1002 3025 l6.
1054 2971 1195 3024 Tum:
1245 2970 1475 3024 Herodes
1516 2968 1695 3022 videns
1740 2967 1992 3036 quoniam
2030 2962 2156 3016 illu—

646 3092 734 3130 sus
772 3084 901 3129 esset
946 3094 978 3129 a
1040 3076 1228 3144 magis,
1268 3076 1439 3127 iratus
1483 3082 1558 3126 est
1604 3071 1759 3125 valde
1798 3078 1892 3124 :et
1950 3070 2159 3122 mitters

662 3181 849 3233 occidit
892 3196 1069 3232 omnes
1104 3195 1314 3249 pueros,
1352 3178 1441 3248 qui
1480 3186 1632 3230 erant
1668 3178 1722 3229 in
1758 3175 2075 3238 Bethlehem,
2114 3183 2161 3226 et

650 3282 706 3336 in
741 3283 978 3336 omnibus
1011 3282 1206 3350 ﬁnibus
1234 3282 1366 3353 ejus,
1408 3300 1439 3335 α
1470 3283 1669 3335 bimam
1708 3289 1756 3334 et
1780 3281 1944 3350 infra,
1980 3296 2163 3333 secun-

660 3388 786 3441 dum
828 3398 1032 3458 tempus
1064 3386 1203 3458 quod
1230 3388 1551 3457 exquisierat
1592 3405 1623 3441 τι
1660 3387 1850 3457 magis.

663 3608 716 3662 ι.
754 3604 915 3659 Certe
950 3621 1059 3659 non
1097 3604 1388 3675 oportebat
1416 3604 1569 3658 illum
1619 3604 1801 3667 irasci,
1845 3602 1939 3657 sed
1980 3602 2163 3672 potius

598 3711 795 3763 timere
821 3717 875 3762 et
906 3708 1218 3777 comprimi,
1256 3717 1421 3777 atque
1455 3707 1759 3776 intelligere
1794 3721 1851 3760 se
1888 3722 2004 3760 rem
2047 3714 2164 3759 ten-

587 3823 725 3877 tare,
758 3828 921 3882 quam
944 3827 1053 3865 non
1090 3822 1275 3882 posset
1303 3811 1567 3882 perlicere
1592 3813 1630 3865 ⁸.
1663 3810 1733 3866 At
1762 3811 1852 3865 ille
1876 3825 1983 3864 non
2008 3826 2163 3864 coer-

592 3928 770 3973 cetur.
795 3917 1026 3985 Quando
1059 3917 1205 3971 enim
1236 3916 1521 3987 improbus
1550 3917 1766 3971 animus
1798 3925 1854 3971 et
1882 3916 2160 3970 insanabi-

592 4024 666 4079 lis
696 4032 799 4085 est,
837 4022 974 4078 nulli
1004 4022 1151 4077 cedit
1174 4037 1203 4075 a
1228 4022 1341 4076 Deo
1372 4036 1645 4076 concessa:
1684 4020 1987 4076 medicinze.
2025 4020 2159 4075 Vide

594 4129 764 4200 igitur
790 4128 944 4182 illum
972 4126 1255 4197 prioribus
1298 4126 1640 4181 insistentem
1663 4168 1677 4191 ,
1719 4136 1775 4181 et
1799 4127 2000 4182 ea-dem
2024 4126 2157 4182 cazdi

580 4237 927 4305 jungentem,
961 4241 1123 4300 atque
1149 4247 1247 4301 per
1274 4233 1573 4302 praecipitia
1600 4233 1845 4303 undique
1883 4242 2156 4289 ruentem.

582 4341 718 4396 Nam
754 4338 912 4408 quasi
942 4354 972 4391 a
1002 4339 1239 4407 quodam
1278 4338 1524 4394 daemone
1561 4340 1664 4394 hac
1714 4342 1794 4393 ira
1842 4342 2155 4410 invidiaque

584 4443 847 4512 percitus,
875 4441 1026 4495 nulla
1070 4441 1283 4496 ratione
1321 4442 1591 4506 frenatur,
1625 4444 1721 4498 sed
1754 4454 1942 4498 contra
1978 4446 2149 4513 ipsam

585 4550 720 4604 furit
743 4557 1016 4615 naturam,
1055 4547 1324 4617 iramque,
1356 4562 1517 4616 quam
1538 4558 1726 4601 contra
1745 4564 1928 4618 magos
1952 4549 2055 4602 sibi
2090 4550 2150 4603 il-

585 4654 838 4710 ludentes
858 4662 1203 4724 conceperat,
1232 4665 1421 4707 contra
1454 4652 1697 4707 insontes
1728 4668 1927 4721 pueros
1952 4668 2155 4708 exone-

586 4769 687 4823 rat,
719 4759 898 4813 simile
944 4758 1157 4813 facinus
1187 4758 1241 4812 in
1267 4757 1555 4813 Palaestina
1590 4772 1876 4829 aggressus
1904 4758 1955 4812 ei
2005 4758 2151 4827 quod

588 4864 722 4918 olim
757 4864 812 4917 in
843 4862 1075 4933 Egypto
1098 4872 1474 4932 perpetratum
1510 4862 1710 4916 fuerat.
1736 4860 1868 4915 Nam
1904 4861 1999 4927 ait,
2026 4861 2151 4916 Mit-

585 4979 699 5024 tens
730 4969 914 5025 occidit
938 4986 1115 5022 omnes
1142 4987 1328 5037 pueros
1354 4974 1408 5025 in
1430 4970 1748 5036 Betltleltem,
1771 4979 1820 5024 et
1842 4972 1895 5024 in
1914 4970 2152 5027 omnibus

583 5075 775 5143 ﬁnibus
832 5078 967 5143 ejus,
1014 5092 1046 5127 a
1083 5074 1282 5128 bimatu
1316 5084 1363 5128 et
1409 5078 1573 5144 infra,
1625 5078 1908 5131 secundum
1950 5086 2153 5149 tempus

585 5178 723 5250 quod
775 5180 1097 5245 exquisierat
1142 5197 1172 5232 ιι
1209 5181 1396 5251 magis.
1435 5179 1534 5235 Hic
1566 5181 1703 5235 mihi
1749 5182 2041 5253 diligenter
2071 5191 2155 5237 at-

647 5445 665 5477 ί
709 5440 995 5517 S_iC_Savil._
1021 5450 1074 5517 et
1113 5458 1286 5515 omnes
1320 5460 1449 5517 pene
1484 5446 1811 5517 bisquorel.
1849 5450 2075 5517 legit_._....
2100 5462 2153 5499 se

586 5513 911 5615 remrtenmre
952 5507 1175 5571 stultum;
1216 5507 1287 5558 sic
1319 5507 1467 5560 etiam
1511 5507 1637 5572 legit
1678 5507 1928 5573 Georgius
1964 5510 2153 5574 ἰ’τερυο

583 5581 673 5618 Iun
701 5583 792 5619 ius.

2263 2963 2490 3020 tendite.
2533 2964 2748 3019 Etenim
2783 2966 2941 3020 multi
2992 2967 3225 3038 plurima
3277 2971 3422 3026 circa
3464 2987 3668 3043 pueros
3694 2976 3831 3029 istos

2262 3079 2559 3140 uagantur,
2590 3072 2915 3143 iniustitiam
2938 3074 3067 3129 facti
3092 3076 3473 3144 criminantes;
3498 3080 3588 3134 alii
3609 3080 3834 3151 quidem

2262 3176 2569 3232 modestius
2619 3177 2721 3231 hac
2754 3176 2823 3230 de
2874 3194 2931 3233 re
2978 3179 3146 3234 dubia
3190 3194 3536 3252 proponunt;
3572 3185 3664 3239 alii
3707 3203 3836 3241 vero

2264 3283 2528 3338 audacius
2556 3292 2611 3338 et
2664 3284 2946 3340 furiosius.
3001 3286 3071 3342 Ut
3115 3288 3283 3358 igitur
3325 3289 3427 3345 hos
3455 3291 3524 3345 ab
3569 3295 3833 3356 amentia,

2262 3387 2399 3442 alios
2430 3404 2460 3441 a
2480 3388 2828 3444 dubitatione
2867 3390 3188 3456 liberemus,
3220 3393 3495 3462 patienter
3522 3411 3621 3450 nos
3644 3398 3835 3452 audite

2261 3492 2329 3547 de
2362 3493 2453 3547 tali
2487 3503 2809 3563 argumento
2840 3494 3085 3550 breviter
3115 3496 3479 3566 disputantes.
3517 3499 3650 3553 Nam
3684 3502 3736 3556 si
3772 3517 3834 3557 ea

2262 3601 2329 3656 de
2361 3616 2421 3655 re
2452 3601 2841 3664 criminantur,
2873 3602 3018 3671 quod
3043 3618 3338 3672 puerorum
3372 3604 3549 3659 aedes
3587 3607 3835 3676 neglecta

2262 3705 2449 3768 fuerit,
2482 3705 2849 3759 criminentur
2875 3706 3039 3760 etiam
3059 3706 3129 3761 ob
3156 3706 3389 3761 militum
3410 3708 3631 3763 Petrum
3648 3721 3838 3765 custo-

2261 3809 2530 3865 dientium
2581 3825 2795 3866 necem.
2834 3811 3306 3878 Quemadmodum
3349 3813 3495 3867 enim
3526 3812 3618 3867 hic
3656 3830 3836 3884 puero

2262 3913 2524 3984 fugiente,
2557 3914 2648 3968 alii
2680 3915 2835 3986 pueri
2869 3931 2970 3985 pro
3008 3930 3075 3969 eo
3114 3916 3207 3986 qui
3244 3917 3593 3986 quaerebatur
3623 3918 3840 3974 interii-

2264 4019 2523 4074 ciuntur:
2548 4020 2620 4074 ita
2641 4028 2769 4075 tunc
2787 4037 2909 4075 cum
2925 4022 3122 4076 Petrus
3147 4037 3446 4077 excareerc
3468 4032 3524 4077 et
3547 4024 3839 4078 excatenis

2261 4127 2329 4182 ab
2353 4126 2545 4197 angelo
2576 4126 2839 4180 liberatus
2861 4134 3025 4190 esset,
3044 4124 3264 4195 quidam
3292 4134 3523 4196 tyranno
3544 4127 3770 4181 nomine
3786 4136 3840 4180 et

2265 4233 2514 4288 moribus
2532 4232 2753 4298 similis,
2772 4247 2902 4286 cum
2919 4247 3044 4285 eum
3060 4232 3368 4301 qumsissct,
3394 4247 3496 4287 nec
3510 4232 3836 4297 invenisset,

2264 4336 2471 4391 milites
2509 4335 2603 4406 qui
2627 4351 2753 4390 eum
2786 4334 3703 4405 custodiebantproillointerfecit
3734 4335 3835 4405 (ο).

2258 4443 2325 4496 Et
2352 4443 2485 4512 quid
2512 4444 2649 4497 hoc?
2675 4442 2925 4512 inquies;
2951 4442 3067 4497 hazc
3096 4457 3206 4496 non
3226 4452 3308 4497 est
3323 4443 3545 4506 solutio,
3563 4442 3657 4497 sed
3677 4442 3839 4497 addi-

2260 4555 2564 4601 tamentum
2593 4548 2659 4600 ad
2683 4549 3063 4616 quaestionem.
3095 4545 3211 4603 Hoc
3238 4547 3376 4602 bene
3401 4547 3526 4601 novi
3552 4562 3685 4617 ego:
3710 4548 3839 4632 ideo

2260 4660 2371 4715 lucc
2392 4658 2568 4714 omnia
2596 4664 2649 4713 In
2680 4657 2913 4713 medium
2938 4655 3173 4728 profero,
3201 4666 3259 4711 ut
3281 4658 3526 4713 omnibus
3550 4675 3711 4714 unam
3746 4657 3844 4714 ad-

2259 4752 2380 4807 dam
2408 4750 2745 4805 solutionem.
2773 4749 3025 4816 Quaenam
3059 4748 3221 4818 igitur
3261 4758 3339 4802 est
3385 4747 3470 4800 illa
3511 4747 3751 4799 solutio?
3792 4756 3847 4799 et

2259 4859 2413 4913 quam
2439 4842 2763 4913 probabilem
2782 4841 3102 4896 solutionem
3124 4840 3315 4895 afferre
3341 4840 3657 4909 possumus?
3680 4840 3844 4895 Chri-

2262 4968 2405 5013 stum
2432 4957 2640 5011 scilicet
2662 4971 2771 5008 non
2794 4952 2963 5007 fuisse
2986 4951 3120 5022 ipsis
3139 4950 3288 5003 necis
3309 4962 3550 5009 causam,
3571 4944 3665 4999 sed
3688 4943 3843 5003 regis

2262 5066 2667 5127 crudelitatem,
2681 5059 3140 5132 quemadmodum
3153 5071 3334 5126 neque
3352 5055 3459 5109 illis
3473 5054 3719 5114 Petrum,
3740 5049 3845 5105 sed

2323 5320 2393 5382 (η)
2418 5316 2554 5382 Quod
2578 5316 2657 5363 hic.
2681 5314 2799 5382 dicit
2817 5313 3210 5382 Chryse-stemus,
3236 5302 3702 5382 “mortemne-lapso
3732 5298 3843 5382 ἰξε-

2260 5360 3121 5439 trdfinilitve—scustodesioecidisse,
3156 5360 3265 5418 cum
3284 5369 3463 5439 .(irzeeo
3495 5360 3730 5439 clauum}:
3760 5360 3842 5439 lii,

2263 5421 2729 5500 edn-sinuattuhi
2748 5421 2963 5500 dicitur,
3000 5421 3245 5500 ξκέλὲνσεγ
3275 5430 3563 5500 ingemat,

2256 5482 2878 5566 flavﬁi‘l’l’ﬁgﬁlh‘lvl‘l‘lldttfi.7
2978 5496 3052 5546 sic
3084 5482 3461 5555 intelligendum
3487 5482 3682 5535 videtur
3704 5482 3846 5530 illud

2260 5558 2499 5625 Vulgata,
2515 5558 2663 5622 jussit
2681 5573 2763 5611 eos
2786 5558 2915 5609 duci.
