4058 6208
340 290 559 346 8ί)..1ῖδ

1459 311 1519 364 IN
1563 307 1969 366 MAT'I‘IIEUM
2013 309 2244 365 "05th
2292 307 2379 364 IX.

3379 312 3472 368 90-
3487 314 3506 366 ί
3521 318 3586 373 76

353 419 602 474 ἐννοείτω
634 421 725 476 τὸν
758 420 915 492 μέχρι
966 419 1059 473 νῦν
1103 418 1162 472 ἐν
1210 419 1325 484 τοῖς
1371 417 1626 473 ἀπάντων
1667 415 1928 488 στόμασιν
2021 415 2225 488 τροφὴν
2252 454 2268 479 ,
2309 417 2444 485 μήτε
2491 413 2765 485 προγόνων
2826 413 3088 484 πονηρίαν
3139 407 3590 482 προϐαλλώμεθα.

348 507 496 570 ὄντα,
523 508 583 562 ὃν
615 511 752 582 μετά
785 511 908 572 τοὺς
943 509 1296 572 ’Λποστόλους
1329 509 1362 578 ἡ
1401 508 1673 577 Αἴγυπτος
1704 507 1923 576 ἤνεγκε,

346 597 440 651 τὸν
474 601 742 671 μακάριον
762 599 854 653 καὶ
882 599 1051 670 μέγαν
1080 599 1384 663 Ἀντώνιον,
1411 598 1502 652 καὶ
1524 597 1822 666 λογιζέσθω
1845 598 1924 652 ὅτι

344 691 440 742 καὶ
483 684 636 753 οὗτος
662 693 720 743 ἐν
749 690 930 761 ἐκείνῃ
957 692 1020 760 τῇ
1048 689 1201 761 χώρα
1231 690 1471 758 γέγονεν,
1505 691 1562 744 ὲν
1677 688 1774 741 καὶ
1812 690 1923 740 Φα-

346 779 494 850 ραώ·
537 779 649 833 ἀλλ’
674 782 822 850 ὅμως
871 780 1020 832 οὐδὲν
1075 780 1412 851 παρεόλάϐη,
1447 779 1582 833 ἀλλά
1633 779 1725 832 καὶ
1777 778 1924 843 θείας

343 868 516 938 ὅψεως
543 868 877 940 κατηξιώθη,
912 869 1008 924 καὶ
1035 869 1271 924 τοιοῦτον
1302 868 1617 933 ἐπεδείξατο
1644 867 1777 938 βίον,
1813 863 1924 920 οἷον

340 963 389 1014 οἱ
424 960 517 1014 τοῦ
551 961 787 1030 Χριστοῦ
815 962 966 1030 νόμοι
993 960 1233 1031 ζητοῦσι.
1263 961 1370 1014 Καὶ
1410 959 1565 1014 τοῦτο
1609 957 1814 1012 εἴσεταί
1841 975 1924 1023 τις

343 1051 482 1121 μετά
509 1052 813 1126 ἀκριϐείας,
846 1053 1082 1124 ἐντυχὼν
1110 1052 1188 1123 τῷ
1219 1051 1406 1122 βιϐλίῳ
1433 1049 1511 1121 τῷ
1542 1050 1640 1120 τὴν
1685 1049 1922 1120 ἱστορίαν

340 1143 516 1214 ἔχοντι
543 1145 642 1215 τῆς
671 1145 881 1198 ἐκείνου
912 1145 1076 1215 ζωῆς,
1105 1145 1164 1196 ἐν
1194 1136 1237 1212 ᾧ
1266 1143 1359 1196 καὶ
1389 1141 1588 1210 πολλὴν
1617 1140 1805 1209 ὖψεται
1823 1138 1921 1210 τὴν

341 1233 698 1305 προφητείαν.
724 1233 833 1285 Καὶ⁹
862 1232 970 1303 γὰρ
1000 1232 1126 1303 περὶ
1153 1231 1260 1285 τῶν
1287 1229 1356 1284 τά
1382 1229 1591 1300 Ἀρείου
1623 1225 1921 1282 νοσούντων

340 1323 760 1394 προανεφώνησέ
790 1341 847 1376 τε
881 1323 974 1376 καὶ
1002 1319 1123 1375 εἶπε
1158 1321 1256 1393 τὴν
1287 1321 1347 1386 ἐξ
1377 1321 1597 1373 ἐκείνων
1624 1319 1920 1392 μέλλουσαν

338 1411 580 1479 γίνεσθαι
612 1411 836 1482 βλάϐην,
861 1409 955 1464 τοῦ
977 1409 1112 1464 Θεοῦ
1135 1410 1405 1475 δείξαντος
1427 1409 1574 1480 αὐτῷ
1599 1407 1752 1480 [129]
1776 1408 1916 1473 τότε,

338 1503 430 1556 καὶ
475 1503 580 1574 πρὸ
622 1502 735 1557 τῶν
777 1501 1070 1573 ὀφθαλμῶν
1102 1501 1172 1555 τὰ
1212 1501 1472 1572 μέλλοντα
1502 1498 1920 1570 ὑπογράψαντος

336 1595 580 1650 ἅπαντα⁹
609 1595 639 1648 6
665 1595 729 1665 δὴ
766 1595 996 1664 μάλιστα
1025 1592 1164 1664 μετά
1186 1592 1294 1646 τῶν
1332 1592 1507 1646 ἄλλων
1537 1593 1636 1662 τῆς
1665 1591 1919 1660 ἀληθείας

335 1689 483 1741 ἐστὶν
531 1684 822 1751 ἀπόδειξις,
864 1685 960 1738 τὸ’
1012 1683 1214 1754 μηδένα
1263 1682 1371 1738 τῶν
1417 1681 1614 1749 ἔξωθεν
1656 1682 1917 1752 αἱρέσεων

336 1775 508 1844 ἄνδρα
539 1773 778 1828 τοιοῦτον
818 1772 980 1843 ἔχειν.
998 1772 1137 1825 Ἀλλ’
1166 1773 1252 1825 ἴνα
1281 1770 1355 1842 μὴ
1390 1771 1518 1842 παρ’
1544 1769 1699 1841 ἡμῶν
1744 1768 1916 1823 ταῦτα

338 1863 607 1935 ἀκούσητε
622 1863 663 1928 ³,
693 1867 805 1927 τοῖς
833 1867 1155 1936 γράμμασιν
1200 1860 1535 1930 ἐγκύψαντες
1573 1861 1685 1925 τοῖς
1715 1858 1809 1912 τοῦ
1834 1858 1914 1929 βιο

341 1953 510 2018 ϐλίου,
551 1955 724 2008 πάντα
753 1957 1061 2027 μαθήσεσθε
1102 1959 1238 2030 μετά
1265 1959 1569 2030 ἀκριϐείας,
1591 1958 1684 2013 καὶ
1711 1957 1910 2028 πολλὴν

342 2043 760 2112 παιδευθήσεσθε
785 2046 882 2118 τὴν
911 2047 1225 2118 φιλοσοφίαν
1259 2050 1486 2104 ἐκεῖθεν.
1513 2049 1680 2103 Τοῦτο
1722 2050 1779 2104 δὲ
1807 2067 1910 2104 παο

347 2135 585 2206 ρακαλῶ,
611 2137 710 2208 οὐχ
739 2138 825 2191 ἵνα
865 2140 1178 2212 ἐπέλθωμεν
1207 2142 1277 2196 τά
1318 2141 1676 2214 γεγραμμένα
1728 2142 1908 2214 μόνον,

343 2226 454 2280 ἀλλ’
479 2227 566 2281 ἵνα
599 2228 692 2282 καὶ
713 2228 1063 2303 ζηλώσωμεν,
1088 2231 1183 2288 καὶ
1213 2233 1350 2306 μήτε
1381 2232 1585 2304 χώραν,
1617 2234 1752 2306 μήτε
1779 2235 1911 2289 ἀνα-

412 2473 434 2501 ²
572 2469 658 2542 4τῷ
687 2470 821 2529 Edd.

929 2474 950 2507 ³
975 2472 1214 2547 ἀκούητε
1246 2474 1312 2534 Α.
1343 2473 1406 2535 Β.

339 2556 444 2594 νων
473 2540 607 2596 Edd.

348 2818 478 2844 ‘—-

1512 2479 1534 2509 ⁸
1562 2479 1920 2552 ἐπικειμένης
1944 2479 2008 2534 Α.
2042 2477 2102 2532 Β.
2142 2479 2205 2534 C.
2308 2483 2330 2515 ⁸
2357 2453 2798 2556 συνεφάπτεσθαι
2832 2490 2967 2549 Edd.

2025 509 2122 560 Ἂν
2171 507 2279 576 γὰρ
2314 505 2553 575 θέλωμεν
2594 506 2805 567 ἑαυτοῖς
2848 505 3154 573 προσέχειν,
3193 502 3344 555 ούδέν
3389 500 3594 553 τούτων

2026 599 2155 668 ἡμῖν
2179 596 2330 651 ἔσται
2358 596 2604 667 κώλυμα.
2623 597 2773 650 Ἐπεὶ
2805 597 2898 650 καὶ
2923 595 3170 666 Ἀϐραὰμ
3195 593 3364 662 ἀσεϐῆ
3385 591 3596 662 πατέρα

2026 689 2200 759 ἔσχεν,
2233 689 2346 742 ἀλλ’
2368 689 2426 741 ού
2451 687 2720 752 διεδέξατο
2744 689 2840 758 τὴν
2871 688 3240 760 παρανομίαν·
3273 686 3367 739 καὶ
3385 687 3413 738 6
3443 684 3597 747 Ἑζε-

2027 781 2151 843 κίας
2193 781 2284 834 τὸν
2317 780 2512 849 Ἀχαζ,
2544 779 2656 834 ἀλλ’
2680 781 2825 850 ὅμως
2853 775 3004 842 οὗτος
3042 780 3195 849 φίλος
3234 777 3313 849 τῷ
3341 777 3458 848 Θεῷ
3486 775 3602 845 ἐγέ-

2026 889 2172 926 νετο·
2200 871 2294 926 καὶ
2321 873 2349 925 6
2378 872 2574 943 Ἰωσὴφ
2601 871 2658 924 δὲ
2683 874 2741 925 ἐν
2771 872 2909 944 μέσῃ
2927 873 3048 924 τότε
3073 870 3328 940 Αἰγύπτῳ
3355 871 3481 932 τοὺς
3503 869 3602 939 τῆς

2030 963 2382 1034 σωφροσύνης
2414 964 2712 1032 ἀνεδήσατο
2749 966 3072 1032 στεφάνους
3124 964 3218 1017 καὶ
3246 965 3295 1016 οἱ
3327 963 3512 1026 παῖδες
3544 961 3602 1014 δὲ

2028 1055 2076 1108 οἱ
2109 1058 2256 1126 τρεῖς
2285 1057 2341 1108 ἐν
2370 1055 2647 1108 Βαϐυλῶνι
2683 1055 2841 1126 μέσῃ.
2873 1055 2966 1106 καὶ
2990 1056 3046 1106 ὲν
3069 1054 3215 1124 οίκίᾳ
3239 1054 3395 1126 μέσῃ,
3425 1053 3600 1105 Συϐα-

2031 1145 2244 1216 ριτικῆς
2273 1147 2682 1218 παρακειμένης
2701 1147 2721 1178 ⁸
2750 1145 3047 1218 τραπέζης,
3077 1143 3174 1215 τὴν
3197 1144 3370 1215 ἄκραν
3401 1143 3607 1196 ἐπεδεί-

2025 1239 2182 1302 ξαντο
2214 1240 2522 1310 φιλοσοφίαν
2542 1255 2554 1268 ·
2611 1239 2703 1293 καὶ
2752 1239 2986 1306 Μωῦσῆς
3017 1239 3073 1290 δὲ
3105 1239 3162 1289 ἐν
3188 1237 3464 1306 Αἰγύπτῳ,
3501 1240 3595 1290 καὶ

2022 1329 2051 1382 6
2079 1331 2286 1395 Παῦλος
2325 1333 2382 1384 ἐν
2421 1335 2486 1402 τῇ
2521 1331 2812 1402 οἰκουμένῃ
2831 1348 2843 1361 ·
2874 1331 2968 1383 καί¹
3008 1329 3157 1383 οὐδὲν
3185 1329 3358 1382 οὐδενὶ
3390 1329 3594 1383 τούτων

2025 1423 2240 1489 ἐγένετο
2269 1422 2491 1492 κώλυμα
2536 1423 2669 1493 πρὸς
2700 1422 2790 1476 τὸν
2830 1424 2928 1494 τῆς
2957 1421 3153 1492 ἀρετῆς
3183 1420 3396 1492 δρόμον.
3428 1418 3594 1474 Ταῦτ’

2024 1508 2116 1565 οὖν
2161 1513 2254 1565 καὶ
2298 1515 2455 1582 ἡμεῖς
2507 1513 2680 1566 πάντα
2725 1512 3049 1575 ἐννοοῦντες,
3081 1509 3177 1572 τὰς
3207 1509 3304 1579 μὲν
3338 1507 3597 1580 περιττὰς

2025 1602 2224 1665 ταύτας
2249 1603 2474 1673 σκήψεις
2500 1605 2592 1656 καὶ
2620 1603 2920 1673 προφάσεις
2940 1604 3002 1654 ἐκ
3027 1600 3192 1670 μέσου
3221 1597 3596 1668 ποιησώμεθα,
3701 1646 3706 1652 .

2024 1692 2133 1745 τῶν
2159 1692 2218 1745 δὲ
2242 1692 2380 1763 ὑπὲρ
2399 1693 2497 1763 τῆς
2518 1693 2717 1764 ἀρετῆς
2740 1691 2977 1763 ἱδρώτων
3008 1688 3290 1760 ἁψώμεθα.
3313 1687 3468 1740 Οῦτω
3489 1686 3599 1756 γὰρ

2026 1783 2120 1837 καὶ
2145 1784 2235 1837 τὸν
2265 1783 2396 1837 Θεὸν
2425 1784 2516 1836 ἐπὶ
2552 1783 2772 1854 μείζονα
2800 1780 3212 1850 ἐπισπασόμεθα
3240 1779 3472 1842 εῦνοιαν,
3505 1778 3599 1831 καὶ

2026 1874 2283 1945 πείσομεν
2313 1874 2757 1944 συνεφάψασθαι⁸
2782 1873 2891 1926 τῶν
2917 1872 3140 1941 ἀγώνων
3184 1872 3334 1942 ἡμῖν,
3364 1869 3458 1924 καὶ
3485 1868 3593 1922 τῶν

2025 1963 2254 2018 αἰωνίων
2295 1964 2672 2034 ἀπολαύσομεν
2711 1962 2997 2032 ἀγαθῶνσ·
3031 1957 3105 2016 ὧν
3142 1961 3350 2030 γένοιτο
3391 1959 3598 2022 πάντας

2024 2054 2172 2124 ἡμᾶς
2198 2054 2492 2124 ἐπιτυχεῖν,
2527 2054 2709 2125 χάριτι
2740 2052 2837 2108 καὶ
2868 2050 3248 2123 φιλανθρωπίᾳ
3276 2049 3369 2103 τοῦ
3393 2047 3598 2117 Κυρίου

2025 2145 2180 2218 ήμῶν
2222 2145 2396 2217 Ἰησοῦ
2436 2144 2695 2218 Χριστοῦ,
2723 2137 2768 2214 ᾧ
2815 2147 2847 2216 ὴ
2891 2143 3019 2209 δόξα
3062 2143 3156 2198 καὶ
3201 2142 3261 2195 τὸ
3292 2140 3490 2211 κράτος
3517 2141 3599 2203 εἰς

2023 2236 2149 2300 τοῦς
2175 2235 2376 2300 αἰῶνας
2399 2234 2508 2289 τῶν
2535 2234 2764 2290 αἰώνων.
2783 2235 2975 2306 Ἀμήν.

3076 2496 3097 2528 ⁸
3120 2494 3364 2568 ἀγαθῶν]
3405 2497 3610 2569 στεφά-

1701 3065 1855 3140 [150]
1895 3069 2139 3127 ΟΜΙΛΙΑ
2177 3071 2251 3130 Θ¹.

347 3311 483 3366 τότε
516 3310 662 3364 ἰδὼν
717 3307 972 3378 Ἡρώδης
1006 3305 1098 3362 ὅτι
1135 3303 1464 3376 ἐνεπαίχθη
1495 3308 1615 3364 ὑπὸ
1651 3309 1772 3363 τῶν
1808 3309 1924 3378 μά-

415 3399 556 3452 των,
611 3379 886 3452 ἐθυμώθη
924 3379 1072 3452 λίαν
1094 3395 1109 3410 ·
1163 3378 1260 3452 καί
1307 3379 1679 3452 ἀποστείλας
1723 3379 1928 3452 ἀνεῖλε

415 3448 648 3517 ,πάντας
692 3448 837 3517 τοὺς
865 3448 1086 3516 παῖδας
1112 3448 1258 3519 τοὺς
1295 3448 1366 3519 ἐν
1395 3448 1689 3519 Βηθλεὲμ,
1733 3449 1832 3519 καί
1861 3449 1932 3504 ἐν

415 3521 566 3576 πᾶσι
603 3521 729 3588 τοῖς
759 3521 946 3589 ὁρίοις
980 3517 1196 3587 αὐτῆς,
1229 3517 1350 3589 ἀπὸ
1386 3517 1636 3589 διετοῦς
1656 3517 1755 3572 καὶ
1785 3535 1928 3589 καττ-

415 3591 645 3678 ωςέρωη
670 3587 823 3647 κατὰ
860 3589 970 3645 τὸν
1005 3589 1254 3661 χρόνον,
1291 3588 1364 3644 ὃν
1414 3588 1717 3659 ἡκρίόωσε
1770 3587 1931 3657 παρὰ

417 3680 536 3716 των
561 3678 790 3734 parma

430 3887 498 3935 α’.
521 3882 630 3936 Καὶ
656 3885 766 3957 μὴν
786 3886 888 3942 οὐκ
909 3888 1079 3960 ἐχρῆν
1107 3890 1443 3964 θυμωθῆναι,
1473 3896 1610 3952 ἀλλὰ
1631 3897 1933 3970 φοϐηθῆναι

359 3971 450 4023 καὶ
505 3975 853 4046 συσταλῆναι,
895 3980 988 4034 καὶ
1040 3982 1167 4038 ίδεῖν
1206 3984 1288 4038 ὅτι
1337 3985 1622 4058 ἀνηνύτοις
1667 3991 1936 4061 ἐπιχειρεῖ

360 4061 694 4133 πράγμασιν.
713 4066 850 4120 Ἀλλ’
880 4068 942 4122 οὐ
968 4073 1582 4131 καταστέλλεται.”οταν
1614 4080 1722 4150 γὰρ
1752 4082 1931 4147 ἀγνώ-

360 4149 532 4242 μωνῇ
566 4155 711 4229 ψυχὴ
743 4157 838 4213 καὶ
866 4160 1103 4226 ἀνίατος,
1139 4164 1315 4219 οὐδενὶ
1345 4168 1479 4222 εῖκει
1513 4170 1622 4223 τῶν
1658 4149 1807 4242 παρά
1834 4172 1930 4226 τοῦ

350 4241 490 4297 Θεοῦ
514 4245 812 4318 δεδομένων
836 4251 1313 4327 φαρμάκων.⁸’ορα
1338 4256 1470 4325 γοῦν
1492 4260 1584 4312 καὶ
1611 4241 1798 4315 τοῦτον
1821 4265 1933 4325 τοῖς

356 4336 642 4407 προτέροις
683 4339 1173 4414 ἐπαγωνιζόμενον,
1209 4348 1302 4401 καὶ
1348 4349 1493 4421 φόνῳ
1531 4351 1756 4418 φόνουςτ
1803 4371 1930 4409 συν-

356 4425 615 4492 ἀπτοντα,
667 4430 762 4484 καὶ
802 4430 944 4486 κατά
988 4435 1234 4505 κρημνοῦ
1283 4439 1558 4510 πανταχοῦ
1610 4441 1927 4512 φερόμενον.

357 4513 526 4569 Ὦσπε
535 4534 566 4588 ρ
589 4517 698 4589 γάρ
719 4519 825 4574 ύπό
849 4538 992 4587 τινος
1017 4523 1269 4594 δαίμονος
1297 4526 1396 4597 τῆς
1418 4527 1587 4599 όργῆς
1613 4530 1816 4602 ταύτης
1837 4532 1932 4586 καὶ

353 4605 452 4676 τῆς
479 4605 777 4676 βασκανίας
808 4610 1214 4683 ἐκϐακχευθεὶς,
1243 4615 1455 4681 οὐδενὸς
1485 4621 1716 4673 ποιεῖται
1753 4620 1930 4690 λόγον,

353 4697 488 4753 ἀλλά
519 4698 615 4753 καὶ⁸
645 4701 787 4756 κατὰ
812 4703 912 4775 τῆς
939 4705 1152 4773 φύσεως
1189 4708 1359 4779 αὐτῆς
1396 4711 1666 4779 μαίνεται,
1695 4712 1791 4765 καὶ
1831 4711 1930 4783 τὴν

352 4791 522 4864 ὀργὴν
541 4793 640 4866 την
677 4796 818 4850 κατά
845 4795 952 4850 τῶν
993 4798 1372 4866 ἐμπαιξάντων
1413 4801 1624 4870 μάγων,
1654 4803 1794 4857 κατὰ
1821 4804 1931 4860 τῶν

357 4884 508 4939 οὐδὲν
546 4886 882 4958 ἠδικηκότων
936 4889 1139 4944 παίδων
1189 4891 1404 4963 ἀφίησι,
1453 4895 1708 4962 συγγενὲς
1748 4895 1932 4966 δρᾶμα

356 4977 464 5030 τῶν
494 4979 553 5032 ἐν
580 4977 838 5050 Αἰγύπτῳ
863 4981 1336 5051 γενομένωνιτότι
1359 4983 1416 5038 ἐν
1448 4984 1777 5057 Παλαιστίνῃ
1808 4987 1928 5040 τολ-

353 5067 488 5137 μῶν.
507 5069 900 5138 Ἀποστείλας
924 5072 1052 5144 γὰρ,
1079 5075 1258 5144 φησὶν,
1293 5076 1496 5131 ἀνεῖλε
1534 5078 1761 5145 πάντας
1787 5079 1924 5146 τοὺς

350 5153 568 5221 παῖδας
596 5156 734 5223 τοὺς
771 5157 841 5211 ἐν
872 5161 1139 5230 Βηθλεὲμ
1171 5163 1268 5215 καί
1307 5164 1376 5216 ὲν
1412 5164 1560 5220 πᾶσι
1590 5165 1714 5232 τοῖς
1744 5168 1926 5234 ὁρίοις

349 5247 561 5315 αὐτῆς,
595 5249 712 5304 ἀπὸ
741 5249 973 5318 διετοῦς
995 5255 1091 5308 καὶ
1126 5257 1448 5324 κατωτέρω,
1473 5259 1624 5313 κατὰ
1658 5260 1763 5313 τὸν
1787 5263 1923 5330 χρό-

349 5353 462 5391 νον
500 5337 573 5392 ὃν
614 5337 908 5408 ἠκρίϐωσε
955 5342 1115 5412 παρὰ
1144 5342 1260 5398 τῶν
1274 5345 1502 5416 μάγων.
1521 5348 1787 5402 Ἐνταῦθά
1835 5367 1926 5419 μοι

355 5428 493 5494 μετά
539 5427 825 5499 ἀκριϐείας
869 5433 1186 5503 προσέχετε.
1216 5434 1328 5488 Καὶ
1376 5435 1486 5507 γὰρ
1536 5437 1720 5492 πολλοὶ
1759 5439 1926 5492 πολλά

2037 3341 2365 3415 φλυαροῦσιν
2399 3341 2538 3412 ὑπὲρ
2573 3338 2680 3393 τῶν
2709 3337 2914 3393 παίδων
2953 3336 3174 3401 τούτων,
3206 3332 3417 3390 ἀδικίαν
3455 3331 3612 3407 ἐγκα.

2034 3435 2253 3500 λοῦντες
2279 3436 2393 3498 τοῖς
2425 3431 2807 3503 γεγενημένοις
2825 3448 2839 3462 ο
2883 3430 2975 3484 καὶ
3005 3430 3053 3482 οί
3089 3428 3188 3499 μὲν
3215 3429 3614 3502 ἐπιεικέστερον

2036 3526 2174 3598 ὑπὲρ
2205 3525 2383 3579 αὐτῶν
2413 3521 2780 3594 διαποροῦσιν,
2810 3521 2858 3574 οί
2897 3521 2954 3574 δὲ
2982 3519 3311 3592 θρασύτερον
3334 3521 3428 3574 καὶ
3456 3539 3613 3591 μανι-

2033 3617 2397 3688 κῶτερον.”ιν’
2427 3610 2521 3668 οὖν
2561 3614 2681 3677 τοὺς
2737 3613 2835 3684 μὲν
2881 3613 2980 3683 τῆς
3035 3613 3247 3682 μανίας,
3272 3613 3397 3675 τοὺς
3434 3613 3491 3666 δὲ
3513 3613 3613 3682 τῆς

2031 3709 2267 3780 ἀπορίας
2294 3705 2711 3776 ἀπαλλάξωμεν,
2741 3703 3040 3774 ἀνάσχεσθε
3068 3703 3262 3776 μικρὸν
3293 3703 3608 3774 διαλεγομέ-

2034 3819 2140 3854 νων
2172 3799 2328 3872 ήμῶν
2355 3799 2485 3870 περὶ
2504 3798 2525 3830 ’
2552 3798 2652 3867 τῆς
2685 3795 2994 3859 ὑποθέσεως
3012 3795 3232 3865 ταύτης.
3267 3796 3328 3849 El
3354 3794 3462 3866 γὰρ
3486 3795 3549 3864 δὴ
3567 3797 3611 3826 ‘°

2032 3889 2190 3945 τοῦτο
2239 3889 2578 3961 ἐγκαλοῦσιν,
2611 3889 2692 3942 ὅτι
2735 3885 3018 3958 περιῶφθη
3048 3886 3118 3940 τά
3147 3886 3331 3940 παιδία
3362 3885 3612 3956 ἀναιρού-

2038 3997 2193 4052 μενα,
2226 3979 2582 4049 ἐγκαλέσουσι
2602 3978 2643 4009 ¹¹
2682 3976 2776 4030 καὶ
2803 3979 2869 4047 τῇ
2899 3975 3006 4028 τῶν
3054 3975 3398 4044 στρατιωτῶν
3427 3978 3609 4044 σφαγῇ

2033 4071 2142 4124 τῶν
2167 4070 2257 4124 τὸν
2279 4071 2483 4141 Πέτρον
2513 4065 3124 4137 φυλαττόντων.”Ωσπερ
3141 4065 3249 4135 γὰρ
3268 4063 3497 4116 ἐνταῦθα
3516 4064 3610 4117 τοῦ

2035 4162 2246 4216 παιδίου
2277 4161 2558 4229 φυγόντος,
2591 4159 2755 4230 ἔτερα
2791 4155 2979 4209 παιδία
3010 4155 3130 4208 ἀντὶ
3157 4153 3252 4208 τοῦ
3281 4153 3608 4226 ζητουμένου

2034 4254 2472 4323 κατασφάττεται
2492 4270 2505 4283 ·
2537 4250 2679 4306 οῦτω
2727 4251 2790 4323 δὴ
2822 4250 2917 4304 καὶ
2946 4248 3068 4301 τότε
3088 4247 3132 4278 ¹⁹
3163 4247 3253 4301 τὸν
3283 4248 3488 4319 Πέτρον
3517 4248 3607 4302 τοῦ

2033 4343 2402 4416 δεσμωτηρίου
2429 4343 2524 4398 καὶ
2553 4342 2662 4397 τῶν
2695 4342 2936 4397 ἁλύσεων
2970 4340 3375 4408 ἀπαλλάξαντος
3404 4339 3496 4393 τοῦ
3519 4340 3610 4408 ἀγα

2033 4437 2214 4507 γέλου,
2245 4435 2534 4508 ὁμώνυμός
2570 4453 2654 4500 τις
2693 4433 2789 4489 τοῦ
2822 4434 3082 4506 τυράννου
3115 4431 3304 4486 τούτου
3341 4432 3435 4485 καὶ
3477 4431 3608 4502 ὁμό-

2035 4544 2232 4599 τροπος
2276 4526 2578 4598 ζητήσαςη
2621 4525 2714 4580 καὶ
2760 4527 2858 4597 οὐχ
2900 4523 3096 4594 εὑρὼν,
3144 4523 3269 4586 τοὺς
3311 4521 3607 4594 τηροῦντας

2032 4619 2193 4673 αὐτὸν
2241 4617 2576 4689 στρατιώτας
2623 4618 2940 4671 ἀπέκτεινεν
2984 4617 3098 4671 ἀντ’
3129 4614 3358 4668 ἐκείνου.
3402 4614 3512 4667 Καὶ
3553 4614 3605 4666 τί

2030 4709 2217 4775 τοῦτο;
2249 4707 2410 4779 φησί·
2436 4707 2594 4763 τοῦτο
2615 4709 2722 4781 γὰρ
2752 4711 2814 4762 οὐ
2838 4708 3010 4770 λύσις,
3035 4703 3170 4759 ἀλλὰ
3201 4703 3484 4774 προσθήκη
3511 4703 3600 4758 τοί

2031 4797 2383 4870 ζητουμένου.
2419 4793 2551 4852 Οἶδα
2597 4797 2754 4867 κάγὼ
2775 4839 2790 4861 ,
2847 4797 2940 4850 καὶ
2983 4796 3070 4851 διὰ
3115 4794 3271 4848 τοῦτο
3315 4795 3392 4856 είς
3442 4792 3604 4862 μέσον

2032 4889 2208 4943 πάντα
2237 4889 2389 4962 φέρω
2411 4890 2478 4944 τά
2511 4888 2754 4948 τοιαῦτα,
2780 4889 2866 4941 ἴνα
2897 4888 3028 4941 πᾶσι
3063 4885 3192 4958 μίαν
3223 4885 3485 4955 ἐπαγάγω
3505 4885 3604 4956 τὴν

2031 4982 2203 5035 λύσιν.
2236 4982 2331 5046 Τίς
2358 4978 2451 5035 οῦν
2473 4983 2589 5034 ἐστι
2617 4979 2821 5034 τούτων
2850 4982 2883 5051 ή
2910 4979 3092 5044 λύσις;
3124 4980 3216 5034 καὶ
3235 4979 3354 5033 τίνα
3376 4978 3442 5033 ἀν
3463 4979 3603 5049 ἔχοι-

2037 5074 2194 5143 μενίδ
2223 5073 2378 5141 λόγον
2408 5072 2764 5144 εὐπρόσωπον
2798 5073 3003 5137 είπεῖν;
3035 5072 3153 5125 Ὅτι
3182 5069 3280 5144 οὐχ
3311 5072 3340 5124 6
3367 5070 3600 5142 Χριστὸς

2031 5165 2132 5234 τῆς
2160 5163 2372 5234 σφαγῆς
2401 5164 2582 5226 αὐτοῖς
2609 5164 2779 5227 αῖτιος
2805 5163 3045 5232 γέγονεν,
3067 5162 3180 5216 ἀλλ’
3204 5164 3236 5232 ὴ
3266 5161 3485 5233 ὠμότης
3506 5159 3598 5214 τοῦ

2035 5252 2323 5326 βασιλέως·
2354 5253 2542 5324 ῶσπερ
2572 5248 2665 5308 οῦν
2695 5253 2814 5308 οὐδὲ
2854 5253 3080 5317 ἐκείνοις
3105 5255 3134 5308 6
3164 5253 3385 5325 Πέτρος,
3421 5250 3534 5305 ἀλλ’
3562 5251 3596 5322 ἡ

2038 5361 2188 5415 ἄνοια
2220 5358 2314 5410 τοῦ
2352 5353 2613 5425 ⁹Πρώδου.
2645 5355 2707 5408 Εἰ
2735 5354 2830 5424 μὲν
2859 5355 2968 5426 γὰρ
2999 5357 3173 5425 τοῖχον
3204 5354 3520 5424 διορυγέντα
3542 5347 3592 5404 εἷ

2033 5449 2141 5511 δεν,
2169 5449 2200 5514 ἢ
2234 5446 2399 5515 θύρας
2428 5443 2851 5511 ἀνατοαπείσας,
2881 5440 3026 5510 εἷγεν
3060 5443 3188 5507 ἴσως
3218 5442 3489 5512 ῥαθυμίαν
3517 5443 3600 5508 ὲγο

434 5739 458 5771 ν
485 5730 887 5819 φόνουςλφόνον
914 5731 1073 5819 add;
1122 5734 1495 5819 :‘yavoyztvwﬂ
1532 5736 1936 5819 πεπραγμένων
2153 5735 2502 5819 τελουμένων
2515 5736 2598 5819 ϐλ,
2648 5738 2670 5770 ⁸
2692 5735 2847 5819 περί]
2875 5736 3026 5819 ᾧπέρ,
3048 5736 3122 5819 Δ..
3262 5731 3446 5819 βίδήιι
3490 5731 3577 5819 διὶά

344 5802 403 5858 F.
488 5802 530 5838 “
565 5802 990 5874 ἐγκαλέσωσι-Ε.
1033 5803 1094 5859 F.
1127 5802 1224 5860 (ἰὰ.

348 5874 389 5905 ⁸⁸
416 5877 584 5946 ἔχοιεν
608 5871 672 5929 Ἀ.
711 5874 752 5926 C
811 5872 868 5923 Π.
904 5871 959 5924 Ρ.

1321 5809 1340 5838 ¹
1371 5801 1662 5877 καῖ’τότεῘ
1686 5801 1805 5858 τότε
1843 5823 1923 5860 καῖ

2030 5805 2110 5861 ιίά.
2149 5807 2267 5868 τότε
2310 5801 2416 5862 ὸηι.
2463 5807 2524 5860 Ε.
2558 5806 2619 5861 F.
2692 5808 2734 5838 ¹³
2767 5801 3028 5876 ζητήσας]
3059 5805 3181 5859 add.
3219 5803 3376 5857 αὐτόν
3403 5801 3468 5858 C.
3512 5801 3574 5860 Ε.
