4054 6210
348 293 440 344 Il'i

345 414 574 470 Herodis
595 421 900 470 amentiam.
923 409 1053 466 Nam
1078 409 1123 464 si
1155 409 1407 464 cll'ossum
1431 421 1642 462 murum
1670 407 1912 473 vidisset,

337 510 421 564 vel
452 515 634 579 portas
659 520 892 565 eversas,
915 503 1038 574 jure
1079 501 1217 556 forte
1265 499 1527 571 potuisset
1574 498 1794 563 milites,
1825 496 1916 568 qui

333 601 634 670 apostolum
684 595 1072 664 custodiebant,
1120 593 1454 665 negligentiae
1498 605 1788 648 accusare:
1820 606 1934 660 τεο,

333 706 451 745 rum
482 691 553 745 ibi
583 688 832 744 omniain
855 702 954 743 suo
982 695 1119 742 statu
1148 685 1431 740 manebant
1459 702 1472 736 :
1513 684 1690 754 janua:
1719 683 1916 738 clausae

332 794 508 845 erant,
538 791 738 836 catenas
763 779 1179 836 custodientium
1207 778 1454 832 manibus
1483 777 1707 846 alligata:
1733 775 1917 845 (erant

331 875 474 930 enim
505 874 577 928 illi
610 874 769 928 simul
799 889 919 929 cum
944 872 1106 928 Petro
1132 871 1351 939 vineti),
1393 877 1704 939 poteratque
1727 881 1790 921 ex
1835 864 1917 919 his

335 982 514 1023 secum
547 977 813 1036 reputare,
842 965 886 1020 si
913 965 1127 1036 quidem
1154 974 1300 1019 recte
1323 962 1637 1033 judicasset,
1662 957 1800 1030 quod
1826 971 1918 1029 ge-

327 1069 471 1114 stum
503 1059 675 1114 fuerat
718 1074 825 1112 non
872 1057 1098 1114 humana
1132 1058 1348 1118 virtute,
1380 1067 1564 1123 neque’
1595 1051 1780 1106 fraude
1821 1050 1917 1104 ali~

332 1169 458 1223 qua,
495 1153 590 1208 sed
620 1152 796 1207 divina
823 1151 1049 1221 quadam
1081 1165 1143 1204 ac
1175 1149 1400 1203 mirabili
1436 1147 1668 1216 potentia
1714 1145 1909 1199 factum

331 1245 516 1311 luisse,
557 1253 716 1314 atque
765 1244 912 1298 illum
960 1242 1205 1306 adorare,
1252 1240 1340 1309 qui
1386 1239 1499 1293 haec
1548 1238 1783 1301 fecisset,
1815 1251 1914 1292 nec

331 1351 520 1406 paruas
539 1336 605 1393 de
632 1335 940 1390 custodibus
963 1342 1240 1402 expetere.
1259 1330 1399 1386 Deus
1425 1331 1618 1398 quippe
1642 1328 1713 1382 ita
1739 1326 1918 1382 omnia

330 1425 478 1491 fecit,
511 1436 568 1482 ut
593 1441 696 1481 non
719 1425 877 1480 modo
907 1422 1156 1478 custodes
1184 1437 1287 1476 non
1314 1422 1595 1491 proderet;
1623 1419 1718 1474 sed
1757 1420 1918 1474 etiam

329 1530 391 1575 ut
420 1536 516 1591 per
552 1520 671 1574 illos
700 1533 881 1588 regem
913 1517 978 1570 ad
1006 1516 1282 1572 veritatem
1313 1514 1622 1567 adduceret.
1653 1512 1710 1566 Si
1739 1518 1918 1566 autem

327 1612 423 1666 ille
473 1611 750 1680 improbus
805 1609 1148 1677 ingratusque
1194 1607 1311 1672 fuit,
1342 1606 1468 1676 quid
1513 1605 1578 1658 ad
1625 1606 1918 1673 sapientem

325 1703 637 1758 animarum
667 1699 960 1764 medicum,
979 1699 1067 1768 qui
1090 1698 1264 1751 omnia
1293 1697 1480 1766 agebat
1506 1695 1571 1750 ad
1603 1694 1917 1750 beneﬁcium

325 1793 697 1863 pratstandum
728 1793 797 1858 ei,
828 1791 916 1861 qui
947 1791 1134 1846 morbo
1163 1789 1580 1858 inobsequentiae
1611 1787 1920 1842 laborabat?

315 1887 568 1957 Idipsum
601 1885 686 1939 hic
723 1899 933 1954 quoque
954 1881 1237 1938 dicendum
1284 1888 1386 1935 est.
1420 1878 1544 1945 Cur,
1578 1894 1611 1933 ο
1653 1879 1914 1943 Herodes.

319 1988 351 2027 a
388 1979 562 2048 magis
588 1977 775 2030 illusus
807 1976 972 2029 iratus
1005 1974 1108 2030 es?
1138 1988 1242 2027 non
1274 1987 1499 2026 noveras
1529 1970 1772 2024 divinum
1797 1985 1919 2026 esse

323 2069 582 2140 partum?
609 2083 789 2122 annon
842 2076 894 2120 tu
939 2066 1206 2135 principes
1244 2063 1584 2118 sacerdotum
1616 2062 1916 2117 advocave-

323 2162 457 2218 ras?
484 2176 660 2216 annon
703 2159 906 2214 scribas
927 2156 1390 2227 congregaveras?
1429 2169 1608 2208 annon
1650 2151 1820 2208 vocati
1843 2152 1915 2208 illi

323 2255 669 2328 prophetam,
693 2253 782 2324 qui
811 2252 925 2307 lucc
945 2253 1072 2307 olim
1107 2249 1573 2319 prannuntiaverat,
1596 2247 1662 2302 ad
1686 2245 1917 2302 tribunal

324 2360 481 2404 tuum
512 2344 888 2401 adduxerunt?
920 2358 1093 2397 annon
1135 2341 1313 2395 vidisti
1341 2351 1520 2395 vetera
1551 2340 1700 2394 novis
1724 2353 1919 2394 conso-

322 2437 504 2494 nare?
531 2451 709 2492 annon
737 2433 930 2489 audisti
949 2433 1158 2488 stellam
1187 2432 1268 2486 his
1286 2429 1710 2486 ministravisse?
1739 2443 1914 2482 annon

329 2529 605 2585 reveritus
635 2542 695 2583 es
721 2525 1069 2580 barbarorum
1097 2523 1459 2594 diligentiam?
1485 2537 1662 2578 annon
1693 2521 1918 2575 miratus

322 2637 384 2675 es
413 2633 604 2675 eorum
647 2617 897 2673 ﬁduciam
935 2629 1000 2670 ac
1048 2613 1297 2684 loquendi
1344 2612 1684 2670 libertatem?
1739 2627 1916 2665 annon

326 2705 606 2763 horruisti
654 2704 722 2758 ad
767 2719 955 2758 veram
1001 2705 1288 2774 prophetae
1334 2706 1564 2758 vocem?
1612 2722 1796 2762 annon
1852 2722 1920 2762 ex

330 2797 623 2869 prioribus
671 2804 949 2866 postrema
996 2796 1148 2865 sequi
1198 2795 1488 2866 cogitasti?
1525 2795 1636 2850 Cur
1691 2811 1800 2850 non
1855 2812 1924 2850 ex

332 2890 428 2944 his
477 2889 734 2943 omnibus
787 2896 966 2942 tecum
1015 2887 1312 2958 reputast-i,
1367 2903 1475 2942 non
1523 2902 1589 2941 ex
1641 2902 1923 2957 magorum

335 2983 538 3038 fraude
574 2982 688 3035 haec
727 2980 999 3045 evenisse,
1037 2980 1131 3035 sed
1166 2980 1351 3034 divina
1391 2979 1594 3038 virtute
1627 2979 1834 3042 omnia,
1867 2986 1928 3033 ut

333 3090 441 3142 par
495 3080 634 3134 erat,
679 3070 1045 3140 providente?
1098 3070 1326 3124 Etiamsi
1384 3084 1516 3124 vero
1571 3069 1765 3124 illusus
1820 3068 1928 3122 fui-

333 3162 408 3214 sti
451 3175 481 3213 a
522 3160 726 3230 magis,
783 3161 914 3231 quid
971 3161 1104 3216 illud
1151 3161 1219 3215 ad
1272 3175 1511 3232 pueros,
1551 3159 1646 3230 qui
1685 3160 1825 3214 nihil
1873 3167 1926 3216 te

333 3253 569 3307 Leseran
581 3253 635 3304 t?

402 3460 460 3514 2.
507 3457 610 3512 Cur
651 3456 792 3512 Deus
835 3454 1116 3526 permiserit
1157 3453 1376 3524 infantes
1415 3453 1595 3505 occidi.
1641 3451 1740 3517 Qui
1783 3450 1922 3505 mala

327 3552 535 3622 fortiter
552 3550 722 3620 ferunt
748 3563 848 3602 non
875 3546 1146 3610 (ceduntur,
1161 3545 1252 3600 etsi
1273 3544 1390 3598 ltedi
1414 3542 1696 3596 videantur.
1733 3541 1918 3608 Recte,

330 3644 582 3714 inquies;
623 3639 714 3696 sed
772 3638 1035 3694 Herodem
1061 3637 1274 3708 quidem
1303 3637 1445 3689 omni
1476 3635 1787 3690 defensione
1831 3649 1923 3688 va—

330 3751 537 3802 cuum,
595 3743 649 3789 et
704 3732 1102 3802 sanguinarium
1156 3729 1320 3799 probe
1370 3727 1650 3783 ostendisti
1692 3744 1705 3779 :
1749 3741 1923 3796 neque

335 3841 519 3884 tamen
549 3826 724 3882 adhuc
755 3825 959 3880 solvisti
987 3823 1343 3892 objectionem
1370 3821 1512 3875 circa
1559 3820 1682 3874 facti
1715 3819 1923 3890 injusti-

335 3923 490 3975 tiatn.
516 3918 645 3972 Nam
675 3917 717 3970 si
748 3916 836 3970 ille
867 3915 1061 3983 injuste
1100 3914 1226 3984 egit,
1256 3928 1354 3966 cur
1388 3912 1526 3964 Deus
1567 3911 1616 3964 id
1647 3911 1924 3979 permisit?

337 4013 480 4082 Quid
507 4027 634 4080 ergo
663 4009 727 4062 ad
753 4008 868 4062 base
892 4006 1162 4062 dixerim?
1205 4004 1435 4074 Idipsum
1466 3999 1606 4071 quod
1634 4017 1847 4071 semper
1870 4010 1925 4056 et

335 4107 389 4157 iu
419 4101 670 4162 ecclesia,
695 4109 746 4152 et
779 4098 829 4153 in
878 4097 1014 4159 foro,
1045 4106 1098 4151 et
1130 4095 1324 4164 ubique
1363 4093 1542 4148 dicere
1581 4089 1694 4146 non'
1710 4091 1921 4157 desino,

332 4195 482 4265 quod
514 4193 673 4247 velim
700 4205 793 4244 vos
823 4189 1104 4257 diligenter
1132 4185 1458 4240 observare:
1490 4199 1610 4236 nam
1634 4184 1814 4252 regula
1843 4191 1927 4238 est

334 4287 404 4340 ad
436 4299 656 4339 onmem
683 4278 1047 4352 hujuscemodi
1080 4277 1428 4347 quaestionem
1459 4273 1927 4339 adhibenda.Qu:e

336 4377 545 4447 regula,
577 4388 765 4444 quaeve
793 4373 931 4426 ratio
957 4369 1078 4425 est?
1106 4368 1206 4436 Qui
1250 4366 1446 4420 lzedant
1474 4365 1690 4431 multos,
1717 4363 1806 4433 qui
1836 4363 1927 4418 lae-

333 4470 500 4523 datur
537 4465 745 4520 nullum
771 4478 911 4519 esse.
937 4461 1005 4515 Et
1032 4475 1100 4514 ne
1122 4459 1224 4512 hoc
1249 4457 1474 4527 renigma
1504 4470 1599 4510 vos
1624 4453 1926 4520 conturbet,

332 4561 450 4616 cito
481 4557 806 4615 solutionem
833 4551 1116 4606 adhibebo.
1145 4550 1276 4604 Nam
1303 4563 1394 4603 eas
1422 4562 1600 4618 quasa
1621 4547 1810 4617 quovis
1833 4544 1929 4600 lto-

335 4652 490 4705 miue
521 4647 716 4717 injuste
746 4645 976 4715 patimur
1021 4641 1264 4710 injurias,
1289 4640 1429 4694 Deus
1477 4638 1629 4694 nobis
1658 4645 1934 4707 computat

335 4748 435 4794 aut
465 4741 518 4794 in
550 4745 895 4807 peccatorum
926 4731 1321 4795 remissionem,
1353 4737 1448 4784 aut
1476 4730 1527 4782 in
1559 4728 1818 4783 mercedis
1843 4741 1932 4783 re—

337 4831 719 4887 tributionem.
770 4829 942 4896 Atque
986 4833 1044 4879 ut
1088 4822 1142 4877 id
1188 4822 1328 4892 quod
1375 4821 1577 4876 dictum
1625 4830 1708 4875 est
1737 4819 1936 4876 clarius

338 4923 560 4986 evadat,
594 4921 660 4975 ad
689 4919 993 4988 exemplum
1016 4915 1314 4970 veniamus.
1350 4915 1616 4968 Ponamus
1647 4913 1787 4968 enim
1814 4927 1936 4967 esse

338 5029 564 5068 servum
597 5011 829 5080 aliquem
857 5007 1052 5063 multas
1083 5005 1335 5076 pecunias
1362 5003 1581 5060 domino
1606 5019 1704 5057 suo
1733 5002 1954 5057 debeo--

341 5117 487 5158 tem:
508 5104 598 5174 qui
627 5116 814 5156 servus
831 5099 898 5153 ab
918 5098 1112 5168 iniquis
1135 5097 1440 5151 hominibus
1468 5096 1857 5164 impetatur,ita
1881 5103 1936 5148 ut

343 5199 617 5250 honorum
647 5202 796 5264 parte
817 5192 989 5262 aliqua
1019 5191 1324 5244 mulctetur.
1347 5188 1402 5243 Si
1432 5203 1560 5258 ergo
1577 5187 1826 5242 dominus
1847 5186 1938 5256 qui

343 5295 624 5356 raptorem
644 5282 897 5338 cohibere
920 5281 1108 5350 potuit,
1124 5289 1302 5349 raptas
1322 5277 1534 5347 quidem
1551 5276 1801 5347 pecunias
1830 5290 1936 5331 non

340 5375 622 5438 restituat,
641 5373 734 5428 sed
757 5384 934 5442 raptas
950 5380 1128 5427 tamen
1152 5372 1290 5426 inter
1307 5385 1397 5426 eas
1413 5386 1529 5439 qua“:
1550 5369 1650 5424 sibi
1667 5369 1937 5424 debeban-

345 5477 445 5522 tur
465 5473 764 5533 computet:
783 5479 851 5519 an
878 5464 1038 5518 laesus
1059 5463 1390 5519 fuitservus?
1419 5462 1778 5525 Neuuaquam.
1797 5461 1934 5529 Quid

343 5573 484 5610 vero
504 5561 547 5612 si
577 5560 728 5628 plura
757 5560 855 5629 ipsi
876 5561 1123 5613 dominus
1146 5559 1390 5614 dederit?
1417 5576 1594 5616 annon
1619 5561 1738 5632 plus
1766 5564 1943 5622 lucra-

342 5659 444 5705 tus
472 5659 575 5716 est,
605 5665 766 5721 quam
799 5650 1133 5722 perdiderit?
1164 5649 1220 5706 ld
1247 5651 1490 5709 omnibus
1515 5653 1694 5724 palam
1723 5662 1823 5711 est.
1859 5654 1941 5710 ld-

1519 311 1583 367 lN
1623 309 2025 368 MATTHJEUM
2067 307 2298 364 HOMIL.
2345 311 2434 370 IX.

1935 664 1997 680 ..ξι

3503 312 3600 369 173

2025 414 2198 486 ipsum
2239 425 2294 472 ct
2323 430 2424 471 nos
2472 424 2715 485 putemus
2746 431 2876 498 _cum
2922 417 3116 489 aliquid
3166 420 3414 489 patimur.
3457 422 3608 490 ρηυᾱ

2025 508 2169 566 enim
2201 522 2296 577 per
2323 523 2591 562 aerumnas
2637 509 2773 570 illas.
2818 518 2908 564 aut
2949 521 3159 579 peccata
3203 512 3489 576 diluamus,
3519 523 3613 568 aut

2027 597 2072 652 si
2103 612 2208 652 non
2236 597 2523 654 admodum
2553 601 2788 667 peccatis
2813 599 3026 656 obnoxii
3059 603 3256 668 simus,
3280 603 3612 672 splendidio-

2025 705 2114 746 res
2140 692 2464 760 accipiamus
2510 707 2758 757 coronas,
2791 694 2912 747 audi
2965 695 3182 748 Paulum
3230 695 3497 752 dicentem
3545 698 3613 754 de

2026 779 2312 836 foraicario
2361 799 2374 835 :
2423 781 2627 837 Tradite
2681 783 2972 854 Itujusmodi
3011 786 3206 840 “atauo:
3261 789 3313 840 in
3355 787 3611 842 interitum

2025 873 2214 939 carnis,
2260 884 2313 927 ut
2353 876 2561 945 spiritus
2601 876 2769 928 salvus
2809 877 2873 927 sit
2917 877 2995 945 (Ι.
3027 877 3146 931 Cor.
3175 880 3225 934 5.
3258 879 3334 948 5).
3369 879 3437 934 Et
3482 881 3608 950 quid

2027 967 2172 1023 hoc?
2199 967 2330 1023 Nam
2353 968 2422 1022 de
2447 968 2512 1020 iis
2531 967 2620 1037 qui
2652 967 2915 1022 laeduntur
2944 967 3012 1022 ab
3035 970 3154 1023 aliis
3175 986 3352 1024 sermo
3377 981 3480 1037 est,
3503 988 3608 1027 non

2025 1057 2093 1114 de
2123 1058 2188 1113 iis
2216 1059 2306 1130 qui
2331 1074 2361 1112 a
2392 1058 2700 1113 doctoribus
2729 1059 3084 1127 corriguntur.
3121 1058 3274 1114 Certe
3302 1062 3502 1116 nullum
3531 1072 3613 1124 est

2025 1148 2170 1205 inter
2203 1149 2289 1204 illa
2318 1149 2550 1205 medium
2577 1165 2592 1202 :
2626 1165 2746 1203 nam
2777 1150 2846 1205 de
2887 1150 3030 1204 dicto
3073 1150 3375 1219 liujusmodi
3400 1170 3611 1223 quaere-

2025 1239 2201 1306 batur,
2251 1241 2310 1294 ln
2352 1241 2607 1296 :erumnis
2659 1241 2861 1295 nullum
2917 1242 3166 1311 patientis
3213 1244 3462 1299 damnum
3504 1255 3606 1300 est.

2025 1331 2132 1388 Sed
2171 1341 2226 1386 ut
2249 1347 2554 1387 sermonem
2603 1331 2917 1387 transferam
2960 1333 3026 1387 ad
3071 1333 3123 1388 id
3154 1332 3292 1402 quod
3325 1336 3489 1405 magis
3517 1351 3610 1390 ac.

2026 1426 2168 1481 cedit
2199 1425 2265 1481 ad
2295 1426 2678 1496 quaestionem;
2725 1425 3007 1481 recordare
3036 1427 3269 1493 Davidis,
3299 1426 3390 1497 qui
3431 1428 3610 1484 Semei

2027 1520 2218 1575 videns
2246 1515 2529 1574 instantem
2555 1528 2609 1573 et
2634 1519 2918 1574 calamitati
2950 1535 3061 1574 suae
3091 1520 3454 1585 insultantem,
3487 1535 3610 1576 sex-

2028 1613 2304 1683 ccntisque
2354 1612 2567 1682 probris
2613 1621 3018 1682 aSpergentem,
3067 1627 3186 1666 cum
3243 1613 3440 1668 vellent
3486 1629 3608 1666 eum

2025 1702 2191 1758 duces
2217 1703 2486 1758 exercitus
2516 1702 2838 1768 interﬁcere,
2879 1703 3115 1758 cohibuit
3143 1703 3226 1757 his
3269 1704 3481 1757 verbis:
3511 1703 3610 1756 Di-

2027 1795 2208 1848 mittite
2226 1793 2373 1848 illum
2401 1794 2718 1860 maledicere,
2738 1804 2794 1848 ut
2820 1795 2984 1848 uideat
3007 1794 3252 1849 Dominus
3284 1796 3612 1850 humilitatem

2024 1905 2210 1953 meam,
2243 1898 2288 1942 et
2329 1887 2568 1942 retribuat
2599 1887 2726 1941 milii
2751 1888 2880 1941 bona
2911 1904 3002 1956 pro
3033 1888 3126 1940 hoc
3155 1889 3421 1942 maledicto
3447 1891 3497 1942 in
3519 1889 3612 1942 hac

2028 1980 2110 2034 die
2137 1978 2215 2049 (2.
2249 1979 2379 2050 Reg.
2410 1979 2496 2034 16.
2529 1980 2616 2033 il.
2651 1978 2764 2051 η).
2809 1979 2869 2032 Et
2897 1980 2948 2032 in
2979 1979 3204 2032 Psalmis
3231 1994 3428 2033 canens
3461 1979 3612 2033 dice-

2027 2074 2115 2128 bat
2136 2073 2393 2145 :_Rcspice
2419 2074 2646 2128 inimicos
2675 2089 2830 2139 meos,
2862 2072 3100 2144 quoniam
3133 2071 3455 2142 multiplicati
3474 2081 3608 2134 sunt,

2024 2175 2072 2219 et
2099 2165 2214 2218 odio
2245 2165 2417 2234 iniquo
2443 2163 2656 2218 oderunt
2695 2179 2824 2218 me:
2866 2173 2912 2218 et
2957 2164 3153 2218 dimitte
3194 2163 3364 2216 omnia
3404 2174 3610 2235 peccata
3653 2211 3662 2220 .

2025 2274 2132 2310 mea
2165 2255 2316 2328 (Ps-al
2352 2255 2439 2311 2i.
2468 2256 2549 2311 l9.
2579 2253 2688 2326 t8).
2713 2255 2777 2310 Et
2805 2254 3040 2310 Lazarus
3066 2255 3297 2324 quietem
3315 2270 3615 2324 consequu-

2028 2359 2110 2403 tus
2134 2358 2213 2403 est
2233 2347 2382 2420 (Luc.
2417 2347 2523 2417 16),
2554 2348 2673 2418 quia
2704 2349 2978 2402 innumera
3004 2348 3136 2402 mala
3172 2364 3265 2416 per
3295 2347 3431 2403 hanc
3448 2347 3608 2402 vitam

2032 2453 2317 2508 perpessus
2346 2447 2445 2492 est.
2479 2438 2590 2492 Non
2620 2453 2749 2508 ergo
2776 2438 3164 2510 ltrduntur,qui
3193 2439 3311 2493 lzcdi
3340 2438 3604 2503 videntur,

2025 2530 2068 2584 si
2103 2531 2238 2583 mala
2269 2532 2446 2584 omnia
2477 2530 2684 2586 fortiter
2711 2532 2910 2597 ferant;
2945 2532 3052 2586 imo
3081 2533 3250 2603 majus
3291 2533 3498 2587 lucrum
3524 2547 3613 2587 re-

2028 2629 2259 2690 portant,
2289 2622 2400 2675 sive
2437 2636 2465 2674 a
2496 2622 2602 2675 Deo
2635 2623 3023 2690 percutiantur,
3051 2624 3162 2678 sive
3191 2640 3219 2676 a
3249 2623 3460 2678 dialiqu
3488 2640 3611 2680 ver-

2029 2711 2299 2766 bereutur.
2335 2711 2550 2781 Ecquod
2597 2721 2871 2780 peccatum
2904 2712 3138 2767 habuere
3168 2715 3337 2782 pueri,
3380 2714 3610 2783 inquies,

2026 2800 2165 2870 quod
2215 2801 2494 2857 eiu-creat?
2532 2802 2598 2857 de
2645 2802 2711 2856 iis
2753 2802 2894 2856 enim
2946 2802 3036 2872 qui
3083 2812 3294 2860 aetatem
3339 2805 3612 2874 assequuti

2029 2901 2242 2960 peccata
2282 2892 2504 2960 plurima
2539 2900 2934 2962 perpetrarunt,
2955 2892 3074 2963 jure
3102 2895 3221 2963 quis
3251 2896 3365 2950 haec
3384 2896 3604 2962 dixerit;

2027 2983 2114 3053 qui
2153 2998 2283 3037 vero
2315 2992 2419 3036 tam
2471 2983 2752 3036 immatura
2804 2993 2978 3038 morte
3026 2985 3271 3052 praerepti
3320 2994 3462 3052 sunt,
3487 3000 3606 3054 qua;

2031 3083 2244 3142 peccata
2287 3073 2350 3125 iis
2377 3071 2548 3127 affecti
2581 3073 2736 3126 malis
2765 3072 3122 3127 deleverunt?
3147 3073 3260 3129 Non
3305 3075 3496 3129 audisti
3529 3091 3613 3132 me

2027 3164 2311 3226 dicentem,
2347 3164 2552 3218 etiamsi
2581 3164 2725 3217 nulla
2757 3161 2864 3216 sint
2891 3174 3127 3233 peccata,
3158 3165 3422 3220 mercedis
3454 3166 3613 3221 retri-

2028 3255 2296 3309 butionem
2317 3254 2384 3306 ibi
2401 3269 2619 3309 manere
2631 3269 2723 3309 eos
2736 3253 2825 3324 qui
2845 3252 2931 3309 hic
2943 3255 3098 3310 malis
3116 3265 3237 3309 sunt
3256 3255 3612 3324 affeCti'IQuid

2028 3362 2157 3416 ergo
2186 3346 2488 3400 detrimenti
2525 3360 2781 3413 accepere
2812 3345 2961 3414 pueri
3000 3361 3094 3415 pro
3123 3345 3212 3400 tali
3241 3361 3400 3402 causa
3426 3347 3614 3411 occisi,

2028 3439 2114 3508 qui
2158 3437 2334 3491 statim
2379 3435 2443 3489 ad
2489 3436 2828 3506 tranquillum
2883 3447 3092 3505 portum
3137 3438 3500 3508 appulerunt?
3548 3439 3618 3493 At

2029 3529 2213 3594 tnulta,
2241 3527 2469 3597 inquies,
2495 3525 2634 3582 forte
2664 3527 2800 3581 bona
2844 3527 3038 3582 edituri
3064 3537 3236 3595 erant,
3265 3530 3310 3584 si
3337 3531 3614 3585 vixissent.

2026 3620 2129 3676 Sed
2160 3621 2279 3674 ideo
2303 3636 2407 3674 non
2440 3635 2532 3688 par
2560 3619 2688 3688 ipsis
2720 3634 2926 3674 merces
2953 3621 3186 3692 reposita
3217 3629 3320 3688 est,
3349 3623 3490 3691 quod
3521 3638 3617 3693 pro

2029 3714 2118 3768 tali
2161 3727 2319 3766 causa
2369 3711 2619 3766 obierint.
2668 3709 2916 3781 Alioquin
2966 3725 3092 3766 vero
3138 3727 3244 3766 non
3291 3713 3614 3782 permisisset

2029 3820 2222 3876 pueros
2276 3814 2594 3874 praematura
2650 3813 2824 3859 morte
2873 3803 3074 3874 abripi,
3124 3804 3168 3858 si
3223 3805 3399 3876 magni
3455 3803 3618 3862 futuri

2029 3907 2203 3952 erant.
2265 3896 2400 3952 Nam
2451 3897 2494 3950 si
2540 3911 2633 3950 eos
2680 3895 2768 3964 qui
2819 3896 2870 3949 in
2920 3896 3154 3964 nequitia
3204 3895 3395 3950 victuri
3456 3905 3615 3962 sunt,

2027 4005 2149 4043 cum
2179 3997 2318 4042 tanta
2369 3986 2470 4041 fert
2510 3986 2784 4055 patientia,
2827 3986 2992 4039 multo
3045 3985 3210 4054 magis
3255 3985 3351 4040 hos
3390 4001 3496 4041 non
3543 3987 3621 4040 si-

2030 4089 2180 4134 neret
2209 4080 2282 4134 ita
2326 4076 2546 4140 auferri,
2567 4077 2610 4130 si
2656 4090 2847 4144 magna
2874 4073 3116 4144 quaedam
3147 4074 3386 4131 edituros
3423 4077 3618 4146 przevi-

2030 4168 2206 4225 deret?

2113 4364 2166 4418 ὅ.
2195 4362 2262 4417 Et
2288 4362 2340 4414 lii
2373 4361 2586 4430 quidem
2621 4358 2789 4413 nostri
2817 4365 2941 4412 sunt
2969 4371 3281 4420 sermones;
3325 4369 3424 4410 nec
3452 4364 3627 4410 tamen

2037 4453 2091 4509 hi
2121 4454 2221 4509 soli
2252 4460 2476 4523 possunt
2506 4451 2704 4516 aﬁ'erri,
2734 4449 2827 4504 sed
2869 4456 2994 4502 sunt
3019 4448 3179 4502 etiam
3222 4445 3310 4500 alii
3358 4446 3442 4500 his
3473 4447 3631 4516 longe

2039 4545 2420 4609 abstrusiores,
2439 4557 2574 4612 quos
2601 4542 2738 4597 bene
2767 4540 2915 4594 novit
2944 4541 2990 4594 is
3016 4539 3105 4608 qui
3139 4537 3254 4592 ha'c
3277 4538 3629 4606 dispensavit.

2041 4641 2145 4712 Ipsi
2189 4642 2366 4708 itaque
2409 4638 2741 4694 accuratiore
2773 4636 3024 4689 harumce
3070 4648 3246 4688 rerum
3276 4631 3634 4702 compreheno

2041 4735 2192 4788 sione
2221 4745 2497 4795 concessa,
2530 4731 2594 4784 iis
2623 4744 2740 4799 qua:
2788 4733 3085 4796 sequuntur
3129 4723 3445 4788 litoreamus,
3488 4731 3542 4776 et
3567 4737 3635 4777 ex

2044 4827 2269 4879 aliorum
2301 4822 2688 4879 calamitatibus
2733 4819 2798 4874 ad
2849 4818 3026 4872 omnia
3072 4815 3280 4871 fortiter
3310 4815 3527 4871 ferenda
3553 4817 3635 4869 in-

2043 4917 2348 4972 stituantur.
2378 4914 2492 4969 Non
2522 4929 2678 4982 parva
2710 4912 2852 4966 enim
2887 4910 3140 4981 tragoedia
3172 4918 3297 4964 tunc
3320 4907 3632 4964 Bcthlehem

2046 5008 2347 5076 occupavit,
2374 5005 2552 5073 pueris
2581 5018 2644 5058 ex
2675 5003 2802 5072 ipsis
2824 5012 3055 5056 matrum
3091 5000 3344 5055 uberibus
3373 4999 3632 5067 abreptis,

2046 5106 2102 5154 ct
2129 5097 2195 5152 ad
2243 5097 2380 5150 hanc
2412 5096 2642 5166 iniquam
2672 5094 2872 5149 caedem
2914 5093 3178 5148 abductis.
3209 5091 3358 5160 Quod
3391 5092 3435 5144 si
3463 5090 3637 5146 adhuc

2048 5191 2223 5262 pusilli
2252 5204 2308 5244 es
2336 5189 2521 5253 animi,
2549 5203 2646 5243 nec
2689 5196 2886 5242 mutam
2936 5197 3085 5256 potes
3125 5183 3517 5254 philosOphiam
3559 5190 3639 5234 at-

2051 5283 2276 5352 tingere,
2305 5281 2453 5336 disce
2495 5281 2651 5336 ﬁnem
2700 5281 2840 5334 illius
2869 5280 2955 5349 qui
3004 5278 3118 5334 ha-c
3158 5293 3320 5333 ausus
3349 5286 3451 5342 est,
3482 5271 3638 5342 spiri-

2050 5389 2264 5447 tumque
2297 5373 2834 5430 resume.Celerrima
2855 5376 3051 5443 quippe
3077 5371 3224 5426 illum
3246 5367 3493 5422 facinoris
3523 5364 3634 5416 vin-

2052 5469 2190 5523 dicta
2216 5467 2493 5536 corripuit,
2528 5469 2767 5535 tantique
2793 5465 3015 5519 sceleris
3041 5463 3227 5532 dignas
3251 5458 3398 5513 dedit
3425 5470 3636 5524 poenas,

2049 5559 2164 5613 dira
2210 5566 2380 5612 morte
2425 5569 2478 5611 et
2521 5572 2582 5611 ea
2626 5571 2784 5626 quam
2832 5555 3010 5609 intulit
3058 5549 3446 5605 miserabiliore
3475 5547 3634 5598 vitam

2054 5652 2326 5718 claudens,
2361 5650 2744 5720 innumeraquc
2784 5647 2886 5702 alia
2934 5659 3118 5716 passus
3167 5641 3301 5696 mala
3338 5657 3351 5694 :
3401 5655 3515 5711 qua:
3559 5637 3634 5693 di-
