4054 6210
492 292 586 349 179

487 429 640 471 scere
693 415 938 484 poteritis
1003 415 1047 468 si
1096 413 1312 480 Jusephi
1362 410 1646 464 Historiam
1692 408 1948 463 evolvatis
1967 407 2062 482 (a),

487 523 668 576 quant,
703 522 771 562 ne
802 507 1040 576 longiore
1069 515 1279 560 tutantur
1307 517 1579 566 sermone,
1608 517 1709 556 neu
1735 501 1931 556 seriem
1969 514 2070 552 no-

487 611 652 653 stram
702 598 1120 667 intercipiamus,
1169 593 1518 663 praesentibus
1574 607 1680 646 non
1731 591 2069 647 inserendam
2114 589 2127 604 ’

488 705 606 744 esse
634 689 950 760 putavimus.
990 688 1075 740 17.
1121 685 1266 739 Tunc
1311 685 1572 755 impletum
1616 694 1686 738 est
1716 685 1852 753 quod
1880 684 2069 736 dictum

483 790 556 836 est
603 799 690 849 per
733 780 1006 833 Jeremiam
1054 779 1347 848 prophetam
1395 777 1688 829 dicentem:
1729 777 1814 830 18.
1853 774 1966 829 Vox
2019 777 2076 830 in

480 871 647 928 Ratun
674 876 846 928 audita
876 885 970 938 est,
1007 875 1253 944 ploratus,
1283 883 1326 927 et
1351 875 1499 942 [lctus
1527 882 1571 926 et
1600 873 1820 925 ululatus
1841 871 2064 935 multus;

483 966 678 1021 Rachel
729 968 936 1036 plorans
977 969 1112 1036 ﬁlios
1159 983 1296 1032 suos,
1326 976 1372 1020 et
1423 967 1586 1019 noluit
1633 965 1904 1026 consolari,
1948 964 2066 1034 quia

482 1077 580 1114 non
600 1069 715 1112 sunt
735 1059 867 1131 (Jer.
888 1060 948 1112 3|
963 1099 977 1112 .
1001 1059 1109 1128 15).
1132 1059 1390 1124 Quoniam
1411 1058 1552 1112 enim
1575 1056 1870 1112 auditorem
1891 1055 2064 1124 reple-

479 1153 556 1204 vit
580 1150 826 1217 horrore,
849 1151 948 1204 l.ac
967 1151 1218 1214 violenta,
1243 1150 1610 1204 crudelissima
1641 1159 1693 1204 et
1713 1149 1890 1217 iniqua
1918 1147 2064 1203 cmde

479 1251 722 1305 narrata,
779 1243 951 1312 ipsum
999 1243 1324 1306 consolatur,
1379 1241 1599 1307 docens,
1644 1241 1759 1296 lucc
1792 1258 1895 1295 non
1943 1241 2064 1296 ideo

477 1334 758 1398 accidisse,
788 1334 928 1402 quod
965 1334 1102 1388 Deus
1129 1349 1228 1388 nec
1275 1344 1454 1401 posset
1481 1333 1758 1402 impedire,
1795 1347 1891 1387 nec
1921 1348 2060 1401 pra:-

477 1426 716 1490 vidissct,
751 1427 842 1479 sed
874 1443 995 1480 eum
1026 1427 1140 1481 lnec
1169 1437 1220 1480 et
1263 1426 1438 1480 futura
1469 1427 1704 1491 novisse,
1732 1436 1786 1482 et
1815 1441 2062 1495 przennn-

477 1519 637 1571 tiasse
665 1534 757 1586 per
779 1518 1111 1588 prophetam.
1138 1517 1214 1573 Ne
1238 1519 1414 1589 itaque
1445 1519 1691 1582 turberis,
1713 1527 1767 1573 et
1787 1517 2056 1584 concidas,

475 1611 526 1664 in
578 1613 959 1680 providentiam
1009 1613 1123 1681 ejus
1178 1612 1497 1668 ineffabilem
1546 1614 1860 1682 respiciens,
1898 1629 2055 1682 qualn

473 1713 582 1756 tum
624 1719 688 1758 ex
737 1705 799 1757 iis
841 1720 958 1773 quae
991 1715 1263 1773 operatur,
1296 1714 1404 1758 ttnn
1447 1721 1513 1758 ex
1558 1704 1622 1759 iis
1651 1719 1769 1774 quzc
1801 1705 2057 1772 permittit

468 1793 649 1848 videre
681 1804 761 1850 est
795 1813 807 1846 :
854 1795 904 1848 id
934 1794 1073 1863 quod
1111 1797 1268 1849 etiam
1298 1795 1424 1849 alibi
1453 1794 1744 1864 discipulos
1774 1795 2054 1864 alloquens

467 1884 843 1939 subindicavit.
896 1887 1028 1951 Quia
1077 1887 1220 1940 enim
1274 1886 1578 1948 tribunalia,
1613 1887 1958 1940 abducliones
1986 1887 2053 1942 ad

466 1986 715 2041 mortem,
745 1977 892 2032 orbis
921 1980 1054 2033 bella
1086 1978 1522 2048 internecinaque
1548 1981 1728 2049 praelia
1763 1981 1890 2048 ipsis
1921 1996 2054 2048 prmo

467 2069 819 2130 nuntiaverat,
850 2085 1035 2124 eorum
1066 2071 1274 2125 animos
1316 2073 1550 2142 erigens,
1579 2083 1633 2127 et
1664 2083 1719 2127 ut
1745 2074 2052 2128 consoletur

466 2161 583 2214 illos
612 2161 685 2214 ait
715 2179 727 2215 :
761 2160 948 2216 Nonne
973 2163 1073 2216 duo
1105 2179 1330 2231 passeres
1362 2180 1474 2217 asse
1498 2174 1729 2228 veneunt,
1760 2175 1805 2218 et
1833 2181 1963 2218 unus
1985 2182 2048 2219 ea:

463 2251 566 2305 illis
594 2267 693 2305 non
733 2253 878 2306 cadet
921 2270 1076 2322 super
1105 2262 1292 2306 terram
1332 2255 1441 2307 sine
1474 2253 1626 2308 Patre
1672 2264 1854 2318 vestro,
1882 2257 1966 2324 qui
1994 2257 2048 2308 in

461 2345 600 2398 ctelis
621 2354 693 2398 est
709 2344 922 2416 (Matth.
940 2347 1026 2400 10.
1040 2346 1167 2418 ‘29)?
1186 2347 1296 2401 lloc
1318 2356 1495 2400 autem
1511 2348 1740 2412 dicebat,
1757 2347 2046 2402 ostendens

461 2437 552 2492 illo
575 2438 852 2508 ignorante
894 2439 1023 2493 nihil
1055 2440 1205 2504 fieri;
1237 2440 1331 2495 sed
1359 2441 1498 2494 seire
1545 2441 1690 2494 illttm
1720 2440 1919 2504 omnia,
1948 2454 2047 2495 nec

460 2538 635 2582 tamen
667 2539 854 2584 cuncta
879 2531 1072 2585 facere.
1095 2531 1170 2586 Ne
1199 2531 1376 2600 igitur,
1403 2531 1590 2600 inquit,
1619 2530 1924 2596 turbemini,
1946 2545 2044 2585 nec

456 2622 919 2676 commoveamini.
949 2621 1080 2676 Nam
1111 2623 1198 2692 qni
1228 2623 1328 2677 scit
1355 2638 1415 2676 ea
1445 2639 1562 2692 qum
1588 2622 1881 2685 sustinetis,
1905 2628 1959 2676 et
1979 2635 2043 2676 ea

455 2719 631 2780 potest
678 2711 958 2782 impedire,
1009 2714 1125 2767 sine
1168 2712 1334 2767 dubio
1374 2729 1476 2766 non
1529 2712 1750 2782 impedit
1775 2714 1897 2782 quia
1945 2729 2040 2767 vc-

454 2814 623 2858 strnm
650 2820 831 2860 curam
859 2814 914 2860 et
960 2805 1346 2874 providentiam
1385 2805 1522 2875 gerit
1551 2822 1566 2859 :
1598 2805 1738 2874 quod
1779 2805 1936 2859 etiam
1986 2805 2036 2857 in

454 2897 832 2951 tentationihus
875 2899 1110 2966 cogitare
1141 2907 1386 2967 Oportet,
1418 2897 1642 2966 hincque
1688 2913 1792 2949 non
1824 2911 2036 2964 parvam

451 2989 872 3042 consolationem
919 2989 1264 3057 accipiemus.
1318 2989 1381 3041 Et
1410 2988 1534 3057 quid
1566 3003 1848 3042 commune
1879 2988 2039 3043 habet

454 3077 654 3132 Rachel
697 3095 816 3132 cum
861 3079 1213 3132 Bethlchcm?
1255 3079 1456 3132 dixerit
1483 3080 1707 3134 fortasse
1737 3080 2031 3148 quiSpiam;

455 3169 664 3232 llachel,
708 3171 898 3239 inquit,
929 3171 1136 3238 plorans
1167 3170 1302 3235 ﬁlios
1344 3187 1479 3224 suos.
1522 3170 1655 3238 Quid
1701 3171 1827 3227 item
1869 3171 2032 3225 Rama

445 3277 568 3314 cum
599 3261 870 3317 Racheie?
899 3263 1092 3318 Rachel
1121 3274 1294 3318 mater
1323 3275 1437 3318 erat
1467 3265 1797 3334 Bcnjamini;
1839 3266 2034 3336 ipsam-

445 3367 548 3420 que
577 3363 840 3406 mortuam
867 3353 1192 3423 sepelierunt
1224 3356 1275 3409 in
1318 3355 1666 3425 hippodromo
1696 3373 1862 3428 prope
1893 3360 2032 3412 hunc

449 3445 640 3498 locum.
673 3444 803 3511 Quia
830 3445 988 3515 igitur
1010 3447 1313 3516 sepulcrum
1344 3463 1508 3517 prepc
1529 3457 1663 3511 erat,
1685 3458 1741 3504 et
1771 3449 1884 3503 ha~c
1912 3465 2029 3504 sors

445 3545 558 3590 erat
589 3536 881 3605 Denjamini
913 3537 1002 3592 filii
1031 3541 1147 3607 ejus
1182 3557 1194 3595 :
1229 3556 1348 3593 nam
1376 3540 1539 3594 Rama
1565 3541 1629 3594 ad
1660 3541 1852 3596 tribum
1888 3542 2026 3596 Ben-

438 3629 604 3696 jamin
649 3631 981 3701 pertinebat;
1011 3643 1064 3687 et
1102 3648 1130 3686 a
1163 3634 1400 3703 principe
1443 3634 1630 3701 tribus,
1660 3645 1708 3688 et
1738 3651 1768 3689 a
1797 3635 2024 3704 sepulcri

442 3723 592 3785 loco,
643 3733 900 3777 mactatos
958 3739 1154 3792 pueros
1195 3725 1314 3795 jure
1366 3725 1614 3779 Rachelis
1665 3727 1800 3780 filios
1849 3735 2022 3780 vocat.

444 3812 645 3868 Deinde
672 3813 961 3869 ostendens
984 3815 1279 3870 insanabile
1304 3832 1423 3870 esse
1447 3827 1550 3870 tam
1569 3818 1785 3873 crudele
1811 3819 2022 3884 vulnus,

439 3906 551 3960 ait:
588 3903 769 3958 Noluit
797 3906 1068 3971 consolari,
1104 3909 1222 3976 quia
1251 3925 1350 3961 non
1376 3917 1514 3960 sunt.
1552 3907 1644 3962 llis
1675 3925 1884 3962 rursum
1922 3910 2023 3963 hoc

439 3997 606 4065 ipsum
652 3995 924 4060 docemur,
961 3997 1100 4067 quod
1132 3999 1277 4066 prius
1320 3998 1583 4065 dicebam,
1619 4015 1723 4052 non
1771 4009 2022 4068 oportere

436 4090 654 4152 turbari,
687 4106 806 4144 cum
834 4107 894 4146 ea
926 4107 1044 4161 qua:
1069 4091 1337 4158 accidunt,
1385 4091 1479 4145 Dei
1509 4093 1847 4160 promissioni
1887 4109 2017 4148 con-

437 4185 595 4237 traria
619 4185 884 4239 videntur.
916 4184 1054 4239 Ecce
1083 4186 1224 4238 enim
1253 4199 1373 4238 cum
1403 4185 1620 4241 advenit
1645 4186 1757 4254 ipse
1785 4185 1849 4238 ad
1880 4186 2020 4239 salu-

435 4282 538 4327 lem
565 4275 763 4342 populi,
789 4275 896 4327 imo
925 4275 990 4328 ad
1016 4275 1238 4328 salutem
1258 4275 1424 4335 orbis.
1443 4292 1560 4344 qua:
1588 4277 1803 4330 exordia
1836 4275 2018 4331 fuere?

433 4365 599 4419 Mater
639 4365 788 4434 fugit,
825 4365 990 4432 patria
1019 4364 1135 4433 ejus
1167 4366 1588 4422 intolerabilibus
1625 4369 2016 4423 calamitatibus

433 4455 702 4525 affligitur.
752 4455 928 4508 cmch
986 4465 1320 4523 perpetratnr
1361 4459 1597 4511 omnium
1646 4459 2012 4524 acerbissima,

434 4544 673 4616 ploratus
722 4553 774 4599 et
804 4544 1034 4598 ululatus
1086 4545 1283 4599 multus
1333 4554 1492 4617 atque
1540 4547 1766 4616 cjulalus
1795 4550 2010 4618 ubique.

435 4636 631 4690 Verum
660 4651 724 4690 ne
769 4636 1000 4690 turbcris
1032 4653 1046 4688 :
1087 4635 1222 4690 solet
1251 4637 1392 4690 enim
1446 4652 1540 4706 per
1569 4639 1834 4693 contraria
1864 4655 2012 4696 teco-

434 4725 664 4781 nomiam
705 4739 856 4779 snam
903 4726 1146 4795 implere,
1182 4727 1466 4781 maximam
1509 4728 1635 4783 inde
1665 4728 1872 4783 virtutis
1901 4746 2013 4786 sua:

433 4817 586 4871 nobis
615 4817 855 4884 prmbcns
885 4817 1418 4872 demonstrationem.
1447 4819 1535 4874 Sic
1564 4820 1855 4889 discipulos
1888 4838 2012 4877 suos

433 4908 634 4962 induxit
665 4908 1092 4978 atqueinstituit,
1127 4919 1182 4963 ut
1209 4909 1276 4963 ita
1310 4911 1484 4966 omnia
1518 4923 1854 4981 peragerent,
1883 4929 2013 4968 con-

432 4999 592 5054 traria
639 5001 921 5054 contrariis
965 5001 1302 5070 dispensans,
1333 5019 1440 5073 quo
1484 5005 1656 5074 majus
1695 5006 2008 5062 miraculum

430 5092 687 5148 elueerct.
723 5090 994 5161 Flagellati
1026 5091 1203 5162 itaque
1231 5094 1324 5158 illi,
1357 5105 1410 5150 et
1439 5097 1594 5165 pulsi,
1626 5105 1675 5152 et
1707 5098 2011 5153 inmnncras

428 5185 695 5253 patientes
733 5199 1017 5251 :crumnas,
1050 5185 1129 5241 sic
1166 5186 1552 5257 flagellantibus
1580 5199 1737 5261 atque
1765 5192 2010 5261 pollenti-

431 5275 530 5329 bus
555 5275 861 5344 superiores
886 5285 1186 5332 evaserunt.
1213 5279 1294 5334 i9.
1319 5278 1568 5352 Defuncto
1593 5293 1758 5336 autent
1787 5283 2007 5348 Herode,

428 5380 540 5419 ecce
576 5367 788 5437 angelus
839 5366 1046 5423 Domini
1084 5371 1322 5439 apparuit
1360 5373 1412 5425 in
1457 5375 1646 5428 somnis
1673 5373 1883 5445 Joseph,
1915 5377 2003 5432 20.

430 5457 599 5514 dicens
632 5474 653 5516 :
710 5459 938 5531 Surgens
989 5461 1162 5532 accipe
1206 5479 1415 5532 puerum
1457 5474 1501 5516 et
1541 5474 1748 5518 matrem
1787 5468 1917 5534 ejus,
1962 5479 2007 5522 et

513 5718 587 5775 (al
607 5721 855 5785 Iosephus
872 5726 918 5773 in
943 5724 1154 5776 Historia
1179 5735 1264 5770 sua
1289 5720 1490 5771 Herodis
1521 5723 1664 5771 vitam
1689 5723 1940 5776 describit.

1223 314 1276 363 5.
1317 307 1593 361 JUANNIS
1631 303 2094 360 CIIRYSOSTOMI
2135 305 2449 361 ARCilliZP.
2492 308 3021 362 CONSTAN'l'INOP.

3655 304 3671 356 Ι
3681 307 3743 366 8')

2178 407 2304 466 vade
2351 409 2402 462 in
2447 419 2632 464 terram
2681 412 2866 468 Israel.
2918 415 3031 470 Non
3068 416 3178 486 jam
3227 419 3375 484 dicit,
3424 419 3591 490 Fuge,
3640 425 3748 489 sed,

2189 497 2344 552 Vade.

2246 590 2299 643 4.
2345 589 2532 646 Viden‘
2563 609 2773 649 rursum
2819 597 3049 666 quietem
3084 610 3203 668 post
3235 602 3583 659 tentationcm
3610 605 3634 656 ?
3663 603 3749 662 de.-

2177 677 2297 734 inde
2324 691 2442 752 post
2481 684 2712 752 quietem
2753 702 2938 742 rursus
2969 690 3299 758 periculum?
3324 692 3457 747 Nam
3501 704 3624 764 post
3651 699 3751 753 exi-

2175 771 2300 825 lium
2346 772 2631 840 dimissus,
2659 786 2714 831 et
2749 778 2800 831 in
2849 794 2998 833 suam
3052 783 3322 851 regionem
3363 801 3615 844 reversus
3643 799 3746 855 est,

2173 862 2407 933 viditque
2458 882 2740 934 puerorum
2806 871 3200 929 interfectorem
3253 878 3615 946 exstinctum;
3669 883 3749 938 ubi

2172 969 2300 1007 vero
2330 956 2382 1009 in
2413 958 2636 1027 patriam
2669 963 2942 1029 pervenit,
2980 965 3230 1034 reliquias
3257 967 3452 1024 iterum
3501 971 3747 1040 pristino-

2171 1061 2289 1100 rum
2320 1049 2672 1116 pcricolorum
2718 1054 2937 1122 reperit,
2973 1053 3133 1109 filium
3168 1059 3376 1127 tyranni
3408 1061 3672 1118 viventem
3701 1073 3747 1119 et

2171 1149 2500 1208 regnantem.
2532 1143 2596 1196 Et
2639 1145 2906 1213 quomodo
2950 1147 3242 1204 Archelaus
3285 1153 3543 1221 regnabat
3585 1155 3636 1209 in
3661 1154 3746 1210 Ju-

2170 1228 2281 1283 dtea
2307 1271 2321 1294 ,
2351 1247 2482 1293 cum.
2500 1234 2718 1290 Pontius
2748 1237 2945 1293 Pilatus
2975 1255 3176 1309 praeses
3205 1243 3389 1296 esset?
3421 1245 3629 1302 Recens
3654 1247 3743 1303 ad-

2171 1320 2272 1376 huc
2309 1334 2425 1378 erat
2465 1342 2610 1382 mors
2639 1329 2897 1398 Herodis,
2930 1333 3156 1387 necdum
3205 1351 3426 1406 regnum
3465 1338 3517 1392 in
3563 1340 3744 1397 multas

2169 1425 2347 1482 partes
2372 1416 2598 1472 divisum
2630 1420 2800 1476 fuerat
2830 1440 2842 1476 :
2873 1423 2966 1478 sed
2995 1427 3122 1497 quia
3145 1441 3315 1496 nuper
3340 1427 3579 1486 llerodes
3606 1431 3744 1488 obie-

2166 1517 2268 1573 rat,
2302 1509 2510 1564 interim
2556 1511 2694 1566 fllius
2725 1512 2953 1570 Herodis
2988 1516 3267 1586 imperium
3305 1520 3556 1583 tenebat;
3589 1522 3744 1580 frater

2165 1599 2361 1669 quippe
2393 1602 2637 1656 Archelai
2688 1603 2926 1659 llerodes
2953 1616 3004 1660 et
3035 1607 3148 1675 ipse
3189 1610 3556 1679 appellabatur
3590 1630 3602 1664 :
3633 1615 3743 1670 idco

2161 1689 2365 1744 addidit
2388 1693 2711 1763 evangelista
2735 1735 2750 1760 ,
2780 1695 2872 1749 22.
2896 1695 3002 1752 Pro
3031 1697 3235 1754 Herode
3261 1711 3403 1770 patre
3425 1719 3538 1756 suo.
3568 1703 3672 1760 Sed
3701 1707 3740 1761 si

2161 1779 2399 1834 Jud;eam
2441 1784 2587 1838 adire
2617 1785 2933 1841 formidabat
2960 1799 3174 1860 propter
3205 1792 3522 1848 Archelaum
3548 1837 3564 1862 ,
3591 1811 3742 1867 opor-

2161 1873 2306 1927 tebat
2347 1883 2401 1927 et
2445 1873 2716 1930 Galilaeam
2766 1887 3006 1934 metuere
3057 1891 3272 1951 propter
3316 1883 3608 1942 Herodem.
3642 1891 3740 1944 Sed

2159 1964 2246 2018 ubi
2276 1965 2446 2020 locum
2477 1969 2719 2034 mutavit,
2739 1984 2826 2024 res
2853 1983 3035 2039 postea
3067 1974 3120 2027 in
3151 1975 3378 2030 obscuro
3410 1980 3638 2034 mansit:
3665 1991 3740 2035 to-

2159 2061 2244 2108 tus
2271 2056 2467 2126 quippe
2515 2057 2744 2127 impetus
2787 2069 2972 2116 contra
3005 2063 3314 2119 Betltlcltcm
3361 2077 3479 2122 erat
3521 2079 3577 2124 et
3613 2071 3739 2126 ﬁnes

2155 2147 2291 2217 ejus.
2321 2149 2480 2204 Ca~de
2511 2150 2686 2220 itaque
2713 2163 2938 2222 patrata,
2973 2156 3261 2212 Archelaus
3292 2157 3428 2214 ﬁlius
3455 2177 3568 2216 rem
3601 2179 3738 2233 pera-

2153 2247 2292 2293 ctam
2323 2241 2538 2308 putabat
2562 2282 2578 2305 ,
2618 2253 2776 2313 atque
2802 2260 2922 2298 eum
2950 2247 3038 2315 qui
3067 2248 3406 2316 quarrebatur
3433 2251 3574 2308 inter
3603 2257 3736 2311 mul-

2153 2339 2234 2385 tos
2260 2334 2494 2387 occisum
2524 2333 2708 2390 fuisse.
2740 2337 2986 2406 Alioquin
3017 2353 3138 2393 cum
3169 2341 3388 2397 vidisset
3415 2355 3620 2414 patrem
3651 2349 3736 2403 tali

2150 2434 2322 2478 morte
2344 2428 3085 2495 consumptum,moderati0r
3112 2431 3226 2498 fuit,
3251 2449 3408 2503 quam
3437 2445 3494 2490 ut
3519 2438 3735 2496 ulterius

2149 2514 2484 2583 procederet,
2507 2517 2648 2572 etde
2679 2519 2954 2588 iniquitate
2979 2523 3348 2578 contenderet.
3376 2525 3534 2583 Venit
3563 2530 3734 2602 itaque

2147 2607 2346 2679 Joseph
2377 2610 2619 2679 Nazaret,
2655 2623 2711 2667 ut
2761 2631 2863 2669 una
2893 2625 2946 2670 et
2974 2617 3262 2685 periculum
3292 2618 3502 2690 fugeret
3523 2664 3538 2687 ,
3567 2634 3620 2679 et
3656 2625 3732 2681 di-

2147 2697 2337 2754 lectam
2369 2704 2590 2770 patriam
2614 2705 2886 2760 incoleret.
2913 2707 2980 2762 Ut
3008 2709 3192 2778 majori
3221 2710 3573 2770 instrueretur
3602 2716 3731 2770 fidu-

2145 2790 2224 2844 cia
2253 2832 2268 2856 ,
2297 2793 2571 2848 oraculum
2615 2794 2683 2848 ab
2725 2797 2914 2866 angelo
2953 2797 3052 2852 hac
3093 2801 3159 2854 de
3189 2816 3246 2856 re
3273 2805 3478 2872 accepit
3509 2823 3523 2859 :
3549 2821 3728 2876 quam-

2143 2896 2302 2950 quam
2363 2884 2531 2939 Lucas
2581 2901 2686 2940 non
2750 2887 2891 2942 dicat
2951 2891 3122 2959 ipsum
3177 2909 3271 2962 per
3317 2898 3590 2953 oraculum
3643 2901 3728 2955 illo

2143 2974 2381 3039 venisse;
2435 2977 2528 3030 sed
2579 2979 2840 3048 completa
2883 2982 3251 3050 purificatione
3296 2987 3347 3040 in
3392 2988 3616 3045 Nazaret
3647 3008 3725 3056 re-

2139 3079 2324 3120 versos
2371 3067 2490 3123 illos
2539 3085 2677 3124 esse.
2709 3070 2844 3138 Quid
2891 3074 3050 3143 igitur
3094 3077 3375 3133 dicendum
3426 3084 3720 3153 est?Quod

2138 3157 2344 3211 scilicet
2382 3158 2552 3214 Lucas
2597 3161 2696 3216 hoc
2736 3163 2911 3228 dicat,
2947 3175 3155 3235 tempus
3196 3169 3502 3228 describens
3557 3176 3718 3242 illud,

2137 3247 2276 3316 quod
2301 3251 2573 3318 prazccssit
2598 3251 2915 3308 descensum
2943 3255 2995 3310 in
3027 3257 3339 3330 Egyptum.
3369 3261 3552 3333 Neque
3580 3267 3717 3322 enim

2136 3348 2260 3392 ante
2289 3341 2709 3406 purificationem
2735 3359 2826 3399 eos
2868 3346 2988 3400 illnc
3017 3347 3234 3404 deduxit
3253 3391 3267 3416 ,
3297 3367 3363 3408 nc
3391 3356 3515 3422 quid
3538 3369 3716 3414 contra

2137 3428 2303 3500 legem
2332 3431 2720 3496 admitteretur.
2748 3437 2840 3491 sed
2863 3442 3188 3509 exspectavit
3227 3443 3399 3500 donec
3425 3450 3716 3516 purificatio

2135 3520 2306 3587 fieret,
2337 3537 2401 3577 ac
2439 3525 2676 3581 redirent
2704 3527 2927 3586 Nazaret
2948 3572 2962 3590 .
2994 3541 3224 3603 tuncque
3249 3535 3635 3597 descenderent
3667 3546 3714 3598 in

2132 3609 2442 3682 rEgyptum.
2469 3615 2669 3672 Deinde
2693 3633 2760 3671 ex
2791 3619 3022 3690 Aﬁgypto
3051 3624 3478 3695 profectosjubet
3498 3632 3714 3688 Nazaret

2132 3703 2326 3758 redire.
2357 3705 2526 3759 Antea
2559 3723 2684 3761 vero
2714 3723 2816 3762 non
2847 3713 3030 3766 moniti
3060 3716 3274 3771 oraculo
3299 3711 3526 3788 fuerant,
3551 3735 3608 3778 ut
3630 3726 3713 3777 illo

2130 3793 2404 3859 redirent;
2440 3798 2532 3852 sed
2561 3814 2626 3852 ex
2661 3800 2930 3857 voluntate
2971 3807 3181 3874 propria
3225 3807 3277 3862 in
3327 3811 3574 3869 dilectam
3621 3833 3711 3887 pa-

2131 3887 2283 3941 triam
2306 3903 2364 3944 se
2390 3892 2747 3947 contulerant.
2779 3894 2908 3960 Quia
2939 3898 3080 3952 enim
3110 3915 3214 3955 non
3248 3902 3346 3957 nisi
3377 3920 3474 3974 pro
3514 3909 3711 3964 descri-

2128 3981 2311 4048 ptionc
2340 3990 2394 4036 et
2419 3997 2581 4038 censu
2626 3985 2716 4040 illo
2757 3999 3031 4053 venerant,
3067 4007 3166 4047 nec
3192 3993 3339 4048 locus
3365 3997 3432 4050 ibi
3465 4003 3707 4056 manendi

2126 4085 2270 4138 erat,
2319 4089 2378 4128 re
2427 4075 2697 4145 perfecta,
2726 4094 2821 4146 pro
2874 4096 2974 4149 qua
3018 4096 3292 4147 venerant.
3345 4092 3541 4145 reversi
3590 4107 3709 4148 sunt

2125 4163 2366 4220 Nazaret.
2417 4164 2541 4220 Ideo
2586 4169 2806 4238 angelus
2858 4171 2975 4225 illos
3021 4173 3236 4229 domum
3279 4177 3500 4244 reducit,
3537 4193 3594 4236 ut
3640 4185 3705 4238 ibi

2124 4266 2420 4319 manerent,
2456 4274 2626 4328 neque
2671 4259 2798 4315 illttd
2835 4266 2948 4315 sine
2973 4279 3152 4329 causa,
3185 4267 3276 4320 sed
3316 4271 3456 4337 quod
3487 4273 3555 4326 ita
3586 4289 3702 4342 pro-

2123 4348 2300 4417 phetia
2349 4350 2510 4404 ferret
2538 4368 2550 4403 :
2583 4367 2704 4405 nam
2737 4353 2846 4406 ait:
2879 4353 2968 4407 23.
3004 4355 3071 4409 Ut
3119 4357 3413 4427 impleretur
3447 4366 3583 4432 quod
3625 4367 3703 4418 di-

2121 4450 2255 4492 ctum
2283 4449 2356 4494 est
2380 4457 2467 4510 per
2485 4442 3016 4512 praphetas,quoniam
3035 4445 3318 4504 Nummus
3341 4456 3594 4508 vocabitur
3610 4456 3700 4526 (a).

2193 4528 2419 4582 Christus
2449 4547 2538 4583 cur
2566 4529 2847 4587 Nazarazus
2876 4546 3099 4594 vocatus.
3126 4569 3197 4579 —
3225 4541 3419 4611 Ecquis
3451 4547 3701 4614 propheta

2122 4621 2222 4677 hoc
2246 4623 2376 4677 dixit
2405 4624 2428 4676 ?
2458 4623 2534 4679 Ne
2562 4625 2826 4684 curiosius
2857 4629 3090 4699 inquiras
3129 4634 3208 4687 vel
3259 4639 3530 4693 scrutaris.
3563 4641 3702 4694 Multi

2119 4717 2259 4770 enim
2292 4716 2581 4786 prophetici
2627 4719 2746 4774 libri
2787 4723 3062 4790 perierunt
3096 4743 3108 4778 :
3142 4725 3192 4779 id
3220 4729 3360 4796 quod
3390 4745 3454 4784 ex
3489 4730 3702 4786 historia

2119 4810 2558 4879 Paralipomenon
2602 4812 2783 4868 videre
2825 4825 2926 4869 est.
2957 4815 3088 4872 Nam
3119 4834 3308 4889 segnes
3357 4837 3477 4876 cum
3527 4835 3706 4880 essent

2117 4901 2306 4960 Juda-i.
2335 4911 2385 4956 et
2415 4901 2718 4972 frequenter
2750 4904 3056 4963 deciderent
3097 4910 3146 4962 in
3178 4910 3502 4978 impietatem
3525 4957 3540 4979 ,
3573 4917 3702 4971 alios

2118 4997 2318 5051 incuria
2361 4998 2738 5067 perdiderunt,
2766 5001 2897 5056 alios
2928 5012 2981 5058 et
3030 5005 3126 5074 ipsi
3171 5008 3582 5064 combusserunt
3621 5011 3697 5064 vel

2117 5087 2435 5143 lacerarunt.
2456 5089 2654 5146 llorutn
2671 5091 2894 5148 alterum
2916 5093 3174 5149 Jeremias
3200 5107 3381 5152 narrat
3411 5099 3541 5170 (Cap
3580 5102 3669 5170 56)

2179 5262 2252 5323 (a)
2273 5263 2370 5332 _ltic
2393 5265 2460 5332 ait
2480 5271 2691 5315 Joannes
2729 5265 3115 5332 Cbrysostomus,
3157 5271 3424 5332 prophetas
3461 5272 3586 5332 illos,
3622 5273 3702 5324 ubi

2115 5323 2221 5393 haec
2243 5324 2474 5393 clausula,
2511 5336 2774 5393 Nazarteus
2794 5323 3067 5393 Δινὶκῖαιτὶειιν,
3106 5323 3398 5393 habebatur,
3431 5323 3706 5386 .tudmorutn

2116 5387 2301 5460 incuria
2333 5389 2533 5460 amissos
2551 5389 2722 5460 fuisse.
2750 5390 2843 5440 Alii
2866 5387 3063 5460 dictum:
3089 5394 3196 5460 bace
3219 5407 3333 5460 nong
3352 5387 3469 5460 ipsis
3507 5397 3703 5460 quidem

2114 5448 2297 5521 verbis,
2323 5447 2570 5521 sedquod
2582 5451 2644 5521 ad
2668 5464 2864 5521 sensum
2893 5447 3102 5521 reperiri
3124 5460 3174 5521 in
3198 5447 3470 5521 prophetis,
3497 5447 3582 5521 q'ni
3615 5459 3701 5508 ho—

2113 5507 2298 5576 dieque
2321 5507 2534 5576 exstant.
2560 5519 2654 5561 Nec
2671 5513 2850 5576 desunt
2876 5507 2966 5576 qui
2988 5507 3301 5571 existiment;
3320 5518 3423 5568 haec
3447 5507 3596 5570 verba
3620 5507 3700 5570 re-

2113 5571 2309 5632 spicere
2335 5571 2463 5621 hunc
2489 5572 2642 5623 locum
2677 5574 2813 5623 lsaizc
2834 5571 2916 5625 Xl'.
2940 5578 2982 5634 l,
3009 5579 3089 5626 ubi
3123 5580 3171 5626 in
3212 5579 3452 5630 Itebroioo
3498 5581 3694 5644 legitur,

2114 5647 2521 5719 manusuam
2543 5649 2688 5703 '12.“.1,
2718 5647 2876 5719 αλιυδ
2905 5649 2965 5698 de
2991 5650 3237 5719 radicibus
3256 5666 3362 5717 ejus
3386 5657 3672 5719 germinal'tt

2119 5706 2210 5758 Ubi
2246 5706 2389 5767 illud,
2415 5720 2520 5768 ~13:
2541 5751 2553 5770 ,
2587 5723 2740 5768 nescr,
2768 5706 3044 5760 Nan-tratum
3073 5706 3359 5775 exprimi're
3385 5706 3687 5769 Existimant.
