4054 6210
337 427 570 480 alterum
613 427 657 479 is
694 425 780 495 qui
821 431 1063 494 quartum
1108 421 1412 492 Regnorum
1441 416 1634 478 librum
1666 422 1814 494 (Cap.
1832 423 1925 486 9.2)

336 517 544 582 edidit,
576 519 700 572 dum
731 518 831 579 ait,
865 525 982 584 post
1027 515 1246 568 mullum
1296 514 1554 584 temporis
1592 515 1678 568 vix
1710 515 1922 570 tandem

339 609 808 664 Deuterouominm
873 607 1122 662 etl’ossum
1185 606 1346 661 fuisse
1404 616 1560 662 antea
1633 607 1922 680 perditum.

334 700 391 755 Si
425 716 584 771 porro
615 701 761 755 nullo
809 701 1038 754 instante
1086 699 1312 754 barbaro
1341 698 1420 754 sic
1467 698 1632 753 libros
1671 697 1920 769 prodide-
1961 759 1966 763 _

336 802 478 856 runt,
510 793 677 848 multo
704 793 873 862 magis
902 800 1180 862 postquam
1212 791 1421 846 barbari
1453 792 1773 860 irruperant.
1802 791 1920 846 Casa

333 892 510 937 ternm
543 884 662 952 quia
707 883 756 937 id
796 884 1066 952 pr0pl.et;e
1094 881 1480 952 pra-dixerant,
1509 882 1735 951 apostoli
1779 898 1922 950 smpe

333 974 479 1028 illum
509 973 842 1028 Nazarenum
871 983 1084 1027 vocant.
1115 973 1225 1028 Hoc
1245 987 1373 1042 ergo
1393 982 1495 1036 est,
1520 972 1750 1042 inquies,
1779 972 1918 1041 quod

331 1068 661 1137 prophetiam
709 1067 777 1121 de
822 1065 1136 1121 Bethlehem
1177 1065 1456 1120 obscuram
1499 1064 1760 1118 reddidit?
1809 1063 1915 1119 Ne-

329 1175 639 1228 quaquam:
683 1159 776 1214 sed
825 1158 955 1212 illud
997 1158 1167 1227 ipsum
1212 1156 1446 1211 maxime
1485 1155 1731 1211 movebat
1758 1164 1812 1210 et
1851 1154 1916 1208 ad

327 1253 653 1320 exploranda
696 1269 757 1306 ea
803 1267 923 1321 qua:
954 1251 1020 1305 de
1064 1250 1153 1304 illo
1197 1249 1338 1302 dieta
1386 1249 1592 1302 fuerant
1623 1247 1915 1302 excitabat.

328 1344 415 1398 Sic
457 1353 511 1399 et
555 1343 847 1398 Nathanael
887 1340 950 1394 ad
1008 1340 1442 1410 perquisitionem
1487 1339 1556 1394 de
1595 1340 1686 1394 illo
1717 1339 1916 1393 facien-

326 1435 447 1488 dam
497 1437 641 1490 venit
689 1434 913 1489 dicens:
948 1431 1033 1486 Ex
1083 1430 1304 1485 Nazaret
1350 1439 1508 1501 potest
1565 1430 1759 1500 aliquid
1799 1431 1917 1483 boni

325 1544 431 1579 esse
458 1527 652 1598 (Joan.
683 1527 734 1581 1.
765 1526 835 1581 46
859 1526 913 1594 )?
943 1524 1073 1578 Nam
1103 1523 1307 1577 viculus
1335 1531 1452 1577 erat
1476 1523 1625 1588 vilis;
1653 1522 1760 1576 imo
1809 1538 1913 1576 non

325 1617 532 1670 viculus
558 1617 646 1671 ille
675 1625 875 1670 tantum
895 1655 911 1681 ,
944 1615 1038 1667 sed
1079 1622 1185 1666 tota
1215 1612 1448 1668 Gallittae
1479 1613 1642 1680 I‘t'gin.
1670 1613 1793 1666 Ideo
1833 1612 1913 1666 di-

322 1709 520 1763 cebaut
547 1709 801 1763 Pbarisuti
837 1726 851 1762 :
885 1706 1174 1774 Interroga,
1207 1714 1252 1760 et
1278 1705 1421 1770 vide,
1449 1706 1685 1774 quoniam
1716 1722 1777 1759 ex
1806 1703 1909 1758 tia-

320 1802 461 1854 tilaza
489 1799 734 1868 propheta
759 1815 857 1852 non
885 1797 1104 1851 surrexit
1129 1793 1288 1865 (Joan
1335 1796 1386 1848 7.
1410 1795 1523 1864 52).
1553 1795 1798 1848 Attamen
1824 1796 1911 1850 ille

318 1908 384 1947 ex
435 1893 524 1944 tali
573 1891 738 1960 patria
779 1897 994 1943 vocatus
1039 1905 1142 1942 non
1183 1887 1489 1952 erubescit,
1521 1889 1809 1941 ostendens
1851 1903 1910 1942 se

319 1983 462 2036 nulla
497 1997 555 2036 re
589 1981 814 2034 humana
845 1995 1003 2050 egere
1033 1999 1045 2032 :
1079 1978 1474 2049 discipulosque
1513 1991 1640 2031 suos
1670 1994 1733 2031 ex
1765 1978 1909 2031 Gali-

319 2075 413 2127 ltea
442 2073 609 2142 eligit,
644 2071 874 2141 undique
903 2071 1212 2125 occasiones
1253 2077 1307 2123 et
1335 2068 1585 2122 obtentus
1625 2068 1908 2123 succidens

319 2165 383 2218 iis
429 2164 519 2233 qui
569 2172 782 2232 torpere
833 2161 1067 2230 vellent,
1117 2159 1510 2230 ostendensque
1551 2173 1648 2213 nos
1688 2167 1902 2214 externa

319 2256 460 2309 nulla
503 2270 560 2309 re
590 2268 748 2324 egere
771 2295 786 2318 ,
813 2254 857 2308 si
904 2253 1150 2307 virtutem
1179 2265 1543 2306 exerceamus.
1579 2249 1807 2319 ldeoipte
1839 2267 1905 2306 ne

316 2347 531 2401 domum
561 2345 774 2416 quidem
796 2345 894 2400 sibi
916 2345 1115 2416 delegit
1143 2363 1156 2398 :
1183 2360 1304 2399 nam
1330 2344 1403 2398 ait
1428 2361 1441 2397 :
1478 2342 1644 2398 Filius
1688 2345 1903 2401 Itainim's

317 2457 415 2494 non
446 2439 591 2493 habet
621 2439 704 2492 ubi
732 2449 885 2507 caput
915 2439 1116 2494 reclinet
1141 2436 1161 2511 (
1186 2437 1308 2491 Luc.
1343 2437 1396 2493 9.
1429 2437 1522 2506 58)
1547 2456 1563 2503 ;
1594 2448 1754 2507 atque
1796 2438 1899 2494 lle~

317 2531 444 2586 rode
473 2531 751 2586 insidiante
783 2530 931 2601 fugit,
961 2529 1011 2584 in
1041 2530 1299 2600 przesepio
1325 2530 1636 2591 collocatur,
1661 2537 1714 2583 et
1743 2530 1793 2583 in
1819 2529 1901 2583 di-

315 2624 552 2678 versorio
603 2630 818 2688 nanet,
850 2630 1179 2690 matremque
1222 2620 1369 2690 eligit
1415 2620 1624 2689 inopem
1651 2661 1666 2681 ,
1699 2629 1757 2674 ut
1804 2636 1900 2676 nos

315 2714 520 2777 doceat,
552 2728 620 2769 ne
649 2714 915 2782 quidpiam
947 2712 1249 2782 hujusmodi
1277 2721 1429 2782 turpe
1459 2726 1577 2766 esse
1609 2721 1856 2780 putemus
1880 2753 1894 2776 ,

312 2808 439 2860 dum
473 2809 522 2860 in
556 2807 861 2877 primordiis
903 2807 1016 2875 ip.-e
1063 2805 1350 2859 humanum
1396 2805 1564 2859 (alrat
1594 2804 1782 2859 fastum
1806 2847 1820 2870 ,
1846 2815 1897 2858 et

314 2900 402 2954 uni
434 2899 614 2956 virtuti
647 2899 889 2952 addictos
912 2912 1032 2952 esse
1058 2896 1232 2966 jubet.

379 2990 432 3043 5.
469 2990 688 3042 Sanetus
721 2986 914 3041 Paulus
953 3003 1054 3040 non
1092 2987 1229 3040 dedit
1274 3003 1450 3040 ansam
1504 2986 1568 3040 de
1603 2986 1769 3055 patria
1810 2996 1898 3041 aut

312 3083 536 3150 patribus
577 3082 734 3134 altum
785 3080 1036 3150 sapiendi.
1085 3079 1300 3133 Patrum
1337 3077 1570 3134 nobilitas
1611 3095 1709 3132 non
1749 3080 1896 3150 juvat

309 3172 578 3240 improbos,
605 3171 890 3242 ignobilitas
920 3186 1019 3224 non
1051 3180 1191 3223 nocet
1218 3170 1404 3238 probis.
1437 3200 1506 3209 —
1535 3167 1640 3224 Cur
1661 3170 1801 3224 enim
1828 3169 1896 3225 ds

310 3263 476 3331 patria
498 3262 663 3316 altum
694 3262 859 3330 sapis,
882 3259 1094 3332 quando
1118 3275 1240 3330 ego,
1267 3259 1455 3331 inquit,
1473 3260 1524 3314 in
1550 3270 1660 3314 toto
1686 3261 1816 3316 orbe
1843 3271 1894 3316 te

311 3354 644 3423 peregrinum
677 3367 794 3406 esse
814 3351 978 3422 juheo
1006 3351 1030 3405 ?
1053 3351 1266 3422 quando
1295 3351 1415 3404 licet
1443 3351 1532 3404 tibi
1567 3351 1723 3405 talem
1751 3366 1887 3417 esse,

308 3456 364 3498 ut
395 3455 537 3499 totus
563 3443 792 3498 mnndus
841 3453 891 3499 te
935 3457 1038 3496 non
1087 3443 1156 3497 sit
1198 3441 1428 3512 dignus?
1459 3442 1580 3496 llzec
1626 3443 1767 3496 enim
1821 3442 1890 3496 ita

306 3535 694 3594 contemnenda
722 3544 869 3602 sunt,
898 3543 952 3588 ut
981 3549 1047 3590 ne
1089 3549 1118 3587 a
1151 3533 1478 3605 philosOphis
1504 3533 1714 3604 quidem
1743 3533 1893 3590 Cra:-

305 3643 489 3683 corum
532 3627 714 3698 aliquo
746 3628 798 3681 in
829 3627 999 3696 pretio
1031 3626 1356 3692 habeantur,
1385 3626 1478 3682 sed
1509 3636 1760 3682 extranea
1791 3643 1888 3682 ro-

304 3732 510 3787 centur,
544 3732 946 3791 extremumque
975 3720 1146 3775 locum
1175 3728 1454 3789 occupent.
1486 3719 1645 3791 Atqui
1693 3720 1891 3776 Paulus

305 3817 420 3872 haec
443 3816 797 3886 amplectitur,
831 3814 1059 3884 inquies,
1081 3812 1158 3867 sic
1188 3813 1410 3884 loquens
1433 3831 1447 3867 :
1469 3813 1759 3868 Secundum
1784 3813 1888 3868 ele-

303 3911 537 3970 ctionem,
565 3908 810 3962 carissimi
836 3949 850 3973 ,
881 3915 1085 3978 prapter
1114 3917 1278 3978 patres
1309 3906 1482 3976 (Rom.
1515 3907 1601 3961 il.
1631 3905 1749 3970 28).
1783 3907 1887 3962 Sed

302 4001 407 4065 die,
436 3999 668 4071 quando,
700 3999 768 4053 de
796 3997 1010 4067 quibus,
1039 4006 1094 4052 et
1118 4012 1250 4066 quos
1275 3997 1572 4066 alloquens.
1601 3998 1720 4065 Agit
1743 3997 1886 4052 enim

300 4109 418 4148 cum
451 4093 513 4145 iis
538 4091 628 4162 qui
657 4106 720 4146 ex
763 4089 1010 4160 gentibus
1038 4089 1282 4144 conversi
1306 4130 1321 4152 ,
1349 4079 1440 4144 de‘
1457 4089 1560 4144 fide
1592 4089 1757 4144 altum
1797 4104 1888 4145 sa-

303 4185 516 4253 pit-bant
545 4193 596 4236 et
628 4183 898 4235 tumebaut
923 4221 939 4247 ,
970 4191 1154 4235 contra
1183 4179 1396 4234 Judaeos
1435 4179 1778 4249 insurgebant
1797 4220 1810 4243 ,
1835 4189 1888 4235 et

303 4275 401 4330 hac
431 4275 498 4328 de
532 4288 690 4328 causa
725 4273 890 4342 magis
921 4271 1040 4325 illos
1068 4285 1097 4324 a
1135 4286 1194 4325 se
1235 4271 1644 4340 sequestrabant
1671 4287 1684 4323 :
1717 4271 1888 4342 repri-

301 4382 451 4422 mens
493 4366 650 4436 igitur
694 4365 902 4418 illorum
933 4371 1192 4418 tumorem
1213 4404 1228 4428 ,
1256 4361 1354 4416 hos
1379 4361 1586 4426 allicit,
1619 4371 1673 4417 et
1713 4361 1779 4416 ad
1809 4361 1888 4416 id-

302 4458 470 4524 ipsmu
502 4454 732 4509 studium
763 4453 976 4508 excitat.
1004 4453 1134 4507 Nam
1165 4467 1284 4507 eum
1315 4451 1382 4507 de
1427 4453 1629 4522 magnis
1675 4453 1782 4506 illis
1825 4467 1886 4508 ac

299 4546 530 4601 strenuis
558 4545 683 4602 viris
728 4544 959 4614 loquitur
983 4585 998 4608 ,
1029 4543 1150 4598 audi
1191 4543 1315 4614 quid
1360 4542 1542 4598 dicat:
1577 4544 1678 4608 Qui
1720 4555 1887 4598 autem

301 4643 404 4692 hare
431 4639 625 4703 dicunt,
652 4638 940 4708 signiﬁcant
959 4653 1013 4690 se
1039 4635 1256 4704 patriam
1297 4635 1566 4704 inquirere.
1606 4635 1667 4688 fit
1697 4637 1741 4689 si
1776 4639 1886 4707 qni-

298 4736 410 4783 dem
439 4729 578 4782 illius
596 4728 955 4790 meminissent,
976 4728 1038 4780 de
1061 4744 1159 4794 qua
1187 4726 1428 4790 exierant,
1450 4727 1736 4782 habuissent
1761 4737 1886 4781 teut-

300 4841 394 4895 pus
420 4821 699 4877 revertendi
727 4838 744 4874 :
774 4837 905 4874 nunc
925 4831 1092 4875 autem
1112 4821 1322 4873 atteram
1350 4820 1603 4872 meliorem
1642 4829 1885 4890 appetunt

299 4916 484 4988 (Hebr.
514 4915 601 4970 ΙΙ.
632 4913 844 4982 1446).
877 4912 944 4967 Ει
973 4927 1180 4966 rursum
1215 4928 1228 4964 :
1259 4909 1550 4967 Secundum
1575 4912 1727 4979 ﬁdem
1753 4929 1886 4966 rnor-

300 5007 370 5059 tui
408 5014 527 5060 sunt
573 5005 627 5058 hi
664 5020 866 5068 omnes,
900 5019 1002 5056 non
1034 5012 1346 5072 reportanles
1393 5003 1767 5071 promissiones,
1799 5006 1888 5059 sed

301 5099 476 5170 procul
505 5100 643 5170 ipsas
670 5097 888 5152 videntes
913 5105 957 5149 et
982 5095 1256 5149 salutantes
1275 5093 1323 5164 (Ι
1331 5094 1432 5147 bid.
1453 5110 1498 5146 v.
1525 5093 1626 5164 I3).
1655 5094 1886 5151 Joannes

302 5209 425 5247 vero
454 5191 520 5246 ad
551 5206 611 5246 se
639 5189 972 5245 venientibus
997 5187 1208 5243 dicebat
1231 5205 1244 5242 :
1275 5185 1357 5240 Ne
1382 5188 1540 5241 vetitis
1561 5189 1742 5253 dicere,
1771 5187 1885 5243 Pa-

302 5295 423 5337 trem
447 5284 688 5336 habemus
716 5279 971 5336 Abraham
1002 5279 1020 5349 (
1047 5277 1172 5332 Luc.
1205 5279 1257 5332 5.
1288 5277 1319 5333 8
1415 5277 1716 5348 iterumque
1747 5279 1886 5334 Pau-

300 5375 381 5429 lus
407 5391 422 5428 :
458 5373 579 5429 Non
608 5374 740 5428 enim
769 5388 941 5426 omnes
967 5371 1051 5440 qui
1075 5387 1137 5424 ea:
1166 5367 1352 5435 Israel,
1381 5369 1434 5422 hi
1466 5381 1582 5424 sunt
1612 5370 1883 5439 lsractitaz,

301 5483 456 5534 neque
483 5467 570 5538 qui
598 5464 694 5535 ﬁlii
729 5465 896 5518 carnis
921 5504 936 5528 ,
967 5463 1018 5515 hi
1058 5461 1155 5532 filii
1185 5460 1278 5516 Dei
1311 5461 1329 5532 (
1361 5462 1510 5516 Rom.
1537 5459 1589 5515 9.
1621 5463 1719 5532 6).
1751 5463 1885 5531 Quid

300 5563 461 5628 enim,
493 5572 698 5630 qumso,
744 5555 940 5628 profuit
971 5555 1093 5610 (iliis
1132 5554 1392 5610 Samuelis
1421 5555 1585 5622 patris
1615 5555 1883 5624 nobilitas,

298 5652 452 5722 cujus
500 5667 605 5705 non
658 5649 868 5704 fuerunt
903 5647 1113 5701 virtutis
1155 5645 1418 5701 heredes?
1444 5646 1593 5714 Quod
1623 5646 1782 5701 etiam
1810 5649 1887 5702 lu-

299 5760 446 5801 crum
478 5744 603 5798 filiis
642 5743 802 5797 Musis
839 5740 932 5794 fuit
958 5780 972 5805 ,
1002 5739 1148 5809 cujus
1188 5738 1510 5810 diligentiam
1551 5747 1603 5793 et
1636 5739 1880 5795 virtutem

1518 308 1582 364 lN
1620 309 2023 368 MAT'I'H/EUM
2063 312 2293 370 IlOMll..
2340 317 2426 372 lX.

3521 341 3623 395 ηεξ

2033 441 2138 482 non
2170 439 2292 484 sunt
2323 430 2554 488 imitati?
2578 433 2758 506 Neque
2799 439 3078 509 imperium
3124 456 3244 518 post
3275 449 3419 505 illum
3462 469 3618 507 exn--

2034 529 2225 612 perunt
2252 537 2267 575 :
2295 521 2388 577 sed
2430 524 2554 579 dum
2591 537 2792 596 patrem
2827 530 2996 600 ipsum
3031 535 3410 605 inscriberent,
3440 551 3617 612 popun

2032 608 2343 676 prtefcctura
2375 613 2441 667 ad
2473 617 2632 671 alium
2663 623 2939 688 transivit,
2971 627 3057 694 qtti
3091 629 3282 685 virtute
3313 608 3454 686 tilius
3475 608 3620 689 illius

2029 709 2162 754 erat.
2191 701 2325 766 Quid
2351 715 2528 760 autem
2559 709 2737 764 nocuit
2763 710 3064 782 Timotheo,
3093 720 3232 788 quod
3257 731 3406 790 patre
3431 726 3616 794 gentili

2031 800 2184 886 natus
2210 796 2394 849 esset?
2420 797 2544 866 quid
2575 810 2760 856 contra
2786 803 2915 859 Non:
2959 807 3097 864 ﬁlius
3126 810 3192 865 de
3221 813 3412 869 virtute
3451 796 3621 886 patris-

2029 883 2261 939 lucratus
2290 897 2391 952 est,
2417 891 2505 958 qui
2535 908 2721 948 servus
2747 895 2812 950 de
2844 898 3011 954 libero
3040 902 3207 959 factus
3232 917 3312 960 est
3332 908 3354 961 ?
3377 883 3614 965 Vidistiu'

2026 978 2295 1045 quomodo
2326 982 2487 1049 patris
2517 984 2763 1042 nobilitas
2795 1005 2898 1042 non
2942 993 3070 1046 satis
3103 995 3349 1052 idoneum
3381 1001 3450 1055 sit
3480 1001 3610 1056 filio-

2026 1082 2142 1120 rum
2173 1073 2522 1138 patrocinium
2547 1077 2570 1129 ?
2597 1077 2726 1132 Nam
2761 1083 3012 1150 propositi
3043 1087 3274 1156 nequitia
3303 1101 3505 1148 naturte
3533 1096 3613 1150 le-

2023 1175 2118 1254 ges
2147 1164 2272 1218 vicit
2298 1182 2313 1229 ;
2346 1183 2444 1221 nec
2472 1171 2629 1224 modo
2658 1171 2802 1227 illum
2833 1191 2894 1229 ex
2931 1177 3202 1236 nobilitate
3228 1193 3444 1251 paterna
3472 1226 3490 1254 ,
3519 1189 3612 1245 sed

2235 1271 2300 1311 ex
2346 1257 2592 1316 libertate
2634 1263 2846 1334 dt'jCCii.
2897 1267 3083 1324 Nonne
3125 1280 3179 1326 et
3225 1273 3365 1330 Esau
3400 1253 3612 1348 quoque

2025 1345 2162 1399 filius
2190 1358 2305 1402 erat
2336 1348 2519 1418 lsaaci,
2542 1353 2632 1422 qui
2662 1355 2762 1413 sibi
2785 1358 3258 1425 patrocinabatur?
3289 1345 3495 1420 Etenim
3522 1345 3613 1436 pa-

2025 1445 2103 1491 ter
2131 1441 2248 1508 ejus
2292 1441 2342 1495 id
2387 1446 2644 1508 curabat,
2681 1447 2730 1502 id
2776 1451 3042 1520 cupiebat,
3075 1465 3130 1509 ut
3175 1456 3608 1516 bcnedictionum

2022 1529 2289 1599 particeps
2314 1542 2487 1598 esset,
2517 1545 2568 1589 et
2600 1552 2696 1605 pro
2743 1540 2838 1592 hac
2881 1557 2936 1595 re
2982 1543 3094 1613 ipse
3134 1563 3249 1615 qua:
3290 1533 3613 1618 jubebantur

2021 1620 2197 1674 omnia
2223 1625 2630 1692 exsequebatur.
2667 1629 2912 1683 Attamen
2942 1635 3058 1701 quia
3095 1650 3287 1704 pravus
3321 1649 3455 1707 erat,
3487 1643 3608 1696 nul-

2021 1707 2127 1762 lum
2157 1726 2221 1765 ex
2256 1712 2318 1765 iis
2351 1713 2574 1769 fructum
2608 1720 2842 1789 percepit
2873 1738 2886 1786 ;
2919 1723 3011 1776 sed
3034 1729 3131 1778 etsi
3161 1735 3284 1780 natu
3313 1729 3474 1798 prior,
3509 1735 3606 1786 etsi

2020 1810 2221 1867 patrem
2255 1802 2467 1860 haberet
2497 1807 2594 1861 sibi
2624 1809 2674 1861 in
2699 1810 2948 1866 omnibus
2979 1811 3263 1879 faventem,
3287 1819 3408 1889 quia
3441 1821 3606 1876 Deum

2017 1904 2121 1983 nea
2147 1892 2332 1983 habuit
2360 1897 2704 1965 opitulantcm
2732 1941 2744 1983 ,
2789 1903 3040 1957 omnibus
3082 1906 3306 1961 excidit.
3333 1909 3440 1964 Sed
3479 1913 3606 1983 quid

2017 1973 2262 2031 homines
2291 1993 2655 2036 commemoro
2680 1983 2702 2035 ?
2729 1982 2846 2039 Filii
2876 1985 2967 2042 Dei
3001 1987 3146 2055 fuere
3172 1990 3364 2062 Judazi,
3391 2005 3446 2048 et
3476 1973 3604 2050 nihil

2013 2081 2077 2120 ex
2109 2069 2195 2123 tali
2230 2071 2505 2127 nobilitate
2536 2074 2723 2130 lucrati
2755 2089 2899 2134 sunt.
2931 2079 2986 2136 Si
3012 2081 3168 2152 igitur
3191 2086 3309 2155 quis
3340 2089 3480 2144 filius
3512 2091 3603 2148 Dei

2013 2157 2254 2226 effectus,
2283 2163 2383 2217 nisi
2417 2164 2693 2223 nobilitate
2723 2169 2810 2224 illa
2838 2172 3048 2244 dignam
3074 2177 3322 2234 virtutem
3349 2183 3602 2237 exhibue-

2013 2250 2100 2315 rit,
2132 2252 2334 2322 majore
2361 2254 2592 2312 afficitur
2617 2261 2876 2331 supplicio
2900 2306 2914 2328 ,
2943 2266 3066 2334 quid
3097 2269 3226 2324 mihi
3261 2273 3518 2342 majormn
3548 2287 3602 2331 et

2010 2357 2229 2396 avorum
2261 2347 2588 2402 nobilitatem
2637 2353 2844 2419 profers
2875 2355 2924 2408 in
2971 2358 3240 2414 nti-dium?
3269 2362 3380 2418 lloc
3422 2377 3599 2421 autem

2011 2449 2113 2487 non
2143 2437 2193 2489 in
2222 2435 2398 2492 Veteri
2443 2449 2667 2508 tantum,
2701 2445 2794 2508 sed
2820 2447 2979 2502 etiam
3008 2449 3058 2503 in
3086 2451 3234 2506 Novo
3259 2453 3602 2512 Testamento

2008 2526 2295 2596 Cutttigisse
2335 2528 2751 2599 deprehendas:
2792 2551 2913 2591 nam
2957 2541 3032 2594 ait
3077 2559 3089 2594 :
3138 2543 3388 2616 Quotquot
3432 2563 3600 2603 uiuens

2008 2626 2300 2684 receperunt
2325 2634 2437 2672 eum
2463 2661 2477 2686 ,
2511 2621 2649 2676 dedit
2686 2628 2758 2678 eis
2807 2637 3100 2694 potestatem
3153 2632 3288 2699 ﬁlios
3334 2635 3430 2688 Dei
3486 2639 3599 2702 ﬁeri

2007 2706 2198 2776 (Joan.
2232 2709 2281 2761 Ι.
2315 2710 2383 2764 12
2411 2711 2453 2782 ).
2485 2714 2730 2770 Attamen
2777 2719 2955 2774 multis
3001 2720 3298 2790 hujusmndi
3330 2728 3470 2794 tiliis,
3508 2747 3597 2796 pa-

2007 2809 2138 2854 trem
2167 2802 2293 2855 nihil
2316 2805 2575 2872 profuisse
2590 2807 2716 2861 dicit
2745 2807 2938 2876 Paulus
2970 2831 2983 2865 :
3017 2813 3078 2866 Si
3102 2816 3234 2868 enim
3259 2817 3593 2872 circumcida-

2005 2893 2147 2958 mini,
2182 2894 2381 2964 inquit,
2410 2895 2636 2952 Christus
2662 2899 2797 2955 vobis
2824 2902 2952 2956 nihil
2980 2904 3206 2974 proderit
3245 2907 3266 2978 (
3287 2907 3404 2963 Gal.
3433 2913 3486 2966 5.
3513 2913 3589 2982 2).

2003 2986 2057 3042 Si
2091 3002 2218 3041 vero
2247 2987 2491 3066 Cliri~tus
2522 2991 2650 3044 nihil
2681 2995 2896 3062 prodest
2925 2996 2987 3049 iis
3013 2997 3100 3065 qui
3133 2999 3233 3054 sibi
3280 3001 3468 3057 nolunt
3513 3011 3592 3059 at-

2004 3080 2390 3153 tendere,an
2445 3095 2598 3152 pacto
2649 3085 2777 3153 ipsis
2822 3089 3240 3155 patrocinabitur
3283 3093 3483 3151 homo?
3515 3097 3592 3154 Ne

2002 3171 2159 3240 igitur
2183 3173 2261 3227 vel
2285 3173 2350 3228 de
2367 3175 2657 3236 nobilitate,
2685 3178 2765 3232 vel
2783 3179 2850 3234 de
2877 3180 3071 3238 divitiis
3094 3184 3258 3240 altum
3281 3187 3548 3256 sapiamus
3573 3208 3588 3254 ;

2000 3263 2107 3318 imo
2133 3278 2227 3320 eos
2252 3266 2339 3335 qui
2386 3265 2456 3320 ita
2497 3277 2620 3322 sunt
2669 3268 2842 3325 affecti
2873 3271 3231 3344 despiciatnus
3263 3293 3277 3332 :
3317 3293 3491 3350 neque
3519 3283 3591 3335 ob

1999 3364 2363 3424 paupertatem
2391 3356 2706 3427 dejiciamur
2724 3402 2737 3424 ,
2767 3361 2860 3417 sed
2889 3363 3008 3428 illas
3028 3382 3328 3436 quairamus
3353 3370 3585 3436 divitias,

1997 3461 2115 3516 quae
2160 3447 2314 3504 bonis
2359 3450 2609 3519 operibus
2639 3462 2928 3509 constant:
2960 3457 3101 3514 illam
3149 3460 3410 3531 fugiamus
3455 3479 3587 3535 pau-

2000 3548 2277 3608 pertatem.
2308 3557 2426 3612 qure
2471 3558 2567 3597 nos
2599 3544 2648 3602 in
2692 3546 2979 3616 nequitiam
3017 3550 3269 3619 conjicit,
3301 3570 3400 3624 qua
3433 3555 3584 3611 dives

1996 3630 2108 3696 ille,
2140 3645 2342 3701 pauper
2371 3643 2478 3688 erat
2507 3677 2522 3696 ,
2551 3635 2638 3706 qui
2667 3651 2733 3690 ne
2775 3637 2970 3696 stillam
2999 3640 3211 3712 quidem
3242 3659 3392 3716 aqua:
3421 3648 3586 3716 impe-

1998 3721 2173 3812 travit,
2202 3723 2300 3777 etsi
2349 3726 2527 3780 multis
2569 3727 2822 3785 adhibitis
2851 3731 3094 3801 precibus
3125 3734 3144 3804 (
3171 3733 3295 3790 Luc.
3327 3737 3414 3793 16.
3446 3738 3515 3794 24
3541 3739 3582 3812 ).

1994 3811 2324 3884 Quamquam
2381 3817 2500 3888 quis
2545 3819 2684 3874 inter
2737 3837 2836 3880 nos
2887 3823 2959 3878 ita
3009 3839 3214 3896 pauper
3254 3837 3373 3891 est,
3409 3840 3465 3884 ut
3518 3848 3584 3885 ne

1994 3918 2182 3973 aquam
2229 3904 2442 3975 quidem
2489 3908 2724 3965 habeat?
2753 3911 2922 3968 Nemo
2948 3929 3098 3970 sane.
3130 3915 3261 3971 Nam
3299 3919 3370 3971 illi
3421 3922 3580 3975 etiam

1993 3997 2082 4066 qui
2127 4006 2362 4053 extrema
2397 4000 2533 4056 fame
2565 4003 2884 4072 tabescunt,
2930 3991 3096 4064 stillis.
3127 4025 3277 4080 aqua:
3309 4011 3407 4066 frui
3457 4029 3580 4083 pos-

1993 4097 2118 4142 sunt
2147 4106 2162 4154 ;
2191 4106 2288 4146 nec
2315 4091 2471 4146 stillis
2501 4108 2651 4162 aqua:
2680 4093 2852 4148 solum
2877 4135 2892 4162 ,
2926 4096 3019 4152 sed
3059 4099 3220 4153 etiam
3263 4102 3465 4172 majore
3489 4120 3550 4158 5o
3569 4136 3584 4146 ο

1994 4177 2140 4233 latio.
2171 4179 2338 4235 Secus
2364 4191 2540 4236 autem
2570 4182 2721 4238 dives
2748 4184 2836 4239 ille
2862 4226 2878 4252 ,
2907 4187 2996 4257 qui
3023 4187 3088 4242 ad
3116 4204 3233 4244 eam
3262 4206 3430 4263 usque
3456 4212 3582 4265 pau-

1995 4278 2251 4339 pertatem
2281 4270 2510 4333 devenit,
2545 4282 2601 4328 ut
2631 4275 2833 4330 nullum
2863 4289 3042 4347 posset
3071 4281 3310 4338 invenire
3357 4301 3582 4357 pauper-

1994 4363 2116 4415 tatis
2153 4361 2422 4418 solatium.
2450 4362 2556 4419 Cur
2582 4366 2760 4435 itaque
2789 4368 2987 4425 divitiis
3015 4371 3302 4439 inhiamus,
3336 4393 3454 4447 qua:
3485 4395 3582 4435 ttOs

1994 4453 2044 4508 in
2077 4455 2261 4508 caelum
2309 4456 2560 4514 inducere
2590 4462 2902 4531 nequeunt?
2931 4462 3025 4518 Dic
3050 4465 3178 4520 mihi
3214 4485 3227 4522 :
3257 4468 3301 4522 si
3327 4471 3444 4538 quis
3489 4489 3576 4526 rex

1994 4555 2238 4602 terrenus
2265 4547 2505 4616 diceret,
2538 4552 2738 4605 nullmn
2770 4553 2986 4608 divitem
3031 4571 3187 4626 posse
3219 4558 3271 4612 in
3303 4561 3444 4630 regia
3484 4564 3578 4618 ful-

1990 4653 2136 4709 gere,
2159 4648 2248 4693 aut
2290 4638 2495 4696 honore
2523 4642 2644 4704 frui,
2674 4659 2849 4697 annon
2879 4647 3052 4700 cuncti
3083 4647 3294 4703 divitias
3335 4651 3576 4720 πενίαν

1993 4731 2118 4786 retis
2149 4739 2204 4786 et
2234 4731 2575 4802 abjiceretis?
2602 4734 2757 4805 Atqui
2784 4776 2798 4799 ,
2831 4735 2874 4790 si
2907 4753 2970 4790 ex
3001 4745 3228 4793 terreme
3260 4741 3396 4796 illitts
3425 4745 3530 4812 regi
3556 4766 3581 4797 tt

1994 4823 2196 4878 honore
2222 4838 2319 4878 nos
2343 4823 2618 4894 dejiciant,
2645 4828 2972 4897 contemptui
3001 4840 3160 4885 erunt
3186 4848 3200 4898 ;
3231 4832 3376 4904 Rege
3400 4847 3580 4891 autent

1990 4913 2240 4967 CteiOl‘tllll
2273 4915 2511 4984 quotidie
2548 4915 2809 4972 clamante
2835 4933 2898 4974 ac
2942 4917 3152 4979 dicente
3175 4964 3190 4991 ,
3216 4923 3430 4982 diflicile
3460 4944 3582 4982 csre

1991 5019 2112 5059 enm
2143 5005 2340 5060 divitiis
2365 5007 2417 5060 in
2449 5021 2599 5061 sacra
2629 5007 2715 5062 illa
2746 5011 2877 5064 atria
2904 5011 3107 5083 ingredi
3138 5057 3151 5079 ,
3182 5031 3356 5072 annon
3402 5026 3579 5075 omnia

1992 5099 2332 5170 projiciemus
2356 5139 2369 5162 ,
2393 5113 2572 5153 annon
2621 5114 2748 5170 opes
2775 5105 3145 5162 amovebimus
3174 5152 3188 5176 ,
3218 5120 3274 5165 ut
3302 5111 3352 5164 in
3381 5115 3578 5185 regiam

1993 5192 2132 5246 illam
2164 5188 2330 5244 libere
2359 5189 2763 5260 ingrediamnr?

2061 5281 2114 5336 6.
2162 5281 2340 5351 Ecqua
2383 5298 2568 5339 sumus
2615 5284 2766 5339 venia
2813 5285 2993 5358 digni,
3033 5290 3122 5360 qui
3150 5307 3208 5343 ea
3256 5309 3375 5362 qua:
3422 5293 3579 5348 nobis

1991 5373 2190 5426 aditum
2225 5372 2370 5428 illum
2400 5373 2753 5446 praeeludunt,
2778 5385 2924 5435 tanto
2953 5382 3129 5436 studio
3155 5385 3572 5455 complectimur,

1991 5475 2045 5522 et
2074 5481 2178 5521 non
2209 5467 2378 5522 solum
2403 5469 2453 5523 in
2483 5469 2644 5540 arcis,
2677 5471 2769 5528 sed
2793 5473 2953 5529 etiam
2984 5475 3035 5529 in
3060 5485 3196 5530 terra
3227 5479 3570 5547 occultamus,

1991 5557 2117 5612 dum
2147 5557 2270 5613 licet
2290 5574 2352 5613 ea
2378 5559 2428 5614 in
2453 5561 2598 5616 ctelis
2620 5562 2967 5619 custodienda
2991 5567 3314 5621 recondere?
3343 5568 3571 5638 ldipsun‘.

1989 5659 2133 5704 certe
2165 5665 2301 5704 nunc
2330 5650 2477 5718 facis,
2506 5666 2567 5707 ac
2589 5654 2632 5706 si
2656 5653 2774 5723 quis
2794 5655 3022 5723 agricola
3047 5666 3321 5726 acceptum
3345 5659 3573 5719 frtunen-

1996 5751 2102 5796 tum
2130 5740 2186 5798 in
2215 5741 2370 5797 fertili
2401 5756 2528 5812 agro
2551 5743 2944 5812 seminandum,
2983 5745 3203 5803 dimisso
3234 5763 3382 5820 agro,
3410 5753 3461 5808 in
3497 5755 3569 5808 la.
