4040 6208
568 344 663 399 185

560 474 679 512 rum
712 456 1032 511 frumentum
1063 468 1222 509 omne
1244 452 1535 521 demergat,
1566 460 1807 521 utncque
1833 450 1922 504 illo
1942 447 2145 503 fruatur

562 551 692 615 ipse,
726 556 777 600 et
828 547 1144 600 frumentum
1173 554 1479 613 corruptum
1506 551 1703 612 pereat.
1742 541 1844 596 Sed
1872 555 2031 610 quam
2062 555 2147 593 ra-

562 640 764 692 tionem
808 637 1121 707 proferunt,
1168 652 1287 689 cum
1334 634 1454 688 illus
1487 634 1583 688 hac
1624 635 1690 687 dc
1730 648 1786 688 re
1836 630 2146 703 culpamus?

560 729 673 782 Non
717 744 931 799 parvam
985 728 1403 783 consolationem
1446 726 1493 780 id
1538 726 1711 787 affert,
1745 725 1884 795 tpiod
1914 726 2145 778 sciamus

561 822 673 874 hinc
706 820 859 874 nobis
889 828 1001 874 tuto
1035 818 1308 874 recondita
1347 831 1488 873 esse.
1516 817 1764 884 Quinimo
1800 816 2003 869 nescire
2030 814 2144 868 hare

559 912 829 967 recondita
886 926 1037 977 esse,
1088 910 1138 963 id
1186 910 1603 963 (‘Ollsltiilllfmcm
1644 908 1877 961 all‘erret.
1925 906 2142 960 Etiamsi

555 1006 697 1058 enim
742 1004 935 1057 famem
967 1019 1071 1057 non
1102 1003 1311 1067 timeas,
1346 1001 1506 1055 multa
1539 1001 1637 1054 alia
1681 1001 1921 1071 graviora
1954 998 2023 1053 ob
2049 998 2137 1053 de-

556 1098 781 1164 positum
802 1098 905 1152 tale
930 1096 1184 1164 timenda,
1209 1110 1372 1160 mors,
1398 1094 1614 1159 bellum,
1646 1093 1866 1147 insidiae.
1896 1092 1949 1146 Si
1981 1091 2146 1145 fames

557 1189 783 1257 ingruat,
817 1186 1041 1258 populus
1069 1202 1097 1239 a
1129 1194 1315 1240 ventre
1357 1185 1662 1254 compulsus
1701 1192 1899 1236 armata
1928 1184 2144 1237 dextera

555 1279 772 1333 domum
805 1289 946 1333 tuam
989 1278 1220 1333 invadet.
1266 1277 1374 1329 lmo
1424 1276 1550 1330 dum
1581 1276 1657 1329 sic
1695 1277 1833 1345 agis,
1869 1275 2058 1328 famem
2092 1274 2144 1327 in

558 1373 716 1427 urbes
750 1372 995 1438 invehis,
1031 1381 1082 1427 te
1112 1370 1213 1426 hoc
1240 1370 1379 1425 fame
1408 1370 1621 1441 gravius
1653 1369 1945 1439 periculum
1973 1370 2023 1421 in
2051 1369 2145 1420 du-

556 1481 701 1519 mum
751 1473 893 1519 tuam
939 1463 1164 1518 inducis.
1196 1463 1405 1518 Etenim
1448 1461 1599 1515 famis
1640 1460 1943 1515 calamitate
1971 1459 2145 1512 nullos

556 1557 677 1609 novi
709 1554 885 1610 statim
914 1564 1260 1623 consumptos
1286 1570 1300 1606 :
1331 1552 1493 1606 multa
1514 1551 1705 1621 quippe
1729 1551 1959 1619 undique
1985 1565 2140 1604 exco-

553 1649 707 1715 gitari
764 1656 981 1716 possunt
1025 1645 1091 1700 ad
1145 1644 1274 1699 tanti
1318 1644 1443 1698 mali
1494 1644 1776 1709 solatium;
1808 1643 1877 1697 ob
1900 1642 2146 1712 pecunias

554 1749 753 1803 autem,
788 1737 1016 1801 divitias,
1052 1752 1246 1806 resque
1279 1734 1676 1805 hujuscemodi,
1713 1734 1967 1803 plurimos
2004 1734 2145 1787 indi-

552 1846 675 1885 care
700 1831 920 1899 possim,
949 1844 1042 1883 seu
1065 1829 1223 1893 clam,
1253 1841 1345 1881 seu
1384 1826 1592 1895 publice
1615 1826 1982 1895 interemptos.
2013 1825 2147 1879 Mul-

556 1923 622 1973 tis
670 1936 830 1989 porru
860 1918 1164 1988 hujusmodi
1187 1918 1444 1988 exemplis
1470 1917 1642 1986 plena:
1680 1924 1803 1970 sant
1839 1918 1958 1982 vim,
1992 1916 2146 1986 plena

554 2012 831 2079 judiciaria
866 2011 1147 2065 tribunalia
1163 2020 1216 2065 ct
1243 2009 1375 2063 fora.
1400 2008 1599 2079 Ecquid
1622 2010 1741 2063 dico
1764 2008 1894 2071 vias,
1918 2008 2144 2077 judicia-

557 2105 631 2157 ria
667 2104 947 2158 tribunalia
979 2113 1033 2157 ct
1064 2102 1215 2156 fora?
1263 2101 1437 2172 Ipsum
1480 2116 1629 2156 mare
1658 2100 1863 2155 videbis
1891 2102 2147 2169 sanguine

564 2197 796 2263 plenum.
835 2195 958 2249 Ιιιυε
984 2195 1178 2263 quippe
1227 2193 1464 2265 tyrannis
1492 2208 1597 2247 non
1631 2202 1826 2247 terram
1857 2192 2027 2245 solum
2058 2207 2146 2245 oc-

555 2286 764 2355 eupavit
792 2328 805 2351 ,
836 2285 929 2340 sed
957 2286 1115 2340 etiam
1160 2284 1210 2339 iu
1266 2284 1455 2355 pelago
1484 2299 1604 2338 cum
1634 2285 1798 2337 inulto
1825 2284 2000 2337 furore
2026 2284 2147 2337 hac-

554 2380 707 2432 i-hata
742 2387 843 2432 est.
893 2378 957 2432 Et
987 2378 1122 2432 alius
1153 2375 1369 2448 quidem
1416 2376 1624 2444 navigat
1670 2390 1886 2447 propter
1923 2392 2108 2429 aurum
2130 2418 2143 2441 ,

557 2472 694 2525 alius
721 2471 789 2525 ob
816 2470 918 2525 hoc
956 2470 1126 2541 ipsum
1153 2469 1463 2539 jugulatur:
1495 2467 1789 2537 cadentque
1814 2469 1923 2536 ipsa
1969 2476 2147 2538 tyran-

557 2564 640 2617 nis
669 2563 812 2616 huuc
861 2571 1246 2627 mercatorem,
1289 2560 1437 2615 illum
1484 2560 1805 2614 homicidam
1845 2559 1982 2613 fecit.
2010 2559 2147 2625 Quid

556 2654 723 2725 magis
765 2654 983 2708 inﬁdum
1033 2653 1192 2708 fuerit
1247 2668 1403 2724 quam
1442 2668 1725 2717 mamona,
1761 2667 1880 2706 cum
1933 2663 2149 2721 pr0pter

554 2748 726 2817 ipsum
778 2747 989 2816 plurimi
1034 2747 1471 2817 peregrinentur,
1525 2746 1889 2814 periclitentur
1930 2746 2149 2799 etocci-

554 2839 788 2893 dantur?
827 2838 930 2893 Sed
978 2839 1100 2904 Quis
1147 2837 1488 2900 miserebitur,
1532 2837 1729 2906 inquit,
1786 2836 2142 2901 incantatoris,

554 2950 701 3003 quem
745 2949 951 2999 serpens
1013 2931 1281 2984 momordit
1331 2930 1349 3000 (
1368 2928 1529 2982 Eccli.
1564 2929 1651 2983 12.
1685 2928 1783 2999 15)
1808 2930 1830 2981 ?
1858 2927 2146 2997 Opertebat

556 3024 696 3077 enim
756 3021 885 3075 dira:
945 3020 1242 3092 tyrannidis
1306 3033 1499 3090 gnaros
1570 3020 1879 3072 servitutem
1935 3017 2143 3085 fugere,

556 3113 881 3181 noxiumque
919 3125 1158 3164 amorem
1201 3108 1577 3178 comprimere.
1618 3108 1687 3162 Et
1729 3107 2031 3177 quomodo,
2066 3107 2145 3160 in-

554 3203 727 3273 quies,
762 3203 812 3256 id
837 3201 949 3256 ﬁeri
980 3200 1185 3271 possit?
1227 3198 1284 3255 Si
1313 3198 1535 3253 alterum
1566 3213 1801 3254 amorem
1832 3198 2102 3253 induxeris
2126 3240 2140 3265 ,

556 3308 746 3361 nempe
776 3292 1047 3345 cmlorum.
1073 3290 1204 3345 Nam
1227 3289 1316 3360 qui
1341 3288 1666 3359 concupiscit
1690 3304 1928 3360 regnum,
1954 3288 2140 3343 irride-

554 3385 632 3438 bit
656 3384 933 3437 avaritiam
964 3402 977 3434 :
1007 3382 1097 3453 qui
1141 3381 1339 3438 Christi
1382 3397 1568 3438 servus
1618 3380 1838 3437 effectus
1890 3381 1982 3447 sit,
2035 3397 2139 3436 non

554 3476 656 3529 erit
694 3489 954 3529 mamoua:
982 3489 1201 3542 servus,
1232 3473 1326 3530 sed
1356 3483 1410 3529 et
1433 3477 1552 3544 ejus
1580 3475 1683 3530 erit
1702 3474 1949 3530 dominus
1981 3491 1994 3528 :
2021 3490 2139 3529 nam

556 3567 842 3637 fugientem
888 3567 1092 3636 insequi
1133 3566 1293 3632 solet,
1346 3575 1399 3621 et
1450 3576 1855 3637 persequentem
1913 3564 2139 3635 fugere:

554 3675 724 3729 neque
747 3659 817 3712 ita
849 3668 1258 3729 persequentem
1283 3658 1527 3723 honorat,
1561 3667 1615 3713 ut
1636 3675 1694 3714 se
1719 3659 2099 3729 despicientem
2124 3675 2138 3722 ;

551 3754 752 3807 nullum
784 3752 856 3806 ita
887 3752 1112 3817 deridet,
1162 3761 1218 3806 ut
1274 3752 1356 3806 sui
1400 3751 1679 3820 cupidum;
1733 3767 1904 3821 neque
1956 3751 2141 3806 irridet

550 3844 708 3898 modo
732 3886 747 3910 ,
785 3843 877 3899 sed
907 3843 1202 3899 innumeris
1240 3842 1555 3913 constringit
1586 3842 1828 3897 vinculis.
1860 3843 2138 3897 Solvamus

550 3938 707 4007 igitur
731 3937 812 3991 vel
852 3951 974 3992 sero
1018 3936 1229 3991 tandem
1273 3935 1434 3991 hasce
1482 3936 1667 3990 noxias
1718 3944 1953 3991 catenas.
2001 3935 2134 4002 Quid

547 4029 917 4083 rationabilem
947 4028 1180 4084 animam
1205 4028 1499 4083 irrationali
1531 4029 1789 4096 materiae,
1828 4028 2134 4082 innumeru-

1308 340 1362 395 S.
1403 337 1681 394 JO.\NNIS
1717 333 2191 391 CliR\'SOS'l'0.\ll
2232 332 2546 387 ARCIIIEP.
2586 331 3115 393 CONSTANTINOP.

3734 344 3832 399 l8!

2252 464 2367 503 rum
2418 447 2679 505 malorum
2734 451 2911 518 matri,
2957 453 3157 507 servire
3183 452 3363 523 cogis?
3393 453 3497 509 Sed
3538 471 3570 507 ο
3612 456 3719 509 risu
3749 461 3833 510 di-

2250 555 2409 611 guam
2456 543 2603 597 rem!
2634 558 2730 595 nus
2779 542 2921 596 illam
2974 544 3347 614 impugnatuus
3376 546 3551 600 verbis
3573 590 3587 613 ,
3619 548 3707 602 illa
3736 566 3834 604 nos

2252 633 2523 704 impugnat
2549 650 2606 688 re
2637 635 2770 704 ipsa,
2798 644 2849 688 et
2881 636 3111 705 undique
3141 638 3247 707 agit
3270 647 3324 692 ct
3349 638 3656 695 circumfert
3683 643 3836 712 quasi

2252 727 2421 796 pretio
2468 738 2677 797 emptos
2716 737 2769 781 et
2801 729 3109 797 mastigias;
3152 745 3257 797 quo
3300 730 3425 799 quid
3460 732 3681 800 turpius,
3711 734 3837 802 quid

2252 818 2560 887 indignius?
2586 819 2640 874 Si
2676 820 2815 873 enim
2869 820 3227 875 insensibilem
3262 822 3535 876 materiam
3590 837 3691 877 non
3741 841 3837 878 suo

2252 923 2529 977 pcramus,
2587 911 2856 979 quomodo
2883 912 3223 981 incorporeas
3254 923 3541 979 potestates
3587 916 3837 985 proﬂiga-

2253 999 2461 1053 bimus?
2508 1002 2548 1055 si
2585 1002 2740 1056 vilem
2805 1010 3006 1055 terram
3087 1013 3141 1057 ιι
3187 1005 3422 1073 abjcetos
3474 1007 3675 1076 lapides
3731 1026 3837 1063 nou

2251 1090 2596 1159 despicimus,
2626 1098 2893 1162 quomodo
2916 1095 3243 1165 principatus
3271 1110 3319 1149 et
3352 1109 3641 1167 potestates
3665 1101 3836 1171 subji-

2250 1181 2495 1236 ciemus?
2540 1183 2809 1253 quomodo
2862 1187 3263 1254 temperantiam
3326 1190 3731 1243 exercchimus?
3779 1194 3830 1245 δ’

2251 1283 2527 1341 argentum
2575 1273 2781 1343 fulgens
2811 1290 2908 1328 uos
2947 1276 3218 1344 percellit,
3250 1279 3521 1347 quomodo
3553 1281 3812 1350 pulchran

2254 1363 2440 1418 faciem
2493 1376 2907 1435 przetcrcurrere
2972 1369 3300 1436 poterimus?
3365 1372 3570 1425 Etenim
3617 1374 3838 1442 quidam

2254 1452 2374 1508 huic
2404 1456 2666 1525 tyrannidi
2695 1472 2861 1525 usque
2908 1459 3043 1512 adeo
3090 1460 3252 1513 dediti
3284 1472 3403 1515 sunt
3428 1506 3442 1528 ,
3494 1474 3548 1517 ut
3578 1463 3720 1532 ipsos
3753 1468 3839 1518 vel

2250 1545 2365 1597 auri
2406 1555 2649 1615 aspectus
2691 1546 2916 1609 afticiat,
2959 1558 3013 1603 et
3058 1549 3227 1604 farcte
3262 1551 3604 1623 hilariterqne
3630 1554 3837 1619 dicant,

2251 1635 2446 1691 Oculos
2488 1638 2635 1708 juvat
2677 1640 2938 1693 nurnisnta
2980 1657 3201 1696 aureum
3235 1644 3492 1698 oblatum.
3530 1645 3723 1698 Verum
3769 1665 3843 1701 ne

2253 1730 2324 1784 ita
2356 1730 2526 1795 ludas,
2557 1732 2625 1785 mi
2654 1733 2845 1795 homo;
2880 1734 3007 1788 nihil
3038 1736 3178 1789 enim
3212 1738 3287 1791 sic
3316 1738 3458 1791 la-dit
3483 1739 3685 1801 oculo-3
3725 1740 3843 1793 sive

2251 1822 2493 1890 corporis
2514 1863 2529 1887 ,
2562 1823 2674 1877 sive
2702 1824 2893 1877 animze
2920 1867 2933 1887 ,
2958 1837 3013 1879 ut
3038 1826 3225 1880 horum
3257 1829 3707 1898 coiicupisceutia.
3743 1831 3845 1885 llic

2251 1920 2399 1967 certe
2438 1913 2627 1968 noxius
2667 1930 2820 1969 amor
2859 1916 3119 1985 virginum
3163 1919 3369 1972 illarum
3418 1922 3685 1991 lampades
3744 1940 3844 1977 cx-

2252 2005 2464 2069 stinxit,
2495 2006 2717 2077 illasque
2747 2024 2774 2062 a
2802 2013 2981 2080 sponsi
3030 2013 3259 2069 thalamo
3285 2018 3525 2072 exclusit.
3552 2020 3647 2075 llic
3677 2037 3843 2092 aspe-

2252 2105 2370 2151 ctus
2388 2140 2400 2162 ,
2440 2114 2598 2168 quem
2620 2100 2753 2154 dicis
2776 2103 2957 2157 oculos
2983 2104 3172 2174 juvare
3191 2148 3206 2173 ,
3236 2108 3485 2163 miserum
3512 2110 3700 2165 Judam
3732 2130 3843 2167 non

2253 2192 2491 2259 permisit
2523 2193 2706 2249 audire
2753 2196 3069 2252 dominicam
3116 2215 3322 2267 vocem,
3373 2203 3465 2257 sed
3510 2203 3559 2258 iu
3588 2204 3841 2274 laqueum

2252 2281 2438 2348 duxit,
2486 2293 2645 2354 atque
2689 2286 2739 2339 id
2767 2286 2941 2342 ell‘ecit
2971 2299 3026 2343 ut
3057 2292 3265 2347 medius
3302 2297 3563 2364 crepuerit
3589 2338 3601 2359 ,
3628 2312 3691 2351 ac
3722 2312 3844 2365 νυνι

2253 2373 2367 2428 hmc
2398 2377 2573 2429 omnia
2602 2377 2652 2431 iu
2684 2377 2981 2448 gehennam
3025 2383 3186 2438 misit.
3232 2384 3367 2451 Quid
3406 2402 3532 2456 ergo
3563 2387 3660 2441 hac
3690 2400 3845 2456 peste

2253 2464 2481 2534 iniquius
2514 2465 2705 2521 fuerit?
2733 2470 2857 2539 quid
2889 2471 3230 2527 horribilius?
3258 2474 3371 2529 Non
3403 2476 3467 2530 de
3499 2481 3715 2532 materia
3742 2497 3843 2549 pe-

2253 2559 2526 2612 cuniarum
2557 2561 2763 2630 loquor,
2812 2562 2904 2615 scd
2935 2564 3002 2617 de
3040 2580 3220 2618 earum
3261 2567 3624 2636 intempestiva
3654 2582 3703 2625 ct
3754 2573 3843 2624 fu-

2251 2650 2389 2703 riOsa
2442 2652 2746 2721 cupiditate.
2807 2654 2935 2708 Natu
2979 2656 3208 2710 humano
3261 2658 3481 2714 distillat
3537 2666 3841 2731 sanguine.

2252 2754 2474 2797 cruento
2512 2757 2727 2815 aspectu
2751 2788 2764 2811 ,
2794 2757 2846 2802 et
2878 2749 3060 2817 quavis
3091 2750 3201 2804 fera
3232 2752 3512 2807 immanior
3536 2764 3614 2810 est
3635 2798 3649 2822 ,
3678 2768 3845 2826 atque

2251 2835 2435 2888 obvius
2462 2851 2700 2906 quosque
2726 2837 3001 2906 discerpit,
3052 2842 3301 2912 quodque
3346 2845 3512 2897 multo
3538 2846 3687 2914 pejus
3724 2862 3842 2913 est,

2252 2941 2318 2979 ne
2346 2928 2545 2981 sentire
2565 2929 2776 2997 quidem
2801 2930 2814 2984 l
2852 2932 3049 2984 niatmu
3074 2934 3217 2986 sinit.
3246 2931 3376 2987 Cum
3405 2946 3668 3004 Oporteret
3694 2941 3845 2992 enim

2249 3031 2341 3071 eos
2368 3019 2454 3087 qui
2486 3020 2607 3073 talia
2656 3022 2945 3089 patiuntur,
2979 3023 3043 3077 ad
3075 3036 3455 3093 prmtercuntes
3496 3044 3711 3082 manum
3740 3046 3844 3085 ca-

2250 3110 2468 3164 lendcre
2488 3153 2501 3173 ,
2536 3121 2590 3166 et
2616 3111 2680 3166 ad
2706 3114 2958 3167 auxilium
2994 3131 3202 3181 voeare,
3241 3118 3313 3170 illi
3337 3130 3518 3172 eontra
3549 3120 3617 3175 dc
3647 3122 3845 3175 talibus

2250 3202 2512 3256 ulceribus
2532 3204 2729 3273 gratias
2752 3204 2945 3259 habent
2975 3226 2986 3259 :
3008 3222 3113 3276 quo
3134 3209 3255 3278 quid
3289 3210 3684 3266 miserabilius?
3717 3215 3846 3267 llme

2249 3293 2423 3362 itaque
2457 3296 2632 3349 omnia
2664 3297 2977 3366 cogitantes,
3026 3299 3373 3355 insanabilem
3416 3301 3562 3356 illum
3592 3308 3843 3361 morbum

2246 3383 2526 3455 fugiamus,
2557 3386 2672 3455 ejus
2698 3404 2907 3441 morsus
2932 3404 3197 3455 curemus,
3230 3400 3283 3445 ct
3302 3406 3330 3443 a
3360 3392 3445 3445 tali
3480 3407 3629 3462 peSIe
3654 3402 3844 3465 procul

2249 3474 2529 3546 fugiamus.
2560 3487 2616 3532 ut
2645 3488 2697 3533 ct
2734 3480 2785 3532 in
2816 3483 3063 3548 pra-senti
3115 3491 3279 3536 tutam
3330 3492 3385 3537 et
3438 3488 3845 3553 perturbatione

2247 3581 2466 3620 Vacuam
2498 3569 2657 3621 vitam
2693 3569 2970 3635 ducamus,
3004 3581 3056 3625 ct
3082 3571 3289 3626 futurus
3318 3576 3694 3631 nanciscamur
3724 3580 3847 3633 the-

2246 3671 2430 3710 sauros
2465 3675 2476 3709 :
2506 3672 2639 3727 quos
2671 3660 2871 3713 utinam
2906 3675 3001 3714 nos
3046 3676 3233 3717 omnes
3264 3679 3635 3733 assequamur,
3667 3673 3843 3738 gratia

2246 3759 2299 3802 et
2352 3749 2677 3821 benignitate
2718 3751 2924 3805 Domini
2974 3755 3136 3808 nostri
3182 3754 3305 3809 .lesu
3334 3756 3569 3824 Christi,
3619 3764 3845 3831 quicum

2248 3838 2388 3893 Patri
2434 3850 2487 3893 ct
2545 3841 2701 3895 simul
2755 3842 2970 3913 Spiritui
3024 3855 3207 3900 sancto
3259 3849 3459 3918 gloria,
3516 3853 3842 3921 imperium,

2246 3930 2446 3993 honor,
2502 3948 2641 3987 nunc
2698 3943 2749 3989 ct
2800 3950 3041 4005 semper,
3100 3947 3152 3992 et
3183 3939 3235 3992 in
3261 3940 3454 3994 sa'cula
3489 3945 3836 4000 saeculorum.

2248 4029 2439 4079 Anien.

2476 4170 3841 4195 Ἣ

1946 4254 2287 4316 HOMILIA
2335 4253 2418 4312 Χ.

545 4393 671 4447 CAP.
700 4395 752 4447 3.
777 4408 828 4447 v.
854 4395 904 4447 l.
932 4397 994 4446 In
1023 4394 1195 4448 diebus
1218 4396 1321 4448 illis
1352 4396 1480 4449 venit
1502 4398 1724 4449 Joannes
1746 4398 1974 4464 Baptista
2002 4413 2130 4465 prato

615 4486 789 4538 dicens
817 4487 865 4538 in
889 4485 1084 4540 deserto
1125 4487 1340 4552 Iudae,
1370 4487 1424 4541 2.
1456 4497 1501 4541 et
1528 4489 1695 4542 dicens
1726 4505 1745 4542 :
1780 4487 2132 4542 Paenitentiam

613 4578 762 4647 agite,
788 4578 1213 4647 appropinquavit
1233 4579 1366 4631 enim
1392 4595 1599 4649 regnum
1631 4581 1889 4631 (telorum.

613 4670 662 4720 1.
698 4668 858 4731 Quale
912 4679 1106 4738 tempus
1161 4669 1420 4739 designent
1475 4671 1581 4723 ltwc
1639 4672 1784 4723 verba
1817 4670 1911 4723 :ln
1940 4670 2129 4723 diebus

542 4758 661 4809 illis.
695 4758 795 4812 Cur
820 4758 1049 4813 Christus
1089 4759 1298 4829 triginta
1335 4775 1585 4813 annorum
1635 4761 1935 4830 baptizatur.
1965 4791 2033 4799 —
2058 4761 2130 4814 De

540 4849 854 4916 quibusnam
885 4851 1071 4905 diebus
1097 4850 1249 4923 agit?
1275 4851 1388 4906 Non
1412 4854 1550 4907 enim
1580 4868 1686 4923 quo
1722 4863 1959 4923 tempore
2000 4871 2130 4924 puer

539 4944 629 4995 ille
661 4953 798 5011 erat,
829 4955 880 4999 et
908 4945 1128 5001 Nazaret
1153 4947 1314 5010 venit.
1345 4948 1437 5003 sed
1467 4959 1585 5017 post
1610 4965 1778 5004 annos
1803 4950 2011 5019 triginta
2042 4964 2129 5002 vc-

539 5034 908 5102 nitJuannes,
944 5046 997 5091 ut
1034 5037 1202 5093 Lucas
1230 5040 1561 5096 testificatur.
1593 5040 1698 5097 Cur
1719 5059 1846 5109 ergo
1870 5043 2027 5106 dicit,
2066 5040 2126 5095 In

538 5124 712 5179 diebus
741 5127 887 5181 ilus?
917 5128 1028 5182 Mos
1061 5139 1143 5184 est
1186 5130 1473 5201 Scriptum
1522 5132 1621 5187 hoc
1680 5134 1751 5187 uti
1796 5134 1986 5198 motio;
2022 5149 2124 5187 non

540 5221 710 5273 solum
742 5234 862 5273 cum
903 5238 963 5275 ea
1014 5232 1211 5290 narrat,
1262 5239 1381 5294 qua:
1405 5226 1699 5295 insequenti
1734 5234 1973 5296 tempore
2001 5243 2119 5281 mox

535 5323 682 5379 gesta
726 5322 869 5378 sunt,
902 5313 995 5367 sed
1026 5315 1185 5370 etiam
1221 5333 1341 5371 cum
1373 5318 1459 5371 illa
1483 5319 1629 5382 dicit,
1662 5336 1781 5389 qua:
1823 5320 2002 5377 multis
2030 5337 2124 5390 po-

534 5414 645 5457 Steti
696 5406 851 5458 annis
891 5407 1227 5474 contigerint.
1294 5408 1383 5463 Sic
1426 5410 1585 5463 etiam
1636 5427 1755 5464 cum
1784 5412 1849 5464 ad
1893 5412 2038 5465 illum
2068 5413 2121 5465 in

534 5498 709 5549 Monte
747 5497 1006 5552 olivarum
1059 5500 1330 5555 sedentem
1373 5501 2011 5572 discipuliaccesscruut,
2069 5515 2122 5560 et

534 5586 599 5640 de
625 5593 851 5644 adventu
877 5607 997 5659 ejus
1027 5591 1197 5663 deque
1223 5595 1427 5649 excidio
1453 5595 1905 5669 Jerosolymorum
1935 5601 2117 5655 scisci-

537 5679 625 5729 tati
651 5692 769 5732 sunt
792 5700 802 5744 ;
832 5685 978 5736 scitis
1007 5694 1182 5737 autem
1206 5696 1455 5755 quantum
1479 5688 1553 5741 sit
1580 5688 1715 5745 inter
1740 5700 1961 5763 utraque
1983 5703 2117 5747 tem-

538 5784 662 5836 pora
698 5773 1050 5829 iutervallwu.
1081 5778 1214 5831 Cum
1241 5780 1484 5848 loquutus
1515 5794 1657 5837 esset
1703 5787 1766 5840 de
1811 5789 1924 5842 exci
1947 5790 2033 5855 lio,
2065 5802 2115 5845 et

2248 4415 2343 4467 hac
2369 4414 2434 4467 dc
2463 4429 2518 4467 re
2552 4413 2761 4469 dicendi
2800 4416 2957 4471 liuent
2988 4418 3227 4485 fecisset,
3276 4422 3343 4477 de
3368 4428 3845 4483 consummatione

2241 4511 2419 4571 postea
2442 4503 2774 4572 loquuturus,
2800 4508 3096 4575 subjuuxit,
3125 4510 3265 4565 Tunc
3293 4514 3390 4567 ista
3412 4526 3569 4570 erunt
3599 4519 3615 4586 (
3638 4516 3842 4575 Matth.

2238 4593 2351 4665 24)
2387 4611 2398 4646 :
2431 4595 2657 4649 dicendo
2700 4608 2877 4651 autem
2909 4598 3065 4665 Tunc,
3111 4619 3214 4656 non
3240 4604 3512 4674 conjunxit
3544 4616 3795 4677 tempora
3826 4653 3843 4674 ,

2239 4684 2330 4737 sed
2363 4685 2488 4739 illud
2516 4686 2685 4740 solum
2721 4697 2928 4759 tempus
2959 4691 3203 4746 iudicavit
3227 4735 3240 4759 ,
3285 4710 3390 4765 quo
3430 4696 3543 4749 haec
3570 4710 3847 4755 eventura

2236 4787 2407 4829 erant.
2444 4776 2670 4847 Idipsum
2719 4798 2857 4835 nunc
2889 4784 3011 4838 facit
3047 4800 3165 4840 eum
3206 4789 3317 4843 ait:
3352 4786 3416 4842 In
3473 4790 3645 4844 diebus
3702 4793 3843 4847 illis.

2235 4865 2349 4919 Non
2398 4869 2538 4923 enim
2582 4871 2922 4943 insequentes
2953 4877 3128 4932 statim
3169 4879 3284 4934 dies
3323 4880 3680 4951 significavit;
3734 4888 3843 4942 sed

2237 4957 2355 5011 illos
2383 4958 2434 5012 in
2467 4961 2659 5030 quibus
2686 4966 2958 5034 contigere
2988 4983 3048 5021 ca
3076 4969 3141 5023 ad
3166 4988 3282 5040 qua:
3305 4974 3566 5028 narranda
3600 4990 3834 5047 progre-

2233 5048 2392 5106 ditur.
2452 5051 2518 5106 Et
2570 5070 2698 5117 cur,
2750 5057 2975 5127 inquies,
3020 5074 3139 5130 post
3188 5064 3396 5134 triginta
3439 5082 3604 5121 annos
3631 5070 3699 5123 ad
3738 5072 3841 5125 ba-

2235 5142 2481 5209 ptismum
2521 5148 2661 5200 venit
2707 5148 2897 5204 Jesus?
2929 5153 3055 5206 l‘ost
3105 5154 3245 5210 hunc
3297 5159 3612 5227 baptismqu
3649 5162 3842 5232 legem

2231 5237 2503 5292 Soluturus
2548 5251 2662 5294 erat
2711 5261 2724 5296 :
2776 5244 2893 5299 ideo
2923 5248 2987 5299 ad
3027 5250 3167 5303 illam
3214 5268 3380 5322 usque
3422 5266 3671 5325 nitatem,
3702 5275 3841 5329 qme

2233 5338 2404 5394 potest
2434 5341 2648 5398 peccata
2673 5334 2952 5391 admittere
2974 5342 3172 5404 otuuia,
3206 5343 3255 5395 in
3290 5344 3420 5414 legis
3449 5348 3608 5401 totius
3631 5350 3838 5405 obscr~

2231 5421 2438 5474 vatione
2459 5428 2651 5478 mansit
2672 5443 2685 5489 ;
2709 5444 2773 5483 ne
2799 5431 2915 5497 quis
2936 5432 3155 5499 diceret,
3179 5437 3346 5503 ipsum
3373 5438 3541 5508 legem
3564 5442 3857 5511 Solvissii,‘

2228 5512 2365 5579 quod
2392 5529 2494 5567 nou
2520 5528 2699 5584 posset
2722 5534 2839 5574 eam
2870 5522 3113 5591 implere.
3141 5527 3253 5581 Non
3287 5529 3425 5581 enim
3455 5547 3645 5585 ulnnes
3670 5538 3839 5601 pravi

2228 5601 2476 5671 affectus,
2512 5610 2688 5663 omnia
2736 5612 2857 5665 vitia
2901 5630 3113 5685 semper
3150 5618 3346 5673 instant
3396 5622 3548 5674 nobis
3574 5640 3585 5674 :
3611 5626 3703 5676 sed
3777 5628 3838 5682 in

2231 5701 2477 5766 primaeva
2536 5714 2691 5759 aetate
2762 5707 3109 5777 imprudentia
3182 5713 3318 5783 viget
3368 5725 3419 5769 et
3475 5716 3841 5775 imbecillitas

2229 5797 2426 5861 animi;
2462 5797 2511 5852 in
2542 5800 2781 5868 sequenti
2827 5802 3190 5859 vehementius
3223 5806 3382 5862 instat
3410 5808 3609 5871 libido;
3644 5810 3693 5863 in
3732 5828 3827 5877 ea,
