4054 6210
346 327 443 380 185

339 453 456 505 qua:
485 436 623 491 hanc
657 435 868 504 excipit,
901 447 1059 502 opum
1113 429 1396 501 cupiditas.
1451 431 1738 500 PrOpterea
1789 428 1928 482 hanc

341 535 505 580 tatam
551 536 759 580 (etatem
788 537 1070 588 emensus,
1102 532 1156 577 et
1185 522 1356 593 legem
1401 521 1503 576 hoc
1530 531 1642 576 toto
1684 531 1924 590 tempore

338 625 698 685 exsequutus,
745 616 822 668 sic
865 615 929 668 ad
960 614 1276 683 baptismum
1318 614 1495 678 venit,
1521 627 1680 684 quem
1712 623 1920 684 postre-

338 722 482 758 nnnn
531 705 763 768 addidit,
818 714 1093 774 postquam
1148 705 1251 759 alia
1292 714 1556 774 prmcepta
1588 705 1917 775 impleverat.

337 797 488 862 Quod
516 798 658 852 enim
687 797 787 851 hoc
833 807 1157 866 postremmn
1217 798 1314 868 ipsi
1367 797 1524 853 fuerit
1558 815 1623 853 ex
1671 800 1921 868 operibus

335 890 622 958 legalibus,
674 891 798 944 audi
834 907 957 945 cunt
1005 891 1267 945 dicentem
1319 909 1330 942 :
1367 891 1455 945 Sic
1488 892 1619 944 enim
1656 890 1793 946 decet
1829 909 1920 946 nos

334 981 544 1049 implere
569 998 764 1034 omnem
778 983 1032 1048 justitiam
1058 981 1076 1052 (
1101 981 1286 1034 Matth.
1319 983 1370 1036 5.
1406 983 1528 1052 15).
1559 982 1710 1048 Quod
1741 991 1915 1036 autem

331 1074 480 1138 dicit,
509 1074 809 1142 hujusmodi
831 1085 912 1130 est
943 1076 1165 1130 :Omnia
1185 1075 1371 1145 legalia
1409 1075 1740 1144 implevimus
1761 1093 1776 1132 :
1799 1077 1918 1130 nul-

331 1163 437 1217 lum
486 1166 802 1234 transgressi
840 1180 1024 1220 sumus
1070 1165 1394 1220 mandatum.
1439 1166 1570 1235 Quia
1613 1166 1771 1237 igitur
1816 1167 1916 1222 hoc

330 1269 493 1309 unum
512 1267 776 1325 superest,
794 1265 1004 1326 oportet
1021 1257 1146 1311 illud
1165 1271 1372 1327 quoque
1389 1256 1603 1320 addere,
1619 1259 1799 1328 sicque
1811 1275 1916 1313 om-

328 1361 452 1400 nem
490 1347 748 1416 justitiam
780 1349 1132 1418 implebimus.
1162 1349 1427 1404 Justitiam
1464 1350 1610 1405 enim
1650 1349 1736 1405 hic
1760 1361 1916 1406 vocat

325 1439 570 1493 omnium
605 1440 974 1496 mandatorum
1009 1442 1456 1499 observationem.
1498 1442 1767 1500 Christum
1813 1445 1913 1515 igi-

325 1538 414 1582 tur
442 1529 541 1584 hac
569 1530 636 1585 de
669 1545 827 1585 causa
857 1532 921 1584 ad
966 1532 1282 1601 baptismum
1311 1533 1520 1587 venisse
1547 1534 1670 1589 hinc
1697 1536 1913 1604 conspi-

319 1634 484 1672 cuum
513 1629 612 1674 est.
642 1621 755 1688 Qua
786 1621 854 1676 de
895 1637 1052 1676 causa
1094 1637 1224 1677 vero
1270 1623 1372 1677 hoc
1417 1622 1675 1692 baptisma
1705 1625 1772 1679 ab
1796 1625 1912 1695 ipso

317 1711 684 1780 excogitatum
733 1713 850 1767 est?
892 1712 1041 1778 Quod
1079 1715 1222 1767 enim
1254 1711 1526 1769 Zachariae
1567 1715 1705 1770 filius
1748 1731 1852 1770 non
1879 1731 1909 1770 a

313 1803 635 1871 semetipso,
667 1802 760 1856 sed
791 1803 898 1857 Deo
926 1811 1173 1858 movente
1202 1803 1266 1856 ad
1299 1803 1399 1856 hoc
1421 1805 1644 1870 venerit,
1668 1805 1716 1858 id
1742 1805 1910 1860 Lucis

311 1894 564 1947 declarat
597 1894 808 1955 dicens,
870 1893 1083 1948 Verbum
1114 1893 1319 1948 Domini
1346 1895 1540 1963 factum
1580 1905 1653 1950 est
1690 1896 1759 1948 ad
1793 1913 1908 1950 eum

311 1983 486 2048 (Luc.
519 1985 571 2039 5.
613 1984 681 2053 2)
706 2026 720 2052 ,
755 1986 805 2040 id
835 1995 957 2051 est,
1008 1987 1336 2042 mandatum.
1376 1987 1492 2058 Ipse
1533 2003 1742 2059 quoque
1786 1990 1905 2044 ait:

315 2076 419 2141 Qui
465 2092 544 2129 me
582 2078 714 2132 misit
741 2077 997 2146 baptizare
1034 2081 1086 2133 in
1111 2096 1262 2150 aqua,
1290 2081 1377 2134 ille
1400 2081 1520 2134 nti/ti
1541 2082 1707 2135 dixit:
1739 2081 1906 2152 Super

307 2184 461 2235 quem
492 2168 674 2222 videris
704 2170 952 2240 Spiritum
984 2172 1357 2226 descendentem
1399 2173 1543 2242 quasi
1583 2175 1865 2228 columbam
1886 2216 1900 2240 ,

307 2271 352 2313 et
387 2272 676 2314 manentem
715 2280 865 2332 super
903 2281 1012 2316 eum
1035 2307 1048 2331 ,
1082 2266 1162 2318 hic
1191 2275 1262 2318 est
1284 2267 1368 2336 qui
1389 2266 1607 2336 baptisat
1629 2267 1679 2320 in
1703 2268 1902 2337 Spiritu

305 2361 488 2404 sancto
538 2351 728 2422 (Joan.
772 2357 822 2408 1.
876 2355 1004 2425 55).
1051 2355 1159 2410 Cur
1200 2368 1374 2411 autem
1415 2357 1480 2411 ad
1528 2358 1898 2428 baptizandum

307 2442 512 2496 missus
551 2445 664 2498 est?
696 2444 807 2500 lloc
855 2448 978 2500 item
1027 2447 1177 2502 nobis
1205 2447 1439 2502 declarat
1482 2449 1712 2518 Baptista
1745 2465 1759 2504 :
1788 2449 1898 2521 Ego

305 2534 589 2588 nesciebant
623 2552 767 2602 eum;
789 2537 877 2591 sed
913 2548 966 2591 ut
997 2539 1400 2607 mani/'estaretur
1441 2541 1494 2594 in
1542 2539 1742 2608 Israel,
1785 2543 1897 2597 ideo

303 2625 414 2677 reni
466 2626 518 2678 in
571 2642 704 2695 aqua
749 2629 1008 2699 baptizans
1040 2629 1212 2699 (Ibid.
1243 2647 1289 2685 υ.
1322 2632 1445 2701 51).
1475 2633 1538 2686 Et
1565 2633 1608 2687 si
1641 2634 1754 2688 lucc
1783 2636 1894 2689 sola

301 2731 465 2770 causa
501 2728 610 2772 erat
635 2760 649 2784 ,
688 2721 960 2788 quomodo
1007 2723 1080 2776 ait
1125 2722 1330 2786 Lucas,
1387 2722 1531 2777 Venit
1556 2725 1606 2777 in
1645 2729 1896 2794 regionem

297 2807 574 2876 Jordanis,
604 2813 888 2877 praedicans
915 2815 1219 2882 baptismum
1240 2817 1540 2884 pwnitentia:
1565 2818 1617 2870 in
1645 2819 1896 2872 remissio-

297 2917 409 2954 nem
433 2913 756 2969 peccatorum
783 2903 944 2975 (Luc.
969 2907 1020 2960 5.
1039 2906 1103 2976 5)
1126 2906 1147 2958 ?
1169 2907 1497 2977 Quamquam
1521 2910 1890 2966 remissionem

297 3006 402 3045 non
436 2991 706 3056 habebat,
735 2993 830 3048 sed
860 2993 962 3049 hoc
985 2995 1184 3050 donum
1217 3006 1330 3051 erat
1356 2998 1602 3067 baptismi
1629 3041 1644 3065 ,
1682 3001 1768 3070 qui
1802 3015 1893 3069 po-

293 3090 404 3136 stea
431 3081 600 3137 datus
629 3092 745 3148 cst;
794 3085 844 3139 in
893 3086 992 3140 hoc
1032 3088 1174 3142 enim
1219 3090 1514 3159 consepulti
1565 3107 1786 3158 Stuuns,
1838 3102 1893 3148 et

293 3182 444 3225 vetus
478 3172 639 3226 homo
669 3183 851 3230 noster
873 3184 996 3231 tunc
1037 3193 1137 3231 una
1180 3179 1464 3235 cruciﬁxus
1504 3190 1624 3247 est,
1673 3191 1726 3236 ct
1767 3193 1890 3238 ante

289 3277 513 3317 crucem
543 3279 801 3333 nusquam
833 3267 1076 3322 remissio
1107 3267 1243 3323 facta
1283 3273 1608 3340 comperitur
1640 3290 1654 3330 :
1696 3275 1889 3344 ubique

286 3357 430 3410 enim
483 3356 585 3410 hoc
612 3359 850 3427 sanguini
896 3360 1011 3430 ejus
1037 3360 1340 3431 deputatur.
1385 3364 1578 3420 Paulus
1608 3383 1734 3422 vero
1764 3369 1838 3422 ait
1868 3386 1884 3425 ;

286 3448 392 3500 Sed
419 3449 594 3503 abluti
613 3452 750 3514 estis,
782 3452 872 3505 sed
891 3455 1191 3524 sancti/ictui
1212 3457 1348 3523 estis,
1373 3473 1477 3512 non
1506 3474 1599 3528 per
1626 3460 1884 3530 baptisma

282 3542 545 3608 Joannis,
577 3544 692 3608 sed,
726 3547 778 3598 in
800 3547 1000 3600 nomine
1031 3547 1237 3603 Domini
1265 3552 1427 3605 nostri
1455 3551 1578 3606 Iesu
1614 3552 1820 3616 Christi,
1840 3564 1884 3607 et

283 3638 335 3688 in
366 3638 580 3707 Spiritu
621 3637 721 3691 Dei
741 3641 900 3692 nostri
931 3640 948 3711 (
974 3642 1023 3694 1.
1061 3640 1178 3696 Cor.
1211 3643 1262 3697 6.
1321 3645 1441 3712 11).
1487 3645 1553 3699 ΕΙ.
1603 3647 1726 3700 alibi
1774 3649 1879 3711 ait,

279 3727 512 3784 Joannes
552 3730 754 3799 quidem
797 3733 1084 3800 praedicavit
1131 3734 1431 3804 baptismum
1478 3738 1794 3806 pwnitentiw,
1830 3748 1883 3793 et

279 3835 386 3876 uou
414 3821 574 3886 dicit,
603 3822 951 3886 remissionis,
1000 3835 1050 3876 ut
1096 3827 1352 3879 crederent
1382 3828 1433 3880 in
1472 3830 1741 3883 venientem
1771 3841 1880 3898 post

276 3929 392 3964 eum
430 3913 593 3982 (Act.
626 3914 709 3967 l9.
738 3914 828 3972 4).
861 3913 994 3968 Cum
1041 3917 1180 3970 enim
1231 3919 1465 3972 nondum
1516 3920 1749 3974 oblatum
1796 3936 1879 3974 sa-

276 4004 547 4058 criﬁcium
580 4013 742 4069 esset,
776 4022 870 4060 nec
897 4007 1126 4076 Spiritus
1156 4009 1552 4072 descendisset,
1599 4027 1697 4066 nec
1749 4028 1876 4080 pcc~

273 4105 456 4149 catum
511 4096 747 4152 solutum
791 4109 962 4164 esset,
1016 4117 1114 4155 nec
1172 4103 1443 4156 inimicitia
1481 4105 1722 4170 sublata,
1781 4122 1878 4160 nec

275 4186 595 4242 maledictio
653 4188 853 4256 deleta,
923 4191 1194 4260 (ptomodo
1247 4193 1488 4248 remissio
1538 4205 1874 4263 peccatorum

271 4277 412 4332 facta
446 4279 638 4333 esset?

342 4368 401 4420 2.
435 4369 584 4436 Quid
616 4378 697 4424 est
727 4370 886 4440 igitur
914 4372 1062 4437 illud,
1089 4372 1153 4426 In
1184 4376 1523 4429 remissionem
1557 4388 1876 4446 peccatorum

268 4461 284 4527 (
314 4460 489 4514 .llarc.
526 4464 580 4516 1.
614 4463 720 4532 4)?
755 4464 984 4532 improbi
1029 4464 1312 4520 admodum
1363 4477 1515 4522 erant
1552 4467 1741 4534 Judaei,
1775 4485 1875 4524 nec

266 4568 533 4622 umquam
588 4557 639 4608 in
679 4566 1018 4624 peccatorum
1069 4571 1282 4612 suorum
1329 4575 1544 4614 sensum
1595 4572 1868 4626 venerant,

261 4645 359 4699 sed
392 4647 666 4701 extremis
698 4647 913 4702 obnoxii
945 4649 1117 4711 malis,
1151 4666 1208 4704 se
1241 4651 1436 4721 ubique
1472 4651 1646 4721 justos
1677 4654 1870 4722 przedi-

260 4737 464 4792 cabant
499 4757 514 4792 :
548 4739 601 4793 id
641 4740 782 4810 quod
825 4742 1118 4810 praesertim
1169 4743 1310 4812 ipsos
1340 4743 1589 4812 perdidit,
1618 4754 1671 4799 et
1709 4761 1738 4799 a
1771 4745 1872 4800 fide

255 4830 516 4885 abduxit.
557 4831 666 4886 Hac
706 4833 772 4888 de
819 4851 876 4888 re
918 4834 1036 4888 illos
1081 4835 1278 4890 Paulus
1322 4851 1578 4892 accusans
1620 4837 1868 4894 dicebat:

257 4919 586 4990 Ignorantes
632 4922 724 4976 Dei
760 4925 1015 4993 justitiam
1054 4935 1099 4978 et
1142 4942 1285 4980 suam
1320 4936 1593 4996 querentes
1633 4938 1868 4996 statuere,

254 5013 483 5076 iustitiw
512 5013 613 5067 Dei
638 5032 738 5069 non
765 5026 878 5070 sunt
904 5017 1112 5082 subiecti
1140 5019 1313 5089 (Rom.
1342 5020 1424 5074 10.
1457 5018 1533 5090 5).
1565 5021 1627 5075 Ει
1653 5036 1867 5078 rursus:

256 5104 401 5168 Quid
449 5121 581 5176 ergo
618 5105 880 5161 dicemus?
910 5108 1058 5174 Quod
1098 5119 1266 5178 gentes
1290 5126 1402 5179 quia
1427 5127 1525 5163 non
1554 5112 1870 5165 sectabantur

252 5195 549 5260 iustitiam,
593 5197 1028 5266 appreltenderunl
1053 5201 1304 5270 justitiam
1340 5215 1360 5252 :
1407 5201 1566 5255 Israel
1595 5212 1762 5256 autem
1791 5221 1869 5257 se-

250 5287 452 5339 ctanda
501 5287 667 5355 legem
700 5288 932 5356 jnstitiw,
981 5291 1030 5342 in
1081 5289 1236 5360 legem
1253 5292 1472 5360 justltiw
1499 5309 1597 5346 non
1624 5295 1864 5359 pervenit.

252 5377 480 5442 Quare?
516 5379 656 5444 Quia
685 5397 783 5433 non
808 5397 870 5433 ea:
899 5382 1017 5448 ﬁde,
1046 5382 1134 5436 sea‘
1161 5383 1307 5452 quasi
1337 5399 1399 5437 ex
1434 5385 1664 5452 operibus
1690 5384 1866 5455 (Ibid.

247 5470 300 5524 9.
336 5471 529 5525 50-52
561 5471 602 5534 ).
630 5469 760 5536 Quia
790 5473 945 5541 igitur
976 5473 1087 5527 haec
1112 5489 1268 5529 causa
1298 5475 1556 5529 malorum
1601 5485 1734 5542 erat,
1768 5477 1863 5534 ad-

246 5566 406 5620 venit
452 5564 723 5634 Joannes,
773 5567 904 5620 nihil
948 5566 1088 5621 aliud
1137 5583 1324 5637 agens,
1369 5584 1524 5637 quam
1569 5579 1625 5622 ut
1654 5569 1771 5624 illos
1799 5571 1864 5625 ad

247 5667 622 5727 peccatorum
651 5672 867 5712 suorum
895 5659 1252 5729 cognitionem
1283 5660 1572 5716 deduceret
1601 5678 1613 5714 :
1647 5660 1696 5714 id
1725 5663 1864 5730 quod

247 5755 420 5811 etiam
454 5751 614 5808 illius
645 5752 854 5808 habitus
883 5752 1214 5821 ostendebat,
1248 5755 1335 5824 qui
1365 5755 1542 5826 utique
1589 5755 1651 5809 ad
1692 5755 1861 5824 poeni-

1539 320 1601 377 ΙΝ
1639 317 2046 376 ΜΛΤΤΙΙΑΞΠΜ
2089 323 2312 382 1103111..
2362 327 2424 382 Χ.

3515 349 3612 401 lsi

2038 434 2254 490 tentiam
2302 449 2356 492 et
2398 441 2787 499 confessionem
2830 449 3156 519 compositus
3201 461 3333 508 erat.
3367 455 3477 511 Hoc
3503 459 3613 527 ipsa

2032 539 2241 595 quoque
2291 532 2597 598 praedicatio
2641 535 3046 594 demonstravit.
3098 543 3234 597 Nihil
3280 549 3420 600 enim
3469 549 3610 604 aliud

2029 616 2257 685 dicebat,
2303 638 2484 692 quam,
2529 626 2582 680 8.
2627 627 2804 685 Facite
2849 633 3045 700 fructus
3089 637 3268 706 dignos
3311 642 3614 710 poenitentia:

2029 709 2176 778 (Luc.
2206 715 2258 768 5.
2292 717 2344 784 δ)
2399 716 2530 782 Quia
2565 719 2722 789 igitur
2742 724 2881 792 quod
2915 737 3124 793 peccata
3155 745 3249 784 sua
3278 709 3379 786 non
3408 733 3613 802 iinpro~

2029 802 2233 869 harent,
2263 815 2318 858 ut
2346 807 2538 862 Paulus
2566 811 2876 880 declaravit,
2919 816 3039 871 ideo
3082 835 3111 872 a
3152 820 3364 876 Christo
3401 825 3610 878 resilie-

2025 903 2147 946 runt
2177 911 2190 949 :
2223 909 2436 964 peccata
2481 912 2658 956 autem
2710 904 2760 957 in
2794 917 3024 961 memem
3058 926 3328 975 revocare,
3362 916 3411 968 id
3447 915 3610 972 efﬁcit

2025 993 2080 1038 ut
2103 987 2406 1059 redemptor
2450 1005 2738 1061 quieratur,
2781 1008 2834 1052 et
2872 1001 3117 1056 remissio
3143 1004 3482 1062 desideretur
3513 1028 3524 1063 :
3559 1012 3610 1064 id

2025 1089 2415 1147 pra-paraturus
2459 1086 2604 1140 venit
2647 1086 2900 1156 Joannes,
2954 1103 3008 1146 et
3048 1093 3354 1152 hortaturus
3397 1101 3515 1154 illos
3555 1112 3611 1156 ut

2023 1171 2387 1235 paenitentiam
2415 1186 2630 1244 agerent
2656 1196 2669 1234 :
2712 1195 2815 1234 nou
2846 1192 2895 1236 ut
2926 1185 3268 1253 punirentur;
3303 1188 3396 1242 sed
3427 1199 3482 1243 ut
3517 1208 3612 1260 per

2022 1261 2385 1328 pestilentiam
2439 1266 2750 1326 humiliores
2796 1274 2990 1338 effecti,
3043 1291 3106 1331 ac
3153 1293 3273 1333 sese
3327 1280 3469 1349 ipsos
3511 1284 3610 1336 da-

2020 1362 2279 1408 muantes.
2320 1355 2386 1409 ad
2413 1359 2782 1415 remissionem
2817 1364 3200 1433 impetrandam
3241 1383 3609 1426 accurrerenl.

2020 1440 2152 1497 Vide
2194 1444 2350 1514 igitur
2393 1464 2550 1517 quam
2599 1450 2716 1506 haec
2758 1454 3040 1524 diligenter
3087 1462 3427 1528 expresserit.
3474 1463 3606 1519 Cum

2017 1534 2238 1591 dixisset
2261 1540 2422 1605 enim,
2465 1541 2609 1597 Venit
2645 1547 2924 1614 prtedicans
2966 1551 3268 1619 baptismum
3301 1558 3608 1624 poenitentiiu

2017 1626 2069 1679 in
2098 1627 2294 1683 deserto
2322 1630 2540 1700 Judaue,
2573 1635 2792 1700 addidit,
2837 1638 2902 1692 In
2942 1643 3280 1698 remissionem
3309 1646 3328 1718 (
3347 1647 3512 1702 Marc.
3551 1652 3602 1704 1.

2015 1715 2092 1790 4);
2123 1735 2186 1776 ac
2210 1723 2254 1775 si
2277 1723 2480 1778 diceret
2510 1743 2522 1778 :
2557 1727 2678 1782 ldco
2721 1729 2838 1784 illos
2869 1730 3110 1789 hortatus
3163 1742 3247 1790 est
3289 1715 3343 1791 ut
3371 1741 3596 1794 conﬁte-

2014 1822 2200 1866 rentur
2229 1825 2281 1868 ct
2328 1817 2692 1883 pmnitentiam
2739 1834 2975 1891 agerent,
3012 1841 3118 1881 non
3161 1836 3216 1881 ut
3257 1830 3595 1898 punirentur,

2011 1903 2103 1957 scd
2151 1914 2207 1958 ut
2253 1905 2462 1962 facilius
2510 1921 2692 1977 postea
2723 1915 3094 1970 remissionem
3135 1919 3460 1988 acciperent.
3488 1922 3598 1979 Nisi

2010 1992 2150 2046 enim
2199 1996 2409 2064 seipsos
2453 1997 2819 2067 damnassent,
2868 2006 3091 2074 gratiam
3137 2024 3241 2063 non
3297 2012 3597 2080 petiissent,

2010 2097 2113 2136 non
2146 2097 2446 2154 qumrentes
2473 2106 2602 2146 vero
2621 2094 2868 2162 gratiam,
2897 2112 3074 2167 neque
3101 2101 3472 2160 remissionem
3508 2120 3598 2160 as-

2007 2176 2212 2244 sequuti
2242 2189 2440 2232 essent.
2471 2180 2651 2251 ltaque
2678 2183 2780 2238 hoc
2805 2185 3066 2255 baptisma
3093 2191 3159 2244 ad
3191 2191 3321 2247 illud
3347 2194 3484 2249 viam
3508 2211 3599 2265 pa-

2007 2276 2086 2319 rat
2118 2285 2129 2318 :
2166 2268 2282 2322 ideo
2319 2271 2548 2338 dicebat,
2605 2273 2674 2330 Ut
2716 2278 2922 2332 credant
2965 2279 3019 2334 in
3065 2298 3178 2336 eum
3206 2286 3292 2354 qui
3325 2287 3454 2340 venit
3484 2300 3598 2357 post

2004 2361 2167 2428 ipsum
2194 2363 2328 2433 (Act.
2361 2366 2447 2420 19.
2478 2367 2564 2437 4);
2596 2379 2790 2438 printer
2816 2386 2934 2430 eam
2977 2389 3136 2444 quam
3165 2377 3422 2444 diximus,
3457 2381 3596 2435 hanc

2002 2467 2214 2522 quoque
2261 2455 2417 2510 aliam
2466 2458 2796 2528 baptismatis
2839 2478 3054 2520 causam
3104 2468 3380 2538 adjiciens.
3410 2471 3593 2542 Neque

2001 2543 2142 2596 enim
2171 2546 2392 2613 perinde
2420 2547 2625 2615 fuisset,
2657 2553 2700 2606 si
2734 2552 2924 2609 domos
2949 2557 3324 2625 circumiisset,
3356 2571 3410 2617 et
3433 2561 3590 2618 Chri-

2000 2640 2139 2685 stum
2183 2641 2362 2688 manu'
2387 2637 2709 2704 prehensum
2741 2643 3206 2715 circumduxisset,
3238 2649 3587 2721 dixissetque,

2001 2724 2055 2778 lu
2087 2725 2229 2779 hunc
2278 2727 2511 2796 credite;
2542 2739 2702 2800 atque
2745 2734 2992 2789 omnibus
3023 2737 3374 2805 prmsentibus
3415 2757 3478 2795 ac
3509 2743 3588 2796 vi-

1997 2816 2266 2888 dentibus,
2319 2819 2526 2876 beatam
2574 2823 2718 2878 illam
2769 2826 2946 2881 ell‘erri
3001 2844 3208 2895 vocem,
3267 2840 3428 2902 atque
3482 2834 3584 2890 alia

1997 2909 2174 2962 omnia
2205 2909 2408 2979 perlici.
2442 2911 2566 2967 ldeo
2595 2915 2736 2969 venit
2763 2916 2828 2970 ad
2860 2917 3142 2987 baptisma.
3175 2921 3306 2978 Nam
3328 2933 3382 2977 et
3410 2923 3583 2994 bapti-

1997 3000 2165 3054 zantis
2187 3001 2510 3056 exisdmatio
2539 3015 2593 3058 et
2623 3005 2696 3059 rei
2726 3006 2892 3074 ipsius
2919 3009 3176 3077 conditio,
3204 3012 3473 3074 civitatem
3505 3025 3584 3070 lo-

1997 3097 2101 3143 tam
2131 3092 2450 3161 attrahebat,
2495 3103 2548 3149 et
2587 3096 2653 3151 ad
2679 3097 2966 3155 Jordanem
2997 3103 3271 3169 evocabat,
3300 3121 3581 3176 magnum-

1992 3195 2096 3250 que
2144 3180 2246 3236 fuit
2300 3183 2587 3239 theatrum.
2641 3187 2872 3260 ideoque
2933 3207 3026 3247 eos
3079 3195 3169 3264 qui
3230 3195 3579 3265 advenerant,

1993 3273 2253 3342 reprimit,
2315 3277 2609 3348 suadetque
2661 3297 2728 3336 ne
2780 3298 3031 3354 magnum
3083 3287 3354 3359 quidpiam
3407 3290 3475 3347 de
3520 3307 3580 3348 se

1990 3367 2500 3436 comminiscuntur,
2551 3373 2840 3429 ostendens
2896 3392 2992 3432 eos
3044 3387 3408 3436 extremorum
3458 3399 3582 3440 reos

1991 3456 2272 3524 nudorum,
2303 3459 2403 3513 nisi
2432 3461 2799 3530 pmnitentiam
2827 3468 3051 3536 egerint,
3085 3469 3369 3541 missisque
3403 3473 3576 3542 majo-

1989 3547 2134 3603 ribus
2172 3549 2301 3616 suis,
2346 3549 2671 3622 depulsaque
2712 3555 2824 3620 illa,
2853 3572 3010 3626 quam
3047 3559 3170 3615 inde
3196 3573 3575 3632 conceperant,

1984 3638 2258 3706 jactantia,
2287 3657 2406 3696 eum
2438 3645 2524 3712 qui
2552 3645 2860 3715 advenerat,
2891 3651 3209 3720 receperint.
3247 3653 3452 3708 Etctiim
3479 3653 3577 3710 ob-

1986 3739 2193 3784 scurata
2235 3731 2443 3788 fuerant
2491 3735 2700 3790 interim
2727 3753 2791 3793 ea
2832 3755 2951 3808 quae
2978 3741 3043 3794 ad
3073 3726 3342 3798 Christum
3368 3755 3578 3814 specta-

1985 3820 2130 3887 bant,
2177 3832 2231 3877 et
2273 3824 2412 3893 apud
2459 3827 2657 3882 multos
2700 3830 2960 3885 exstincta
3008 3832 3321 3888 videbantur
3354 3851 3475 3890 esse
3503 3838 3576 3890 ob

1982 3913 2182 3968 ett-dem
2215 3915 2265 3969 in
2295 3915 2603 3973 Bethlehem
2634 3929 3008 3991 perpetratum.
3043 3924 3258 3979 Etiamsi
3287 3929 3425 3980 enim
3451 3943 3570 3983 eum

1984 4003 2263 4059 duodecim
2294 4022 2554 4062 annorum
2582 4018 2724 4064 esset
2766 4026 2886 4066 sese
2915 4013 3236 4078 exhibuerit,
3284 4026 3337 4070 at
3383 4019 3490 4071 cito
3519 4020 3570 4073 iu

1985 4095 2213 4163 priorem
2244 4112 2362 4150 sese
2394 4098 2769 4154 obscuritatem
2793 4100 3012 4156 deduxit
3038 4120 3052 4156 :
3084 4103 3308 4174 ideoque
3336 4107 3573 4176 splendi-

1981 4189 2062 4243 dis
2109 4191 2342 4244 chrdiis
2391 4203 2443 4246 et
2486 4191 2798 4250 sublimiore
2841 4195 3102 4266 principio
3148 4213 3282 4266 opus
3319 4199 3568 4255 habebat.

1983 4284 2265 4353 Propterea
2296 4293 2418 4338 tttnc
2451 4285 2679 4354 primum
2708 4303 2788 4351 ea,
2821 4304 2942 4357 qua:
2979 4305 3264 4358 numquam
3291 4293 3571 4348 audierant

1979 4376 2168 4441 Judaei,
2200 4377 2282 4431 vel
2311 4393 2340 4431 a
2382 4379 2673 4448 prophetis,
2707 4381 2788 4436 vel
2820 4381 2886 4436 ab
2915 4382 3035 4436 aliis
3073 4383 3416 4453 quibuslibet,
3451 4388 3570 4450 illa,

1981 4468 2218 4537 inquam,
2270 4469 2556 4539 conspicua
2601 4485 2730 4525 voce
2777 4471 3049 4540 praedicat,
3092 4475 3252 4528 cados
3275 4485 3566 4546 etregnntn

1979 4560 2231 4614 caelorum
2273 4575 2722 4629 commemorans,
2776 4564 3008 4633 nihilque
3039 4563 3107 4618 de
3147 4573 3285 4620 terra
3318 4567 3561 4638 loquens.

1979 4649 2221 4719 Regnum
2250 4661 2427 4705 autem
2479 4651 2564 4704 hic
2593 4652 2718 4706 dicit
2745 4651 3031 4707 adventum
3063 4653 3195 4722 ejus,
3228 4664 3278 4709 et
3312 4657 3554 4724 priorem,

1979 4750 2032 4795 et
2063 4743 2435 4810 posteriorem.
2482 4743 2545 4795 Et
2571 4743 2694 4812 quid
2727 4743 2826 4796 hoc
2854 4745 2920 4797 ad
2948 4743 3182 4806 Judmos,
3217 4745 3444 4815 inquies,
3475 4752 3570 4818 qui
3602 4769 3618 4774 -

1979 4831 2288 4886 nesciebant
2315 4833 2438 4900 quid
2467 4833 2706 4890 diceret?
2735 4834 2856 4887 Ideo
2882 4836 2959 4890 sic
2990 4835 3196 4903 loquor,
3234 4838 3434 4908 inquiet
3456 4841 3566 4906 ille,

1980 4933 2035 4975 ut
2061 4922 2321 4978 dictorum
2354 4924 2679 4978 obscuritate
2724 4926 2960 4989 excitati,
3009 4929 3220 4982 veniant
3253 4930 3315 4983 ad
3351 4935 3564 5002 perqui-

1979 5014 2201 5069 rcndum
2251 5015 2396 5068 illum
2442 5015 2528 5082 qui
2563 5015 2912 5084 praedicatur;
2963 5018 3027 5070 ita
3059 5029 3186 5073 utet
3218 5021 3481 5091 publicani
3512 5035 3568 5078 et

1978 5106 2174 5160 milites
2201 5107 2549 5174 interrogent,
2576 5107 2701 5175 quid
2740 5107 3063 5168 faciendum.
3106 5119 3160 5163 ct
3185 5113 3454 5178 quomodo
3485 5114 3566 5166 in-

1975 5197 2242 5251 stituenda
2290 5196 2393 5251 vita
2440 5197 2508 5250 sit
2539 5217 2551 5252 :
2580 5196 2720 5266 quod
2762 5198 2969 5270 signum
3017 5211 3130 5254 erat
3180 5203 3340 5270 ipsos,
3387 5205 3565 5260 missis

1975 5291 2318 5346 smcularibus
2366 5290 2543 5352 rebus,
2575 5290 2676 5344 alia
2709 5291 2908 5360 majora
2954 5297 3239 5362 respicere,
3287 5306 3340 5350 et
3388 5294 3559 5349 futura

1973 5383 2124 5452 quasi
2169 5397 2261 5450 per
2302 5384 2565 5437 somnium
2612 5383 2907 5453 imaginari.
2956 5385 3165 5442 Etenim
3204 5398 3391 5443 cuncta
3441 5405 3558 5457 qua:

1974 5473 2225 5527 videbant
2272 5485 2323 5528 et
2352 5474 2657 5541 audiebant,
2689 5476 2755 5531 ad
2792 5477 3095 5533 sublimium
3136 5494 3312 5534 rerum
3341 5495 3562 5536 sensum

1975 5566 2246 5635 erigebant
2276 5567 2414 5620 illos.

2045 5662 2097 5715 5.
2137 5660 2360 5714 Joannes
2390 5660 2621 5730 Baptista
2662 5678 2688 5715 ε
2724 5661 2916 5715 deserto
2943 5661 3199 5731 egrediens
3228 5679 3380 5730 quam
3410 5679 3556 5718 uene-

1977 5755 2184 5810 randus.
2231 5755 2403 5827 Ipsius
2448 5771 2558 5810 cum
2607 5753 2746 5808 Isaia
2785 5755 3062 5809 consensio.
3094 5785 3160 5794 —-—
3193 5755 3374 5827 Cogita
3405 5758 3558 5830 igitur
