4054 6210
1962 207 1999 218 ς.

482 336 580 390 Its?

478 459 734 519 quantum
768 450 817 504 id
842 460 983 505 es-et
1015 449 1282 503 hominem
1304 445 1485 502 videre
1511 454 1631 517 post
1649 456 1819 497 annos
1849 436 2058 508 triginta

480 557 542 596 ex
572 541 785 596 deserto
827 542 1147 605 venientem,
1196 538 1449 609 principis
1483 535 1817 591 sacerdotum
1862 530 2060 591 lilium,

479 633 568 701 qui
619 632 761 687 nulla
808 647 1053 701 umquam
1098 646 1276 685 rerum
1322 639 1656 685 terrenarum
1711 631 1960 693 eguerat;
2011 629 2066 675 et

480 726 625 780 omni
653 740 716 779 ex
752 732 898 793 parte
936 720 1316 785 venerandum,
1364 718 1452 789 qui
1479 717 1666 771 Isaiam
1695 728 1877 769 secum
1904 710 2067 765 habe-

480 815 588 870 bat.
618 814 814 869 Aderat
837 815 1033 884 quippe
1069 813 1169 882 ipsi
1217 810 1511 880 praedicans
1536 818 1590 862 et
1614 806 1797 861 dicens
1828 822 1841 857 :
1868 803 1961 857 Hic
1985 810 2066 854 est

480 920 640 976 quem
665 905 1015 961 adventurum
1044 917 1165 959 esse
1186 901 1407 972 preedixi
1435 900 1775 960 clamantem,
1819 907 1871 949 et
1898 894 1948 947 in
1974 892 2067 946 de—

476 1005 623 1053 serto
651 996 792 1051 clara
822 1011 953 1052 voce
981 996 1161 1051 omnia
1202 991 1601 1064 praedicantem.
1655 989 1882 1042 Tantum
1924 984 2066 1039 enim

480 1098 595 1143 erat
636 1089 1015 1160 prophetarum
1063 1086 1205 1141 circa
1251 1100 1335 1140 res
1377 1083 1504 1138 istas
1554 1080 1809 1143 studium,
1864 1086 1919 1131 ut
1963 1092 2067 1131 non

480 1182 641 1237 modo
674 1181 954 1235 Dominum
984 1195 1163 1247 suum,
1212 1178 1306 1233 sed
1334 1177 1496 1232 etiam
1543 1188 1664 1229 eum
1702 1171 1790 1242 qui
1828 1170 1926 1240 ipsi
1970 1169 2071 1222 mi-

486 1275 809 1328 nistraturus
856 1282 990 1336 erat,
1036 1280 1163 1326 ante
1212 1270 1435 1324 multum
1474 1264 1727 1337 temporis
1751 1263 2070 1334 praznuntiao

489 1375 613 1423 rent
642 1384 655 1419 ε
686 1381 782 1419 nec
813 1364 958 1418 illum
997 1363 1175 1427 modo,
1199 1362 1291 1416 sed
1317 1362 1474 1417 etiam
1501 1362 1670 1415 locum
1700 1356 2069 1428 praedicerent,

484 1458 537 1510 in
569 1470 677 1526 quo
701 1463 1006 1510 versaturus
1027 1464 1168 1519 erat,
1194 1468 1401 1507 necnon
1440 1450 1828 1521 prmdimtionis
1856 1446 2070 1503 modum

483 1560 591 1614 quo
616 1546 681 1600 ad
711 1544 1007 1601 docendum
1053 1559 1243 1598 usurus
1281 1553 1417 1608 erat,
1466 1552 1519 1597 et
1559 1558 1717 1612 quam
1756 1541 2069 1611 pneclarunt

486 1636 609 1691 hinc
635 1651 767 1706 opius
815 1650 1148 1690 emersurum
1189 1643 1351 1689 esset.
1402 1631 1532 1687 Vide
1556 1646 1683 1702 ergo
1710 1629 1979 1701 quomodo
2008 1630 2070 1682 ad

487 1729 733 1783 eumdem
777 1744 991 1783 sensum
1040 1729 1199 1782 ambo
1244 1728 1523 1796 prodeant,
1556 1727 1679 1779 licet
1724 1740 1827 1780 non
1882 1723 2069 1779 iisdem

488 1820 665 1875 verbis
695 1828 927 1883 utantur,
960 1819 1221 1889 propheta
1248 1832 1438 1886 nempe
1466 1826 1626 1886 atque
1649 1816 1907 1887 Baptista.
1940 1814 2069 1869 Pro—

485 1914 643 1983 pheta
696 1927 924 1982 namque
973 1913 1145 1981 ipsum
1190 1909 1492 1965 adfuturum
1548 1924 1668 1963 esse
1718 1909 1955 1980 praedicit
1993 1907 2076 1962 his

490 2005 664 2059 verbis
702 2019 718 2058 :
760 2006 812 2061 ὅ.
870 2004 1055 2057 Parate
1081 2004 1212 2056 viam
1239 2000 1464 2065 Domini,
1505 2010 1668 2055 rectas
1689 2002 1837 2072 facile
1874 2004 2077 2054 semitas

488 2098 599 2165 ejus
624 2095 775 2166 (lsai.
798 2095 884 2151 40.
906 2096 982 2165 5).
1006 2094 1096 2150 Ille
1124 2109 1252 2149 vero
1276 2103 1553 2164 postquam
1583 2093 1814 2153 advenit,
1834 2092 2075 2147 dicebat:

494 2184 671 2239 Facite
698 2188 892 2255 fructus
918 2186 1096 2256 dignos
1124 2186 1426 2250 pwnitcntite
1451 2184 1468 2254 (
1494 2184 1679 2238 Matth.
1712 2187 1763 2241 '5.
1794 2184 1863 2255 8)
1894 2201 1908 2239 :
1937 2183 2078 2253 quod

493 2277 633 2332 idem
661 2278 924 2347 signiﬁcat
951 2288 1111 2346 atque
1140 2276 1288 2339 illud,
1337 2275 1521 2328 ναι-(ηε
1557 2278 1685 2328 viam
1729 2274 1955 2328 Domini.
1995 2274 2080 2328 Vi-

490 2370 613 2425 deu’
657 2381 710 2425 et
747 2386 842 2440 per
879 2385 940 2425 ea
984 2385 1103 2440 qua-
1150 2368 1406 2438 propheta
1444 2368 1611 2431 dixit,
1654 2377 1707 2421 et
1754 2382 1847 2435 per
1876 2382 1935 2422 ea
1964 2382 2081 2437 quae

493 2462 605 2531 ipse
646 2459 971 2531 praedicavit,
1018 2475 1180 2513 unum
1210 2458 1520 2529 significari,
1561 2459 1732 2527 ipsum
1769 2458 1993 2523 scilicet,
2029 2466 2083 2513 et

496 2565 552 2608 ut
601 2554 831 2623 przciret,
881 2561 937 2606 et
988 2562 1043 2605 ut
1089 2552 1224 2604 viam
1274 2560 1503 2619 pararet,
1542 2549 1843 2613 advenisse,
1893 2563 1998 2603 nou
2028 2558 2084 2603 ut

492 2649 690 2703 donum
720 2647 1025 2716 largiretur,
1053 2645 1255 2700 scilicet
1289 2644 1679 2707 remissionem,
1724 2632 1821 2697 sed
1855 2651 1911 2697 ut
1943 2658 2081 2713 pra:-

490 2749 705 2809 pararet
736 2740 941 2793 animas
967 2752 1173 2801 eorum,
1208 2737 1296 2807 qui
1329 2738 1698 2792 universorum
1738 2737 1901 2791 Deum
1931 2751 2078 2792 rece-

497 2831 635 2899 pturi
684 2830 876 2883 erant?
916 2829 1086 2883 Lucas
1125 2844 1252 2883 vero
1297 2829 1521 2897 amplius
1552 2826 1678 2897 quid
1708 2827 1937 2898 adjecit;
1986 2843 2084 2883 nec

493 2922 625 2974 satis
656 2920 839 2973 habuit
866 2919 1183 2989 principium
1212 2918 1487 2972 dumtaxat
1512 2918 1724 2983 afferre,
1782 2919 1875 2973 sed
1917 2927 2081 2972 totam

492 3013 647 3066 alfert
672 3011 1042 3082 prophetiam;
1079 3026 1200 3064 nam
1231 3010 1305 3064 ait
1339 3028 1351 3064 :
1384 3009 1563 3066 Omnis
1591 3010 1739 3066 vallis
1772 3011 2083 3082 itttplcbilttr,

491 3113 538 3155 et
566 3104 727 3156 omnis
756 3118 900 3156 mons
929 3112 981 3157 et
1010 3102 1155 3155 collis
1186 3101 1532 3155 Ituntiliabitur
1564 3116 1583 3156 :
1608 3112 1653 3156 et
1680 3113 1824 3156 erunt
1850 3119 2006 3173 prava
2032 3104 2085 3157 in

494 3193 703 3257 directa,
748 3202 794 3245 et
832 3208 1013 3261 aspera
1043 3192 1093 3243 in
1122 3192 1227 3244 vias
1257 3191 1436 3261 planas
1458 3208 1476 3245 :
1497 3200 1542 3245 et
1564 3192 1743 3246 videbit
1773 3194 1940 3246 omnis
1965 3209 2084 3247 caro

494 3284 714 3338 salutare
767 3283 866 3338 Dei
910 3282 1141 3353 (Luc.5.
1191 3283 1241 3338 5.
1284 3283 1335 3338 6.
1384 3282 1513 3338 lsai.
1567 3284 1655 3339 40.
1690 3286 1741 3338 4.
1771 3286 1847 3355 5).
1898 3285 2086 3341 Vitleu'

494 3373 764 3443 quomodo
790 3373 900 3444 jam
932 3374 1059 3427 olim
1089 3374 1345 3444 propheta
1390 3375 1567 3429 omnia
1607 3375 1760 3443 dixit,
1814 3386 1867 3432 et
1905 3377 2084 3447 populi

494 3480 839 3530 concursum,
881 3475 935 3520 et
962 3481 1139 3521 rerum
1168 3466 1221 3520 in
1247 3466 1441 3522 melius
1471 3468 1841 3536 mutationem,
1872 3482 1926 3524 et
1950 3485 2087 3541 prte-

493 3556 776 3612 dicationis
819 3555 1129 3612 facilitatem
1164 3566 1217 3612 et
1260 3572 1437 3612 rerum
1470 3558 1824 3629 gerendarum
1847 3561 2082 3615 omnium

494 3663 728 3715 causam,
756 3649 855 3704 etsi
884 3650 1050 3718 trepis
1082 3650 1194 3704 haec
1222 3650 1571 3719 resperserit?
1592 3650 1719 3705 Erat
1737 3652 1932 3723 quippe
1957 3667 2082 3721 pro-

498 3741 676 3810 phetia
724 3742 1041 3795 futurorum.
1090 3740 1226 3795 Cum
1269 3742 1411 3795 enim
1442 3743 1516 3795 ait
1548 3760 1562 3797 :
1597 3742 1773 3796 Omnis
1798 3744 1943 3799 vallis
1983 3745 2082 3797 im-

494 3832 735 3901 plebitur,
771 3842 818 3886 et
857 3832 1021 3887 omnis
1050 3849 1191 3886 mons
1212 3842 1257 3886 et
1288 3834 1433 3887 collis
1458 3832 1807 3887 humiliabitur
1833 3850 1851 3888 :
1876 3844 1921 3888 et
1940 3846 2083 3889 erunt

493 3941 677 3995 aspera
704 3926 754 3978 in
778 3926 883 3979 vius
916 3923 1103 3995 planas
1135 3940 1154 3979 :
1187 3924 1415 3981 humiles
1454 3925 1786 3993 exaltandos,
1833 3936 1888 3982 et
1936 3942 2085 3982 arro—

490 4024 676 4085 gentes
701 4016 1061 4071 lmmiliandos
1083 4032 1203 4073 esse
1235 4019 1585 4089 prmnuntiat,
1633 4028 1791 4090 atque
1818 4020 1951 4092 legis
1977 4021 2082 4076 dif-

496 4110 784 4164 ﬁcultatem
826 4110 877 4164 in
911 4110 1031 4165 fidei
1066 4110 1377 4166 facilitatem
1424 4126 1543 4166 esse
1585 4113 1913 4168 mutandam.
1963 4114 2081 4171 Non

495 4202 651 4265 ultra,
683 4202 872 4273 inquit,
904 4202 1128 4258 sudores
1156 4212 1210 4258 et
1242 4204 1487 4269 labores;
1521 4205 1614 4259 sed
1654 4207 1819 4276 gratia
1850 4216 1904 4263 et
1932 4209 2081 4264 venia

490 4293 829 4355 delictorum,
875 4308 994 4361 qu:e
1036 4292 1340 4348 facillimam
1368 4295 1433 4348 ad
1460 4296 1689 4351 salutem
1726 4298 1865 4351 viam
1910 4310 2079 4368 paret.

496 4384 695 4437 Deinde
725 4385 913 4439 horum
944 4400 1161 4439 causam
1190 4388 1410 4455 apponit
1436 4386 1622 4443 dicens
1652 4406 1665 4442 :
1699 4388 1893 4445 Videbit
1920 4394 2084 4448 omnis

492 4489 614 4528 caro
642 4474 867 4529 salutare
896 4474 993 4529 Dei
1037 4491 1057 4529 :
1102 4491 1228 4542 non,
1260 4486 1317 4531 ut
1345 4477 1495 4545 olim,
1546 4478 1715 4535 Judaei
1743 4491 1797 4536 et
1822 4484 2081 4555 proselyti

492 4577 697 4624 tantum
723 4609 741 4637 ,
784 4568 879 4625 sed
922 4578 975 4625 et
1016 4569 1193 4624 omnis
1236 4584 1363 4625 caro
1405 4579 1459 4625 et
1503 4587 1683 4636 mare,
1732 4574 2083 4647 universaque

492 4660 768 4717 hominum
800 4670 1010 4717 natura.
1044 4661 1149 4717 Per
1174 4676 1336 4731 prava
1363 4663 1503 4717 enim
1532 4673 1585 4718 et
1619 4673 1877 4732 tortuosa,
1920 4668 2080 4724 vitam

489 4752 782 4820 quamlibet
806 4763 1111 4825 corruptam
1154 4751 1502 4808 subindicavit
1539 4774 1551 4810 :
1591 4755 1921 4825 publicanos,
1973 4759 2082 4816 lor-

493 4844 778 4912 nicatores,
826 4846 1085 4911 latrones,
1133 4861 1342 4915 magos,
1388 4848 1474 4917 qui
1508 4862 1627 4900 cum
1668 4849 1901 4917 perversi
1936 4851 2080 4919 prius

493 4943 696 5001 essent,
730 4945 871 4990 recta
913 4936 1109 4993 deinde
1154 4938 1238 4990 via
1283 4949 1655 5008 processerunt
1691 4956 1703 4991 :
1736 4940 1877 5009 quod
1920 4942 2078 4996 etiam

494 5026 606 5095 ipse
636 5025 847 5081 dicebat
876 5043 890 5081 :
925 5022 1202 5081 Publiceni
1226 5038 1272 5081 et
1302 5040 1581 5099 peccatores
1611 5032 1894 5102 prazcedeut
1922 5052 2007 5089 vos
2029 5036 2079 5090 in

494 5134 646 5188 regno
695 5116 786 5171 Dei
831 5116 1064 5178 (Matth.
1092 5118 1183 5177 2|.
1213 5119 1274 5174 51
1299 5118 1349 5190 ),
1406 5122 1525 5191 quia
1578 5124 1939 5181 crediderunt.
1977 5126 2081 5181 ldi-

491 5224 646 5280 psum
694 5208 814 5264 aliis
857 5208 1033 5263 verbis
1072 5209 1150 5264 sic
1196 5210 1444 5265 indicavit
1473 5214 1727 5285 propheta
1761 5232 1775 5271 :
1805 5215 1946 5271 Tunc
1972 5218 2081 5286 lupi

490 5312 536 5353 et
565 5299 689 5371 agni
717 5299 871 5353 simul
903 5308 1173 5369 pascentur
1201 5299 1354 5368 (lsai.
1382 5302 1469 5357 65.
1503 5304 1615 5376 25).
1648 5305 1799 5361 Sicut
1826 5308 1969 5362 enim
2005 5307 2077 5362 ibi

491 5409 585 5463 per
608 5393 776 5449 colles
805 5401 861 5449 et
885 5392 1051 5448 valles
1096 5395 1509 5464 iumqualitatem
1552 5416 1759 5456 morum
1805 5402 1859 5459 in
1914 5420 2072 5461 unam

491 5487 840 5557 philosophia:
878 5486 1237 5557 aequalitatem
1285 5490 1616 5547 commisceri
1663 5493 1796 5549 divit
1845 5514 1857 5550 ε
1910 5498 1979 5552 ita
2022 5508 2077 5555 et

492 5578 578 5630 hic
607 5593 847 5649 quoque,
895 5594 989 5649 per
1031 5577 1305 5633 hrutorum
1336 5580 1595 5635 diversam
1625 5594 1868 5642 naturam
1899 5590 2076 5646 varios

492 5668 764 5725 hominum
809 5687 984 5727 mores
1015 5670 1277 5741 indicans,
1325 5689 1533 5729 rursum
1569 5690 1662 5731 eos
1689 5677 1741 5731 in
1772 5694 1932 5734 unum
1957 5684 2073 5752 pie-

496 5765 615 5819 tatis
638 5775 951 5823 concentum
976 5768 1121 5838 jungi
1151 5767 1440 5826 declaravit
1472 5787 1484 5823 :
1514 5778 1566 5826 ct
1594 5770 1677 5826 hic
1701 5785 1911 5828 rursum
1941 5787 2067 5829 cau-

1152 332 1208 388 S.
1250 330 1526 388 JOANNlS
1561 321 2031 385 CllliYSOSTOMl
2073 318 2366 378 ARCHIEP
2427 286 2955 380 CONSTANTINOP.

3655 322 3752 378 £88

2168 453 2280 491 sam
2307 438 2562 507 adjiciens
2607 439 2680 494 ait
2714 455 2728 493 :
2768 438 2877 493 Erit
2902 438 2989 509 qui
3011 447 3282 508 consurget
3308 435 3566 507 imperare
3593 442 3756 508 genti-

2170 529 2282 595 bus,
2313 540 2361 583 et
2386 530 2437 583 in
2477 530 2641 601 ipsum
2668 539 2836 602 gentes
2864 527 3135 599 sperabunt
3160 527 3314 600 (lsai.
3342 528 3429 581 ll.
3465 526 3575 600 10).
3607 527 3756 597 Quod

2171 621 2343 691 ipsum
2373 622 2440 676 ibi
2476 638 2686 693 quoque
2723 622 2855 676 dixit
2889 640 2902 677 :
2936 620 3130 675 Videbit
3174 620 3337 674 cumis
3378 635 3500 673 raro
3541 620 3756 674 salutare

2175 712 2268 766 Dei
2315 729 2333 767 :
2376 713 2571 783 ubique
2617 712 2906 768 ostendens
2951 712 3355 781 evangeliorum
3397 711 3649 765 virtutem
3692 726 3752 766 ac

2175 806 2413 858 notitiam
2444 805 2509 859 ad
2541 820 2709 875 usque
2734 805 2865 859 lines
2890 814 3043 859 terra:
3062 801 3457 857 diliundendaut
3480 816 3621 866 esse,
3644 818 3758 872 qua:

2172 910 2202 949 a
2235 896 2415 950 ferinis
2447 897 2679 950 moribus
2700 896 2998 965 animisque
3021 894 3243 963 asperis,
3270 894 3325 947 in
3352 902 3684 947 mansuetam
3709 903 3759 947 ct

2174 989 2356 1044 mitem
2381 988 2610 1043 indolem
2638 1004 2805 1058 genus
2834 988 3108 1042 hominum
3140 987 3535 1042 transmutabit.
3577 987 3631 1040 4.
3660 985 3758 1040 llic

2174 1088 2343 1133 autent
2377 1078 2602 1135 Joannes
2644 1061 2855 1133 habebat
2888 1080 3229 1133 vestimentum
3254 1096 3399 1133 suum
3426 1079 3489 1134 de
3516 1080 3636 1148 pilis
3667 1095 3753 1132 ca-

2176 1173 2311 1236 meli,
2345 1182 2389 1226 et
2416 1189 2596 1226 zonam
2623 1173 2885 1241 pelliceam
2908 1173 3044 1225 circa
3063 1171 3256 1225 lumbos
3282 1188 3421 1225 suos.
3452 1171 3641 1227 Videu‘
3664 1173 3757 1225 alia

2179 1263 2466 1333 prophetas
2515 1263 2864 1332 prmdixisse,
2937 1262 3038 1315 alia
3090 1262 3432 1332 evangelistis
3485 1262 3760 1331 reliquisse

2179 1354 2476 1409 narranda?
2503 1355 2837 1424 Quapropter
2862 1353 3141 1408 Mattha‘us
3167 1363 3220 1407 et.
3251 1352 3556 1422 prophetias
3580 1353 3756 1419 alfert,

2179 1459 2232 1503 et
2269 1464 2361 1502 sua
2414 1448 2596 1513 adjicit
2628 1466 2640 1501 :
2672 1462 2845 1519 neque
2872 1458 3022 1503 extra
3051 1464 3162 1502 rem
3189 1448 3394 1518 putavit
3422 1447 3489 1502 de
3510 1447 3642 1517 justi
3672 1464 3748 1502 ve-

2179 1540 2351 1594 stibus
2398 1540 2561 1610 loqui.

2253 1632 2306 1686 ι.
2344 1630 2561 1685 Joannis
2591 1630 2835 1701 Baptista:
2860 1631 3056 1685 vivendi
3081 1647 3257 1702 genus.
3291 1662 3360 1670 —
3407 1631 3537 1686 Erat
3574 1631 3763 1702 quippe

2181 1740 2267 1779 res
2296 1723 2429 1778 mira
2470 1731 2523 1776 et
2551 1722 2813 1792 stupenda
2852 1723 2903 1777 in
2936 1723 3168 1777 humano
3196 1738 3422 1793 corpore
3449 1732 3651 1778 tantam
3689 1724 3761 1777 vi-

2180 1814 2310 1871 (lere
2353 1814 2686 1870 tolerantiam
2720 1831 2733 1867 :
2767 1815 2909 1885 quod
2951 1824 3100 1869 certe
3144 1814 3360 1870 Jttdmos
3401 1814 3572 1885 magis
3606 1825 3762 1869 attra-

2184 1906 2361 1966 ltehat,
2417 1909 2504 1978 qui
2552 1921 2800 1979 maguum
2846 1906 3018 1961 Eliam
3049 1906 3101 1960 in
3142 1907 3257 1975 ipso
3294 1906 3671 1976 respiciebant,
3717 1915 3765 1961 et

2184 2015 2248 2053 cx
2296 2001 2359 2055 iis
2404 2016 2522 2069 qua:
2555 2008 2681 2055 tunc
2724 1998 3062 2061 videbantur,
3103 1999 3241 2055 beati
3272 2000 3411 2055 illius
3441 2000 3540 2054 viri
3572 2016 3766 2055 memo-

2185 2091 2315 2145 riam
2364 2091 2725 2157 revocabant;
2759 2093 2865 2149 imo
2903 2094 2954 2147 in
2995 2092 3251 2163 majorem
3301 2093 3645 2161 rapiebantur
3682 2093 3768 2145 ad-

2186 2182 2542 2237 mirationem.
2593 2182 2686 2237 llle
2733 2199 2965 2254 namque
3006 2184 3055 2237 in
3096 2184 3314 2237 urbibus
3360 2193 3409 2236 et
3448 2183 3498 2237 in
3526 2184 3769 2238 domibus

2185 2273 2443 2335 alebatur,
2491 2272 2577 2327 hic
2619 2282 2795 2328 autem
2826 2274 2893 2327 ab
2937 2274 3269 2328 incunabulis
3301 2282 3413 2330 toto
3454 2284 3694 2344 tempore
3721 2275 3767 2328 in

2186 2363 2402 2419 deserto
2446 2375 2690 2421 versatus
2734 2376 2836 2422 est.
2889 2365 3179 2435 Oportebat
3208 2372 3351 2422 cuitu
3387 2381 3768 2438 pmcursorem

2190 2455 2348 2519 illius,
2380 2456 2469 2527 qui
2498 2466 2675 2512 vetera
2702 2458 2878 2512 omnia
2908 2457 3177 2512 soluturus
3213 2468 3349 2525 erat,
3396 2475 3590 2528 nempe
3626 2458 3769 2512 Ialm-

2189 2564 2322 2611 rem,
2356 2548 2805 2613 maledictionem,
2848 2549 3086 2605 dolorem
3116 2561 3277 2619 atque
3304 2550 3577 2614 sudorem,
3626 2570 3768 2620 qna--

2188 2639 2309 2692 dam
2357 2639 2555 2695 habere
2596 2641 2836 2714 symbola
2864 2640 3230 2710 hujuscemodi
3270 2644 3419 2706 doni,
3466 2653 3521 2699 et
3555 2644 3773 2697 damuao

2191 2731 2334 2783 tione
2362 2729 2449 2787 illa
2478 2733 2809 2802 superiorem
2838 2748 2977 2789 esse.
3028 2733 3207 2805 Itaque
3235 2751 3333 2789 nec
3361 2744 3559 2790 terram
3587 2738 3768 2796 aravit,

2192 2838 2364 2892 neque
2392 2821 2571 2878 sulcos
2596 2822 2890 2889 dissecuit,
2939 2840 3043 2880 non
3077 2828 3128 2882 in
3158 2827 3351 2882 sudore
3380 2828 3558 2882 vultus
3588 2844 3768 2898 panem

2190 2914 2457 2980 comedit,
2500 2914 2594 2970 sed
2635 2915 2789 2972 facile
2835 2919 3085 2987 parabilis
3122 2929 3239 2974 erat
3282 2936 3464 2976 mensa
3514 2922 3666 2991 ejus,
3722 2934 3772 2976 et

2192 3021 2375 3060 mensa
2404 3006 2609 3061 facilior
2648 3008 2895 3076 amictus,
2941 3018 2995 3064 et
3024 3008 3386 3066 habitaculum
3413 3012 3621 3067 facilius
3641 3015 3770 3067 amio

2191 3107 2298 3151 ctu.
2353 3097 2535 3170 Neque
2573 3101 2715 3154 enim
2765 3108 2929 3166 tecto,
2981 3101 3062 3157 vel
3106 3102 3266 3169 lecto,
3298 3104 3378 3159 vel
3427 3120 3634 3171 mensa,
3692 3105 3771 3159 vel

2190 3187 2370 3258 aliquo
2397 3188 2558 3244 simili
2585 3204 2722 3260 opus
2751 3190 2972 3257 habuit;
3022 3191 3115 3248 sed
3156 3193 3451 3263 angelicam
3492 3195 3770 3264 quamdam

2191 3280 2352 3333 vitam
2385 3279 2437 3333 in
2464 3279 2565 3335 hac
2594 3296 2757 3337 carne
2782 3282 3049 3338 exhibuit.
3070 3282 3195 3338 Ideo
3222 3283 3593 3339 vestimentum
3618 3286 3771 3353 ipsius

2191 3384 2257 3426 ex
2304 3371 2422 3441 pilis
2450 3373 2777 3429 camelorum
2799 3374 3176 3431 concinnatum
3237 3384 3372 3441 erat,
3415 3386 3476 3431 ut
3503 3393 3568 3431 ex
3598 3378 3770 3431 habitu

2192 3482 2291 3521 nos
2341 3467 2665 3530 institueret,
2697 3476 2759 3523 ut
2786 3468 2857 3523 ab
2880 3468 3128 3523 humanis
3166 3469 3577 3531 absisteremus.
3610 3487 3670 3523 ac
3700 3473 3769 3525 ni-

2193 3559 2265 3614 hil
2292 3576 2411 3613 cmn
2442 3569 2580 3615 terra
2607 3577 2892 3617 commune
2915 3563 3266 3629 haberemus;
3290 3565 3380 3619 sed
3408 3565 3472 3617 ad
3503 3568 3771 3635 pristinam

2193 3648 2524 3707 nobilitatem
2572 3662 2997 3721 rcverteremur,
3046 3655 3096 3709 in
3147 3670 3247 3725 qna
3301 3656 3529 3727 degebat
3578 3657 3769 3719 Adam,

2191 3751 2475 3813 antequam
2504 3745 2840 3799 vestimentis
2867 3755 2922 3801 et
2951 3747 3149 3801 amictu
3178 3758 3379 3818 egeret.
3429 3749 3519 3803 Sic
3549 3758 3601 3805 et
3632 3749 3771 3818 regni

2191 3846 2243 3889 et
2276 3835 2606 3905 ptenitcntia:
2641 3838 2807 3891 vestis
2864 3837 3165 3907 hujusmodi
3217 3841 3516 3911 symbolum
3566 3857 3673 3912 pne
3717 3856 3774 3895 se

2192 3926 2415 3983 ferebat.
2470 3927 2577 3983 Nec
2618 3928 2745 3983 mihi
2790 3929 2977 3985 dicas:
3009 3929 3164 3986 Unde
3192 3932 3263 3986 illi
3294 3932 3505 3987 cilit-ina
3530 3934 3685 3989 vestis
3723 3942 3773 3987 et

2190 4036 2348 4087 zona,
2394 4022 2444 4074 in
2475 4020 2689 4076 deserto
2722 4019 3021 4076 habitanti?
3067 4022 3199 4078 Nam
3245 4025 3287 4078 si
3334 4040 3394 4079 ea
3441 4025 3508 4080 de
3552 4041 3771 4095 requmo

2189 4115 2419 4170 stionem
2449 4130 2687 4181 moveas,
2719 4116 2818 4169 alia
2850 4132 3062 4187 quoque
3088 4118 3249 4171 multa
3278 4134 3521 4188 qumrere
3549 4121 3771 4189 poteris:

2188 4208 2458 4280 quomodo
2488 4208 2540 4263 iu
2579 4208 2775 4271 hieme,
2822 4209 3091 4280 quomodo
3136 4210 3186 4264 in
3221 4220 3355 4266 testu
3393 4211 3444 4265 in
3493 4213 3775 4267 solitudine

2189 4301 2526 4368 versabatur,
2555 4301 2792 4381 maxime
2823 4304 2877 4354 in
2905 4309 3092 4356 tenero
3137 4317 3364 4372 corpore
3397 4313 3452 4359 et
3495 4304 3774 4359 immatura

2190 4401 2347 4447 aitate
2394 4409 2409 4447 :
2457 4391 2726 4462 quomodo
2770 4392 2939 4461 potuit
2978 4394 3196 4463 puerilis
3222 4395 3400 4450 carnis
3444 4404 3629 4450 natura
3659 4412 3777 4451 ver-

2190 4484 2296 4539 sari
2342 4484 2393 4538 in
2436 4493 2578 4537 tanta
2629 4485 2773 4540 aeris
2803 4484 3200 4557 inaequalitate,
3230 4503 3352 4544 cum
3388 4499 3492 4545 tam
3520 4492 3775 4561 singulari

2191 4589 2395 4640 mensa,
2443 4584 2499 4629 et
2534 4576 2745 4630 cmteris
2790 4586 2957 4631 vastte
3007 4578 3311 4635 solitudinis
3358 4582 3616 4639 miseriis.
3676 4582 3777 4640 Ubi

2190 4682 2330 4721 nunc
2359 4677 2482 4722 sunt
2512 4666 2822 4724 Graecorum
2858 4670 3182 4742 philosophi,
3232 4675 3321 4745 qui
3373 4676 3569 4731 frustra
3620 4678 3777 4750 Cyni~

2188 4774 2304 4813 eam
2338 4757 2719 4829 impudentiam
2752 4762 2939 4818 sectati
2970 4764 3137 4818 sunt?
3165 4765 3313 4835 (quid
3338 4769 3479 4822 enim
3500 4783 3637 4838 opus
3666 4780 3780 4824 erat

2190 4867 2314 4909 sese
2346 4853 2398 4908 in
2430 4853 2573 4908 dolio
2614 4855 2913 4921 includere,
2939 4867 2993 4913 et
3032 4859 3122 4914 tali
3148 4860 3343 4917 deinde
3374 4862 3586 4918 lascivia
3622 4864 3738 4918 uti?
3765 4868 3781 4932 )

2187 4945 2278 5016 qui
2323 4946 2556 5011 annulis,
2612 4947 2824 5019 phialis,
2895 4951 3132 5019 famulis,
3187 4955 3422 5021 ancillis,
3472 4968 3526 5011 et
3571 4958 3779 5029 reliqua

2190 5056 2380 5111 pompa
2424 5041 2669 5097 instructi
2718 5054 2907 5111 erant,
2956 5054 3011 5101 et
3056 5046 3107 5101 in
3153 5056 3441 5119 utrumque
3496 5066 3776 5107 excessum

2189 5132 2418 5202 prolapsi
2457 5132 2718 5188 sunt?At
2747 5134 2834 5189 hic
2871 5136 2991 5191 talis
3022 5152 3126 5192 non
3158 5148 3307 5207 erat;
3360 5141 3452 5195 sed
3500 5142 3777 5198 desertum

2187 5224 2336 5293 quasi
2384 5224 2574 5279 caelum
2622 5226 2897 5294 habitavit,
2942 5240 3191 5285 accurate
3220 5231 3619 5302 philosophiam
3663 5252 3775 5287 oni-

2188 5330 2307 5369 uem
2334 5314 2591 5371 exhibens
2621 5336 2633 5371 :
2668 5316 2897 5388 indeque
2924 5334 3023 5375 ceu
3048 5321 3170 5391 quis
3190 5322 3411 5393 angelus
3451 5324 3519 5379 de
3562 5326 3698 5380 czelo
3726 5326 3771 5379 in

2187 5405 2349 5461 nrbes
2372 5406 2673 5472 descendit,
2702 5408 2905 5465 athleta
2952 5411 3189 5481 pietatis,
3231 5424 3521 5470 coronatus
3548 5416 3599 5470 in
3623 5418 3773 5481 orbe,

2186 5506 2240 5552 et
2272 5497 2622 5569 philosOpbus
2660 5500 2747 5555 illa
2801 5501 3142 5574 philosophia
3186 5520 3308 5575 qua:
3333 5507 3481 5562 ea'lis
3502 5508 3660 5578 digna
3686 5524 3773 5564 es-

2184 5601 2286 5646 set.
2330 5591 2455 5646 llzec
2482 5606 2643 5662 porro
2672 5601 2860 5658 erant,
2910 5609 3031 5648 cum
3064 5596 3297 5652 nondum
3326 5601 3559 5655 solutum
3593 5616 3769 5671 pecea-

2184 5692 2293 5737 tum
2320 5692 2482 5748 esset,
2511 5696 2631 5737 eum
2660 5683 2892 5737 nondum
2926 5684 3009 5739 lex
3036 5698 3293 5754 cessaret,
3328 5701 3500 5746 morte
3532 5692 3768 5747 nondum

2186 5774 2381 5837 vincta,
2429 5774 2598 5847 portis
2625 5774 2782 5830 :ereis
2809 5775 3045 5833 nondum
3075 5777 3388 5853 confractis,
3436 5783 3531 5838 sed
3562 5786 3771 5855 vigente
