4054 6210
315 258 414 314 189

301 374 480 429 adhuc
522 371 688 428 veleri
729 369 935 426 vivendi
979 383 1194 441 genere.
1240 367 1382 422 Talis
1419 367 1710 435 utique-est
1739 363 1889 418 fortis

302 466 538 536 vigilque
579 466 789 520 animus
833 482 848 519 :
899 479 1020 518 nam
1070 462 1268 531 ubique
1316 461 1543 531 prosilit,
1589 460 1892 528 positasque

304 567 476 612 metas
508 556 859 613 transcurrit?
903 553 1353 626 quemadmodum
1383 564 1432 606 et
1459 552 1653 606 Paulus
1685 551 1735 604 in
1764 550 1892 604 Nini

301 647 633 702 Testamenti
674 647 1048 702 observatione
1079 645 1325 701 faciebat.
1374 643 1477 698 Sed
1520 659 1635 706 cur,
1666 643 1891 712 inquies,

303 756 424 794 eum
455 739 772 794 vestimento
796 741 955 794 etiam
982 753 1114 793 zona
1145 737 1423 792 utebatur?
1455 735 1508 790 Id
1534 736 1583 788 in
1614 752 1760 788 inore
1781 743 1897 788 erat

306 831 443 900 apud
485 841 712 898 veteres,
757 833 1070 900 priusquam
1101 830 1260 884 molle
1302 830 1402 883 hoc
1442 839 1494 882 et
1523 826 1770 882 diffluens
1801 841 1892 881 ve-

306 923 540 977 stimenti
572 939 739 991 genus
769 922 1128 977 induceretur.
1172 920 1262 976 Sic
1305 921 1481 990 itaque
1519 929 1571 974 et
1612 919 1798 974 Petrus
1844 927 1898 972 et

310 1013 504 1070 l’aulus
535 1013 693 1068 cincti
725 1015 1104 1068 inveniuntur:
1137 1027 1282 1077 nam,
1315 1009 1508 1077 Virum,
1533 1011 1720 1079 inquit,
1750 1009 1897 1078 cujus

313 1107 415 1159 hac
441 1121 570 1158 zona
596 1114 665 1158 est
712 1105 844 1174 (Act.
881 1103 969 1158 21.
1005 1103 1116 1173 ΙΙ).
1169 1103 1311 1156 Elias
1335 1116 1546 1172 quoque
1573 1101 1652 1155 sic
1679 1101 1898 1154 vestitus

313 1205 445 1263 erat,
493 1197 571 1250 sic
609 1206 914 1249 sanctorum
961 1193 1172 1264 singuli.
1205 1191 1346 1262 quod
1382 1192 1493 1246 sive
1519 1191 1571 1246 in
1597 1190 1707 1262 jugi
1736 1205 1900 1262 opere

313 1297 670 1351 versarentur,
721 1285 834 1339 sive
878 1286 980 1338 iter
1025 1292 1263 1354 agerent,
1313 1282 1424 1338 sive
1458 1282 1618 1336 aliam
1658 1281 1901 1350 quamvis

312 1394 424 1432 rem
472 1377 824 1432 necessariam
868 1391 987 1430 cum
1035 1375 1215 1429 labore
1253 1382 1540 1440 curarent;
1591 1389 1688 1427 nec
1730 1387 1791 1426 ea
1835 1371 1902 1426 de

314 1484 472 1524 causa
525 1478 750 1534 tantum,
789 1468 882 1523 sed
910 1468 1050 1538 quod
1083 1468 1241 1520 etiam
1273 1476 1522 1521 ornatum
1551 1481 1763 1521 omnem
1795 1465 1902 1519 cal-

314 1569 532 1627 carent,
579 1572 633 1616 et
679 1569 908 1616 austera:
961 1560 1082 1614 vita:
1136 1558 1322 1612 rationi
1369 1557 1649 1614 studerent
1696 1576 1709 1612 :
1763 1558 1903 1628 quod

317 1651 488 1721 ipsum
521 1668 770 1721 magnum
820 1652 1032 1704 virtutis
1071 1650 1373 1705 encomium
1401 1664 1523 1704 esse
1551 1649 1796 1704 Christus
1819 1650 1904 1703 di-

312 1747 382 1799 cit
410 1745 496 1800 his
522 1745 698 1799 verbis
733 1763 747 1798 :
779 1743 912 1808 Quid
938 1744 1106 1797 existis
1135 1743 1299 1796 videre
1318 1742 1343 1794 ?
1383 1742 1634 1795 hominem
1671 1741 1905 1796 mollibus

312 1837 544 1890 vestitum
565 1838 590 1890 ?
620 1835 749 1889 Ecce
777 1836 862 1902 qui
893 1836 1123 1888 mollibus
1146 1834 1437 1898 vestiuntur,
1488 1834 1543 1887 in
1566 1832 1799 1888 domibus
1824 1850 1904 1886 re-

312 1945 432 1998 gum
457 1937 572 1981 sunt
604 1926 761 1998 (Luc.
802 1927 852 1979 7.
885 1925 990 1995 25)

464 2019 517 2073 Si
540 2033 703 2088 porro
733 2018 822 2072 ille
850 2018 921 2071 ita
953 2032 1135 2088 purus,
1169 2027 1223 2070 et
1251 2015 1384 2071 caelo
1407 2015 1522 2086 ipso
1551 2015 1901 2087 Splendidior,

315 2111 590 2182 prophetis
618 2109 866 2166 omnibus
897 2110 1125 2180 dignior,
1147 2124 1254 2179 quo
1282 2108 1452 2178 major
1479 2106 1580 2163 fuit
1607 2122 1786 2173 nemo,
1813 2108 1905 2177 qui

318 2211 516 2258 tantam
562 2201 744 2256 habuit
782 2201 1048 2266 fiduciam,
1090 2209 1197 2256 tam
1242 2215 1430 2270 aspere
1463 2201 1613 2266 vixit,
1661 2199 1906 2254 diffluen-

319 2305 423 2350 tem
472 2296 796 2366 voluptatem
841 2304 1120 2364 tantopere
1168 2293 1506 2363 despiciens,
1567 2300 1672 2346 tam
1715 2291 1902 2346 duram

317 2402 480 2460 agens
521 2387 683 2441 vitam
717 2402 733 2443 :
763 2402 922 2457 quam
971 2385 1369 2441 excusationem
1413 2383 1764 2450 habebimus,
1816 2382 1904 2452 qui

319 2491 436 2551 post
481 2489 623 2534 tanta
655 2478 933 2545 beneficia,
984 2475 1252 2533 sexcentis
1301 2484 1637 2546 peccatorum
1682 2475 1908 2529 sarcinis

318 2573 517 2637 antisti,
568 2587 635 2626 ne
674 2570 950 2626 minimam
988 2569 1200 2640 quidem
1249 2578 1450 2638 partem
1485 2568 1811 2638 paenitentiae
1848 2567 1908 2621 il-

319 2666 420 2719 lius
444 2664 812 2730 exhibeamus,
861 2662 955 2717 sed
982 2661 1226 2718 ebrietati
1254 2672 1308 2715 et
1328 2660 1498 2714 ventri
1523 2658 1686 2713 dediti
1716 2660 1905 2722 simus,

320 2757 608 2828 unguentis
662 2755 978 2824 fragrantes,
1028 2768 1126 2808 nec
1154 2751 1404 2806 meliores
1429 2749 1778 2805 theatralibus
1807 2749 1911 2804 illis

320 2847 710 2912 meretricibus,
765 2845 998 2915 undique
1046 2842 1286 2898 mollitiei
1325 2857 1422 2896 nos
1474 2841 1752 2907 dedentes,
1798 2840 1912 2894 dia-

322 2943 443 2997 bolo
485 2950 642 3012 captu
677 2939 856 2993 faciles
901 2953 999 2992 nos
1041 2936 1416 3008 praebeamus?
1461 2935 1510 2990 5.
1560 2934 1698 2988 Tunc
1745 2933 1912 2987 exibat

324 3033 390 3087 ad
437 3048 552 3086 eum
600 3030 764 3084 omnis
806 3027 1013 3091 ludam,
1055 3038 1100 3081 et
1146 3026 1486 3098 Jerosolyma,
1511 3034 1555 3078 et
1581 3026 1742 3079 onmis
1773 3024 1910 3094 regio

322 3125 586 3190 Iordanis,
629 3124 682 3179 6.
715 3135 762 3178 et
796 3122 1183 3190 baptizabantur
1208 3120 1270 3174 ab
1295 3137 1352 3174 eo
1386 3120 1437 3173 in
1462 3116 1710 3184 Iordane,
1751 3118 1911 3187 conﬁ-

324 3230 478 3276 tcntes
508 3231 713 3289 peccata
737 3233 852 3272 sua.
883 3215 1068 3270 Viden’
1091 3225 1346 3284 quantum
1379 3211 1648 3283 propheta:
1676 3227 1912 3281 prmsen-

325 3313 391 3366 tia
423 3310 625 3366 valuit?
653 3307 922 3380 quomodo
944 3317 1110 3362 totum
1145 3304 1398 3376 p0pulum
1431 3304 1735 3359 excitavit?
1781 3318 1914 3373 quo-

324 3404 482 3459 modo
523 3403 699 3459 eil‘ecit
743 3410 800 3456 ut
847 3409 1065 3472 peccata
1112 3399 1163 3452 in
1213 3397 1523 3452 memoriam
1561 3395 1912 3450 revocarent?

325 3497 453 3551 Nam
501 3493 852 3549 admiratione
901 3492 1115 3562 dignum
1157 3498 1289 3554 erat,
1330 3489 1510 3542 videre
1545 3487 1694 3542 illum
1727 3488 1777 3541 in
1813 3487 1913 3541 hu—

327 3605 483 3644 mano
510 3587 692 3642 habitu
725 3586 847 3642 talia
874 3583 1235 3648 exhibentem,
1283 3591 1338 3637 et
1377 3589 1520 3636 tanta
1557 3589 1792 3636 utentem
1829 3579 1912 3634 di-

327 3681 477 3735 (ιι-ηιΙί
525 3680 789 3743 libertate,
827 3687 985 3747 atque
1017 3675 1273 3730 adversus
1319 3689 1505 3728 omnes
1545 3673 1696 3744 quasi
1729 3682 1912 3728 contra

329 3790 522 3844 pueros
570 3772 958 3841 insurgentem,
1007 3769 1276 3840 multaque
1320 3769 1372 3823 in
1423 3769 1567 3824 vultu
1607 3769 1772 3838 gratia
1816 3767 1915 3822 ful-

327 3875 560 3933 gentem.
614 3862 694 3917 Ad
720 3871 993 3932 stuporem
1024 3858 1334 3915 conferebat
1358 3857 1499 3929 quod
1535 3867 1655 3927 post
1686 3858 1913 3912 multum

338 3957 595 4025 temporis
636 3958 886 4026 propheta
915 3961 1222 4023 appareret;
1255 3968 1375 4006 nam
1424 3950 1540 4006 haec
1566 3949 1736 4020 gratia
1768 3948 1910 4018 apud

340 4046 459 4100 illos
507 4047 792 4110 defecerat,
826 4060 879 4100 et
925 4054 1043 4114 post
1093 4041 1399 4095 diuturnum
1445 4047 1655 4106 tempus
1701 4052 1916 4090 reversa

339 4150 442 4192 est.
478 4137 875 4193 Praedicationis
903 4146 1079 4189 autem
1112 4132 1322 4194 modus,
1358 4143 1527 4184 novus
1557 4139 1608 4182 et
1635 4128 1921 4196 singularis

342 4238 478 4282 erat.
527 4227 666 4282 Nihil
713 4227 910 4296 quippe
954 4229 1330 4277 eonsuetorum
1383 4218 1700 4282 audiebant;
1751 4215 1922 4269 futura

346 4335 542 4389 nempe
592 4318 729 4372 bella
759 4325 810 4371 et
842 4315 1022 4384 praelia
1068 4310 1422 4377 victoriasque
1469 4317 1729 4370 terrenas,
1761 4306 1928 4360 fames

345 4423 393 4467 et
425 4417 625 4480 pestes,
650 4406 993 4476 Babylonios,
1023 4404 1232 4466 Persas,
1259 4400 1407 4452 urbis
1429 4397 1716 4462 excidium,
1740 4407 1792 4450 et
1819 4398 1919 4448 alia

345 4516 462 4568 qua:
491 4498 771 4560 solebant;
801 4495 894 4550 sed
927 4493 1096 4548 caelos
1121 4501 1174 4545 et
1202 4490 1420 4544 caeleste
1449 4502 1692 4556 regnum.
1726 4488 1926 4557 gehv-n-

348 4609 535 4664 tneque
555 4591 898 4660 supplicium.
927 4588 1218 4652 Propterea
1243 4597 1564 4652 quan-quam
1593 4580 1823 4634 rebelles
1849 4577 1927 4633 illi

347 4687 434 4758 qui
481 4700 600 4739 cum
654 4681 790 4736 Juda
839 4688 893 4735 et
929 4677 1147 4732 Thettda
1194 4677 1244 4728 in
1295 4675 1509 4726 deserto
1557 4670 1788 4734 fuerant,
1824 4683 1929 4722 non

350 4779 519 4832 multo
580 4782 706 4829 ante
771 4784 1012 4840 tempore
1071 4767 1318 4825 trucidati
1373 4766 1615 4830 fuissent,
1667 4780 1769 4817 non
1815 4762 1935 4817 ideo

347 4870 564 4940 segnius
592 4881 657 4922 eo
687 4880 748 4920 se
785 4863 1146 4919 contulerunt.
1183 4859 1294 4913 Non
1329 4858 1470 4912 enim
1501 4857 1567 4911 ad
1602 4854 1818 4909 easdem
1851 4868 1936 4908 res

353 4956 736 5029 perpetrandas
776 4955 923 5024 ipsos
975 4956 1321 5014 convocarat,
1350 4947 1416 5006 ad
1467 4945 1800 5018 tyrannidem
1833 4943 1938 4997 sci-

353 5053 498 5112 licet,
529 5049 593 5102 ad
640 5047 1015 5106 defectionem,
1043 5042 1110 5096 ad
1165 5056 1253 5096 res
1301 5037 1601 5101 novandas;
1633 5035 1724 5090 sed
1767 5045 1824 5088 ut
1868 5034 1934 5088 ad

354 5157 644 5210 supernum
678 5153 899 5210 regnum
946 5136 1254 5191 deduceret.
1287 5131 1519 5198 Ideoque
1559 5142 1666 5182 non
1712 5126 1938 5182 detinuit

357 5254 538 5292 secum
569 5237 621 5290 in
666 5235 899 5300 deserto,
934 5245 1106 5299 neque
1156 5225 1530 5292 circumduxit,
1563 5222 1657 5278 sed
1706 5221 1880 5288 liaptiz
1913 5249 1941 5260 -

361 5340 440 5383 tos
480 5337 535 5382 et
574 5323 926 5394 philosophia:
967 5319 1312 5376 sermonibus
1361 5317 1648 5369 instructos
1696 5309 1937 5366 dimi~itz

362 5435 457 5490 per
502 5419 682 5472 omnia
727 5416 927 5470 docens
977 5421 1192 5468 terrena
1231 5408 1530 5475 despicere,
1559 5413 1613 5458 et
1650 5402 1716 5456 ad
1763 5399 1936 5454 futura

363 5511 605 5576 tendere,
628 5524 691 5563 ac
723 5506 961 5578 quotidie
980 5519 1100 5560 sese
1122 5503 1411 5558 concitare.
1446 5499 1596 5551 lluue.
1619 5505 1672 5550 et
1701 5508 1800 5549 nos
1823 5493 1941 5546 imi-

364 5620 558 5675 temur,
601 5621 665 5661 ac
712 5603 843 5660 cibis
895 5603 1264 5666 cbrictateqne
1313 5593 1571 5658 dimissis,
1623 5591 1689 5645 ad
1737 5597 1942 5643 arctam

366 5701 525 5756 vitam
574 5711 675 5754 nos
727 5693 1131 5750 transferamus.
1161 5689 1291 5746 Nam
1339 5685 1691 5744 confessionis
1738 5691 1944 5750 tempus

1441 253 1502 308 IN
1545 246 1954 307 MATTlUEIiM
2001 246 2238 305 IlOMlL.
2287 251 2353 304 Χ.

3481 255 3582 311 190

2002 376 2084 420 est
2108 382 2213 420 non
2241 364 2463 420 initiatis
2479 375 2531 419 et
2548 363 2860 434 baptizatis:
2886 365 2972 419 his
2995 365 3233 435 quidem,
3257 375 3314 420 ut
3334 378 3454 436 post
3468 384 3580 436 pte-

2003 456 2285 510 nitentiam
2313 468 2581 526 peractam
2610 455 2676 510 ad
2702 472 2856 511 sacra
2890 457 3105 511 veniant
3133 459 3387 529 mysteria
3415 476 3429 523 ;
3464 459 3574 513 illis

2002 563 2151 608 vero,
2177 547 2446 601 utablutis
2463 562 2596 616 quas
2620 557 2739 616 post
2769 548 3093 616 baptismum
3123 559 3444 605 contraxere
3465 565 3580 604 ma-

2001 640 2160 704 culis,
2175 654 2309 706 pura
2329 640 2655 694 conscientia
2675 643 2739 695 ad
2760 658 2998 697 mensam
3017 644 3576 700 accedant.Absceda-

2001 747 2121 783 mus
2142 731 2301 800 igitur
2316 732 2382 784 ab
2397 731 2497 785 hac
2517 731 2664 784 molli
2679 733 3050 803 dissolutaqne
3073 736 3197 792 vita.
3218 735 3333 790 Non
3352 748 3580 807 possunt

1998 821 2166 886 enim,
2197 836 2304 874 non
2336 831 2563 890 possunt
2592 822 2776 892 utique
2810 840 2913 876 una
2939 825 3580 884 subsisterecoufessioet

1999 911 2240 968 delicia:
2293 922 2347 968 et
2375 918 2490 968 haec
2514 929 2607 968 vos
2631 913 2822 969 doceat
2851 915 3087 971 Joannes
3117 935 3147 971 a
3180 922 3518 982 vestimento,
3547 941 3576 975 a

2003 1003 2144 1065 cibo,
2198 1018 2225 1055 a
2272 1003 2453 1058 domo.
2511 1005 2647 1071 Quid
2687 1007 2883 1077 igitur?
2943 1011 3189 1079 inquies:
3224 1013 3364 1068 itane
3389 1025 3592 1070 arctam

1999 1091 2155 1162 jubes
2186 1109 2284 1147 nos
2328 1094 2524 1149 ducere
2555 1097 2755 1151 vitam?
2797 1098 2912 1152 Non
2953 1100 3134 1170 jubeo,
3178 1103 3272 1158 sed
3313 1106 3514 1161 suadeo
3543 1116 3597 1162 et

2006 1183 2212 1239 hortor.
2247 1185 2396 1253 Quod
2424 1188 2468 1241 si
2504 1187 2553 1241 id
2587 1189 2760 1244 facere
2786 1205 2890 1245 non
2923 1193 3164 1260 potestis,
3209 1194 3395 1250 saltem
3437 1197 3489 1250 in
3521 1199 3599 1253 ci-

2007 1277 2259 1332 vitalibus
2303 1278 2558 1349 degentes
2620 1282 2987 1350 paenitentiam
3046 1285 3426 1353 exhibeamus;
3476 1304 3599 1342 nam

2002 1367 2260 1438 judicium
2288 1381 2368 1424 est
2404 1373 2454 1424 in
2479 1373 2657 1441 januis
2691 1392 2703 1426 :
2749 1375 2958 1430 etiamsi
2987 1392 3114 1432 vero
3151 1380 3404 1434 remotius
3433 1393 3596 1443 esset,

2011 1477 2076 1516 ne
2105 1464 2183 1516 sic
2220 1465 2434 1532 quidem
2489 1467 2730 1520 securius
2765 1483 2924 1538 agere
2967 1479 3260 1539 Oporteret.
3301 1472 3432 1526 Nam
3481 1474 3604 1527 finis

2010 1556 2131 1608 vine
2162 1557 2490 1626 singulorum
2519 1559 2761 1613 eamdem
2795 1561 2898 1614 vim
2927 1577 3052 1632 erga
3091 1580 3357 1634 quemque
3410 1567 3601 1631 habet,

2011 1663 2169 1715 quant
2199 1649 2591 1702 Ctilhunltttalit)
2617 1651 2820 1704 smculi.
2851 1651 3002 1720 Quod
3027 1662 3203 1709 autem
3236 1655 3286 1709 in
3314 1657 3492 1725 januis
3513 1659 3602 1722 sit,

2009 1741 2130 1794 andi
2165 1741 2385 1794 Paulum
2438 1741 2704 1797 dicentem
2739 1762 2751 1797 :
2784 1744 2908 1798 Nox
2948 1749 3220 1815 praecessit,
3271 1751 3378 1803 dies
3438 1760 3603 1804 autent

2009 1834 2470 1903 approquinquavit
2505 1836 2679 1905 (Rom.
2734 1837 2820 1891 15.
2860 1837 2948 1906 12)
2985 1857 2996 1893 :
3029 1855 3093 1893 ac
3120 1857 3321 1905 rursus,
3353 1843 3457 1908 Qui
3489 1859 3607 1897 ven-

2011 1935 2153 1979 turus
2187 1936 2279 1992 est,
2326 1927 2483 1980 ueniet
2507 1969 2522 1992 ,
2560 1939 2604 1981 et
2636 1945 2734 1982 non
2767 1929 2984 1984 tardabit
3023 1930 3178 2000 (Heb.
3216 1934 3435 2004 πολ-1).
3479 1937 3605 1991 Ete-

2011 2016 2122 2071 nim
2173 2018 2321 2086 sigua
2345 2018 2453 2087 jam
2493 2019 2708 2088 impleta
2749 2032 2873 2074 sunt
2899 2037 2961 2077 ea
2991 2039 3108 2092 quin
3138 2023 3278 2079 diem
3306 2027 3448 2081 illam
3479 2043 3580 2084 evo

2010 2117 2152 2164 cant.
2186 2109 2316 2164 Nam
2359 2111 2434 2164 ait
2466 2129 2479 2163 :
2512 2110 2880 2167 I’rtcdicabitur
2923 2116 3017 2168 hoc
3047 2117 3360 2187 euangelium
3384 2122 3524 2190 regni
3553 2121 3606 2176 in

2011 2199 2243 2254 uniuerso
2287 2201 2476 2256 mundo
2510 2203 2564 2256 in
2595 2204 2933 2257 testimonium
2981 2207 3210 2262 omnibus
3247 2211 3474 2280 gentibus
3509 2227 3526 2265 :
3560 2221 3607 2267 et

2010 2298 2127 2345 tunc
2180 2291 2341 2345 veniet
2382 2295 2748 2348 consummatio
2780 2295 2990 2367 (Matth.
3023 2296 3114 2352 2i.
3142 2299 3251 2368 ΙΙ).

2083 2383 2136 2439 6.
2170 2384 2490 2438 Audientium
2520 2386 2764 2454 fervorem
2791 2388 3032 2455 stimulat,
3061 2407 3174 2443 cum
3204 2394 3455 2460 terrendo,
3503 2405 3607 2448 tum

2013 2474 2349 2528 exhortando.
2377 2505 2448 2515 -——
2480 2477 2644 2532 Dictis
2669 2477 2953 2549 diligenter
2980 2482 3257 2537 attendite.
3288 2483 3407 2538 Non
3437 2485 3606 2552 dixit,

2013 2565 2144 2620 Cum
2184 2567 2446 2623 creditura
2488 2567 2647 2624 fuerit
2683 2571 2751 2624 ab
2797 2572 3083 2639 omnibus;
3121 2576 3238 2639 sed,
3287 2576 3420 2632 Cum
3454 2579 3607 2632 fuerit

2013 2657 2151 2727 apud
2180 2674 2368 2712 omnes
2397 2660 2762 2728 przedicatum.
2805 2663 3090 2732 Prrptcrea
3121 2667 3351 2732 diccbat,
3382 2668 3443 2722 In
3475 2672 3608 2723 tcsti~

2016 2751 2239 2804 monium
2265 2751 2513 2820 gentibus,
2545 2751 2824 2807 declarans
2840 2768 2897 2808 se
2929 2772 3031 2807 non
3052 2769 3479 2825 erepet-saturum
3509 2759 3610 2814 do-

2017 2858 2114 2898 nec
2143 2858 2331 2898 omnes
2373 2843 2614 2910 credant,
2645 2855 2699 2898 ut
2730 2854 2914 2914 postea
2942 2848 3138 2903 veniat.
3173 2849 3306 2904 Illud
3334 2852 3499 2917 enim,
3544 2852 3611 2907 In

2016 2935 2382 3000 testimonium,
2416 2935 2516 2990 hoc
2542 2947 2644 3000 est,
2678 2937 2731 2991 in
2769 2938 3190 3003 accusationem,
3235 2942 3287 2994 in
3315 2943 3610 2997 convictio-

2018 3042 2160 3090 nem,
2193 3028 2242 3082 in
2271 3027 2776 3082 condemnationem
2799 3043 2983 3084 eorum
3010 3031 3098 3101 qui
3130 3047 3236 3086 non
3268 3033 3609 3089 crediderint.

2018 3121 2086 3174 At
2130 3135 2248 3187 nos,
2291 3121 2381 3190 qui
2423 3122 2537 3176 lucc
2574 3121 2819 3177 audimus
2861 3132 2916 3177 et
2945 3122 3208 3188 videmus,
3238 3125 3610 3194 dormitamns,

2018 3214 2468 3283 somniamusquc,
2496 3223 2551 3268 et
2569 3214 2718 3284 quasi
2746 3213 2796 3268 in
2823 3213 3231 3284 profundissima
3262 3226 3415 3272 nocte
3442 3218 3613 3272 ebrie-

2020 3314 2126 3360 tate
2175 3321 2476 3374 gravamur.
2534 3305 2743 3361 Etenim
2798 3321 2885 3362 res
2936 3317 3228 3377 praesentes
3282 3309 3446 3364 nihilo
3488 3320 3614 3366 sunt

2018 3396 2242 3451 Somuiis
2268 3397 2546 3463 meliores,
2577 3398 2690 3452 sive
2725 3398 2827 3454 illa:
2855 3398 3006 3453 bona:
3046 3399 3158 3455 sive
3205 3401 3442 3455 molestae
3483 3403 3607 3456 sint.

2021 3489 2331 3556 PrOpterea,
2361 3490 2607 3556 obsecro,
2637 3491 2746 3560 jam
2769 3493 3233 3562 expergiseamini,
3269 3504 3322 3548 et
3343 3494 3407 3548 ad
3431 3495 3611 3550 Solem

2015 3578 2234 3648 jnstitia:
2262 3581 2575 3648 respiciatis.
2602 3581 2772 3636 Nemo
2799 3583 2994 3652 quippe
3017 3583 3286 3640 dormiens
3316 3586 3482 3640 solem
3517 3604 3614 3657 po-

2022 3677 2126 3724 test
2152 3670 2353 3739 viderc,
2401 3687 2574 3743 neque
2603 3673 2997 3741 pulchritudine
3039 3675 3308 3730 radiorum
3339 3676 3456 3747 ejus
3481 3693 3609 3733 ocu-

2022 3765 2102 3818 los
2130 3763 2433 3828 delectare;
2466 3765 2558 3820 setl
2587 3766 2630 3819 si
2663 3781 2763 3835 qua
2794 3767 2953 3832 videt,
2984 3769 3137 3838 quasi
3170 3770 3220 3823 in
3251 3769 3462 3824 somnio
3494 3787 3618 3825 om-

2024 3855 2108 3909 nia
2153 3855 2314 3911 videt.
2365 3856 2489 3911 ldeo
2529 3857 2691 3911 multa
2747 3857 2899 3912 nobis
2943 3875 3081 3928 opus
3128 3869 3211 3914 est
3246 3859 3619 3932 confessione,

2016 3952 2196 4008 multis
2225 3953 2493 4024 lacrymis,
2529 3963 2640 4008 tum
2684 3954 2803 4022 quia
2850 3955 2968 4008 sine
3011 3951 3122 4008 ullo
3159 3972 3319 4012 sensu
3352 3959 3606 4026 jacetnus

2023 4043 2162 4096 mala
2193 4051 2590 4112 perpetrantes;
2625 4054 2732 4096 tum
2764 4044 2886 4112 quia
2931 4058 3120 4113 magna
3146 4053 3272 4098 sunt
3300 4057 3515 4113 peccata
3546 4060 3603 4106 et

2024 4133 2175 4185 venia
2224 4133 2461 4203 indigna.
2499 4132 2650 4198 Quod
2692 4146 2819 4187 vero
2851 4147 2955 4186 non
3002 4132 3253 4198 mentiar,
3283 4144 3446 4190 testes
3477 4147 3607 4193 sunt

2027 4222 2244 4292 plurimi
2276 4239 2338 4276 ex
2369 4223 2742 4291 praesentibus.
2780 4224 3025 4278 Attamen
3049 4223 3174 4277 licet
3202 4225 3352 4278 venia
3383 4223 3605 4295 indigna

2029 4327 2055 4366 s
2080 4320 2158 4374 nt,
2192 4315 2559 4380 penitentiam
2605 4327 2849 4384 agamus,
2877 4323 2932 4368 et
2960 4315 3174 4369 coronis
3201 4314 3460 4370 fruemur.
3494 4317 3614 4373 Ρω-

2030 4405 2307 4460 n-itentiam
2341 4417 2516 4460 autem
2549 4422 2702 4472 voco,
2723 4422 2827 4460 non
2855 4424 2881 4460 a
2911 4407 3176 4477 prioribus
3200 4408 3470 4463 abstinere
3498 4426 3612 4462 ma.

2046 4501 2114 4556 lis
2141 4508 2372 4566 tantum,
2399 4496 2492 4551 sed
2527 4497 2688 4551 etiam
2723 4495 2928 4565 majora
2985 4495 3126 4548 bona
3177 4495 3429 4562 aperari:
3495 4511 3620 4546 nam

2047 4595 2120 4646 ait
2146 4587 2200 4642 8.
2253 4589 2438 4644 Facite
2492 4589 2698 4658 fructus
2743 4581 2928 4654 dignos
2947 4583 3285 4655 paenitentiae.
3332 4585 3630 4652 Quomodo-

2033 4675 2328 4729 faciemus?
2361 4675 2416 4729 Si
2467 4674 2730 4727 contraria
2783 4673 3039 4726 faciamus
3078 4688 3093 4724 :
3137 4671 3369 4740 exempli
3419 4685 3622 4729 causa:

2040 4768 2263 4835 rapuisti
2290 4767 2495 4820 aliena?
2524 4764 2641 4820 Jam
2669 4773 2754 4818 tua
2787 4763 2997 4832 largire.
3032 4763 3215 4833 Longo
3241 4771 3483 4831 tempore
3510 4761 3626 4816 for-

2041 4860 2251 4911 nicatus
2297 4857 2394 4910 es?
2425 4860 2505 4909 Ab
2556 4869 2723 4909 uxore
2763 4853 2976 4907 abstine
3021 4853 3172 4906 statis
3218 4853 3626 4918 diebus,conti-

2041 4949 2274 5003 nentiam
2305 4961 2516 5000 escrce.
2560 4943 3244 5012 Contumeliam.intu|isti,
3281 4946 3360 4997 vel
3394 4955 3617 5012 praeter.

2038 5053 2228 5096 eun'es
2271 5035 2617 5106 peteussisti?
2646 5035 3036 5090 Contumeliam
3093 5035 3438 5089 inferentibus
3464 5035 3625 5090 dein.

2044 5146 2170 5198 ceps
2201 5127 2447 5189 benetlic,
2473 5135 2526 5181 et
2573 5125 2991 5194 pereutientihus
3023 5135 3072 5177 te.
3104 5124 3362 5178 beneficia
3407 5123 3617 5177 confer.

2047 5222 2230 5289 Neque
2256 5218 2398 5273 enim
2426 5219 2556 5272 satis
2581 5226 2665 5271 est
2692 5216 2756 5270 ad
2788 5216 3091 5280 sanitatem,
3118 5215 3162 5269 si
3187 5215 3349 5270 telum
3377 5213 3630 5266 extraha~

2048 5326 2195 5374 mus;
2222 5309 2314 5363 sed
2340 5307 2545 5361 vulneri
2566 5309 2726 5362 etiam
2751 5305 2982 5360 remedia
3007 5305 3328 5358 adhibenda.
3355 5301 3637 5355 Conviviis

2042 5407 2096 5452 et
2122 5395 2369 5452 ebrietati
2408 5409 2624 5464 cperam
2655 5392 2848 5448 dedisti
2879 5392 3145 5448 antehac?
3172 5391 3358 5459 .lejuna
3388 5398 3438 5441 et
3477 5402 3630 5454 aqttzc

2045 5499 2224 5559 potum
2251 5486 2463 5541 adhibe.
2494 5485 2722 5540 Attende
2746 5493 2805 5538 ut
2834 5484 2956 5538 inde
2973 5493 3140 5536 ortam
3168 5479 3455 5550 per..iciein
3483 5493 3633 5530 anm-

2043 5599 2186 5636 veas.
2224 5581 2407 5636 Vidisti
2456 5579 2740 5649 impudicis
2777 5577 2944 5632 oculis
2993 5576 3219 5628 alienam
3272 5571 3529 5623 formant?
3559 5570 3634 5626 Ne

2045 5677 2322 5734 mulierem
2366 5673 2579 5746 quidem
2627 5674 2786 5728 ullam
2837 5671 2888 5725 in
2939 5677 3208 5739 posterum
3256 5665 3528 5736 respicias,
3579 5679 3634 5724 ut
