4054 6210
448 314 540 370 191

462 431 632 499 magis
674 434 786 481 tuto
816 423 1066 479 verseris.
1114 421 1340 483 Declina,
1393 417 1582 487 inquit,
1624 432 1656 469 a
1701 415 1853 475 malo,
1895 422 1942 467 et
1973 412 2055 482 fnc

462 522 648 574 bonum
682 518 854 587 (Psal.
887 518 977 571 '56.
1008 516 1132 583 27);
1178 527 1235 566 ar
1281 526 1491 565 rursum
1524 527 1537 563 :
1573 508 1793 562 Prohibe
1828 509 2053 577 linguam

459 622 598 664 tuam
644 627 676 663 α
706 609 860 672 neuio,
891 616 935 660 et
956 605 1087 659 labia
1128 615 1214 656 tua
1254 620 1316 656 ne
1345 603 1617 672 loquantur
1657 599 1829 653 dolum
1877 596 2051 664 (Psal.

461 701 550 757 35.
582 697 694 771 H).
726 698 827 754 Sed
858 698 1052 750 bunmn
1084 708 1295 763 quoque
1325 692 1487 745 dicito
1517 690 1643 742 mihi
1679 707 1691 743 :
1724 687 1934 758 Inquire
1964 706 2057 757 pa-

462 810 588 858 cem,
631 801 675 845 et
720 805 1010 861 persequere
1051 804 1159 840 eam
1192 784 1352 857 (Ibid.
1385 801 1431 837 υ.
1466 782 1585 851 15);
1618 798 1721 835 non
1771 798 1889 834 eam
1936 796 2053 847 qtne

461 901 581 938 cum
613 882 917 937 hominibus
945 888 1171 941 tantum,
1205 877 1297 930 sed
1324 890 1443 929 eam
1464 875 1621 927 etiam
1650 888 1766 941 qua:
1793 886 1912 925 cum
1943 870 2053 925 Deo

460 975 703 1029 habetur.
742 971 972 1027 Pulchre
1014 981 1192 1024 autem
1224 968 1385 1027 dixit,
1426 966 1727 1031 Persequere
1755 979 1773 1017 :
1807 979 1926 1016 nam
1956 978 2053 1015 ex-

460 1065 608 1134 pulsa
637 1064 726 1118 illa
752 1072 809 1118 et
838 1060 1111 1131 proﬂigata
1143 1067 1243 1122 est,
1277 1074 1337 1111 ac
1370 1058 1551 1111 relicta
1588 1065 1747 1119 terra,
1780 1056 1830 1107 in
1862 1054 2051 1109 εει-Ιιιιη

457 1157 607 1211 abiit.
639 1155 748 1211 Sed
793 1167 1081 1224 possumus
1122 1152 1263 1205 illam
1301 1150 1576 1213 reducere,
1614 1150 1657 1203 si
1690 1150 1934 1215 velimus,
1964 1164 2054 1201 ar-

460 1249 783 1318 rogantiam,
835 1246 1136 1316 superbiam
1178 1254 1231 1298 ct
1257 1244 1433 1298 omnia
1465 1244 1844 1313 impedimenta
1874 1259 2053 1297 remo-

460 1354 588 1393 vere
608 1378 622 1403 ,
658 1352 721 1391 ac
748 1352 935 1406 puram
964 1344 1456 1406 temperautcmque
1482 1334 1675 1389 sectari
1706 1334 1885 1387 vitam.
1915 1332 2052 1387 Nihil

474 1430 617 1483 enim
646 1430 720 1483 ira
744 1428 1047 1496 ferociaque
1066 1426 1322 1481 deterius.
1347 1426 1467 1480 Hmc
1494 1427 1636 1481 enim
1666 1427 1873 1481 inﬂatos
1896 1426 2054 1480 simul

459 1531 514 1575 et
543 1521 764 1575 serviles
790 1520 994 1575 animos
1024 1519 1206 1585 efﬁcit,
1236 1519 1361 1573 hinc
1382 1518 1652 1581 ridiculos,
1684 1520 1805 1574 inde
1836 1518 2052 1573 odiosus

464 1609 719 1675 reddens,
744 1620 796 1665 et
817 1610 913 1664 sibi
936 1610 1202 1664 contraria
1232 1609 1488 1663 inducens
1510 1610 1669 1675 mala,
1693 1610 2053 1679 arrogantiam

466 1715 660 1769 nempe
686 1710 738 1756 et
766 1699 1144 1754 adulationem.
1178 1698 1282 1755 Sed
1315 1701 1358 1753 si
1396 1700 1616 1754 allectus
1651 1702 2049 1756 immoderatio-

460 1807 584 1845 nem
612 1791 1006 1856 exscindamns,
1040 1800 1093 1845 et
1120 1791 1364 1845 modeste
1391 1791 1639 1854 humiles,
1672 1799 1725 1846 ct
1751 1801 1862 1845 tuto
1892 1792 2056 1845 subli-

463 1896 577 1936 mes
606 1881 825 1935 erimus.
853 1880 983 1933 Nam
1015 1882 1067 1933 in
1096 1880 1411 1948 corporibus
1438 1880 1597 1933 etiam
1630 1881 1827 1934 nostris
1865 1896 1930 1935 ex
1973 1897 2056 1934 re-

462 1973 752 2027 dundantia
797 1974 948 2027 mala:
990 1973 1272 2026 humerum
1318 1973 1726 2027 commixtiones
1767 1974 2052 2027 oriuntur:

464 2068 725 2121 elementa
764 2080 971 2135 quoque
999 2080 1120 2119 cum
1167 2065 1410 2133 proprius
1449 2064 1549 2118 sibi
1582 2064 1837 2118 terminos
1864 2064 2056 2118 transi-

466 2158 617 2222 liunt,
650 2166 702 2211 et
734 2157 1038 2211 innumeros
1062 2156 1297 2217 morbos,
1321 2165 1375 2210 et
1398 2153 1584 2209 funera
1606 2155 1784 2224 gravia
1812 2154 2052 2225 pariunt;

466 2247 518 2302 id
549 2247 691 2317 quod
719 2248 877 2302 etiam
909 2247 961 2301 iu
991 2248 1166 2300 anima
1195 2246 1440 2301 accidere
1470 2246 1733 2300 videmus.

537 2341 590 2395 '7.
636 2338 1136 2394 lmmoderationcm
1178 2337 1355 2407 itaque
1393 2336 1788 2404 abscindamus,
1831 2345 1885 2392 et
1913 2338 2056 2392 salu-

470 2432 588 2478 tare
622 2426 1013 2483 moderationis
1044 2429 1398 2498 pharmacum
1428 2438 1698 2497 potantes,
1742 2429 1793 2481 in
1832 2437 2039 2497 tempe-

468 2517 644 2571 rantia
668 2522 986 2588 congruenti
1012 2537 1352 2587 maneamus,
1373 2521 1737 2591 precibusque
1755 2522 2044 2591 diligenter

470 2610 871 2666 incumbamus.
901 2610 958 2666 Si
1010 2614 1341 2682 postulatum
1392 2628 1499 2668 non
1530 2613 1886 2684 accipiamus,
1919 2627 2044 2683 per—

466 2714 797 2765 severemus,
853 2709 912 2753 ut
955 2700 1330 2769 accipiamus;
1394 2701 1436 2754 si
1479 2704 1870 2771 acceperimus,
1919 2704 2041 2757 ideo

464 2809 878 2863 perseveremus
935 2795 1063 2864 quia
1116 2794 1446 2864 accepimus.
1507 2795 1693 2865 Neque
1731 2798 1875 2850 enim
1934 2799 2044 2852 vult

466 2885 556 2940 ille
606 2887 938 2956 postulatum
980 2886 1183 2940 donum
1223 2886 1465 2951 dill‘erri;
1534 2890 1627 2942 sed
1698 2889 2042 2943 cunctatione

466 2980 841 3034 assiduitatem
890 2980 1158 3048 sagaciter
1209 2981 1369 3048 parit.
1443 2979 1565 3033 Ideo
1616 2980 1793 3034 dili‘ert
1854 2990 2041 3049 postu-

466 3070 576 3125 lata
607 3070 924 3134 concedere,
966 3085 1031 3124 ac
1058 3085 1201 3139 saepe
1247 3072 1595 3125 tentatiouem
1638 3071 1873 3126 incidere
1920 3087 2041 3140 per-

464 3155 647 3222 mittit,
681 3166 737 3209 ut
766 3156 1069 3222 frequenter
1093 3156 1159 3209 ad
1188 3170 1309 3209 eum
1337 3154 1727 3225 confugiamus,
1751 3164 1804 3211 et
1831 3156 1907 3211 sic
1937 3172 2059 3227 pcr-

464 3259 793 3301 scveremus.
824 3245 913 3299 Sic
938 3261 1147 3315 quoque
1174 3244 1370 3300 faciunt
1396 3262 1428 3315 p
1446 3256 1569 3301 ιιιοδ
1590 3257 1642 3301 et
1673 3258 1867 3303 matres
1894 3250 2058 3318 prolis

466 3346 737 3391 amantes:
761 3351 881 3390 cum
908 3337 1154 3405 parvulos
1180 3352 1306 3392 suos
1331 3337 1555 3391 viderint
1583 3338 1650 3392 ab
1675 3353 1733 3393 se
1759 3338 2054 3407 discedere,

472 3435 530 3480 ut
551 3443 673 3481 cum
702 3427 991 3496 aequalibus
1019 3429 1130 3481 suis
1159 3427 1370 3493 ludant,
1403 3429 1449 3481 id
1483 3440 1671 3484 curant
1699 3441 1754 3484 ιιι
1778 3431 2055 3488 domestici

474 3519 725 3573 terricula
765 3519 928 3572 qulta
979 3519 1249 3585 simulent,
1299 3530 1355 3574 ut
1406 3537 1513 3590 prie
1566 3522 1753 3577 timore
1801 3532 2059 3594 Coguntur

466 3612 673 3681 pueruli
713 3612 779 3666 ad
820 3624 1116 3667 maternum
1160 3614 1334 3668 sinum
1362 3615 1667 3684 Confugere.
1714 3615 1803 3671 Sic
1837 3626 1890 3670 et
1921 3616 2057 3670 lleus

466 3719 610 3774 smpe
636 3705 808 3759 minas
839 3706 1080 3770 intentat,
1115 3722 1219 3759 non
1265 3716 1323 3760 ut
1364 3707 1499 3760 mala
1530 3706 1752 3778 inﬂigat,
1785 3708 1876 3763 sed
1911 3718 1965 3761 nt
1989 3709 2054 3762 ad

464 3808 524 3851 se
553 3795 840 3865 pertrahat.
869 3796 1002 3850 Cum
1025 3806 1200 3851 autem
1228 3797 1295 3851 ad
1324 3798 1470 3851 illum
1495 3798 1851 3868 confugimus,
1876 3801 2052 3854 statim

465 3896 662 3941 tuetutn
695 3888 890 3943 solvit:
913 3889 1054 3958 quod
1078 3888 1123 3943 si
1152 3889 1283 3944 tales
1310 3902 1550 3943 essemus
1576 3888 1628 3941 in
1652 3890 2050 3951 tentationiluts,

465 3979 650 4049 quales
671 3981 724 4036 in
757 3981 1157 4048 tranquillitate,
1189 3995 1296 4035 non
1325 3994 1603 4051 egeremus
1631 3981 2053 4036 ιοιιιιιιίοιιιι.Εο-

1226 317 1280 362 δ.
1321 305 1594 364 ,ΙΟᾹΝΝΙΒ
1628 298 2094 359 CHRYSOSTOMI
2134 299 2451 357 ARClllEP.
2491 302 3021 361 CONSTANTINUP.

1586 4272 2649 4295 ______________________

3636 311 3734 365 19;!

2148 401 2272 471 quid
2304 402 2370 456 de
2396 402 2547 457 nobis
2574 402 2762 471 loquor
2792 403 2844 441 ⁸⁸)
2863 401 2996 457 Nam
3024 401 3223 457 sanctis
3250 418 3465 474 quoque
3496 404 3601 459 illis
3634 424 3737 459 tua.

2149 508 2250 562 gna
2281 493 2401 547 hinc
2430 494 2767 562 provenicbat
2799 494 3165 562 temperantia:
3194 493 3429 550 occasio.
3464 493 3589 549 ldeo
3619 496 3737 550 dicit

2152 583 2407 653 propheta
2438 600 2451 635 :
2484 582 2679 637 Bonum
2703 584 2824 636 milii
2851 585 2968 653 quia
2995 582 3276 638 Immiliasti
3306 601 3385 637 me
3413 583 3589 655 (Psnl.
3616 588 3733 641 H8.

2153 676 2263 746 7|).
2306 676 2529 745 Ipseque
2561 674 2812 744 apostolis
2841 674 3051 728 dicebat
3078 693 3089 728 :
3122 674 3188 728 In
3220 676 3409 729 mundo
3455 677 3736 732 tribulatio-

2154 785 2266 821 nem
2294 768 2533 822 habebitis
2564 768 2741 837 (Joan.
2770 768 2853 821 16.
2881 768 2991 838 55).
3023 767 3132 821 lloc
3155 783 3313 837 porro
3342 769 3536 824 Paulus
3560 771 3738 825 subiu-

2156 860 2326 926 dicat,
2359 876 2477 913 cunt
2508 862 2581 913 ait
2611 878 2622 913 :
2659 859 2821 914 Datus
2850 871 2920 914 est
2950 861 3073 913 mihi
3101 861 3334 915 stimulus
3365 864 3553 926 carnis,
3586 881 3735 935 ange-

2155 953 2233 1007 lus
2280 964 2491 1014 satanas.
2538 954 2621 1024 qui
2664 970 2743 1006 me
2783 953 3062 1021 colapltizet
3092 953 3169 1022 (ἢ.
3216 953 3333 1007 Cor.
3380 953 3463 1007 12.
3501 955 3576 1026 7).
3622 957 3737 1010 Ideo

2154 1057 2403 1116 pri-catus
2434 1056 2489 1098 ut
2516 1064 2545 1099 a
2578 1046 2870 1100 tentatione
2899 1046 3234 1111 liberaretur,
3264 1044 3315 1098 id
3351 1060 3453 1098 non
3486 1045 3737 1115 impetra-

2152 1140 2247 1203 vit,
2278 1141 2399 1208 quia
2444 1139 2567 1194 inde
2599 1156 2842 1208 magnam
2887 1139 3139 1207 carpebat
3170 1140 3472 1195 utilitatem.
3504 1141 3559 1195 Si
3619 1159 3735 1196 vero

2154 1238 2317 1284 totam
2364 1231 2575 1284 Davidis
2621 1232 2781 1284 vitam
2831 1230 3189 1300 exploremus,
3233 1232 3566 1287 inveniemus
3597 1235 3732 1289 illuni

2153 1320 2292 1374 inter
2340 1321 2573 1390 pericula
2622 1321 2922 1385 clariorem,
2966 1338 3140 1391 neque
3182 1322 3325 1377 illum
3374 1332 3601 1390 tantum,
3648 1328 3734 1380 sed

2152 1412 2310 1465 etiam
2338 1412 2471 1467 alios
2496 1426 2682 1466 omnes
2710 1412 2807 1482 ipsi
2832 1412 3054 1467 similes.
3092 1414 3299 1467 Etenim
3330 1414 3431 1468 Joh
3464 1414 3565 1469 hoc
3592 1428 3735 1485 pacto

2152 1504 2319 1570 magis
2363 1502 2589 1565 refulsit,
2629 1501 2829 1572 Joseph
2860 1503 2937 1557 sic
2980 1502 3147 1573 magis
3187 1505 3461 1573 magisque
3500 1506 3731 1561 claruit:

2151 1593 2316 1649 Jacoh
2348 1591 2473 1649 item
2505 1604 2557 1649 et
2582 1602 2731 1662 pater
2761 1594 2950 1664 ipsius,
2991 1603 3043 1649 et
3071 1611 3219 1659 avus,
3248 1607 3301 1651 et
3328 1606 3590 1667 quotquot
3617 1615 3735 1653 con-

2152 1686 2320 1755 spicui
2364 1686 2595 1754 luerunt,
2642 1686 3201 1757 splendidioribusque
3237 1691 3451 1744 coronis
3491 1702 3611 1744 sunt
3655 1709 3735 1746 or-

2154 1778 2286 1844 nati,
2318 1796 2381 1833 ex
2424 1780 2676 1834 :erumnis
2716 1788 2875 1850 atque
2916 1781 3299 1837 tentationibus
3341 1792 3396 1838 et
3424 1787 3661 1838 coronati
3689 1796 3736 1840 et

2154 1870 2464 1940 proclamati
2489 1879 2632 1924 sunt.
2656 1868 2782 1924 Haec
2809 1887 2929 1924 cum
2962 1871 3191 1925 sciamus
3221 1873 3421 1939 omnia,
3452 1876 3734 1930 secundum

2152 1962 2445 2030 Sapientem
2492 1963 2637 2016 illum
2680 1978 3004 2027 sermonem,
3041 1963 3124 2018 Ne
3150 1968 3440 2036 festinemus
3471 1968 3521 2021 in
3553 1969 3634 2022 die
3663 1970 3735 2021 in-

2153 2056 2370 2110 vasiouis
2389 2054 2571 2124 (Eccli.
2594 2056 2650 2110 2.
2672 2056 2753 2127 2),
2777 2058 2870 2111 sed
2892 2056 2958 2111 ad
2985 2072 3146 2111 unum
3171 2067 3369 2113 tantum
3390 2077 3487 2113 nos
3512 2063 3738 2116 institua-

2155 2164 2288 2211 mus,
2312 2156 2366 2200 ιιι
2386 2148 2559 2201 omnia
2583 2147 2788 2203 fortiter
2810 2150 3059 2215 feramus,
3080 2167 3176 2205 nec
3195 2152 3737 2223 curioseinqniramm

2154 2239 2236 2291 vel
2254 2248 2552 2293 scrutemur
2567 2254 2628 2293 ca
2645 2256 2762 2308 qua:
2777 2241 3041 2296 accidunt.
3058 2241 3185 2295 Nam
3204 2248 3359 2307 scire,
3382 2260 3485 2313 quo
3509 2256 3738 2316 tempore

2153 2330 2400 2386 desitum
2421 2330 2526 2385 sint
2550 2346 2823 2393 ternmnae,
2849 2331 2939 2385 Dei
2962 2342 3064 2398 est,
3091 2333 3177 2400 qui
3202 2334 3439 2401 permisit
3472 2335 3589 2391 illas
3610 2340 3738 2391 arci-

2153 2421 2315 2487 dere;
2362 2423 2532 2477 illatas
2565 2439 2692 2477 vero
2734 2438 2852 2476 cum
2897 2426 3186 2493 gratiarum
3236 2427 3445 2481 actione
3486 2427 3646 2491 ferre,
3689 2431 3735 2483 id

2156 2515 2433 2583 probitatis
2452 2523 2646 2568 nostrae
2669 2524 2751 2568 est
2778 2529 2928 2584 opus.
2949 2514 3100 2582 Quod
3128 2518 3170 2570 si
3196 2516 3302 2579 liat,
3324 2520 3499 2573 omnia
3522 2536 3737 2590 sequen-

2158 2614 2243 2660 tur
2266 2605 2437 2671 bona;
2477 2615 2534 2659 ιιι
2566 2622 2694 2660 vero
2730 2620 3037 2676 sequantur,
3073 2619 3233 2678 utque
3278 2608 3362 2663 hic
3390 2612 3734 2680 probatiores,

2154 2696 2262 2751 illic
2289 2712 2417 2751 vero
2446 2697 2841 2767 splendidiores
2872 2697 3191 2766 efﬁciamur,
3225 2701 3601 2772 quodcumque
3632 2705 3737 2759 Illa~

2154 2796 2265 2843 tum
2295 2786 2452 2843 fuerit
2490 2789 2836 2859 excipiamus,
2867 2790 3063 2859 gratias
3100 2792 3166 2845 de
3202 2793 3447 2869 omnibus
3493 2795 3736 2849 halvcu'os

2152 2879 2225 2945 ei,
2254 2878 2343 2948 qui
2384 2878 2574 2934 melius
2614 2880 2757 2934 novit
2794 2895 2952 2950 quam
2984 2896 3083 2935 nos
3120 2883 3216 2953 ipsi
3244 2884 3369 2954 quid
3404 2885 3558 2939 nobis
3586 2903 3735 2956 cipe-

2152 2971 2282 3037 diat,
2328 2972 2524 3043 quique
2563 2983 2839 3042 parentum
2866 2989 2989 3044 erga
3037 2990 3135 3028 nos
3178 2977 3339 3030 vincit
3384 2993 3661 3032 amorem:
3690 2990 3736 3033 ct

2153 3062 2257 3119 hoc
2302 3074 2585 3135 utrumque
2634 3067 2966 3121 ratiocinium
3018 3068 3068 3121 iu
3119 3070 3442 3138 quibuslibet
3494 3073 3736 3126 aerumnis

2151 3158 2308 3213 nobis
2345 3157 2476 3229 ipsis
2513 3168 2867 3227 recantautes,
2895 3161 3310 3230 comprimamus
3348 3179 3657 3230 maerorem,
3690 3177 3736 3219 et

2150 3249 2374 3320 gloriam
2404 3249 2696 3305 referamus
2723 3251 2850 3316 Deo,
2880 3252 2970 3321 qui
3000 3253 3050 3305 in
3075 3254 3319 3307 omnibus
3348 3256 3525 3308 omnia
3553 3256 3617 3309 ad
3647 3274 3737 3311 ιιι-

2152 3350 2319 3397 stram
2368 3343 2647 3398 utilitatem
2690 3341 2980 3415 dispensat.
3027 3344 3117 3399 Sic
3146 3348 3363 3399 enimet
3401 3348 3619 3403 ins-dias
3664 3350 3736 3403 l‘a-

2152 3434 2255 3490 cile
2293 3434 2644 3503 depellemus,
2693 3445 2745 3489 ct
2781 3436 3250 3491 immarcescibilcs
3287 3453 3515 3493 coronas
3557 3457 3733 3495 conse-

2152 3540 2379 3595 quemur
2407 3544 2418 3576 :
2450 3541 2579 3598 quas
2610 3540 2709 3580 nos
2734 3542 2921 3582 omnes
2950 3528 3161 3597 assequi
3192 3530 3462 3600 contingat
3489 3534 3654 3601 gratia
3682 3544 3730 3586 et

2152 3617 2477 3686 benignitate
2506 3617 2712 3671 Domini
2741 3618 2906 3671 nostri
2944 3617 3067 3673 Jesu
3096 3617 3312 3687 Christi,
3353 3623 3569 3690 quicum
3604 3625 3735 3678 Patri

2163 3709 2351 3778 gloria,
2387 3709 2687 3777 imperium,
2730 3710 2920 3775 henor,
2963 3725 3082 3764 cum
3112 3721 3300 3765 saneto
3335 3713 3559 3782 Spiritu,
3605 3730 3736 3769 mmc

2152 3809 2207 3855 et
2235 3815 2466 3870 semper,
2497 3810 2547 3853 et
2578 3799 2628 3853 in
2651 3801 2844 3854 smcula
2869 3801 3205 3856 seculorum.
3232 3804 3422 3856 Amen.

2218 3920 2231 3950 ¹
2270 3916 2344 3965 sic
2366 3921 2501 3979 recte
2520 3913 2658 3979 Savil.
2678 3920 2730 3963 et
2748 3912 2933 3979 aliquot
2967 3917 3291 3979 Manuscripti.
3318 3915 3405 3966 Alii
3431 3932 3552 3967 vero
3572 3929 3623 3969 et
3646 3927 3731 3968 ato-

2150 3980 2269 4040 rel.,
2294 3981 2350 4028 Et
2371 3977 2489 4040 quid
2509 3977 2571 4028 de
2587 3976 2847 4027 tentatioue
2881 3976 3088 4040 loquor?

1850 4466 2197 4532 HOMILIA
2238 4463 2352 4525 XI.

460 4628 656 4686 (ΤΛΡΧ).
676 4646 729 4685 v.
745 4630 797 4684 7.
817 4629 999 4684 Videas
1019 4640 1185 4683 autem
1209 4630 1389 4683 multos
1407 4629 1806 4684 Sadducworum
1834 4639 1880 4683 et
1913 4629 2055 4683 Plia-

532 4723 790 4777 risteorum
825 4723 1070 4777 uenientes
1097 4722 1165 4775 ad
1204 4721 1505 4790 baptismum
1548 4737 1716 4787 suum,
1763 4720 1891 4775 dixit
1936 4722 2050 4777 eis:

531 4812 798 4867 Geuimiua
832 4815 1138 4885 viperarum,
1177 4815 1289 4884 quis
1318 4814 1675 4869 demonstravit
1718 4812 1855 4868 vobis
1879 4817 2055 4885 fugere

530 4917 564 4955 a
591 4912 801 4956 uentura
825 4904 935 4961 ira?

532 5056 583 5111 1.
617 5053 725 5112 Cur
763 5072 892 5127 ergo
917 5058 992 5114 ait
1012 5034 1280 5127 Christus,
1312 5076 1409 5116 eos
1432 5076 1536 5117 non
1564 5062 1857 5119 credidisse
1890 5062 2053 5119 Joan-

462 5146 550 5201 ni?
590 5147 722 5215 Quia
764 5163 870 5200 non
897 5157 1014 5203 erat
1056 5149 1186 5204 illud
1229 5151 1469 5219 credere,
1506 5168 1626 5207 cum
1680 5170 1802 5209 eum
1848 5155 1936 5224 qui
1982 5154 2051 5209 ab

462 5236 575 5307 ipso
602 5236 1009 5307 praedicabatur,
1044 5254 1147 5293 non
1182 5241 1504 5310 acciperent.
1532 5243 1665 5300 Nam
1689 5253 1745 5300 et
1775 5246 2048 5315 prophetis

457 5339 511 5382 et
560 5328 846 5395 lcgislatori
877 5330 1152 5385 attendere
1200 5332 1513 5390 videbantur
1552 5356 1566 5390 :
1609 5348 1663 5392 et
1703 5346 1878 5393 tamen
1918 5338 2049 5394 dixit

458 5417 549 5473 ille
589 5435 694 5474 non
732 5418 1045 5485 attendisse,
1073 5422 1195 5492 quia
1227 5438 1348 5479 eum
1377 5428 1467 5495 qui
1493 5429 1562 5483 ab
1593 5430 1693 5484 illis
1724 5430 2049 5499 praedicaba-

459 5517 543 5563 tur
576 5525 680 5564 nou
713 5520 1028 5581 receperunt
1056 5529 1070 5565 :
1100 5512 1159 5568 Si
1186 5518 1318 5568 enim
1345 5518 1608 5572 crederetis
1640 5519 1826 5590 Moysi,
1856 5523 2043 5592 inquit,

457 5599 721 5654 crederetis
745 5601 912 5673 utique
935 5612 982 5657 et
1009 5603 1131 5657 mihi
1153 5603 1334 5674 (Joan.
1362 5605 1414 5660 5.
1440 5606 1552 5676 46).
1584 5608 1651 5663 Et
1675 5619 1857 5678 postea
1884 5612 2046 5667 inter-

457 5691 627 5761 rogati
647 5707 677 5747 δ
696 5693 924 5761 Christo,
949 5695 1212 5770 Baptisma
1230 5694 1447 5755 Joannis
1472 5698 1605 5753 unde
1630 5702 1739 5756 est?
1764 5701 2043 5759 dicebant:

2160 4624 2223 4679 Si
2248 4624 2545 4689 dixerimus,
2578 4622 2651 4676 De
2671 4633 2823 4687 terra,
2851 4633 3079 4679 timemus
3108 4625 3303 4679 turbam
3326 4643 3347 4691 ;
3392 4628 3437 4681 si
3467 4644 3582 4684 vero
3609 4631 3745 4684 dixe-

2158 4717 2343 4781 rimus,
2374 4713 2450 4770 De
2477 4715 2622 4779 creto,
2654 4715 2783 4767 dicet
2809 4716 2970 4778 nobis,
3003 4716 3172 4781 Quare
3197 4733 3315 4787 ergo
3341 4735 3443 4773 non
3471 4721 3743 4773 credidistis

2156 4807 2203 4861 ei
2230 4804 2446 4878 (Matth.
2477 4805 2566 4860 2|.
2597 4805 2686 4861 25.
2738 4806 2868 4875 26)?
2897 4806 2973 4860 Ex
3008 4807 3088 4861 his
3130 4814 3259 4878 ergo
3298 4810 3547 4866 omnibus
3578 4813 3743 4881 palam

2156 4908 2238 4954 est
2266 4898 2410 4972 ipsos
2439 4899 2653 4955 venisse
2676 4910 2728 4955 et
2749 4899 3043 4970 baptizatos
3071 4899 3253 4964 fuisse,
3286 4901 3381 4956 sed
3404 4903 3454 4957 in
3486 4904 3589 4959 lide
3619 4922 3743 4973 pm:-

2154 4990 2437 5048 dieationis
2466 5007 2573 5046 non
2597 4992 2876 5047 mansisse.
2912 4992 3121 5047 Etenim
3151 4993 3388 5050 Joannes
3420 4995 3630 5050 illorum
3656 5011 3741 5051 ue-

2152 5084 2373 5153 quitiam
2415 5084 2667 5152 ostendit,
2716 5085 2926 5155 quando
2954 5086 3029 5141 illi
3066 5085 3131 5141 ad
3164 5086 3454 5157 Baptistam
3492 5091 3745 5145 miserunt

2152 5175 2393 5231 dicentes
2416 5194 2429 5229 :
2459 5176 2522 5233 Si
2548 5187 2601 5231 tu
2624 5194 2675 5232 es
2699 5177 2859 5241 Elius,
2885 5181 2927 5232 si
2948 5188 3001 5231 tu
3027 5195 3078 5233 es
3106 5177 3338 5234 Christus
3364 5179 3521 5253 (Joan
3548 5184 3595 5236 1.
3629 5180 3740 5252 2i);

2150 5268 2498 5337 quamobrem
2531 5269 2739 5335 intulit,
2775 5271 2874 5336 Qui
2900 5282 3069 5326 autent
3094 5272 3233 5326 missi
3263 5276 3488 5344 fuerant,
3519 5288 3745 5328 erantex

2152 5359 2429 5416 Pltaristeis
2458 5361 2618 5434 (Ibid.
2653 5379 2699 5417 υ.
2722 5363 2837 5433 24).
2859 5364 2993 5430 Quid
3022 5365 3213 5434 igitur?
3242 5380 3418 5420 annon
3451 5369 3617 5421 turba:
3646 5382 3741 5436 po-

2150 5454 2260 5524 puli
2288 5453 2514 5523 idipsum
2548 5454 2842 5524 putabant?
2883 5456 3051 5509 Etiam
3077 5471 3092 5510 :
3119 5472 3302 5512 verum
3332 5457 3481 5527 plebs
3515 5458 3741 5527 simplici

2151 5554 2330 5599 mente
2378 5542 2494 5598 haec
2544 5544 2943 5615 suspicabatur;
2990 5544 3246 5600 Pharismi
3287 5561 3416 5601 vero
3469 5548 3640 5616 ipsum
3688 5547 3738 5601 in

2142 5648 2397 5689 sermone
2419 5650 2614 5705 capere
2642 5634 2910 5688 volebant.
2940 5635 3073 5702 Quia
3099 5637 3242 5691 enim
3275 5637 3325 5691 in
3356 5637 3608 5694 confesso
3627 5651 3733 5692 erat

2145 5725 2417 5783 Christum
2458 5741 2580 5784 esse
2624 5732 2901 5782 venturum
2943 5743 3006 5782 ex
3050 5728 3169 5783 vico
3207 5728 3442 5798 Davidis,
3482 5729 3572 5786 hic
3614 5742 3735 5784 vero
