4054 6210
331 296 430 353 I93

323 426 390 464 ex
418 408 654 464 Levitica
688 407 826 462 tribu
855 411 988 468 etat,
1027 399 1400 470 interrogando
1435 398 1652 454 insidias
1675 397 1776 470 ipsi
1819 412 1908 467 pa-

328 501 546 565 rabant;
589 511 645 553 nt
673 499 714 552 si
746 495 868 567 quid
899 511 1054 549 secus
1075 493 1443 564 responderet,
1477 493 1528 546 in
1557 491 1704 545 illum
1733 507 1909 544 insur-

322 600 526 659 gerent.
556 590 665 643 lloc
686 590 824 641 enim
852 587 1010 641 etiam
1038 602 1102 640 ex
1136 585 1476 655 sequentibus
1493 583 1730 638 declarat
1753 605 1765 638 :
1790 599 1910 637 nam

325 698 444 736 cum
475 681 602 735 nihil
630 696 816 734 eorum
845 695 963 748 qua:
991 679 1088 748 ipsi
1119 677 1501 747 exspectabant
1525 677 1908 747 respondisset,

327 784 501 828 tamen
533 774 704 843 ipsum
751 771 1022 840 culpantes
1067 770 1296 824 dicunt:
1343 767 1476 833 Quid
1516 785 1634 839 ergo
1665 769 1910 838 baptizus,

326 867 366 922 si
393 876 446 920 tu
471 883 570 919 non
600 883 649 918 cs
671 865 898 919 Christus
929 863 1108 931 (Joan.
1133 863 1184 916 1.
1210 861 1345 932 25)?
1371 871 1426 915 ttt
1452 876 1579 916 vero
1609 861 1783 915 discas
1809 861 1912 914 alia

329 967 506 1014 tuente
534 958 851 1022 l’barisa-os,
879 957 979 1010 alia
1010 957 1216 1026 plebem
1245 955 1474 1018 venisse,
1505 953 1625 1008 audi
1648 953 1914 1024 quomodo

328 1051 649 1121 evangelista
693 1052 792 1104 hoc
835 1053 994 1105 etiam
1037 1049 1290 1104 declaret.
1331 1050 1461 1103 Cum
1497 1063 1686 1117 nempe
1720 1047 1786 1100 de
1819 1061 1912 1115 po-

329 1142 452 1210 pulo
479 1143 574 1208 ait,
609 1144 750 1210 ipsos
789 1142 998 1196 venisse
1027 1149 1079 1194 et
1104 1141 1172 1194 ab
1198 1141 1287 1195 illo
1310 1139 1601 1207 baptizatos
1639 1153 1757 1191 esse
1788 1153 1915 1189 con-

332 1235 540 1286 ﬁtcntes
572 1245 786 1302 peccata
811 1248 936 1295 sua;
966 1232 1034 1286 de
1059 1230 1338 1285 l‘harismis
1367 1245 1492 1284 vero
1516 1246 1618 1284 non
1645 1229 1908 1291 similiter,

330 1324 421 1375 sed
455 1323 537 1378 bis
563 1323 738 1378 verbis
769 1341 780 1377 :
838 1321 1022 1376 Viaens
1045 1323 1228 1376 multos
1257 1319 1659 1376 Sadducatorum
1686 1330 1732 1372 et
1777 1319 1917 1372 l’ha-

331 1415 590 1467 risaeorum
619 1415 884 1477 venientes,
916 1414 1149 1468 dicebat:
1184 1412 1450 1467 Genimina
1478 1414 1782 1482 viperarum,
1805 1430 1862 1479 qr.
1875 1412 1916 1463 is

333 1506 465 1558 vobis
495 1506 848 1560 demonstravit
895 1506 1066 1575 fugere
1093 1521 1125 1556 a
1154 1513 1360 1557 uentura
1391 1504 1508 1556 ira?
1535 1503 1690 1570 Papte
1712 1503 1725 1556 !
1751 1520 1918 1571 quan-

333 1609 436 1652 tatn
459 1600 622 1654 animi
653 1598 1100 1669 magnitudinem!
1126 1596 1402 1665 Quomodo
1425 1595 1712 1664 alloquitur
1741 1595 1916 1648 homi-

330 1705 428 1742 nes
458 1689 773 1758 sanguinem
801 1688 1163 1758 propheticum
1192 1703 1404 1754 semper
1425 1687 1690 1751 sitientes,
1720 1686 1918 1754 quique

331 1795 439 1834 non
483 1789 634 1835 erant
661 1781 995 1849 serpentibus
1026 1778 1306 1832 mitiores?
1336 1791 1453 1831 cum
1490 1785 1682 1845 quanta
1715 1785 1768 1830 et
1799 1777 1918 1830 illos

329 1883 383 1926 et
416 1882 663 1941 parentes
693 1873 901 1926 illorum
929 1873 1167 1926 libertate
1193 1870 1540 1926 criminatur?

414 1962 520 2016 Cur
566 1961 790 2016 Joannes
848 1962 1077 2033 Baptista
1120 1961 1408 2015 Pharisazos
1454 1960 1801 2030 increpaverit.
1847 1989 1919 1999 —

332 2055 526 2120 Etiam,
544 2055 768 2124 inquies,
792 2054 1038 2123 loquendi
1062 2054 1276 2107 libertas
1294 2053 1519 2106 maxima
1533 2062 1614 2106 est
1634 2069 1646 2107 :
1671 2051 1764 2106 sed
1781 2067 1917 2120 qute-

332 2146 555 2200 rendum
581 2162 647 2200 an
681 2145 898 2199 libertas
943 2144 1239 2212 bttjttsmodi
1271 2145 1441 2211 aliqua
1463 2143 1668 2197 ratione
1696 2143 1913 2196 nitatur.

331 2237 514 2306 Neque
541 2237 682 2290 ettim
725 2246 1007 2305 peccantes
1035 2236 1184 2300 vidit,
1216 2238 1307 2288 sed
1334 2250 1391 2287 re
1425 2234 1710 2302 ipim-entes
1736 2251 1746 2284 :
1780 2247 1912 2302 qna-

334 2341 552 2400 propter
591 2344 693 2381 non
743 2328 960 2396 culpare
1004 2328 1303 2396 Oportebat,
1348 2325 1440 2380 sed
1493 2324 1710 2379 laudare
1759 2335 1917 2395 atque

332 2421 626 2489 suscipere,
673 2420 793 2489 quia
839 2418 1020 2473 relicta
1066 2418 1197 2472 urbe
1246 2427 1298 2474 et
1344 2417 1524 2482 domo,
1573 2427 1918 2470 accurrcrant

335 2511 766 2579 prmdicationcm
813 2509 1042 2564 audituri
1095 2509 1228 2576 Quid
1259 2523 1385 2578 ergo
1415 2507 1696 2562 dicamus?
1739 2505 1915 2576 Ipsum

333 2604 598 2667 videliCet,
639 2619 744 2657 non
773 2603 1143 2672 praesentibus,
1195 2617 1366 2672 neque
1394 2601 1550 2656 rebus
1587 2616 1707 2670 qua:
1745 2599 1918 2669 palam

331 2696 672 2764 gerebantur,
704 2694 1014 2758 attendisse,
1042 2693 1134 2747 sed
1165 2709 1354 2746 arcana
1387 2692 1578 2745 mentis
1605 2706 1789 2744 eorum
1819 2707 1917 2743 tm-

335 2791 493 2850 visse,
523 2789 572 2841 id
602 2789 872 2842 revelante
902 2787 1030 2840 Deo.
1058 2785 1316 2851 Quoniam
1349 2784 1504 2852 igitur
1527 2782 1594 2835 de
1629 2781 1920 2849 majoribus

335 2880 445 2932 suis
468 2879 633 2932 alttttn
664 2877 964 2946 sapiebant,
991 2875 1147 2944 idqtte
1179 2874 1308 2943 ipsis
1337 2872 1586 2940 perniciei
1613 2887 1770 2924 causa
1804 2869 1920 2924 fue-

335 2977 434 3033 rat,
469 2972 720 3039 ipsosque
749 2968 799 3021 in
829 2965 1087 3021 desidiam
1119 2966 1444 3033 conjccerat,
1487 2963 1804 3032 arrogantiae
1831 2976 1920 3015 ra-

334 3061 503 3116 dicem
535 3060 778 3114 succidit.
810 3059 1093 3127 Pr0pterca
1127 3057 1286 3110 Isaias
1309 3055 1424 3109 illos
1456 3054 1720 3124 principes
1750 3052 1922 3108 Sodo-

337 3168 569 3214 morum,
599 3159 654 3204 et
699 3150 948 3219 populum
975 3146 1288 3203 Gomorrlne
1319 3156 1472 3200 vocat
1514 3144 1668 3215 (lsai.
1703 3145 1752 3198 ί.
1783 3144 1868 3214 l0)
1902 3161 1916 3197 :

334 3254 387 3297 et
412 3243 550 3297 alter
579 3241 835 3312 propheta
859 3240 1016 3295 dicit:
1042 3237 1227 3292 Nonne
1245 3239 1370 3292 sicut
1389 3239 1484 3307 ﬁlii
1504 3236 1810 3307 {Ethiopum
1832 3254 1918 3292 vos

335 3336 449 3388 estis
473 3335 650 3405 (Amos
679 3333 731 3388 9.
763 3333 818 3402 7)
839 3337 863 3386 ’ἐ
893 3345 1187 3401 omnesque
1229 3329 1298 3383 ab
1334 3329 1432 3383 hac
1472 3329 1724 3398 opinione
1750 3328 1920 3383 dedu-

338 3438 464 3480 cunt
511 3427 651 3488 illos,
702 3433 962 3478 tumorem
1009 3423 1218 3477 illorum
1250 3431 1596 3486 cvacuantes,
1627 3420 1717 3491 qui
1767 3421 1923 3474 innu-

339 3516 674 3570 merabilium
701 3515 829 3584 ipsis
859 3514 1118 3568 malorum
1149 3528 1306 3567 causa
1330 3511 1526 3567 fuerat.
1567 3513 1658 3577 At,
1689 3511 1917 3582 inquies,

340 3609 388 3660 id
413 3608 536 3675 jure
569 3604 845 3674 propheta:
877 3603 1164 3668 faciebant,
1195 3604 1283 3672 qui
1316 3604 1434 3657 illos
1462 3611 1742 3672 peccantes
1770 3602 1920 3657 vide-

340 3703 462 3755 bant
495 3715 508 3752 :
544 3699 629 3752 hic
656 3713 783 3752 vero
809 3713 905 3751 cur
927 3707 980 3752 et
1007 3712 1108 3768 qua
1137 3697 1202 3752 de
1229 3711 1410 3760 causa,
1445 3712 1564 3752 cum
1599 3697 1718 3752 illos
1743 3695 1923 3751 videat

340 3796 791 3859 obtemperantes,
820 3789 1044 3858 idipsnm
1089 3787 1248 3842 iacit?
1279 3787 1346 3843 Ut
1388 3788 1506 3841 illos
1539 3787 1922 3843 moderatiores

345 3881 548 3934 reddat.
579 3879 638 3932 Si
667 3879 788 3948 quis
809 3887 985 3932 autem
1013 3887 1258 3932 accurate
1281 3876 1438 3931 dictis
1477 3877 1736 3944 attendat,
1769 3878 1925 3933 laude

340 3971 760 4042 inerepationem
802 3971 1149 4041 temperavit.
1193 3969 1476 4024 Admirans
1521 3971 1718 4041 quippe
1770 3969 1920 4035 illos,

343 4065 482 4134 quod
525 4079 648 4118 sero
688 4061 903 4118 tandem
933 4077 994 4116 ea
1028 4061 1203 4116 facere
1248 4061 1565 4131 potuissent,
1607 4077 1727 4130 quae
1772 4076 1924 4114 nutu-

343 4171 499 4222 quam
547 4170 701 4223 posse
742 4153 858 4208 ﬁeri
888 4152 1226 4215 videbantur,
1271 4151 1384 4205 haec
1427 4151 1582 4205 dixit.
1625 4150 1924 4221 lncrcpatio

344 4245 501 4315 igitur
528 4245 810 4300 allieientis
839 4245 960 4298 illos
989 4243 1160 4312 potius
1189 4257 1309 4297 esse
1347 4241 1574 4304 videtur,
1609 4251 1663 4296 et
1687 4241 1926 4296 curantis

344 4345 400 4390 tit
425 4337 760 4406 resipiscam.
788 4336 917 4390 Cum
945 4335 1088 4389 enim
1129 4335 1248 4387 illos
1288 4333 1568 4402 objurgare
1611 4331 1842 4398 videtur,
1871 4341 1927 4392 et

346 4446 590 4500 magnam
621 4431 770 4500 prius
809 4429 1019 4483 illorum
1052 4427 1340 4493 nequitiam
1383 4426 1547 4480 fuisse
1587 4424 1839 4482 ostendit.
1873 4433 1928 4480 et

343 4521 692 4576 mutationem
739 4518 974 4588 ipsorum
1034 4519 1332 4573 mirabilem
1376 4529 1534 4586 atque
1587 4519 1922 4586 sittpcitdattt.

343 4612 620 4678 Quomodo
649 4611 842 4666 factum
865 4622 964 4673 est,
993 4612 1179 4680 inquit,
1215 4623 1271 4665 ut
1295 4627 1414 4664 cum
1435 4612 1646 4666 illormn
1677 4612 1767 4666 lilii
1795 4613 1922 4677 sint,

347 4718 397 4761 et
429 4714 534 4758 tam
569 4709 704 4758 male
743 4704 974 4768 educati,
1009 4704 1372 4771 paenitentiam
1412 4706 1608 4773 agant?
1645 4705 1784 4758 unde
1815 4706 1928 4758 haec

346 4805 487 4850 tanta
521 4797 654 4850 facta
691 4806 774 4850 est
815 4797 1037 4849 mutatio
1058 4800 1082 4846 ‘t
1125 4796 1244 4864 quis
1273 4796 1611 4860 asperitatem
1640 4796 1804 4850 animi
1832 4812 1926 4851 co-

346 4906 460 4941 rutn
491 4887 568 4942 sic
591 4887 886 4942 emollivit?
914 4888 1032 4957 quis
1071 4887 1476 4941 itnmedicabilia
1511 4889 1728 4942 vulnera
1769 4905 1928 4943 cura-

348 4979 461 5031 vit?
491 4977 559 5032 Et
589 4977 708 5032 vide
735 4977 1002 5047 quomodo
1031 4976 1150 5032 illos
1189 4992 1216 5030 a
1263 4977 1521 5047 principio
1551 4979 1726 5031 statim
1759 4979 1932 5034 incre-

349 5070 514 5139 pavit,
543 5069 806 5140 gchennte
827 5081 1102 5124 sermones
1131 5069 1340 5124 caeteris
1371 5069 1717 5139 praemittens.
1751 5069 1931 5140 Neque

347 5165 491 5220 enim
521 5163 654 5217 dixit
680 5177 764 5226 ea,
797 5177 914 5231 quat
944 5161 1047 5216 dici
1076 5169 1501 5216 consueverant:
1533 5162 1662 5228 Quis
1698 5164 1932 5218 ostendit

349 5255 500 5310 vobis
531 5254 712 5322 fugere
733 5254 891 5319 bella,
917 5254 1258 5308 barbarorum
1290 5254 1549 5310 incursus.
1573 5253 1929 5322 captivitates,

351 5351 534 5412 lames,
581 5347 949 5418 pestilentias?
998 5346 1090 5400 sed
1133 5347 1273 5400 aliud
1303 5345 1564 5414 quoddam
1614 5347 1929 5415 supplicium

349 5440 612 5503 obtendit,
637 5439 781 5508 quod
809 5453 1092 5506 numquam
1119 5437 1245 5506 ipsis
1273 5436 1608 5490 manifestum
1638 5437 1825 5499 fuerat,
1861 5437 1930 5492 ita

352 5535 536 5590 dicens
564 5552 576 5587 :
609 5533 736 5603 Quis
768 5531 1122 5584 demonstrauit
1162 5530 1295 5584 vobis
1323 5534 1494 5599 fugere
1520 5548 1549 5581 α
1586 5540 1790 5583 ventura
1816 5529 1934 5583 ira!

417 5626 475 5683 2.
512 5626 643 5682 iure
684 5633 862 5678 autem
895 5623 1012 5676 illos
1061 5623 1327 5692 genimina
1366 5625 1662 5692 viperarum
1705 5634 1931 5677 vorant.

350 5721 623 5792 Siquidem
657 5720 760 5773 hoc
802 5727 1107 5785 serpentum
1139 5731 1306 5786 genus
1343 5718 1723 5787 parturientem
1755 5733 1811 5772 sc
1848 5735 1928 5781 tn-

1496 284 1560 340 lN
1601 283 2004 339 BlA'l‘TllrEHl
2047 285 2273 346 llOMll..
2319 291 2407 348 XI.

3504 315 3604 370 l‘di

2022 401 2230 470 terficit,
2259 412 2312 459 ct
2342 407 2545 461 viscera
2578 409 2764 466 matris
2790 412 3084 470 col-rodens
3113 416 3308 475 dicitur
3350 423 3400 478 in
3431 427 3602 482 liter-nt

2019 495 2233 562 prodire
2264 515 2277 550 :
2309 498 2360 552 id
2384 500 2523 570 quod
2555 511 2606 555 et
2640 503 2713 556 illi
2741 503 3023 573 faciebant,
3057 508 3264 579 patrum
3291 524 3345 569 et
3372 528 3600 571 mat-vum

2019 589 2413 657 interfectores,
2447 595 2534 659 qui
2561 595 2808 652 doctores
2836 613 2961 654 suos
2995 605 3219 672 propriis
3245 607 3486 661 manibus
3514 627 3602 660 oc.

2016 681 2279 736 cidebant.
2319 683 2424 737 Sed
2456 685 2506 738 in
2531 689 2869 756 correptione
2912 694 3132 760 gradum
3169 711 3271 750 non
3304 698 3462 764 sistit,
3506 702 3600 754 sed

2018 773 2298 828 consilium
2343 775 2524 845 adjicit
2555 779 2649 833 :8.
2699 779 2896 848 Facite,
2942 783 3130 854 inquit,
3181 789 3361 858 dignos
3405 797 3602 862 {ructus

2019 865 2338 931 paenitentia'.
2369 866 2481 920 Non
2519 869 2659 923 enim
2692 876 2822 925 satis
2847 883 2927 927 est
2953 874 3132 944 fugere
3155 880 3350 933 malum
3378 898 3391 945 ;
3433 886 3523 936 Sed
3548 895 3604 938 et

2035 953 2288 1010 virtutem
2350 972 2598 1028 magnam
2657 962 2911 1018 exhibere
2955 977 3182 1034 oportet.
3252 969 3329 1024 Ne
3380 974 3510 1026 mihi
3573 989 3606 1029 e
3653 993 3662 1006 ·

2031 1056 2220 1101 contra
2265 1050 2343 1104 sic
2400 1066 2493 1107 vos
2531 1054 2729 1123 geratis
2773 1065 2831 1109 ttt
2864 1059 3266 1116 vobissolitnm
3297 1074 3434 1129 erat,
3476 1083 3600 1120 eum
3661 1103 3667 1112 -

2032 1137 2243 1192 modico
2272 1156 2367 1194 vos
2399 1151 2640 1212 tempore
2661 1147 3035 1215 reprimentes,
3061 1150 3126 1203 ad
3153 1155 3397 1208 eamdem
3415 1161 3603 1225 nequi-

2031 1230 2156 1283 tiam
2195 1233 2468 1288 redibatis.
2510 1234 2626 1290 Non
2657 1239 2802 1293 enim
2823 1241 2886 1294 ad
2909 1243 3095 1297 eadem
3119 1245 3232 1313 ipsa
3249 1248 3599 1308 venimtts,ad
3656 1251 3670 1313 ζ

2029 1335 2150 1388 qnte
2169 1323 2375 1390 priores
2394 1327 2685 1394 prepbelte.
2720 1328 2936 1384 Diversa
2953 1342 3079 1387 sunt
3097 1337 3380 1403 pra-scotia
3399 1347 3452 1390 et
3472 1352 3600 1390 sun-

2029 1411 2261 1474 limiora,
2282 1434 2315 1486 ιι
2328 1418 2411 1471 nia
2432 1419 2546 1486 ipse
2562 1419 2731 1476 Jndex
2751 1432 2804 1476 et
2819 1423 2930 1493 ipse
2946 1425 3364 1494 regniDominus
3381 1432 3594 1484 advenit

2026 1504 2091 1558 ad
2108 1507 2365 1574 majorem
2387 1510 2661 1565 deducens
2675 1513 3066 1582 philosophiam
3078 1517 3150 1580 ,in
3165 1518 3354 1572 caelum
3375 1534 3594 1582 vei-aus,

2025 1599 2156 1649 etatl
2176 1599 2261 1650 illa
2283 1600 2844 1657 trahenshabitacula.
2882 1607 3002 1657 Ideo
3033 1608 3098 1659 de
3121 1609 3362 1673 geltenna
3389 1627 3596 1661 sermo-

2024 1698 2142 1736 nem
2182 1685 2364 1753 aperio
2393 1703 2406 1738 :
2439 1702 2560 1741 nam
2604 1697 2656 1742 et
2695 1689 2830 1744 bona
2863 1701 2912 1744 et
2947 1693 3081 1745 mala
3114 1704 3311 1748 :rterna
3357 1708 3498 1752 Sunt.
3532 1701 3608 1755 Ne

2024 1771 2200 1840 itaque
2247 1775 2513 1829 iniisdem
2565 1778 2718 1830 malis
2745 1783 3117 1847 perseveretis,
3169 1800 3267 1839 nec
3295 1789 3481 1842 solitos
3521 1792 3607 1844 ob-

2024 1874 2200 1920 tentus
2227 1867 2530 1935 proferatis,
2564 1870 2870 1935 Abrahami,
2905 1871 3088 1938 lsaaci,
3131 1875 3336 1940 Jacobi,
3381 1896 3608 1947 proavo-

2023 1973 2139 2012 rutn
2175 1970 2471 2014 vestrorum
2501 1961 2854 2016 nobilitatem.
2885 1963 3007 2017 llaec
3032 1975 3207 2020 autem
3233 1967 3462 2032 dicebat,
3497 1990 3600 2026 non

2023 2066 2129 2120 quo
2171 2052 2450 2120 impediret
2491 2052 2608 2106 illos
2652 2068 2718 2106 ne
2763 2069 2823 2108 se
2867 2053 3107 2110 dicerent
3151 2074 3215 2111 es
3264 2062 3463 2114 sanctis
3502 2063 3608 2117 illis

2026 2143 2348 2211 progenitos,
2397 2142 2490 2196 sed
2521 2143 2780 2197 cohibens
2811 2145 2931 2198 illos
2959 2161 3026 2200 ne
3066 2145 3189 2202 huic
3223 2149 3409 2216 generi
3451 2155 3610 2205 conli-

2023 2232 2229 2298 dcrent,
2279 2250 2379 2287 neu
2420 2234 2612 2287 anima:
2657 2235 2903 2289 virtutem
2949 2238 3314 2308 negligercnt;
3361 2242 3516 2296 simul
3554 2254 3609 2297 et

2024 2343 2142 2394 qum
2173 2328 2224 2379 itt
2263 2335 2439 2380 mente
2465 2326 2752 2381 versabant
2783 2328 3074 2396 proferens,
3119 2339 3174 2385 et
3202 2331 3374 2386 futura
3407 2337 3606 2403 praedi-

2024 2433 2172 2472 cens.
2207 2419 2334 2472 Nam
2366 2428 2420 2473 et
2446 2429 2630 2488 postea
2663 2419 2926 2490 prodeunt
2955 2421 3193 2477 dicentes
3227 2441 3239 2478 :
3275 2422 3388 2478 Nos
3414 2437 3608 2494 patrem

2025 2508 2266 2562 habemus
2279 2508 2774 2574 :lbraham,etnulli
2783 2513 3087 2566 seruiuimus
3099 2527 3344 2580 umquam
3355 2514 3532 2586 (Joan.
3554 2519 3583 2570 ii
3599 2550 3612 2564 .

2025 2601 2138 2668 33).
2172 2600 2432 2666 Quoniam
2475 2601 2631 2668 igitur
2672 2600 2774 2657 hoc
2819 2613 2934 2654 erat
2964 2606 3104 2670 quod
3138 2605 3257 2659 illos
3285 2607 3514 2661 maxime
3560 2610 3616 2660 in

2026 2689 2379 2759 arrogantiam
2405 2692 2589 2743 extulit
2617 2700 2669 2743 et
2711 2692 2974 2758 perdidit;
3011 2693 3110 2747 hoc
3138 2695 3362 2762 primum
3392 2698 3504 2764 ipse
3531 2713 3587 2750 re
3607 2731 3626 2744 ι

2027 2781 2225 2849 primit.
2260 2779 2388 2833 Vide
2415 2791 2592 2832 autem
2621 2781 2889 2847 quomodo
2928 2791 3046 2849 post
3084 2793 3350 2837 servatum
3383 2785 3610 2854 patriar-

2025 2872 2142 2924 cita:
2163 2869 2397 2926 debitum
2423 2857 2702 2934 honorem,
2733 2871 2831 2926 bos
2863 2883 3044 2941 postea
3071 2876 3360 2931 emendare
3390 2879 3603 2932 nitatur.

2024 2964 2159 3018 Cum
2207 2963 2427 3017 dixisset
2468 2965 2632 3028 enim,
2673 2962 2848 3016 Nolite
2902 2965 3088 3019 dicere.
3129 2965 3335 3019 Patrem
3375 2968 3614 3023 habemus

2026 3054 2302 3119 Abraham,
2333 3069 2436 3106 non
2459 3053 2682 3117 addidit,
2710 3053 2848 3108 Nihil
2876 3056 3017 3109 enim
3044 3071 3136 3110 vos
3163 3059 3357 3126 poterit
3384 3062 3610 3126 patriar-

2025 3147 2124 3201 cba
2147 3145 2368 3216 juvare:
2397 3145 2490 3200 sed
2528 3145 2710 3200 mitius
2738 3156 2793 3201 et
2820 3148 3095 3203 honestius
3138 3149 3239 3204 hoc
3281 3151 3452 3218 ipsum
3483 3154 3614 3205 sub.

2029 3238 2279 3294 indicavit
2317 3237 2538 3293 dicens:
2576 3237 2748 3294 Potest
2777 3239 2909 3293 enim
2943 3239 3072 3294 Deus
3103 3241 3164 3293 de
3207 3241 3461 3308 lapidibus
3505 3245 3615 3295 istis

2029 3333 2274 3387 suscitare
2298 3331 2432 3400 ﬁlios
2464 3331 2695 3386 Abt-alite.
2727 3332 2950 3399 Quidam
2980 3333 3162 3388 dicunt
3189 3334 3238 3385 id
3264 3334 3329 3386 de
3368 3335 3617 3402 gentibus

2026 3423 2152 3488 dici,
2196 3439 2328 3493 quas
2360 3422 2559 3492 lapides
2601 3422 2963 3491 metapltorice
3014 3433 3164 3478 vocat
3203 3441 3346 3494 :ego
3389 3441 3517 3479 vero
3561 3435 3616 3478 et

2027 3517 2183 3571 aliam
2212 3516 2335 3568 dicti
2365 3517 2686 3569 sententiam
2724 3529 2846 3568 esse
2875 3523 3022 3583 puto.
3069 3516 3287 3579 Qualem
3323 3516 3504 3570 Illam?
3540 3516 3617 3568 Ne

2029 3609 2244 3678 putetis,
2277 3608 2464 3676 inquit,
2495 3607 2536 3660 si
2568 3623 2662 3660 vos
2685 3609 2934 3675 pereatis,
2969 3607 3323 3675 pttll‘iﬂrt‘ltztltl
3354 3609 3469 3661 sine
3496 3609 3617 3662 libis

2030 3700 2160 3754 fore.
2190 3698 2303 3753 Non
2344 3701 2432 3761 ita,
2468 3716 2570 3750 non
2602 3699 2668 3757 ita
2695 3698 2872 3766 nti-pte
2901 3715 2985 3752 res
3013 3713 3070 3756 se
3101 3698 3274 3752 habet.
3308 3700 3443 3752 licus
3471 3700 3612 3752 enim

2031 3802 2201 3864 potest
2234 3809 2296 3846 ex
2329 3793 2592 3862 lapidibus
2637 3792 2772 3844 tilios
2805 3792 2900 3859 ipsi
2933 3792 3082 3850 dare,
3127 3802 3176 3845 et
3209 3793 3272 3843 ad
3304 3792 3418 3859 ejus
3448 3809 3616 3857 genus

2028 3894 2502 3954 Cognalto..emqtte
2532 3883 2648 3936 illos
2687 3881 2975 3946 deducere,
3009 3882 3271 3950 siquidem
3303 3883 3402 3934 hoc
3441 3884 3612 3949 ipsum

2029 3993 2057 4030 a
2088 3975 2348 4046 principio
2393 3974 2585 4027 factum
2635 3981 2736 4026 est.
2785 3970 2916 4024 Nam
2956 3987 3021 4023 ex
3066 3970 3326 4037 lapidibus
3375 3970 3618 4026 homines

2034 4068 2145 4120 fieri
2179 4068 2282 4120 tale
2313 4078 2414 4128 est,
2448 4066 2603 4135 quale
2635 4079 2696 4119 ex
2727 4062 2878 4115 vulva
2917 4062 3085 4114 Sterili
3121 4064 3348 4127 puellum
3380 4062 3614 4127 prodire.

2030 4157 2180 4223 Quod
2228 4167 2280 4210 et
2317 4154 2571 4223 propheta
2615 4152 2958 4204 subindicans
2997 4151 3244 4203 dicebat:
3280 4151 3527 4219 lle-picite
3565 4153 3616 4204 in

2031 4247 2246 4304 solidam
2275 4256 2489 4316 petram,
2519 4261 2581 4297 ea:
2607 4259 2707 4312 qua
2728 4241 2881 4296 excisi
2899 4241 3037 4306 estis,
3068 4251 3113 4294 et
3140 4241 3204 4292 ad
3227 4245 3420 4309 foveam
3449 4240 3612 4305 locus,

2033 4355 2094 4393 ex
2133 4356 2232 4408 qua
2274 4336 2446 4404 eifossi
2485 4337 2601 4389 estis
2627 4351 2644 4388 :
2670 4333 2902 4403 reapicite
2941 4334 2992 4384 in
3024 4332 3277 4384 Abraham
3309 4345 3500 4400 putrem
3531 4349 3615 4385 re-

2032 4442 2210 4493 strum,
2239 4445 2283 4484 et
2323 4431 2374 4484 in
2401 4429 2587 4483 Suram
2611 4440 2724 4495 quis
2749 4441 2832 4478 vos
2862 4425 3124 4491 pat'lut'il'il
3150 4421 3297 4491 (Iani.
3337 4424 3424 4478 ΕΙ.
3456 4425 3504 4480 1.
3534 4423 3616 4494 2).

2035 4524 2077 4578 ll
2116 4542 2180 4580 ne
2228 4541 2354 4592 ergw
2398 4530 2541 4592 prup'
2569 4521 2728 4576 etiam
2773 4519 2878 4573 illis
2923 4529 3134 4571 revocat
3181 4519 3230 4572 in
3280 4518 3616 4585 memoriam,

2033 4616 2369 4685 ostenditque
2395 4617 2530 4670 sicut
2558 4630 2587 4667 a
2619 4612 2877 4682 principio
2900 4612 3048 4664 illum
3080 4611 3155 4664 sic
3180 4609 3493 4665 mirabiliter
3520 4627 3616 4680 pa-

2035 4720 2170 4763 trem
2199 4707 2394 4772 elieeit,
2421 4707 2570 4777 qttasi
2616 4722 2683 4760 ex
2717 4703 3002 4775 lapidibus,
3033 4705 3110 4757 sic
3136 4715 3186 4757 et
3218 4718 3358 4758 nunc
3397 4720 3614 4774 quoque

2036 4803 2084 4856 id
2114 4817 2267 4871 posse
2297 4801 2428 4855 lieri.
2462 4800 2566 4855 Sed
2592 4798 2710 4853 vide
2731 4795 3000 4866 quomodo
3027 4805 3080 4850 et
3112 4805 3308 4850 terreat
3328 4805 3382 4849 et
3409 4799 3618 4852 exscin-

2033 4893 2144 4948 dat.
2187 4893 2301 4947 Non
2331 4893 2472 4945 enim
2501 4890 2653 4953 dixit,
2684 4889 2800 4942 .lam
2831 4888 3102 4952 excitavit,
3149 4903 3215 4943 ne
3242 4887 3338 4956 ipsi
3380 4887 3619 4946 animum

2034 4984 2462 5052 desponderent;
2514 4981 2630 5044 sed,
2691 4979 2954 5034 Susciture
2998 4989 3178 5047 potest.
3227 4977 3410 5048 Neque
3461 4979 3616 5040 disit.

2038 5076 2292 5130 llomines
2333 5074 2507 5128 facere
2535 5081 2705 5139 potest
2745 5086 2808 5124 ex
2843 5068 3124 5138 lapidibus,
3166 5069 3258 5124 sed
3285 5071 3424 5140 quod
3455 5073 3624 5125 nmlto

2037 5167 2208 5235 majus
2231 5174 2367 5228 erat,
2391 5174 2443 5218 et
2472 5175 2723 5232 cognatos
2751 5171 2804 5216 et
2832 5162 2968 5216 lilios
2998 5161 3243 5214 Abrahae.
3282 5161 3465 5217 Viden‘
3489 5178 3616 5232 quo-

2037 5258 2196 5313 modo
2227 5257 2345 5312 illos
2374 5256 2599 5310 abduxit
2638 5270 2668 5308 a
2703 5254 2906 5308 carnali
2948 5254 3036 5309 illa
3077 5254 3452 5325 imaginatione
3493 5264 3548 5307 et
3591 5272 3617 5306 a

2039 5349 2284 5420 prtesidio
2327 5362 2668 5416 proavorum,
2714 5357 2772 5400 ut
2804 5346 2855 5399 in
2887 5345 3097 5416 propria
3145 5345 3452 5414 pmniteotia
3485 5354 3618 5398 tem-

2038 5442 2382 5512 perantiaque
2423 5453 2570 5508 Spem
2616 5437 2808 5493 salutis
2835 5436 3132 5491 haberent?
3159 5436 3331 5490 vidcn‘
3351 5435 3613 5504 quomodc

2035 5532 2403 5602 cognationem
2434 5530 2608 5585 carnis
2636 5529 2945 5596 cxcludens,
2977 5527 3098 5583 fidei
3128 5527 3496 5596 cognationem
3537 5527 3613 5583 in-

2037 5624 2254 5686 ducitir

2114 5719 2167 5774 3.
2208 5717 2467 5782 Quantum
2498 5716 2756 5770 vehemens
2778 5713 2840 5766 sit
2871 5709 3144 5777 increpatio
3173 5725 3264 5778 qua
3288 5707 3498 5765 Indicos
3515 5725 3609 5763 ex-
