4054 6210
444 284 551 344 I95

439 402 559 454 citat
587 396 815 453 Joannes
849 390 1103 463 Baptista.
1135 388 1305 444 Timor
1324 388 1394 441 ad
1420 384 1756 457 paniteutiam
1782 382 2026 439 ducit.—

441 490 719 560 Perpende
748 488 929 557 itaque
966 483 1233 555 quomodo
1274 483 1325 534 in
1352 478 1697 550 sequentibus
1727 477 1916 531 borum
1955 476 2024 531 ti-

440 595 646 636 morem
666 588 876 650 augeat,
906 586 962 632 et
986 573 1396 631 sollicitudinem
1422 572 1677 626 intendat.
1701 569 1834 624 Cum
1860 568 2025 624 dixis-

437 681 522 726 set
563 672 726 735 enim,
756 669 928 723 Potest
955 665 1097 722 Deus
1123 681 1185 719 ea:
1209 663 1462 735 lapidibus
1489 663 1598 716 istis
1620 663 1864 716 suscitare
1889 660 2024 729 [ilius

436 766 673 829 Abiu/ue,
699 762 975 833 subjunxit
1005 777 1018 814 :
1058 760 1142 815 10.
1163 756 1285 811 Jam
1324 757 1512 811 securis
1541 756 1610 808 ad
1627 755 1851 808 radicem
1876 756 2023 806 arbo-

435 875 545 910 rum
572 857 735 929 posita
761 863 831 909 est
857 870 876 907 :
900 868 996 923 per
1016 850 1193 905 omnia
1236 848 1529 903 terribilem
1568 860 1870 901 sermonem
1898 844 2021 898 red-

434 950 590 1004 dens.
621 948 753 1003 Nam
797 963 861 1003 ex
893 946 1015 1000 vitae
1058 958 1257 1015 genere
1297 956 1540 1011 magnam
1569 939 1778 995 dicendi
1810 939 2029 994 liberta-

435 1051 539 1095 tem
569 1048 757 1095 nactus
794 1048 945 1101 erat;
978 1036 1055 1097 illi
1086 1051 1212 1089 vero
1242 1033 1548 1089 vehementi
1576 1031 1807 1102 egebant
1850 1030 2026 1085 incre-

433 1133 683 1201 patione,
729 1131 852 1199 quia
904 1143 932 1181 a
983 1125 1152 1181 multo
1183 1126 1293 1195 jam
1349 1134 1587 1194 tempore
1639 1122 2021 1179 obduruerant.

430 1221 566 1288 Quid
597 1222 742 1276 enim
773 1218 912 1282 dico,
938 1218 1126 1288 inquit,
1150 1216 1262 1271 fore
1289 1225 1344 1270 ιιι
1363 1214 1621 1270 excidatis
1649 1228 1678 1267 a
1708 1213 2023 1283 patriarcha:

431 1311 772 1382 cognatione,
813 1318 867 1363 et
892 1309 1026 1363 alios
1055 1307 1279 1362 videatis
1320 1322 1384 1361 ex
1415 1306 1675 1376 lapidibus
1703 1306 1757 1359 in
1787 1315 2020 1360 vestram
2051 1326 2063 1336 -

432 1400 722 1456 succedere
767 1399 1112 1470 dignitatem?
1150 1397 1281 1452 Nam
1325 1413 1429 1451 non
1470 1396 1573 1451 hoc
1620 1405 1823 1451 tantum
1872 1394 2021 1449 vobis

432 1495 536 1549 erit
566 1509 757 1564 parum,
798 1492 895 1547 sed
933 1502 987 1546 et
1025 1492 1247 1545 ulterius
1275 1490 1448 1543 adhuc
1477 1488 1728 1558 procedet
1765 1488 2015 1542 vindicta.

431 1587 553 1640 Jam
587 1587 750 1650 enim,
794 1585 981 1655 inquit,
1010 1584 1199 1637 securis
1236 1583 1303 1635 ad
1328 1582 1551 1635 radicem
1587 1583 1825 1635 arborum
1856 1580 2020 1651 posita

433 1689 525 1733 est.
557 1678 696 1733 Nihil
730 1678 1018 1733 terribilius
1042 1677 1139 1730 bac
1171 1675 1416 1746 loquendi
1455 1675 1640 1745 figura.
1672 1673 1788 1730 Jam
1819 1674 2017 1744 quippe

434 1787 540 1828 non
573 1771 709 1825 ultra
744 1770 935 1824 falcem
974 1768 1263 1830 volantem,
1306 1782 1411 1821 non
1457 1781 1638 1835 sepem
1668 1766 2016 1830 destructam,

438 1881 544 1919 non
572 1863 935 1918 conculcatam
985 1862 1217 1924 vineam,
1260 1874 1482 1913 cernere
1509 1870 1622 1922 est;
1653 1857 1748 1913 sed
1788 1856 2018 1911 securim

430 1958 715 2012 admodum
740 1963 1040 2017 exacutam,
1068 1952 1316 2023 quodque
1337 1952 1568 2021 gravius,
1597 1951 1707 2019 jam
1734 1950 1798 2003 ad
1822 1950 2017 2018 januas

434 2048 682 2118 positam.
729 2046 863 2112 Quia
899 2045 1041 2099 enim
1085 2044 1362 2113 prophetis
1409 2057 1515 2096 non
1542 2041 1843 2107 credentes,
1876 2054 2020 2108 sape

430 2139 679 2193 dicebant
711 2156 725 2191 :
759 2136 856 2191 Ubi
886 2146 958 2189 est
999 2136 1107 2189 dies
1133 2133 1382 2187 Domini?
1424 2143 1498 2198 et,
1538 2132 1710 2186 Veniat
1749 2132 2015 2185 consilium

430 2231 591 2285 sancti
626 2228 806 2293 Israel,
853 2238 909 2282 ut
949 2230 1169 2283 sciamus
1210 2226 1361 2299 (lsai.
1393 2227 1445 2281 5.
1479 2224 1567 2295 I9)
1595 2244 1607 2277 :
1636 2240 1702 2279 eo
1743 2225 1885 2295 quod
1929 2239 2015 2292 ea,

430 2339 550 2393 qua:
574 2322 1021 2393 praedicebantur,
1056 2329 1177 2390 post
1218 2319 1413 2372 multos
1440 2332 1611 2371 annos
1637 2332 1781 2387 smpe
1804 2316 2016 2372 accide-

432 2423 594 2469 rent:
626 2425 686 2469 ut
731 2413 830 2468 bac
887 2412 1007 2466 illos
1059 2410 1427 2466 cousnlalinne
1482 2410 1732 2478 privaret,
1790 2409 2015 2462 vicinam

433 2508 561 2576 ipsis
595 2506 947 2561 calamitatem
1002 2503 1296 2559 constituit.
1350 2501 1482 2556 Illud
1524 2516 1683 2571 porro
1729 2499 2015 2555 declaravit

432 2598 547 2653 hmc
571 2613 694 2663 vox,
724 2596 844 2650 1am
868 2612 887 2660 ;
914 2595 1111 2651 indicat
1137 2596 1283 2654 item,
1312 2594 1452 2663 quod
1482 2593 1589 2660 jam
1621 2591 1823 2645 securis
1851 2589 2014 2644 radici

429 2688 642 2742 admota
684 2689 771 2742 sit.
803 2687 938 2741 Nihil
966 2687 1107 2741 enim
1159 2684 1526 2739 intermedium
1555 2692 1657 2747 est,
1689 2683 1878 2751 inquit,
1922 2681 2016 2737 sed

426 2780 535 2850 jam
567 2780 730 2834 radici
760 2781 940 2834 instat.
973 2778 1087 2832 Non
1113 2777 1265 2843 dixit,
1310 2777 1511 2841 llamis,
1545 2790 1671 2838 non,
1703 2773 2012 2838 Fructibus,

428 2872 547 2939 sed,
577 2872 796 2937 Radiei;
829 2869 1119 2925 ostendens
1146 2869 1307 2939 ipsos,
1350 2868 1395 2923 si
1425 2867 1660 2936 segniter
1699 2872 1878 2935 agant,
1911 2864 2014 2918 im-

430 2964 765 3018 medicabilis
792 2964 929 3015 mala
975 2974 1227 3030 passuros
1256 2974 1398 3024 esse,
1448 2959 1566 3012 sine
1597 2958 1700 3011 ulla
1739 2971 1834 3026 spe
1862 2972 2017 3010 cura-

431 3056 616 3110 tionis.
644 3054 824 3123 Neque
849 3053 990 3107 enim
1020 3067 1206 3105 servus
1231 3062 1311 3104 est
1338 3050 1381 3102 is
1403 3050 1490 3115 qui
1514 3048 1749 3113 advenit,
1782 3058 1838 3102 ut
1869 3049 1902 3101 ii
1925 3051 2013 3118 qui

429 3154 622 3210 antea;
669 3145 763 3201 sed
810 3145 924 3214 ipse
973 3143 1343 3196 universorum
1387 3141 1664 3205 Dominus,
1715 3139 1804 3209 qui
1850 3138 2015 3194 vehe-

431 3249 665 3294 mentem
706 3247 760 3292 et
785 3235 1155 3309 gravissimam
1199 3233 1388 3303 inﬂigit
1413 3232 1719 3286 vindictam.
1766 3234 2014 3287 Attamen

433 3339 709 3397 postquam
752 3328 871 3381 illos
901 3325 1181 3391 exterruit,
1212 3339 1317 3379 non
1343 3324 1472 3379 sinit
1506 3324 1557 3377 in
1583 3322 2013 3392 desperationem

432 3420 703 3484 incidere;
759 3419 852 3474 sed
881 3418 1329 3489 quemadmodum
1361 3433 1521 3488 supra
1567 3434 1672 3472 non
1703 3418 1857 3481 dixit,
1909 3418 2013 3471 Su-

430 3511 663 3577 scitavit,
690 3510 807 3577 sed,
838 3509 1015 3564 Potest
1040 3511 1286 3564 suscitare
1323 3511 1457 3579 ﬁlios
1481 3510 1716 3573 Abralue,
1756 3518 2013 3565 terrorem

430 3602 589 3660 simul
628 3611 681 3660 et
708 3605 1141 3662 consolationem
1172 3602 1463 3659 immittens
1494 3618 1507 3653 :
1536 3602 1615 3655 sic
1657 3611 1711 3655 et
1760 3602 1862 3655 hoc
1898 3601 2015 3655 loco

431 3707 535 3749 non
572 3697 729 3760 dixit,
764 3696 1017 3750 Radicetn
1067 3697 1261 3766 attigit,
1304 3696 1419 3761 sed,
1467 3695 1546 3749 Ad
1587 3692 1807 3749 radicem
1852 3693 2014 3767 posita

430 3796 522 3853 est,
552 3802 644 3841 seu
673 3787 840 3842 radici
868 3788 1079 3842 admota
1106 3799 1220 3852 est;
1252 3798 1306 3842 et
1330 3789 1526 3842 nullam
1555 3787 1670 3843 fore
1704 3788 2012 3843 dilationem

428 3880 682 3935 ostendit.
731 3880 999 3935 Craterum
1050 3880 1150 3934 etsi
1193 3880 1337 3934 illam
1377 3880 1446 3934 ita
1489 3894 1653 3950 prope
1695 3879 2010 3947 admoverit,

426 3972 719 4028 sectionem
749 3972 801 4027 in
834 3981 1013 4027 vestro
1042 3972 1189 4042 ponit
1228 3972 1469 4028 arbitrio.
1501 3972 1630 4027 Nam
1664 3974 1706 4027 si
1734 3983 2013 4028 converta-

426 4064 576 4130 mini,
614 4072 669 4119 et
710 4064 764 4118 in
794 4063 982 4118 melius
1026 4064 1325 4129 mutemini,
1359 4063 1489 4118 nihil
1536 4073 1755 4135 operata
1807 4063 2011 4118 securis

423 4158 818 4222 removebitur;
861 4156 906 4210 si
954 4165 1130 4211 autem
1170 4157 1221 4211 in
1267 4157 1452 4211 iisdem
1498 4157 1691 4213 studiis
1719 4157 2003 4222 maneatis,

422 4250 681 4306 radicitus
709 4250 955 4305 arborem
992 4251 1205 4304 avellet.
1241 4248 1365 4303 Ideo
1392 4250 1597 4305 securis
1641 4266 1741 4306 nec
1767 4266 1796 4304 a
1826 4250 2006 4306 radice

422 4352 722 4407 amovetur,
783 4356 959 4411 neque
985 4351 1131 4396 secat
1175 4341 1411 4405 admota,
1467 4351 1579 4395 tum
1616 4358 1684 4397 ne
1727 4342 2006 4406 decidatis,

422 4442 534 4487 tum
582 4440 640 4486 ut
678 4431 917 4497 discatis,
957 4446 1115 4501 posse
1162 4445 1255 4485 vos
1299 4431 1445 4485 brevi
1493 4440 1732 4499 tempore
1775 4441 2009 4487 mutatos

423 4523 653 4577 salutem
699 4522 977 4591 consequi.
1017 4521 1142 4577 Ideo
1179 4521 1412 4591 undique
1451 4521 1698 4576 timorem
1737 4531 1916 4593 auget,
1952 4533 2009 4577 ut

412 4616 619 4671 excitet
659 4615 804 4684 ipsos
829 4612 1174 4684 inipeilatque
1202 4612 1267 4667 ad
1294 4613 1681 4683 paenitentiam.
1704 4613 1837 4669 Nam
1862 4623 1916 4669 ct
1938 4615 2008 4670 ab

420 4723 641 4763 avorum
672 4707 926 4778 dignitate
967 4706 1236 4771 excidere,
1268 4713 1324 4759 et
1360 4704 1494 4759 alios
1522 4704 1573 4758 iu
1606 4705 1685 4759 sui
1720 4706 1892 4759 locum
1922 4706 2005 4759 in-

421 4802 611 4857 ductos
638 4816 880 4863 eernere,
912 4808 968 4854 et
990 4801 1125 4854 mala
1154 4800 1205 4853 in
1223 4798 1401 4869 januis
1432 4811 1571 4861 esse,
1605 4806 1660 4852 et
1698 4797 2007 4853 intolerabi-

424 4894 490 4944 lia
537 4890 669 4943 mala
722 4891 937 4951 instare,
990 4905 1108 4959 qnze
1149 4901 1371 4960 utraque
1415 4904 1510 4959 per
1550 4888 1781 4943 radicem
1829 4899 1880 4944 et
1910 4904 2006 4959 per

422 4981 649 5035 securim
674 4979 948 5043 iudicavit;
978 4981 1111 5047 bzec,
1144 4982 1379 5051 inquam,
1411 4991 1676 5051 poterant,
1708 4982 1789 5036 vel
1818 4981 2005 5036 admo-

422 5076 550 5128 dum
580 5075 631 5127 in
674 5074 971 5127 socordiam
1018 5075 1196 5143 lapsos
1221 5076 1477 5137 excitare,
1510 5084 1564 5129 et
1589 5075 1850 5130 sollicitos
1878 5075 2002 5131 red-

419 5169 565 5223 dere.
610 5166 719 5220 lloc
745 5166 920 5235 itaque
947 5167 1224 5222 declarans
1248 5168 1459 5232 Paulus,
1488 5168 1699 5224 dicebat
1728 5188 1742 5223 :
1785 5169 2001 5224 Verbum

420 5259 760 5315 abbrevintum
805 5260 954 5329 faciet
999 5259 1248 5314 Dominus
1294 5279 1444 5331 super
1500 5264 1782 5317 universum
1831 5264 1999 5318 orbem

425 5348 597 5416 (Rom.
626 5351 680 5407 9.
708 5350 820 5421 ‘28).
871 5350 977 5405 Sed
1021 5366 1088 5406 ne
1122 5352 1340 5417 timeas;
1384 5354 1493 5407 imo
1522 5356 1696 5423 potius
1741 5357 1867 5410 time
1892 5356 2003 5425 qui-

417 5445 562 5509 dem,
590 5443 683 5499 sed
725 5458 791 5499 ne
817 5443 1091 5513 desperes.
1124 5442 1255 5498 Nam
1299 5443 1474 5498 adhuc
1511 5460 1659 5515 spem
1693 5447 2002 5501 mutationis

421 5538 617 5596 babes:
652 5555 824 5608 neque
852 5539 993 5592 enim
1035 5537 1299 5592 sententia
1345 5538 1394 5591 in
1422 5554 1555 5606 opus
1596 5539 1795 5607 prodit,
1829 5553 2000 5609 neque

419 5630 623 5682 securis
649 5627 713 5681 ad
738 5628 1023 5683 secandum
1056 5628 1218 5682 venit.
1250 5627 1382 5694 Quid
1405 5628 1548 5681 enim
1578 5643 1644 5683 ne
1673 5639 1881 5684 secaret
1909 5629 2001 5684 im-

429 5714 679 5780 pediebat
712 5721 854 5775 illam
900 5721 1061 5777 radici
1105 5721 1417 5777 admotam?
1457 5719 1561 5778 Sed
1604 5730 1661 5778 ut
1709 5732 1762 5777 te
1803 5722 1993 5777 timore

1167 273 1221 332 S.
1266 272 1542 330 JOANNIS
1588 266 2057 328 CllRYSOSTOMl
2103 264 2420 324 ARCIIIEP.
2460 270 2995 330 CONSTANTINOP.

3616 278 3711 333 ιειδ

2140 384 2416 440 meliorem
2456 386 2719 453 redderet,
2750 403 2804 444 et
2823 389 2887 444 ad
2918 387 3194 444 ferendum
3226 386 3456 444 fructum
3487 405 3536 457 at
3560 398 3708 453 taret,

2136 475 2348 531 admota
2380 478 2493 532 fuit.
2534 478 2658 533 ldco
2688 480 2862 534 intulit
2893 498 2905 533 :
2940 479 3116 534 Omnis
3146 484 3299 533 arbor
3324 495 3438 550 qua:
3464 497 3564 533 non
3600 481 3712 548 facit

2137 574 2355 641 fructum
2387 572 2570 624 bonum
2614 573 2892 635 excidetur,
2939 584 2984 627 et
3021 575 3073 626 in
3113 574 3277 644 ignem
3310 574 3557 626 mittetur.
3586 572 3709 627 Cum

2138 677 2297 731 porro
2320 661 2467 726 dicit,
2494 661 2691 728 Omnis,
2716 672 2930 717 amovet
2954 678 3166 719 omnem
3196 663 3491 719 nobilitatis
3516 679 3708 733 pra-ro.

2134 754 2383 823 gativam.
2418 755 2635 809 Etiamsi
2663 754 2804 809 enim
2834 753 3001 823 ipsius
3032 754 3261 808 Abrabze
3290 770 3460 823 nepos
3504 755 3602 817 sis,
3635 756 3708 808 in-

2135 847 2270 917 quit,
2301 848 2509 902 etiamsi
2542 848 2679 901 inter
2704 861 2835 901 avos
2866 847 3062 900 multos
3082 861 3398 900 enumerare
3431 847 3602 914 possis
3626 862 3710 915 pa-

2135 940 2413 1006 triarchas,
2447 941 2642 1011 duplex
2666 941 2983 1011 supplicium
3014 941 3147 1003 lues,
3177 939 3219 993 si
3248 939 3363 993 sine
3394 938 3570 993 fructu
3600 956 3710 992 ιιιιιι-

2134 1048 2283 1087 neas.
2320 1033 2412 1088 llis
2437 1034 2612 1088 verbis
2637 1034 2948 1103 publicanos
2976 1032 3185 1094 terruit,
3220 1031 3445 1086 militum
3478 1032 3708 1085 animum

2133 1128 2438 1190 commovit,
2482 1142 2587 1181 non
2624 1127 2676 1181 itt
2702 1127 3132 1197 desperationem
3163 1125 3478 1193 conjiciens,
3512 1124 3606 1179 sed
3646 1124 3708 1181 ab

2133 1221 2278 1274 oumi
2320 1222 2545 1290 segnitie
2570 1220 2879 1277 detrudens.
2927 1221 3059 1275 Nam
3102 1221 3154 1276 id
3184 1220 3324 1290 quod
3355 1219 3559 1274 dictum
3601 1227 3709 1273 erat

2133 1326 2252 1366 cum
2283 1312 2474 1366 timore
2513 1327 2756 1383 magnam
2783 1313 3091 1383 adjunctam
3122 1313 3352 1367 habebat
3389 1311 3709 1366 consolatio-

2133 1418 2275 1457 nem.
2305 1402 2440 1457 Cum
2468 1403 2604 1457 dixit
2629 1404 2794 1467 enim,
2830 1404 2957 1471 Qua:
2981 1420 3082 1457 non
3102 1404 3223 1473 facit
3254 1406 3477 1475 fructum
3504 1403 3705 1467 bonum,

2132 1493 2365 1549 ostendit
2412 1495 2578 1557 illam,
2619 1510 2738 1564 qua:
2789 1494 3017 1549 fructum
3059 1494 3254 1549 bonum
3310 1495 3530 1565 proh-rt,
3584 1493 3705 1548 nulli

2131 1585 2391 1655 supplicio
2416 1601 2535 1640 esse
2558 1586 2861 1640 obnoxiam.

2201 1677 2255 1731 4.
2283 1677 2642 1745 thuomodo,
2660 1677 2884 1747 inquies,
2904 1675 3128 1731 fruettun
3147 1676 3284 1730 ferre
3304 1676 3617 1746 poterimus,
3636 1676 3704 1730 in-

2130 1777 2303 1822 stante
2314 1768 2570 1829 sectione,
2586 1778 2633 1820 et
2652 1768 2702 1821 in
2719 1777 2821 1820 tam
2835 1776 3057 1837 angusto
3071 1776 3307 1835 tempore
3319 1807 3336 1833 ,
3351 1782 3472 1822 cum
3484 1776 3705 1822 statutus

2132 1861 2390 1915 terminus
2415 1861 2482 1914 sit
2507 1861 2575 1914 ita
2606 1860 2915 1929 prosimus?
2940 1859 3168 1925 Poteris,
3194 1860 3396 1929 inquit;
3431 1875 3537 1914 non
3569 1861 3703 1915 enim

2132 1952 2251 2006 talis
2271 1960 2354 2006 est
2375 1952 2481 2017 ille,
2498 1951 2668 2021 qualis
2683 1952 2931 2006 arborum
2951 1949 3261 2022 fructus,qui
3284 1951 3508 2005 multum
3534 1960 3708 2021 postu-

2131 2042 2203 2096 lat
2219 2052 2445 2111 tempns,
2460 2051 2514 2097 et
2530 2052 2608 2097 est
2625 2042 2749 2097 anni
2767 2042 3167 2111 tempestatibus
3184 2043 3446 2105 subditus,
3467 2058 3530 2096 ac
3546 2042 3703 2096 multa

2129 2141 2249 2201 eget
2262 2133 2597 2201 operatione;
2617 2133 2708 2186 sed
2724 2133 2915 2186 sufﬁcit
2931 2132 3088 2197 velle,
3106 2142 3156 2187 et
3168 2133 3343 2187 statim
3358 2132 3511 2187 ﬂoret
3529 2133 3700 2187 arbor.

2128 2222 2310 2292 Neque
2329 2224 2470 2277 enim
2491 2224 2681 2278 radicis
2703 2233 2887 2278 natura
2913 2234 3135 2289 tantum,
3163 2224 3255 2279 sed
3276 2226 3436 2279 etiam
3459 2239 3548 2278 ars
3566 2226 3701 2294 agri-

2128 2314 2260 2370 cola:
2280 2315 2344 2369 ad
2364 2314 2589 2369 fructum
2611 2316 2884 2371 ferendum
2906 2317 3307 2386 maximejuvat.
3331 2316 3529 2372 Idcirco
3551 2333 3615 2371 ne
3631 2317 3706 2370 di-

2128 2415 2311 2462 cerent
2330 2426 2343 2461 ε
2360 2406 2468 2461 Nos
2489 2409 2689 2475 turbas,
2705 2423 2881 2477 urges,
2901 2409 3063 2478 cogis,
3087 2408 3297 2463 admota
3320 2410 3494 2464 securi
3518 2410 3706 2463 sectio-

2128 2516 2249 2556 nem
2276 2501 2670 2566 comminaudo,
2691 2510 2745 2557 et
2767 2504 2818 2556 in
2843 2502 2958 2571 ipso
2979 2501 3220 2571 supplicii
3247 2512 3487 2572 tempore
3508 2501 3707 2558 fructus

2130 2600 2443 2661 proventum
2468 2592 2670 2662 exigis;
2694 2591 2987 2662 suhjnnxit,
3012 2593 3299 2647 ostendens
3320 2592 3575 2648 aﬂ‘erendi
3600 2593 3705 2647 fru—

2126 2691 2245 2737 ctus
2264 2683 2570 2737 facilitatem
2591 2700 2603 2736 :
2622 2685 2642 2737 1
2660 2684 2707 2737 1.
2730 2682 2839 2754 Ego
2861 2700 2944 2739 vos
2964 2684 3163 2756 baptizo
3185 2686 3237 2737 in
3261 2701 3392 2753 aqua
3407 2701 3425 2738 :
3442 2686 3529 2756 qui
3543 2696 3705 2738 autem

2128 2782 2237 2842 post
2258 2790 2335 2827 me
2353 2776 2502 2837 venit,
2532 2776 2712 2845 fortior
2728 2792 2805 2829 me
2822 2784 2915 2841 est,
2937 2754 3082 2846 cuius
3100 2792 3199 2829 non
3216 2793 3328 2828 sum
3344 2776 3533 2846 dignus
3550 2777 3706 2830 corri—

2125 2866 2262 2937 giam
2288 2866 2609 2919 catceamenti
2633 2868 2841 2921 solvere.
2873 2865 2995 2935 Ipse
3019 2884 3103 2921 vos
3132 2867 3402 2936 baptizabit
3430 2868 3481 2919 in
3513 2865 3707 2936 Spiritu

2125 2967 2298 3010 sancto
2328 2967 2372 3009 et
2397 2959 2450 3010 in
2475 2958 2622 3028 igne:
2643 2958 2726 3012 bis
2754 2958 3031 3013 declarans
3062 2959 3333 3013 voluntate
3359 2958 3514 3013 simul
3537 2968 3589 3013 et
3610 2958 3706 3012 fide

2126 3062 2259 3117 Opus
2280 3064 2421 3115 esse,
2444 3066 2546 3103 non
2566 3051 2833 3105 laboribus
2854 3050 3272 3121 sudoribusque;
3296 3062 3458 3121 atque
3487 3062 3542 3106 ut
3559 3050 3705 3106 facile

2127 3149 2208 3193 est
2228 3140 2501 3210 baptizari,
2522 3142 2589 3194 ita
2612 3141 2764 3196 facile
2788 3158 2905 3196 esse
2926 3143 3160 3195 converti
3187 3152 3239 3196 et
3260 3143 3513 3197 meliores
3529 3142 3703 3197 evade-

2125 3248 2202 3287 re.
2225 3232 2507 3301 Postquam
2527 3234 2685 3302 igitur
2701 3233 2908 3287 illorum
2928 3234 3133 3287 animos
3145 3244 3504 3288 commoverat
3524 3236 3706 3288 timore

2118 3323 2301 3393 judieii
2316 3325 2776 3394 etexspectatione
2789 3324 3053 3393 supplicii,
3074 3326 3276 3380 securis
3294 3328 3531 3390 nomine,
3552 3327 3706 3395 majo-

2126 3433 2241 3471 rum
2280 3417 2590 3483 amissione,
2628 3417 2855 3471 aliorum
2896 3417 3198 3474 induetione
3227 3419 3480 3485 filiorum,
3512 3420 3702 3490 duplici

2123 3508 2405 3577 supplicio,
2428 3508 2685 3563 sectiouis
2713 3520 2766 3564 et
2794 3509 3045 3576 incendii,
3075 3518 3128 3563 et
3152 3520 3333 3578 postea
3368 3510 3559 3564 borum
3588 3528 3701 3562 ()III-

2123 3601 2267 3653 nium
2281 3600 2526 3655 duritiem
2539 3601 2986 3671 asperitatemque
3002 3601 3353 3670 mitigavcratt,
3368 3616 3430 3654 ac
3445 3602 3700 3654 malorum

2122 3689 2450 3763 depulsionis
2461 3691 2778 3747 desiderium
2795 3692 3101 3749 induxerat:
3120 3700 3240 3748 tunc
3254 3691 3469 3748 domum
3483 3692 3703 3747 deCln-i-

2122 3798 2206 3842 sto
2226 3787 2386 3841 verba
2411 3786 2552 3849 facit,
2586 3804 2690 3841 non
2717 3787 3051 3856 simpliciter,
3081 3787 3173 3841 sed
3196 3788 3567 3843 excellentiam
3589 3788 3699 3857 ejus

2121 3880 2412 3943 extollens;
2430 3879 2621 3935 deinde
2639 3891 2891 3949 quantum
2913 3881 3176 3935 intervalli
3192 3892 3335 3936 esset
3353 3883 3491 3937 inter
3508 3898 3567 3938 se
3582 3895 3634 3938 et
3650 3884 3701 3937 il-

2122 3973 2230 4028 lum
2260 3973 2558 4037 declarans,
2586 3989 2653 4027 ne
2681 3974 2955 4029 videretur
2978 3974 3026 4028 id
3061 3974 3125 4028 ad
3154 3976 3379 4044 gratiam
3410 3976 3611 4038 dicere,
3634 3993 3694 4030 ex

2119 4066 2519 4135 comparatione
2540 4065 2801 4119 donorum
2825 4082 2943 4134 quae
2976 4064 3044 4119 ab
3072 4075 3294 4135 utroque
3320 4078 3618 4133 manarent,
3650 4069 3695 4122 id

2121 4156 2342 4227 peragit.
2355 4155 2470 4211 Non
2484 4159 2625 4212 enim
2642 4158 2817 4211 statim
2832 4157 2981 4222 dixit,
2994 4156 3151 4228 Cujus
3163 4174 3261 4211 non
3274 4175 3383 4212 sum
3396 4160 3580 4230 dignus
3591 4177 3701 4213 cor-

2116 4251 2297 4323 rigiam
2323 4250 2646 4305 calceamenti
2669 4252 2877 4316 solvere,
2903 4251 2996 4307 sed
3035 4262 3311 4321 postquam
3343 4253 3589 4321 baptismi
3617 4253 3697 4307 sui

2116 4343 2505 4413 simplicitatem
2539 4343 2733 4412 posuit,
2765 4352 2817 4396 et
2847 4342 3082 4397 ostendit
3117 4343 3264 4397 illum
3294 4343 3426 4397 nihil
3457 4345 3573 4413 plus
3600 4343 3697 4398 ba-

2115 4434 2263 4498 bere,
2282 4449 2439 4503 quam
2461 4433 2602 4503 quod
2625 4433 2691 4487 ad
2716 4434 3077 4502 paenitentiam
3108 4436 3251 4503 ipsos
3270 4434 3558 4489 deduceret
3578 4436 3698 4506 (nc—

2113 4542 2217 4596 que
2246 4527 2387 4579 enim
2414 4525 2567 4587 dixit,
2621 4523 2677 4577 In
2715 4540 2847 4594 aqua
2880 4526 3229 4589 remissionis,
3274 4524 3391 4591 sed,
3425 4526 3698 4580 Pteniten-

2115 4616 2245 4688 tiae),
2275 4615 2470 4671 Christi
2514 4617 2832 4684 baptismum
2876 4616 3025 4685 ponit
3064 4616 3317 4671 ineffabili
3358 4615 3504 4672 dono
3530 4618 3699 4674 refer-

2113 4717 2245 4763 tum.
2286 4708 2384 4773 Nc,
2416 4708 2604 4777 inquit,
2633 4722 2754 4761 cum
2793 4708 2965 4770 audis,
3011 4709 3182 4777 ipsum
3210 4717 3331 4779 post
3371 4724 3460 4764 me
3486 4710 3691 4774 venire,

2112 4801 2258 4855 illum
2286 4800 2574 4869 despicias,
2615 4800 2755 4868 quod
2787 4812 3093 4868 postremus
3122 4801 3328 4854 venerit
3356 4818 3369 4853 :
3400 4801 3550 4856 disce
3586 4803 3693 4857 vim

2110 4894 2235 4949 d0ui
2274 4894 2461 4963 ipsius,
2503 4902 2555 4947 et
2590 4892 2734 4946 clare
2761 4894 2898 4947 scies
2942 4910 3027 4947 nte
3056 4910 3154 4948 nec
3184 4893 3392 4963 dignius
3422 4894 3695 4966 quidpiam

2110 4989 2191 5043 vel
2222 5003 2469 5057 magnum
2501 4987 2810 5057 protulisse,
2843 5002 2962 5039 eum
2993 4986 3124 5049 dixi,
3156 4985 3315 5057 Cujus
3343 5003 3441 5039 non
3470 5004 3585 5040 sun:
3604 4987 3693 5041 di-

2108 5100 2238 5153 gnus
2264 5080 2528 5151 corrigiam
2559 5077 2879 5134 calceamenti
2904 5080 3113 5133 solvere.
3146 5079 3327 5148 Itaque
3354 5092 3476 5133 cum
3504 5082 3693 5135 audie-

2109 5177 2182 5229 ris
2203 5176 2373 5245 ipsmn
2394 5173 2663 5227 fortiorem
2692 5186 2778 5227 me
2798 5186 2938 5236 esse,
2965 5187 3029 5225 ne
3057 5180 3209 5240 putes
3237 5171 3287 5225 id
3312 5186 3399 5225 me
3422 5187 3524 5240 per
3544 5188 3698 5228 com-

2108 5268 2437 5337 parationem
2458 5264 2674 5320 dixisse.
2698 5263 2878 5334 Neque
2900 5266 3039 5317 enim
3062 5263 3255 5333 dignus
3278 5279 3395 5318 sum
3421 5265 3562 5319 inter
3582 5280 3694 5317 ser-

2109 5372 2203 5410 vos
2218 5357 2333 5425 ejus
2354 5354 2672 5425 computari,
2701 5354 2808 5409 imo
2830 5368 2897 5408 ne
2918 5354 3056 5408 inter
3077 5353 3293 5409 ultimos
3314 5368 3501 5409 servos
3521 5368 3695 5425 neque

2109 5448 2387 5502 ministerii
2432 5448 2517 5501 vel
2545 5446 2852 5502 vilissimam
2881 5454 3083 5513 partem
3127 5445 3298 5500 obire.
3331 5446 3694 5514 Quamobrem

2106 5555 2214 5595 non
2245 5539 2557 5609 simpliciter
2577 5538 2729 5604 dixit,
2760 5536 3152 5603 Calceamenta,
3181 5537 3295 5604 sed,
3314 5537 3499 5609 Neque
3523 5536 3696 5594 corri-

2106 5634 2267 5704 giam,
2297 5633 2437 5704 quod
2463 5642 2760 5688 extremum
2788 5632 3026 5686 omnium
3054 5632 3264 5687 videtur
3290 5648 3432 5689 esse.
3467 5632 3689 5698 Deinde,

2108 5739 2175 5781 ne
2205 5733 2358 5797 putes
2382 5725 2495 5780 hac
2528 5740 2624 5797 per
2659 5723 3008 5780 humilitatem
3044 5722 3207 5781 fuisse
3231 5724 3393 5795 dicta,
3430 5740 3498 5782 ex
3527 5724 3688 5782 rebus
