4040 6208
602 240 700 296 1θῖ

597 352 738 409 εἶναι
781 354 848 408 τά
885 352 1182 425 εἰρημένα,
1215 351 1409 420 ἐπάγει
1446 354 1539 405 xal
1589 353 1689 422 τὴν
1716 354 1823 407 ἀπὸ
1858 352 1966 406 τῶν
1996 368 2174 424 πραγ-

600 441 784 509 μάτων
829 438 1100 501 ἀπόδειξιν
1127 452 1140 467 ο
1194 436 1454 502 Ἐκεῖνος
1504 436 1614 508 γάρ
1650 438 1691 469 ⁸⁸
1738 434 1893 505 ὑμᾶς
1918 479 1933 499 ,
1998 435 2134 504 φησὶ
2157 472 2173 497 ,

590 522 880 586 ,ϐαπτίσει
907 520 976 573 ἐν
1008 521 1302 588 Πνεύματι
1327 520 1473 588 ἁγίῳ
1503 519 1601 573 καί
1648 521 1811 586 πυρί.
1848 516 2003 581 Εἶδες
2029 516 2174 585 πόση

592 605 687 658 τοῦ
716 603 1017 657 Βαπτιστοῦ
1039 604 1074 673 ἡ
1114 603 1315 671 σοφίας
1352 603 1524 656 Ὅταν
1567 601 1674 674 γὰρ
1705 602 1864 665 αὐτὸς
1903 599 2172 671 κηρύττῃ,

593 693 659 742 τά
689 688 894 758 φοϐερά
919 687 1099 740 πάντα
1141 687 1318 755 λέγει,
1358 688 1453 739 καὶ
1508 686 1747 754 ἀγωνίαν
1788 684 2130 754 ἐμϐάλλοντα
2157 698 2171 712 ⁸

593 773 720 825 ὅταν
750 772 804 824 δὲ
832 770 967 840 πρὸς
1005 772 1212 823 ἐκεῖνον
1246 770 1461 842 πέμπῃ,
1490 769 1557 821 τά
1584 767 1794 839 χρηστά
1826 768 1917 821 xal
1938 766 2171 835 ἀνακτήο

594 855 787 907 σασθαι
822 855 1002 908 ἱκανά.
1027 854 1101 905 Ού
1122 853 1230 923 γάρ
1253 852 1351 921 τὴν
1394 852 1601 921 ἀξίνην,
1626 852 1746 903 οὐδὲ
1784 851 1845 904 rb
1872 850 2087 920 δένδρον
2111 848 2173 901 rb

592 937 995 1006 ἐκκοπτόμενον
1023 936 1115 989 καὶ
1142 936 1430 1003 καιόμενον
1461 935 1554 986 καὶ
1581 936 1661 996 είς
1692 933 1801 1002 πῦρ
1828 931 2169 1002 βαλλόμενον,

590 1020 712 1075 οὕτε
738 1020 835 1091 τὴν
861 1019 1161 1090 μέλλουσαν
1185 1018 1354 1088 ὀργὴν
1383 1019 1463 1079 εἰς
1503 1016 1663 1087 μέσον
1688 1016 1832 1083 ἄγει,
1855 1014 1969 1070 ἀλλ’
1993 1016 2173 1085 ἀμαρ-

586 1104 848 1173 τημάτων
898 1102 1113 1171 ἄφεσιν,
1148 1101 1244 1153 καὶ
1288 1100 1556 1171 τιμωρίας
1617 1100 1927 1169 ἀναίρεσιν,
1968 1099 2064 1152 xal
2094 1097 2173 1150 δι-

588 1184 912 1255 καιοσύνην,
966 1185 1060 1237 xal
1114 1183 1407 1252 ἀγιασμδν,
1461 1183 1554 1235 καὶ
1614 1180 2027 1252 ἀπολύτρωσιν,
2078 1179 2172 1232 καὶ

518 1258 521 1261 ί
588 1268 879 1330 υἱοθεσίαν,
920 1266 1013 1319 καὶ
1061 1266 1418 1335 ἀδελφότητα,
1456 1266 1549 1316 καὶ
1598 1264 1963 1335 κληρονομίας
1987 1280 2171 1315 κοινω-

585 1351 725 1413 νίαν,
751 1352 844 1404 xal
886 1349 1203 1418 Πνεύματος
1238 1347 1392 1414 ἁγίου
1430 1347 1625 1416 δαψιλῆ
1651 1347 1931 1416 χορηγίαν.
1980 1344 2170 1399 Ταῦτα

585 1435 695 1502 γὰρ
716 1436 892 1487 πάντα
919 1432 1136 1502 ᾐνίξατο
1159 1430 1327 1483 εἰπών
1346 1447 1359 1461 ·
1394 1431 1681 1483 Βαπτίσει
1702 1428 1860 1499 ὑμᾶς
1880 1430 1951 1482 ἐν
1976 1430 2168 1483 Πνεύο

580 1533 722 1583 ματι
751 1516 929 1584 ἀγίῳα
982 1514 1077 1567 καὶ
1124 1514 1261 1582 αὐτῇ
1294 1515 1359 1582 τῇ
1415 1513 1698 1582 μεταφορᾷ
1720 1512 1819 1581 τῆς
1851 1511 2050 1576 λέξεως
2108 1512 2167 1564 rb

582 1599 800 1669 δαψιλὲς
834 1598 933 1667 τῆς
955 1597 1174 1667 χάριτος
1215 1596 1497 1665 ἐμφαίνων
1520 1612 1534 1625 ·
1566 1596 1627 1648 οὐ
1666 1596 1777 1666 γάρ
1810 1591 1932 1648 εἶπε
1953 1635 1967 1661 ,
1995 1595 2166 1647 Δώσει

584 1684 712 1753 ὑμῖν
737 1681 956 1751 Πνεῦμα
991 1680 1164 1747 ἅγιον,
1200 1679 1354 1741 ἀλλά,
1391 1679 1678 1731 Βαπτίσει
1701 1677 1857 1746 ὑμᾶς
1880 1677 1951 1731 ἐν
1981 1678 2167 1730 117815-

580 1782 719 1834 ματι
751 1765 928 1833 ἀγίῳο
974 1764 1069 1815 καὶ
1096 1763 1140 1793 ’⁸
1174 1764 1241 1830 τῇ
1296 1759 1627 1829 ὲπεξηγήσει
1653 1758 1746 1812 τοῦ
1786 1760 1960 1830 πυρὸς
2008 1759 2165 1813 πάλιν

579 1847 642 1901 rb
696 1847 925 1919 σφοδρὸν
979 1847 1074 1897 xal
1116 1842 1419 1898 ἀκάθεκτον
1463 1844 1564 1912 τῆς
1622 1842 1844 1913 χάριτος
1896 1841 2166 1896 ἐνδεικνύ-

628 1946 766 1992 ενος.

584 1948 1034 2076 P5:36:EmuS'qa’ov
1063 2008 1192 2076 γοῦν
1246 2008 1399 2071 τίνας
1437 2008 1582 2072 εἰκὸς
1632 2004 1701 2079 ἦν
1748 2006 1999 2076 γενέσθαι
2037 2006 2165 2070 τοὺς

579 2094 909 2156 ἀκούοντας,
946 2091 1326 2162 λογιζομένους
1371 2092 1452 2145 ὃτι
1495 2091 1640 2145 κατά
1691 2092 1820 2155 τοὺς
1880 2092 2163 2163 προφήτας

579 2179 773 2249 ἀθρόον
802 2177 1036 2238 ἔσονται,
1070 2177 1163 2229 xal
1193 2175 1334 2229 κατά
1361 2176 1405 2207 ¹¹⁵
1433 2176 1559 2239 τοὺς
1588 2175 1858 2244 μεγάλους
1895 2175 2159 2239 ἐκείνους.

580 2262 677 2315 Διά
714 2261 824 2330 γάρ
861 2278 943 2312 τοι
970 2259 1127 2313 τοῦτο
1155 2259 1249 2311 καὶ
1290 2258 1460 2330 πυρὸς
1501 2256 1927 2329 ἐμνημόνευσεν,
1960 2258 2048 2310 ἵνα
2082 2259 2161 2321 είς

577 2346 785 2398 ἔννοιαν
814 2344 1009 2406 αὐτοὺς
1038 2345 1137 2413 τῆς
1170 2343 1388 2411 μνήμης
1422 2342 1645 2395 ἐκείνων
1678 2341 1880 2412 ἀγάγῃ.
1922 2341 2032 2394 Kal
2052 2341 2160 2412 γὰρ

576 2428 698 2481 ὅσαι
726 2426 910 2496 σχεδὸν
957 2426 1139 2488 αὐτοῖς
1172 2424 1325 2493 ὄψεις
1377 2424 1678 2495 ἐφάνησαν,
1714 2425 1771 2477 al
1827 2423 2043 2487 πλείους
2071 2424 2160 2477 διά

578 2509 749 2578 πυρὸς
794 2509 1069 2576 ἐφάνησαν
1097 2526 1109 2538 ·
1151 2508 1292 2561 οὕτω
1332 2506 1410 2577 τῷ
1446 2509 1654 2578 Μωῦσῇ
1698 2506 1943 2577 διελέχθη
1988 2507 2046 2559 ἐν
2088 2511 2155 2579 τῇ

577 2592 723 2661 βάτῳ
748 2592 776 2643 ό
803 2592 965 2653 Θεόςο
1001 2590 1143 2663 οὕτω
1170 2590 1247 2660 τῷ
1275 2590 1432 2660 δήμῳ
1464 2592 1627 2644 παντὶ
1653 2591 1711 2643 ἐν
1746 2590 1825 2659 τῷ
1850 2591 1965 2659 δρει
1992 2591 2120 2643 Σινᾶ
2140 2608 2154 2621 ·

573 2674 714 2729 οὕτω
737 2673 815 2744 τῷ
847 2674 1106 2743 Ἰεζεκιὴλ
1136 2674 1228 2726 ἐπὶ
1259 2674 1365 2726 τῶν
1386 2673 1687 2744 Χερουϐίμ.
1722 2674 1923 2727 Σκόπει
1954 2674 2010 2726 δὲ
2039 2674 2158 2737 πῶς

572 2758 665 2812 xal
704 2756 958 2827 διεγείρει
990 2755 1079 2808 τὸν
1115 2756 1391 2826 ἀκροατὴν
1412 2796 1428 2821 ,
1464 2756 1733 2835 πρότερον
1777 2756 1876 2826 μὲν
1909 2757 1954 2787 ⁸³
1989 2756 2103 2818 θεὶς
2127 2757 2157 2809 δ

573 2840 713 2910 μετά
753 2839 931 2892 πάντα
991 2838 1181 2909 ἔμελλε
1226 2837 1493 2905 γίνεσθαι.
1552 2839 1700 2892 Ἔδει
1732 2838 1843 2909 γὰρ
1880 2841 2156 2909 σφαγῆναι

570 2924 660 2977 rbv
698 2923 915 2994 ’Δμνὺν,
950 2924 1043 2975 καὶ
1076 2922 1177 2991 τὴν
1204 2922 1485 2991 ἀμαρτίαν
1514 2921 1904 2992 ἀφανισθῆναι,
1930 2921 2024 2975 xal
2054 2939 2155 2975 xa-

569 3006 861 3077 ταλυθῆναι
893 3005 993 3075 τὴν
1030 3004 1249 3075 ἔχθραν,
1282 3005 1377 3056 xal
1406 3005 1507 3073 τὴν
1550 3005 1727 3074 ταφὴν
1763 3004 2019 3071 γενέσθᾶι
2062 3004 2156 3057 xal

569 3093 669 3158 τὴν
700 3088 997 3141 ἀνάστασιν
1020 3128 1035 3151 ,
1075 3088 1169 3139 καὶ
1190 3088 1311 3139 τότε
1355 3086 1417 3139 rb
1447 3086 1678 3157 Πνεῦμα
1729 3086 2150 3155 παραγενέσθαι.

580 3172 741 3226 Ἀλλά
761 3172 965 3224 τούτων
1003 3170 1155 3222 οὐδὲν
1196 3168 1345 3237 λέγει
1376 3168 1544 3231 τέωςο
1584 3168 1721 3221 ἀλλά
1752 3168 1967 3239 πρῶτον
1986 3168 2047 3221 rb
2075 3187 2156 3222 τε·

568 3255 814 3307 λευταῖον
837 3292 851 3316 ,
886 3252 983 3305 xal
1014 3252 1081 3304 δι’
1108 3250 1136 3303 ὃ
1169 3251 1345 3304 πάντα
1367 3252 1550 3303 ἐκεῖνα
1592 3252 1833 3319 ἐγίνετο,
1866 3252 1961 3304 xal
1992 3252 2019 3304 δ
2050 3252 2154 3322 μά-

567 3336 723 3389 λιστα
759 3335 941 3389 ίκανδν
984 3330 1052 3403 ἦν
1088 3332 1252 3387 αὑτοῦ
1292 3333 1388 3403 τὴν
1432 3332 1587 3398 ἀξίαν
1625 3334 1883 3405 κηρῦξαι·
1923 3334 1989 3386 ἵν’
2024 3335 2153 3389 ὅταν

568 3420 779 3490 ἀκούσῃ
809 3420 837 3471 ό
871 3416 1022 3490 [155]
1055 3416 1327 3488 ἀκροατὴς
1351 3460 1365 3482 ,
1394 3417 1476 3470 ὅτι
1512 3418 1735 3488 Πνεῦμα
1774 3417 1999 3488 λήψεται
2032 3436 2153 3470 τοσ-

566 3503 755 3563 οῦτον,
793 3500 928 3572 ζητῇ
960 3502 1005 3533 ¹⁶
1060 3500 1192 3570 πρὸς
1232 3500 1462 3562 ἑαυτὸν,
1513 3502 1629 3563 πῶς
1682 3501 1778 3554 καὶ
1814 3503 1919 3554 τίνι
1965 3502 2153 3573 τρόπῳ

564 3586 721 3639 τοῦτο
744 3584 917 3648 ἐσται,
943 3584 1038 3654 τῆς
1069 3584 1345 3653 ἁμαρτίας
1381 3584 1523 3636 οὓτω
1546 3584 1853 3654 κρατούσης
1876 3601 1890 3613 ⁸
1931 3585 2019 3638 ἵνα
2059 3584 2151 3638 λα-

566 3668 675 3741 βὼν
701 3668 862 3721 αὑτὸν
894 3667 1403 3738 μεμεριμνημένον,
1433 3667 1527 3720 xal
1560 3668 1983 3738 ὲμπαράσκευον
2016 3670 2151 3739 πρὸς

564 3754 665 3823 τὴν
720 3752 1019 3821 ἀκρόασιν,
1083 3749 1225 3803 οὕτω
1283 3750 1373 3802 τὸν
1436 3751 1564 3819 περὶ
1608 3750 1703 3803 τοῦ
1772 3752 1973 3818 πάθους
2035 3756 2148 3806 είσ-

562 3835 746 3907 αγάγῃ
793 3834 969 3901 λόγον,
1027 3832 1255 3903 μηδενὸς
1304 3832 1491 3886 λοιπὸν
1542 3834 2031 3905 σκανδαλιζομένου
2080 3840 2145 3912 τῇ

562 3916 858 3988 προσδοκίᾳ.
901 3917 1001 3986 τῆς
1055 3915 1311 3987 τοιαύτης
1362 3916 1588 3986 δωρεᾶς.
1653 3919 1745 3981 Διὸ
1805 3919 1979 3972 πάλιν
2019 3919 2150 3974 ἐϐόα

561 3999 733 4067 λέγων
754 4012 772 4031 ο
801 4000 921 4053 Ἴδε
951 4002 983 4052 ό
1013 3999 1228 4068 Ἀμνός
1252 3998 1358 4052 τοῦ
1380 3998 1550 4059 Θεοῦ,
1574 4003 1607 4054 ὀ
1628 4002 1811 4067 αἴρων
1829 4000 1944 4069 τὴν
1959 4002 2145 4070 ἀμαρ-

561 4083 695 4136 τίαν
718 4082 824 4136 τοῦ
845 4084 1099 4151 κόσμου.
1143 4084 1256 4134 Οὐκ
1289 4077 1465 4146 εἶπεν,
1509 4083 1567 4135 '0
1592 4084 1770 4152 ἀφεὶς,
1814 4084 1929 4138 ἀλλ’
1962 4085 1990 4137 δ
2030 4085 2146 4156 μεί-

563 4166 716 4229 ζονος
735 4160 802 4234 ἦν
836 4164 1179 4233 κηδεμονίας,
1232 4165 1294 4217 '0
1335 4164 1538 4232 αἴρων.
1586 4167 1659 4219 Οὺ
1697 4166 1803 4239 γάρ
1846 4168 1994 4221 ἐστιν
2031 4166 2146 4221 ἴσον

561 4250 781 4315 ἀφεῖναι
811 4246 1016 4308 ἁπλῶς,
1050 4248 1143 4299 xal
1171 4247 1334 4300 αὐτὸν
1364 4249 1403 4278 ¹⁹
1434 4248 1742 4301 ἀναλαϐεῖν.
1794 4250 1866 4302 Tb
1899 4250 1998 4319 μὲν
2036 4251 2147 4320 γάρ

560 4330 619 4395 ἐξ
647 4328 929 4381 ἀκινδύνου
960 4328 1188 4393 ἐγίνετο,
1219 4328 1279 4381 rb
1303 4329 1359 4381 δέ
1386 4331 1521 4398 μετά
1556 4330 1808 4385 θανάτου.
1846 4334 1954 4385 Καὶ
1987 4333 2146 4386 πάλιν

559 4411 767 4477 ἔλεγεν,
810 4410 892 4461 δτι
941 4409 1068 4471 Υἱὸς
1113 4409 1206 4461 τοῦ
1256 4410 1392 4462 Θεοῦ
1438 4413 1604 4464 ἐστιν.
1651 4413 1788 4465 Ἀλλ’
1820 4415 1939 4466 οὐδὲ
1991 4416 2147 4468 τοῦτο

558 4492 763 4564 τρανὴν
816 4494 926 4555 τοῖς
956 4490 1212 4544 ἀκούουσι
1243 4492 1339 4562 τὴν
1383 4492 1541 4558 ἀξίαν
1581 4494 1788 4563 ἐδήλου.
1845 4496 1981 4549 Οὐδὲ
2037 4498 2145 4569 γάρ

556 4576 753 4646 ᾔδεσαν
780 4574 990 4628 οὐδέπω
1027 4575 1248 4643 γνήσιον
1285 4574 1447 4627 αὑτὸν
1483 4576 1682 4629 ἐννοεῖν
1734 4577 1894 4630 Υίόν·
1944 4579 2054 4631 ἀπὸ
2085 4580 2143 4632 δέ

556 4660 655 4728 τῆς
689 4656 958 4727 τοσαύτης
1008 4655 1102 4710 τοῦ
1137 4657 1455 4728 Πνεύματος
1502 4658 1701 4722 δόσεως
1742 4661 1967 4713 κάκεῖνο
2014 4679 2137 4715 συν-

560 4741 741 4792 ίστατο
790 4742 852 4793 ¹⁸.
890 4740 988 4792 Διὰ
1028 4739 1093 4809 δὴ
1131 4739 1290 4792 τοῦτο
1331 4741 1423 4793 xal
1474 4742 1503 4794 ό
1537 4742 1728 4812 Πατὴρ
1779 4742 2012 4811 πέμπων
2051 4744 2142 4797 τὸν

570 4822 840 4888 Ἰωάννην,
862 4821 1021 4875 τοῦτο
1048 4822 1196 4893 αὐτῴ
1223 4823 1422 4893 δεῖγμα
1460 4822 1676 4894 πρῶτον
1709 4824 1806 4893 τῆς
1833 4824 1928 4878 τοῦ
1959 4845 2139 4897 παρα-

557 4904 845 4970 γενομένου
875 4905 916 4935 ”
941 4904 1168 4957 δέδωκεν
1192 4905 1368 4970 ἀξίας,
1396 4905 1563 4959 εἰπών
1586 4922 1599 4935 ο
1645 4906 1769 4975 Ἐφ’
1802 4908 1874 4960 ὃν
1898 4908 1975 4962 ἂν
2007 4910 2142 4975 ιδῃς

556 4986 623 5038 τὸ
653 4985 893 5054 Πνεῦμα
932 4988 1292 5040 καταϐαῖνον
1322 4988 1417 5041 καὶ
1442 4988 1649 5057 μένον,
1685 4986 1864 5055 οὗτός
1908 4992 2078 5045 ἐστιν
2110 4995 2143 5045 ό

552 5068 854 5133 βαπτίζων
888 5069 958 5120 ἐν
994 5071 1287 5137 Πνεύματι
1314 5072 1478 5141 ἁγίῳ.
1507 5072 1598 5125 Διὸ
1622 5075 1713 5126 καὶ
1746 5074 1907 5138 αὑτός
1938 5092 2103 5145 φησιν
2126 5093 2140 5107 ·

570 5150 715 5219 Ἐγὼ
733 5149 961 5217 ἑώρακα
993 5150 1089 5203 καὶ
1118 5156 1558 5222 μεμαρτύρηκα,
1590 5156 1679 5209 ὅτι
1708 5154 1885 5223 οὗτός
1912 5159 2082 5211 ἐστιν
2109 5162 2142 5211 ό

556 5236 690 5300 Υἱὸς
714 5234 820 5287 τοῦ
842 5234 1009 5289 Θεοῦ·
1039 5235 1112 5297 ὼς
1139 5236 1247 5288 ἀπὸ
1268 5236 1456 5290 τούτου
1477 5240 1730 5291 κάκείνου
1754 5240 1938 5295 λοιπὸν
1955 5241 2140 5311 σαφῶς

598 5361 639 5389 ¹¹
664 5358 895 5436 γάρ’(ξῃι.
926 5356 1085 5436 A.__|3-._
1105 5358 1235 5436 φησί
1254 5374 1361 5436 ρηι.
1388 5360 1453 5436 DA
1476 5360 1646 5436 E._Fz_
1671 5362 1712 5391 ’³
1738 5362 1952 5436 καίοιιὶ.

2260 5365 2337 5417 cal
2366 5362 2510 5436 κατά
2529 5378 2641 5436 ολιιι.
2665 5363 2732 5417 Α.
2750 5362 2808 5436 Β.
2827 5365 2925 5436 οε.
2965 5366 3008 5436 ξ’
3032 5367 3130 5436 μέν
3151 5383 3261 5421 om.
3287 5369 3351 5421 A.
3389 5368 3449 5425 Β.
3485 5367 3545 5422 F.

1280 233 1337 291 S.
1368 235 1651 293 JOANNIS
1683 234 2173 294 CHRYSOSTOMI
2212 236 2533 297 ARCHIEP.
2557 240 3104 300 CONSTANTINOP.

3759 246 3854 302 £98

2282 357 2693 427 συνισταμένου.
2740 351 2898 417 Εἶτα,
2956 355 3146 426 ἐπειδὴ
3209 355 3278 409 τά
3319 355 3534 427 χρηστά
3568 350 3713 422 εἶπε,
3766 362 3858 414 xal

2277 436 2446 506 ἀνῆκε
2470 439 2559 490 τὸν
2587 439 2860 509 ἀκροατὴν
2892 439 2986 491 καὶ
3020 438 3274 508 ἐχάλασε,
3320 440 3484 492 πάλιν
3522 440 3857 510 ἐπισφίγγει,

2277 518 2419 571 ὥστε
2448 521 2522 591 μὴ
2544 521 2795 588 γενέσθαι
2824 521 3087 593 ῥᾴθυμον.
3116 519 3370 574 Τοιοῦτον
3400 522 3511 591 γάρ
3538 522 3601 574 τὸ
3621 523 3775 589 γένος
3800 524 3860 576 rb

2290 602 2575 656 Ἰουδαϊκόν
2591 619 2604 633 ⁶
2634 603 2739 657 ὑπὸ
2766 604 2874 656 τῶν
2903 602 3156 674 χρηστῶν
3178 602 3503 672 ἐχαυνοῦντο
3524 605 3744 676 ῥᾳδίως,
3769 608 3860 659 καὶ

2275 683 2491 755 χείρους
2537 685 2793 752 ἐγίνοντο.
2842 686 3043 757 Διόπερ
3076 684 3238 738 πάλιν
3280 687 3475 753 ἐπάγει
3516 687 3587 738 τά
3635 687 3855 758 φοϐερὰ,

2275 767 2447 834 λέγων
2472 782 2488 797 ’
2522 764 2605 823 Οὗ
2636 768 2701 821 τὸ
2721 768 2913 821 πτύον
2939 769 3010 821 ἐν
3036 767 3111 835 τῇ
3138 769 3287 837 χειρὶ
3323 769 3530 822 αὑτοῦ.
3584 771 3860 841 ’Ᾱνωτέρω

2278 849 2376 919 μὲν
2398 850 2504 919 γὰρ
2536 851 2636 923 τὴν
2669 850 2887 904 κόλασιν
2913 845 3065 903 εἶπεν
3086 866 3100 880 ·
3137 850 3371 904 ἐνταῦθα
3402 852 3459 904 δέ
3499 852 3592 905 καὶ
3623 853 3713 904 τὸν
3743 871 3859 924 κρι-

2273 932 2373 1004 τὴν
2411 932 2675 997 δείκνυσι,
2719 933 2814 987 καὶ
2854 933 2957 1003 τὴν
3007 934 3279 1006 τιμωρίαν
3315 934 3582 988 ἀθάνατον
3618 938 3855 1005 είσάγει’

2272 1016 2647 1069 Κατακαύσει
2676 1016 2805 1087 γὰρ,
2833 1016 2988 1085 φησὶ,
3022 1017 3089 1069 τὸ
3113 1016 3344 1085 ἄχυρον
3375 1018 3516 1086 πυρὶ
3561 1018 3855 1082 ἀσϐέστῳ.

2285 1097 2447 1167 Ὁρᾷς
2470 1098 2632 1151 αὑτὸν
2663 1099 2753 1152 τὸν
2780 1099 2890 1153 τῶν
2918 1100 3264 1170 πραγμάτων
3298 1100 3523 1171 Κύριον,
3555 1104 3651 1155 xal
3694 1103 3856 1155 αὑτὸν

2270 1181 2399 1233 ὄντα
2423 1182 2517 1234 τὸν
2541 1183 2588 1213 ⁸⁸
2609 1184 2877 1255 γεωργὸν,
2894 1183 2997 1237 κᾶν
3025 1183 3116 1237 τὸν
3141 1185 3359 1256 Πατέρα
3381 1186 3613 1256 ἀλλαχοῦ
3634 1187 3853 1241 ταύτδ⁸⁸

2270 1263 2404 1336 λέγῃ
2423 1281 2437 1295 ο
2483 1264 2537 1316 '0
2561 1266 2765 1333 Πατήρ
2788 1284 2911 1334 μου
2938 1265 3067 1335 γὰρ,
3104 1267 3291 1335 φησὶν,
3322 1270 3354 1321 ό
3384 1270 3638 1337 γεωργός
3666 1270 3851 1327 ἐστιν.

2284 1345 2501 1417 Ἐπειδὴ
2521 1348 2629 1418 γάρ
2660 1348 2705 1378 ²¹
2730 1342 2902 1411 εἶπεν,
2950 1348 3177 1414 Ἀξίνη,
3213 1350 3299 1402 Eva
3334 1350 3409 1421 μὴ
3437 1352 3665 1422 νομίσῃς
3692 1354 3853 1406 πόνου

2269 1425 2471 1480 δεῖσθαι
2494 1429 2554 1481 τὸ
2580 1431 2832 1500 πρᾶγμα,
2868 1430 2964 1483 xal
2985 1432 3358 1500 δυσδιάκριτον
3388 1428 3547 1497 εἶναι,
3576 1434 3635 1498 ἐξ
3668 1435 3852 1506 ἐτέρου

2272 1511 2713 1581 παραδείγματος
2747 1512 2792 1544 ’³
2817 1514 2912 1566 καὶ
2943 1512 3040 1585 τὴν
3066 1514 3317 1569 εὐκολίαν
3366 1516 3597 1584 είσάγει,
3641 1518 3851 1581 δεικνὺς

2270 1594 2447 1646 πάντα
2480 1595 2644 1647 αὑτοῦ
2691 1594 2781 1648 τὸν
2814 1597 3016 1665 κόσμον
3057 1598 3221 1651 δντα·
3273 1599 3334 1651 οὐ
3376 1599 3485 1670 γὰρ
3524 1599 3591 1653 ἂν
3620 1602 3746 1664 τοὺς
3780 1601 3851 1673 μὴ

2268 1676 2463 1729 ἐαυτοῦ
2492 1678 2737 1732 ἐκόλασε.
2779 1678 2896 1731 Νῦν
2944 1680 3045 1747 μὲν
3088 1677 3181 1734 οὖν
3220 1683 3397 1735 πάντα
3443 1683 3848 1753 ἀναμέμικται*

2266 1758 2369 1811 κᾶν
2390 1759 2499 1829 γάρ
2527 1761 2783 1830 φαίνηται
2813 1760 3131 1831 διαλάμπων
3158 1765 3187 1815 ό
3210 1766 3376 1828 σῖτος,
3404 1764 3518 1818 ἀλλ’
3543 1766 3691 1835 ὅμως
3718 1768 3851 1836 μετά

2264 1841 2373 1893 τῶν
2420 1840 2637 1912 ἀχύρων
2669 1844 2863 1905 κεῖται,
2894 1844 2971 1906 ὼς
3009 1845 3068 1897 ἐν
3115 1845 3303 1907 ἀλωνι,
3352 1847 3451 1916 οὐχ
3498 1846 3572 1910 ὡς
3623 1848 3681 1900 ἐν
3714 1850 3849 1901 ἀπο-

2266 1924 2409 1995 θήκῃ
2431 1942 2444 1956 ·
2475 1925 2597 2007 τότε
2620 1924 2676 1976 δὲ
2704 1926 2872 1996 πολλὴ
2894 1927 3047 1980 ἐσται
3074 1929 3107 1997 ἠ
3141 1927 3435 2000 διάκρισις.
3462 1930 3574 2007 Ποῦ
3597 1929 3693 1983 νῦν
3716 1934 3851 1985 είσιν

2264 2007 2314 2057 οί
2354 2007 2421 2075 τῇ
2475 2006 2665 2077 γεέννῃ
2704 2008 3145 2073 διαπιστοῦντες;
3191 2012 3306 2064 Kal
3338 2011 3447 2081 γὰρ
3476 2006 3570 2065 δύο
3611 2012 3847 2077 τέθεικε,

2262 2088 2359 2141 xal
2382 2088 2464 2141 δτι
2495 2088 2748 2158 βαπτίσει
2772 2092 3047 2161 Πνεύματι
3087 2092 3248 2161 ἀγίῳ,
3279 2094 3376 2146 xal
3401 2095 3481 2147 ὅτι
3514 2097 3850 2149 κατακαύσει

2259 2171 2387 2235 τοὺς
2433 2172 2786 2237 ἀπειθοῦντας
2828 2176 2894 2229 ’⁸.
2933 2176 2994 2228 Εἰ
3047 2176 3227 2229 τοίνυν
3268 2177 3443 2229 ἐκεῖνο
3482 2178 3695 2242 πιστὸν,
3758 2180 3849 2232 καὶ

2256 2252 2418 2309 τοῦτο
2442 2256 2678 2319 πάντως.
2734 2255 2834 2309 Διά
2862 2256 2970 2327 γὰρ
3001 2258 3162 2311 τοῦτο
3200 2258 3396 2330 ἐφεξῆς
3426 2260 3525 2323 τὰς
3551 2260 3643 2313 δύο
3674 2265 3848 2334 προρ-

2262 2336 2449 2406 ρήσεις
2479 2337 2743 2398 τέθεικεν,
2774 2340 2860 2392 ἵνα
2895 2340 3002 2392 ἀπὸ
3040 2342 3137 2411 τῆς
3166 2341 3267 2412 ήδη
3304 2343 3603 2413 γενομένης
3629 2346 3723 2397 καὶ
3754 2346 3850 2416 τὴν

2263 2419 2487 2487 μηδέπω
2518 2422 2801 2490 συμϐᾶσαν
2836 2421 3196 2494 πιστώσηται.
3236 2425 3346 2477 Kal
3378 2425 3488 2497 γὰρ
3517 2429 3614 2481 καὶ
3643 2427 3672 2479 δ
3712 2429 3846 2499 Χρι-

2262 2502 2384 2564 στὸς
2425 2502 2693 2575 πολλαχοῦ
2740 2506 2899 2559 τοῦτο
2940 2510 3101 2570 ποιεῖ,
3154 2508 3413 2573 πολλάκις
3466 2511 3565 2581 μὲν
3599 2513 3694 2565 ἐπὶ
3743 2512 3848 2566 τῶν

2258 2586 2437 2639 αὐτῶν
2461 2591 2798 2658 πραγμάτων
2826 2590 2997 2663 [156],
3031 2592 3291 2656 πολλάκις
3328 2594 3385 2645 δέ
3423 2595 3514 2646 ἐπὶ
3552 2595 3665 2647 τῶν
3694 2599 3848 2650 ἐναν-

2254 2669 2407 2731 τίων,
2450 2670 2547 2723 δύο
2581 2673 2749 2736 τιθεὶς
2788 2676 3146 2745 προφητείας,
3198 2678 3291 2730 xal
3342 2678 3441 2749 τὴν
3474 2678 3575 2748 μὲν
3611 2678 3845 2732 ἐνταῦθα

2258 2755 2651 2823 παρεχόμενος,
2681 2756 2779 2824 τὴν
2810 2757 2867 2809 δὲ
2892 2760 2951 2811 ἐν
2990 2760 3071 2829 τῷ
3104 2759 3351 2829 μέλλοντι
3384 2762 3839 2833 ὑπισχνούμενος·

2257 2836 2344 2889 ἵνα
2374 2836 2482 2890 ἀπὸ
2508 2840 2607 2908 τῆς
2637 2838 2736 2909 ἥδη
2768 2842 3066 2912 γενομένης
3100 2844 3193 2896 xal
3222 2845 3290 2913 τῇ
3319 2844 3544 2913 μηδέπω
3577 2847 3846 2917 γενομένῃ

2257 2918 2620 2972 πιστεύσωσιν
2642 2922 2691 2973 οί
2717 2922 3159 2995 φιλονεικότεροι,
3186 2926 3297 2979 Kal
3321 2926 3435 2997 γάρ
3458 2930 3569 2989 τοῖς
3591 2927 3658 2980 δι’
3685 2930 3847 2982 αὑτὸν

2255 3002 2643 3073 ἀποδυομένοις
2686 3006 2754 3057 τὰ
2790 3007 2918 3059 δντα
2958 3010 3131 3062 πάντα
3177 3009 3712 3064 ἑκατονταπλασίονα
3749 3014 3844 3064 ὺπ-

2256 3085 2444 3155 έσχετο
2481 3086 2673 3140 δώσειν
2698 3090 2755 3140 ἐν
2776 3088 2852 3159 τῷ
2888 3090 3113 3160 παρόντι
3145 3091 3265 3162 βίῳ,
3317 3093 3411 3145 xal
3444 3092 3588 3163 ζωὴν
3622 3094 3842 3147 αίώνιυν

2255 3167 2312 3218 ἐν
2339 3167 2417 3237 τῷ
2444 3169 2708 3238 μέλλοντι.
2751 3171 2859 3223 ἀπὸ
2896 3173 3005 3224 τῶν
3040 3174 3138 3244 ἤδη
3175 3174 3437 3228 δοθέντων
3478 3176 3571 3227 xal
3610 3176 3683 3229 τὰ
3721 3176 3845 3247 μέλ-

2254 3250 2409 3304 λοντα
2434 3252 2717 3318 ἀξιόπιστα
2738 3254 3017 3319 καθιστάς.
3050 3258 3113 3310 Ὃ
3129 3257 3191 3328 δὴ
3215 3258 3309 3310 καὶ
3342 3258 3593 3328 Ἰωάννης
3610 3260 3843 3314 ἐνταῦθα

2255 3335 2518 3402 πεποίηκε
2562 3336 2654 3389 δύο
2712 3338 2845 3402 θεὶς.
2892 3339 2973 3391 ὅτι
3014 3340 3118 3393 καὶ
3150 3342 3196 3371 ’⁵
3255 3341 3508 3409 βαπτίσει
3557 3344 3842 3414 Πνεύματι

2252 3416 2394 3487 ἁγίῳ
2421 3419 2485 3482 ⁸⁸,
2525 3422 2617 3472 καὶ
2644 3421 2979 3475 κατακαύσει
3016 3425 3147 3493 πυρί⁵
3174 3424 3441 3495 ἀσϐέστῳ.

2325 3508 2398 3566 ς’.
2424 3503 2483 3555 Et
2507 3503 2685 3556 τοίνυν
2712 3506 2785 3572 μὴ
2809 3506 3065 3558 ἐϐάπτισε
3088 3508 3363 3577 Πνεύματι
3394 3509 3439 3540 ³⁷
3460 3510 3589 3573 τοὺς
3606 3510 3845 3566 ἀποστό-

2238 3585 2374 3648 ,λους
2408 3587 2501 3638 καὶ
2525 3588 2729 3649 πάντας
2759 3589 2880 3641 καθ’
2910 3591 3145 3660 ἑκάστην
3177 3592 3391 3663 ἡμέραν
3424 3595 3549 3657 τοὺς
3578 3595 3842 3667 βουλομέ·

2250 3685 2394 3732 νους,
2425 3669 2569 3739 ἔχοις
2605 3671 2670 3724 ἀν
2720 3673 2813 3724 xal
2856 3674 2984 3743 περὶ
3012 3674 3235 3729 ἐκείνων
3278 3676 3674 3746 ἀμφιϐάλλειν’
3711 3683 3761 3734 εί
3786 3682 3843 3735 δὲ

2250 3751 2310 3803 τὸ
2340 3752 2525 3822 μεῖζον
2554 3756 2645 3807 xal
2672 3755 3075 3827 δυσκολώτερον
3109 3753 3247 3812 εἶναι
3275 3759 3485 3824 δοκοῦν,
3532 3762 3629 3816 καὶ
3661 3766 3843 3819 πάντα

2250 3834 2579 3906 ὑπερϐαῖνον
2606 3838 2782 3907 λόγον,
2812 3841 2904 3893 καὶ
2937 3842 3127 3909 γέγονε
3158 3844 3252 3896 xal
3277 3844 3399 3897 καθ’
3429 3844 3676 3918 ἑκάστην
3701 3850 3842 3917 γίνε-

2247 3934 2357 3983 ται,
2394 3920 2509 3999 πῶς
2549 3920 2609 3971 τὸ
2656 3922 2875 3975 εὔκολον
2925 3925 3018 3976 καὶ
3064 3926 3203 3980 κατά
3242 3926 3397 3995 λόγον
3440 3929 3734 3999 γινόμενον
3780 3934 3840 3986 οὔ

2249 4002 2355 4071 φῂς
2384 3996 2524 4054 εἶναι
2554 4001 2751 4073 ἀληθές
2771 4045 2789 4071 ,
2847 4004 3059 4077 Ἐπειδὴ
3082 4007 3190 4076 γὰρ
3224 4010 3271 4040 ’⁸
3298 3996 3470 4076 εῐπεν,
3500 3996 3581 4065 ὅτι
3608 4015 3840 4067 Bauti-

2245 4103 2341 4140 σει
2382 4088 2452 4140 ἐν
2481 4088 2781 4156 Πνεύματι
2810 4089 2956 4156 ἁγιῳ
2999 4086 3100 4142 καί
3129 4087 3273 4155 πυρί
3300 4128 3315 4152 ,
3352 4088 3448 4140 xal
3488 4090 3711 4158 μεγάλα
3750 4094 3835 4144 ἐν·

2248 4166 2438 4220 τεῦθεν
2454 4170 2497 4199 ’⁸
2520 4168 2789 4237 ὑπέσχετο
2818 4167 3021 4235 ἀγαθὰ,
3046 4169 3132 4220 ἴνα
3160 4168 3234 4237 μὴ
3256 4168 3535 4239 ἀναπέσῃς
3556 4170 3673 4225 τῶν
3697 4189 3832 4241 προ-

2245 4248 2422 4315 τέρων
2456 4250 2711 4301 ἁπάντων
2743 4249 2969 4316 ἀφεθεὶς
2989 4292 3005 4314 ,
3039 4249 3289 4316 ἐπήγαγε
3314 4247 3374 4300 τὸ
3402 4248 3574 4301 πτύον
3606 4252 3710 4305 καὶ
3731 4250 3829 4320 τὴν

2246 4325 2332 4377 διὰ
2360 4328 2549 4381 τούτου
2585 4328 2766 4396 κρίσιν
2804 4328 3236 4397 ἐμφαινομένην.
3292 4329 3382 4397 Μὴ
3417 4330 3526 4399 γὰρ
3564 4330 3629 4402 δὴ
3670 4335 3831 4401 νομί-

2247 4420 2400 4471 σητε,
2416 4407 2603 4472 φησὶν,
2616 4410 2806 4476 ἀρκεῖν
2819 4412 2878 4461 τὸ
2895 4410 3198 4479 βάπτισμα,
3213 4410 3261 4461 εί
3280 4409 3476 4477 φαῦλοι
3491 4416 3634 4481 μετὰ
3654 4417 3831 4467 ταῦτα

2249 4500 2493 4567 γένοισθε
2522 4516 2535 4530 ·
2563 4501 2645 4553 δεῖ
2666 4501 2775 4571 γὰρ
2814 4503 2943 4571 ἡμῖν
2976 4503 3071 4555 xal
3113 4504 3314 4575 ἀρετῆς
3352 4504 3446 4557 xal
3487 4506 3699 4578 πολλῆς
3737 4509 3839 4578 τῆς

2250 4581 2583 4647 φιλοσοφίας.
2645 4583 2742 4635 Διά
2805 4584 2961 4636 τοῦτο
3000 4587 3081 4648 είς
3132 4587 3229 4656 μὲν
3264 4589 3363 4655 τὴν
3410 4590 3567 4661 χάριν
3624 4591 3728 4644 καὶ
3775 4592 3837 4643 τὸ

2248 4663 2468 4733 λουτρὸν
2516 4664 2624 4716 ἀπὸ
2664 4665 2762 4735 τῆς
2792 4664 2981 4737 ἀξίνης
3032 4668 3229 4731 αὐτοὺς
3256 4669 3422 4722 ὠθεῖ·
3475 4675 3613 4740 μετά
3646 4673 3709 4725 δέ
3740 4674 3836 4741 τὴν

2247 4747 2405 4815 χάριν
2460 4745 2567 4797 ἀπὸ
2614 4747 2706 4799 τοῦ
2756 4748 2924 4801 πτύου
2971 4751 3063 4803 καὶ
3094 4750 3187 4803 τοῦ
3232 4752 3400 4824 πυρὸς
3425 4752 3519 4806 τοῦ
3556 4755 3835 4808 ἀσϐέστου

2246 4828 2401 4896 φοϐεῖ
2423 4846 2436 4859 ·
2469 4831 2694 4881 καὶτῶν
2725 4831 2824 4900 μὲν
2870 4832 2974 4902 πρὸ
3010 4834 3103 4886 τοῦ
3147 4835 3518 4905 βαπτίσματος
3565 4839 3851 4909 οὐδεμίαν

2248 4914 2483 4963 ποιεῖται
2532 4911 2825 4981 διάκρισιν,
2869 4914 2985 4967 ἀλλ’
3014 4917 3217 4983 ἁπλῶς,
3264 4916 3392 4973 Πᾶν
3426 4919 3688 4987 δένδρον
3746 4921 3849 4990 μὴ

2245 4993 2459 5046 ποιίῦν
2502 4998 2735 5062 καρπὸν
2786 4998 2978 5050 καλὸν
3035 5001 3415 5064 ἐκκόπτεται,
3474 5005 3632 5073 φησὶ,
3709 5005 3837 5065 τοὺς

2244 5076 2501 5155 ἀπίστους
2551 5076 2795 5141 ἅπαντας
2832 5080 3104 5143 κολάζων’
3162 5085 3298 5151 μετά
3339 5085 3397 5137 δέ
3436 5087 3495 5136 rb
3541 5085 3837 5155 βάπτισμα

2242 5154 2503 5224 διαίρεσιν
2532 5173 2653 5209 τινα
2681 5158 2993 5228 ἐργάζεται,
3021 5161 3207 5232 ἐπειδὴ
3242 5162 3425 5214 πολλοὶ
3446 5154 3557 5216 τῶν
3603 5154 3843 5217 πιστευ-“

2250 5240 2461 5292 σάντων
2490 5240 2711 5306 ἀνάξιον
2745 5241 2966 5311 ἔμελλον
3001 5246 3100 5314 τῆς
3136 5246 3373 5309 πίστεως
3407 5247 3841 5302 ἐπιδείκνυσθαι

3619 5410 3632 5423 .
3659 5388 3715 5440 Ρ.
3741 5354 3839 5440 γετί

564 5427 907 5515 νέσθαιῇίτξιίιί.
958 5427 1215 5515 ’ξδέβτῇη
1250 5428 1400 5512 ζητεῖ
1702 5435 1775 5515 μῂ
1798 5434 1933 5502 ζητῇ
2062 5434 2155 5515 ί

2260 5436 2359 5505 ήσῃ
2393 5432 2520 5486 Sav.
2555 5432 2681 5515 [ξθη.
2722 5433 2984 5515 ἔταύτόν]
3016 5427 3106 5515 τὸν
3136 5438 3295 5515 αὐτόν
3316 5437 3450 5515 qua".
3484 5427 3673 5515 Ριιᾷιό
3700 5427 3837 5515 ρόςξ

555 5499 612 5561 ἐξ
630 5500 923 5551 ἀκινδύνων
956 5498 1018 5552 C.
1046 5497 1151 5561 ἔξω
1173 5497 1416 5550 κινδύνου
1444 5499 1503 5551 Ε.
1585 5501 1625 5531 ⁸⁸
1642 5497 1949 5555 συνίσταται
1971 5503 2100 5557 ΕιΙιΙ.

2180 5502 2222 5535 ιν
2249 5502 2688 5581 τεῇραγινρμέγου
2721 5502 2877 5581 E_.Id._
2911 5502 3083 5581 βοτὸν
3104 5521 3211 5560 om.
3244 5510 3304 5581 Α.
3332 5508 3470 5563 8.6.

3550 5512 3592 5539 ¹¹
3622 5511 3835 5591 ταύτόις

555 5568 797 5647 τοῦτοᾉ.
924 5567 1025 5621 κᾶν
1045 5568 1145 5647 τόν
1168 5570 1625 5647 πατέρα....“λέ-γῃι
1653 5570 1727 5647 ᾡς
1767 5574 1860 5647 καὶ
1894 5574 1993 5647 τὸν
2021 5574 2155 5627 πατέ

2276 5567 2652 5647 ἀλλαχοῦγάρ
2669 5573 2832 5647 τοῦτο
2862 5574 3013 5640 λέγει
3042 5575 3102 5629 F.
3153 5578 3356 5645 pariter
3384 5596 3446 5631 ac
3477 5592 3690 5647 patrem
3714 5599 3732 5641 ;

588 5654 653 5688 ιιο
675 5639 803 5690 alibi
840 5638 935 5692 Ge.
1012 5642 1054 5669 ²¹
1092 5637 1316 5707 Ἐπειδὴ
1339 5639 1469 5709 γάρ]
1498 5637 1625 5691 Εἶτα
1665 5642 1848 5710 ἐπειδὴ
1879 5643 1941 5694 Α.
1980 5644 2035 5695 Β.
2067 5661 2115 5712 p.
2154 5662 2155 5709 ξ

552 5654 688 5755 ἔξω.
716 5717 767 5755 cl
795 5706 1028 5755 lnlernn.
1058 5707 1501 5755 παραδείγματος
1524 5712 1649 5755 Snv-
1672 5726 1829 5755 nm-m
1858 5724 2147 5755 ςιϊιιιιιςνς

2260 5637 2526 5712 ιξίνηνᾺ.
2558 5637 2636 5695 ΒΣ
2667 5643 2726 5695 1).
2766 5643 2826 5697 F.
2901 5637 2949 5676 ’ί
2970 5637 3287 5715 πράγματος
3317 5637 3505 5703 οωιιοὲ
3537 5651 3648 5704 mei
3696 5637 3831 5713 ουηη

2268 5712 2679 5755 nnlpfnlrnniur
2708 5714 2851 5755 nulla
2874 5724 3051 5755 lnmnn
3078 5718 3324 5755 pmiimum
3347 5720 3625 5755 mominnn
3652 5721 3797 5755 fame.

585 5702 688 5781 ἕως.
716 5717 767 5759 cl
795 5702 2173 5781 Ιιιιετρρᾈπαραδεὶγματοςδαν.ψιιιιηέυοιιιιιὲιιςὶ
2207 5702 2679 5781 Méule'falconius;
2708 5714 2852 5767 nulla
2874 5702 3051 5769 lame'n
3078 5702 3325 5770 c'édicu'm
3347 5702 3625 5772 ιηειιιὶοιιέ
3652 5702 3823 5775 Tal—clla;

554 5772 599 5803 ⁸⁷⁸
633 5772 991 5849 ἀπιστοῦντας
1015 5772 1151 5849 Είωί
1224 5781 1266 5809 ’⁸
1290 5772 1371 5832 ὅτι
1398 5778 1514 5849 καί]
1546 5780 1639 5831 καὶ
1658 5772 1737 5831 ὅτι
1770 5782 1831 5832 Α.
1869 5780 1925 5833 Β.
1958 5792 2010 5835 et

554 5842 849 5913 πνεύματι]
881 5848 937 5898 ἐν
960 5848 1229 5914 πνεύματι
1266 5849 1353 5903 hic
1388 5859 1441 5905 cl
1470 5842 1632 5919 p'aulo
1660 5849 1797 5904 infra
1828 5848 1960 5904 Exld.

2041 5799 2092 5851 p.
2122 5800 2172 5851 ν.
2208 5784 2301 5835 καὶ
2333 5784 2414 5834 δτι
2443 5784 2777 5835 κατακαύσει
2809 5785 2992 5839 iidem.

2054 5854 2098 5883 "
2126 5851 2260 5924 γάρ]
2290 5852 2346 5904 δέ
2374 5852 2437 5906 Α.
2470 5852 2528 5907 Β.

2838 5786 2994 5862 i_«l_em._
3069 5786 3115 5862 1°
3140 5788 3279 5862 ἀγίῳ
3308 5804 3416 5843 om.
3439 5791 3495 5845 C.
3525 5788 3592 5844 [ι.
3632 5787 3705 5845 Ρ.
3777 5790 3829 5825 ⁸*

2638 5853 2680 5886 ⁸³
2706 5854 2937 5909 ἐνταῦθα
2968 5855 3031 5909 A.
3069 5853 3125 5908 Β.
3151 5857 3213 5912 Ο.
