4054 6210
152 392 244 447 197

153 509 276 567 ipsis
334 509 844 566 demonstrationem
895 508 1119 580 adjicit:
1170 524 1292 564 nam
1337 510 1430 576 ait,
1487 507 1607 579 Ipse
1641 525 1728 564 vos

153 600 422 668 baptizabit
448 602 501 656 in
524 602 720 670 Spiritu
745 611 916 655 sancto
946 611 992 655 et
1011 601 1065 655 in
1084 602 1218 671 igne.
1244 601 1429 656 Viden’
1448 610 1643 672 quanta
1660 601 1730 655 sit

152 689 399 759 Baptista:
438 693 734 760 sapientia?
759 692 981 759 Quando
1009 693 1122 764 ipse
1165 693 1437 764 prmdieat,
1469 694 1722 750 terribilia

151 783 320 836 omnia
345 781 563 851 praefert
591 800 708 853 quae
731 784 782 837 in
805 785 1131 840 anxietatem
1158 785 1483 855 conjiciunt;
1514 785 1728 856 quando

151 882 325 927 autem
362 873 426 926 ad
454 872 724 928 Christum
754 875 935 940 mittit,
967 877 1105 931 bona
1127 879 1428 942 annuntiat,
1457 895 1574 949 quae
1612 880 1729 934 ani-

151 978 259 1019 mos
297 964 502 1033 possint
545 979 814 1021 recreare.
859 965 1042 1036 Neque
1083 969 1226 1022 enim
1271 969 1522 1034 securim,
1553 986 1727 1040 neque

147 1056 377 1111 excisam
402 1055 672 1122 arborem,
694 1057 780 1112 vel
814 1058 1146 1112 combustam
1177 1067 1230 1113 et
1261 1059 1314 1113 in
1342 1060 1515 1129 ignem
1542 1062 1727 1132 conje-

145 1157 307 1208 ctam.
343 1163 516 1217 neque
560 1148 791 1203 futuram
822 1151 953 1204 iram
1001 1149 1051 1204 iu
1094 1150 1326 1204 medium
1367 1151 1602 1216 adducit,
1630 1151 1723 1207 sed

148 1249 484 1310 peccatorum
542 1243 934 1309 remissionem,
989 1244 1232 1312 supplicii
1286 1245 1521 1311 veniam,
1569 1245 1725 1315 justi-

145 1331 292 1397 tiam,
341 1332 835 1397 sanctiﬁcationem,
879 1333 1326 1404 redemptionem,
1354 1336 1720 1406 adoptionem,

143 1421 560 1488 fraternitatem,
620 1421 932 1479 hereditatis
971 1426 1301 1481 consortium
1327 1467 1342 1494 ,
1395 1437 1449 1482 et
1493 1428 1723 1498 Spiritus

141 1515 308 1572 sancti
339 1514 611 1582 cepiosam
635 1515 988 1585 largitionem.
1019 1515 1143 1569 Haec
1166 1518 1342 1570 omnia
1370 1518 1724 1574 subindicavit

141 1608 348 1671 dicens,
392 1605 680 1674 Baptizubit
724 1623 808 1660 vos
837 1607 890 1659 in
920 1606 1122 1676 Spiritu
1165 1618 1362 1673 sancto,
1397 1608 1506 1676 ipsa
1555 1621 1724 1663 meta-

139 1700 306 1769 phora
323 1701 510 1769 gratia:
526 1699 735 1768 copiam
759 1699 1057 1753 declarans.
1085 1698 1202 1754 Non
1228 1701 1370 1754 enim
1391 1701 1545 1764 dixit,
1570 1702 1724 1756 Dabit

137 1792 286 1846 vobis
312 1791 574 1861 Spiritum
604 1800 884 1856 sanctum;
915 1792 1030 1856 sed,
1062 1789 1350 1860 Baptizabit
1389 1808 1474 1846 vos
1509 1798 1563 1846 in
1590 1793 1718 1862 Spi-

135 1881 233 1933 ritu
259 1892 477 1942 sancto;
503 1890 558 1935 et
584 1881 718 1950 ignis
741 1881 1013 1936 additione
1037 1881 1432 1937 vehementiam
1463 1892 1517 1936 et
1541 1883 1720 1938 efﬁca-

135 1971 270 2026 ciam
292 1973 480 2041 gratia:
501 1973 896 2026 demonstrans.

203 2061 256 2116 5.
301 2061 580 2129 Perpende
621 2062 776 2131 igitur
813 2077 918 2131 quo
955 2062 1132 2117 animo
1162 2064 1446 2120 verisimile
1473 2075 1554 2121 est
1595 2076 1718 2122 tunc

131 2153 299 2208 fuisse
325 2154 598 2209 auditores
617 2196 631 2218 ,
660 2156 951 2224 cogitantes
977 2169 1035 2210 se
1074 2156 1278 2210 similes
1306 2158 1576 2226 prophetis
1607 2175 1719 2212 ma-

130 2246 355 2314 gnisque
395 2245 498 2298 illis
529 2245 654 2300 viris
686 2262 806 2299 mox
850 2246 1052 2301 futuros
1085 2261 1222 2302 esse.
1257 2247 1379 2302 Ideo
1410 2249 1549 2302 enim
1583 2249 1716 2320 ignis

131 2340 455 2394 mentionem
486 2339 639 2406 fecit,
668 2348 724 2393 ut
753 2340 858 2394 illis
888 2341 1121 2409 ipsorum
1153 2341 1462 2395 memoriam
1493 2357 1713 2396 revoca-

129 2442 233 2488 ret.
277 2433 406 2487 Nam
449 2434 676 2487 maxima
706 2447 830 2502 pars
853 2447 1071 2499 earum,
1107 2448 1239 2502 quas
1267 2434 1520 2498 habuere,
1554 2434 1717 2490 visio-

131 2542 260 2581 num
283 2567 297 2590 ,
328 2540 424 2594 per
456 2525 626 2595 ignem
653 2538 985 2593 apparuere:
1009 2525 1086 2579 sic
1106 2525 1268 2596 Moysi
1293 2527 1342 2580 in
1368 2527 1500 2582 rubo
1525 2529 1714 2599 loquu-

129 2628 217 2673 tus
246 2627 332 2672 est
362 2617 534 2682 Deus,
577 2618 654 2671 sic
691 2618 835 2670 omni
879 2617 1074 2686 populo
1113 2619 1164 2670 itt
1209 2631 1387 2674 monte
1432 2621 1588 2683 Sina;
1638 2623 1716 2676 sic

129 2707 399 2764 Ezechieli
429 2723 550 2762 cum
590 2709 928 2763 Cherubinis.
966 2709 1346 2765 Animadverte
1389 2729 1547 2780 porro
1585 2728 1717 2782 quo-

129 2800 295 2854 modo
320 2799 616 2853 auditorem
651 2800 878 2864 excitet,
927 2801 1151 2869 primum
1201 2812 1439 2857 statuens
1479 2803 1529 2856 id
1573 2805 1714 2872 quod

129 2901 251 2961 post
281 2892 382 2946 alia
412 2893 588 2946 omnia
619 2891 852 2946 futurum
877 2902 1010 2948 erat.
1039 2893 1330 2962 Oportebat
1355 2897 1497 2950 enim
1527 2898 1714 2953 immo—

131 2984 225 3038 lari
250 2986 478 3055 Agnum,
500 2994 553 3038 et
578 2995 852 3054 peceatum
877 2985 1062 3051 deleri,
1094 2987 1420 3042 inimicitiam
1448 2990 1603 3055 solvi,
1631 3006 1717 3046 se-

131 3075 398 3143 pulturam
428 3076 714 3130 succedere
733 3087 786 3130 et
812 3078 1279 3141 resurrectionem,
1309 3087 1360 3132 et
1388 3089 1570 3148 postea
1597 3081 1718 3149 Spi-

130 3165 291 3219 ritum
323 3176 562 3220 sanetum
599 3168 870 3222 advenire.
915 3170 983 3222 At
1020 3185 1204 3223 eorum
1247 3169 1375 3223 nihil
1415 3171 1574 3237 dicit;
1619 3171 1714 3227 sed

128 3255 272 3325 quod
305 3265 630 3326 postremum
659 3269 803 3323 erat,
838 3258 1065 3326 primum
1095 3261 1299 3327 posuit,
1332 3271 1549 3330 propter
1572 3263 1713 3333 quod

128 3356 325 3402 cetera
358 3348 537 3403 omnia
565 3347 702 3405 facta
731 3361 890 3416 sunt,
933 3351 1182 3421 quodque
1209 3355 1439 3408 maxime
1465 3354 1712 3410 idoneum

128 3448 244 3492 erat
270 3437 339 3493 ad
365 3438 481 3508 ejus
509 3440 898 3509 praedicandam
932 3441 1240 3512 dignitatem
1273 3462 1286 3498 :
1319 3454 1376 3498 ut
1411 3460 1532 3500 cum
1573 3447 1713 3501 didi-

129 3530 259 3583 cerit
292 3529 524 3594 auditor,
556 3545 615 3585 se
643 3540 844 3585 tantmu
883 3532 1137 3601 Spiritmu
1174 3545 1513 3605 accepturum
1553 3553 1672 3593 esse
1695 3581 1710 3604 ,

128 3630 335 3690 quaerat
369 3623 509 3690 apud
536 3624 879 3692 semetipsum
906 3626 1172 3696 quomodo
1212 3626 1262 3681 id
1303 3628 1537 3685 futurum
1574 3642 1716 3686 esset

131 3721 351 3779 peccato
380 3713 484 3768 late
511 3724 796 3784 regnante;
827 3725 886 3769 ut
914 3717 1058 3770 illum
1089 3729 1270 3786 postea
1300 3722 1572 3788 reperiens
1603 3724 1715 3776 sol-

130 3803 334 3858 licitum
354 3845 371 3868 ,
403 3813 456 3859 et
492 3807 558 3860 ad
599 3807 918 3862 audiendum
960 3821 1199 3877 paratum
1221 3853 1236 3877 ,
1269 3811 1346 3866 sic
1375 3813 1440 3867 de
1472 3815 1715 3883 passione

128 3910 438 3951 sermonem
467 3896 772 3964 induceret,
801 3900 1012 3954 nemine
1038 3911 1216 3969 postea
1248 3903 1297 3956 iu
1337 3905 1712 3960 oll'eudiculutn

131 3989 343 4045 labente
363 3991 433 4044 ob
451 3990 751 4046 diuturnam
778 3991 900 4046 doni
925 3992 1221 4062 hujusmodi
1244 3999 1712 4065 exspectationem.

132 4078 255 4135 Ideo
304 4095 517 4135 rursum
555 4083 818 4137 clamabat
865 4101 879 4136 :
924 4083 1054 4138 Ecce
1091 4102 1254 4156 agnus
1297 4086 1426 4150 Dei,
1483 4090 1570 4157 qui
1623 4090 1715 4143 tol-

129 4173 187 4224 lit
214 4181 478 4241 peccatum
522 4174 698 4226 mundi
734 4172 918 4244 (Joan.
947 4175 998 4227 1.
1019 4173 1146 4246 29).
1177 4176 1291 4231 Νοη
1321 4177 1484 4243 dixit,
1513 4179 1610 4248 Qui
1637 4197 1720 4236 re-

131 4264 330 4330 mittit,
361 4263 457 4318 sed
486 4264 627 4332 quod
655 4265 870 4334 majoris
910 4275 1025 4321 erat
1059 4283 1204 4323 cura:
1237 4283 1301 4324 ac
1341 4272 1714 4340 providentiae,

133 4353 236 4419 Qui
283 4353 438 4406 tollit.
483 4352 600 4408 Non
639 4354 782 4408 enim
811 4354 1035 4424 idipsum
1066 4369 1150 4413 est
1191 4360 1500 4429 simpliciter
1539 4362 1721 4418 remit-

129 4453 282 4508 tere,
324 4452 381 4498 et
423 4453 604 4513 postea
649 4460 942 4501 resumere.
999 4448 1130 4503 Nam
1176 4450 1303 4504 illud
1351 4451 1470 4506 sine
1511 4454 1721 4523 pericu-

126 4534 186 4587 Io
227 4533 426 4596 ﬁebat.
469 4534 570 4590 hoc
599 4545 776 4590 autem
809 4553 903 4604 per
943 4548 1166 4594 mortem
1207 4539 1305 4613 (η).
1350 4542 1554 4600 Rursus
1590 4559 1721 4600 vero

123 4624 381 4694 dicebat,
431 4625 573 4696 quod
611 4626 776 4682 Filius
822 4629 912 4684 Dei
953 4641 1094 4686 esset
1123 4631 1285 4699 (Ibid.
1309 4651 1358 4688 υ.
1384 4635 1498 4707 54).
1520 4636 1720 4694 Verum

193 4867 386 4933 (a)_Sic_
414 4867 593 4918 Latine
612 4867 814 4933 Menti;
847 4869 1042 4933 Graece
1076 4874 1281 4919 autem:
1337 4872 1409 4920 Οὐ
1449 4872 1536 4933 γάρ
1578 4875 1708 4922 ἐστιν

110 4930 238 4998 Erg-9v
276 4930 462 4998 ἀςξᾷναι
485 4933 666 4998 tiniae,
687 4931 772 4998 xui
809 4932 891 4998 ςρν
939 4932 1080 4998 aurei:
1101 4932 1367 4998 ᾀναλαϐεἷν.
1417 4930 1485 4981 Τὸ
1514 4930 1595 4995 μὲν
1618 4938 1708 4998 γᾴρ

113 4991 219 5045 ξεῖ»
240 4991 458 5062 κινδύνῳ
492 4993 694 5062 exsucta,
714 4994 784 5062 ,τὸ
810 4993 862 5040 δὲ
886 4995 1003 5062 μεῖὰ
1027 4993 1243 5062 θᾳγᾲῖου.
1288 4997 1407 5062 Ungi
1450 4991 1523 5043 sic
1542 4991 1707 5062 ωιριἰέ

111 5065 228 5123 c_an
254 5057 463 5123 possunt
485 5067 498 5100 :
539 5054 585 5102 Ν
592 5053 802 5123 quidem
828 5053 902 5123 est
926 5053 1220 5123 simpliciter
1247 5053 1491 5123 remittere
1512 5061 1556 5123 et
1573 5053 1707 5123 eum-

108 5110 366 5177 dem—tm
385 5121 474 5177 est
502 5113 845 5177 remittentem)
902 5110 1146 5166 assumere
1207 5117 1356 5175 (quod
1404 5115 1703 5177 remittitur).

108 5170 395 5240 {Vumillud
412 5170 747 5240 sinepericulo
767 5170 927 5238 ﬁebat,
937 5191 999 5227 ea:
1009 5179 1097 5226 hoc
1109 5170 1269 5240 autem
1281 5187 1413 5240 mors
1424 5170 1709 5240 sequebatur

106 5235 216 5300 (ad
228 5233 481 5300 litteram.
503 5233 592 5287 liae
631 5233 788 5286 autem
808 5251 914 5287 cum
953 5239 1148 5300 morte).
1187 5238 1323 5300 Quod
1351 5239 1410 5294 si,
1443 5233 1708 5290 multorum

99 5297 352 5362 codicum
372 5299 718 5362 auctoritatem
741 5302 916 5359 secuti,
940 5297 1323 5362 Iegamitsat‘rrév
1336 5311 1425 5360 pro
1441 5302 1521 5362 rev
1545 5303 1706 5360 αὐτὸν,

97 5361 199 5424 sic
254 5355 732 5424 interpretabimur:
798 5355 912 5424 Non
951 5355 1078 5412 enim
1121 5358 1253 5424 idem
1294 5355 1364 5409 est
1417 5355 1706 5424 (Christum)

96 5416 431 5491 δὶῃψιξεὶεεζ
456 5419 1007 5491 (peceataifentittere,
1053 5429 1098 5491 et
1121 5420 1296 5491 ipsum
1330 5416 1575 5491 assutaere
1608 5416 1712 5491 (re:-

97 5478 312 5545 nais'sa).
384 5478 750 5545 somnone.
795 5487 908 5531 dum
959 5478 1167 5545 coniicit
1211 5482 1412 5530 rescribi
1447 5495 1591 5543 posse
1613 5478 1710 5544 ’τήν

95 5543 276 5607 ᾳςνῖτήν
309 5540 525 5604 (δείείοθι
544 5544 796 5607 ἁμαρτίᾳγ)
821 5540 1088 5607 ᾲναλαϐεἶίο,
1119 5549 1173 5593 et
1217 5540 1530 5604 interp‘etari
1555 5561 1565 5594 ζ
1598 5540 1711 5597 Νόη

96 5601 165 5670 ᾔει
173 5600 338 5670 ipsum
353 5608 429 5670 est
451 5600 701 5664 peccatum
722 5600 965 5670 dimittere
984 5614 1029 5658 et
1059 5600 1213 5670 ipsum
1234 5600 1708 5670 D£_NEPIO‘TOLLERE;

95 5667 258 5713 hunc
283 5667 414 5776 εὲίηι
444 5679 648 5716 sensum
672 5668 874 5717 minime
915 5665 1092 5720 licebat
1119 5666 1264 5718 verbo
1288 5665 1536 5718 ἀναλαϐεῖν
1573 5665 1711 5720 ama;

95 5737 268 5776 gere.
356 5742 450 5776 orr.

89 5740 181 5790 ge
192 5740 207 5769 ι
221 5737 268 5774 e.
313 5737 450 5776 non.

1253 389 1316 445 IN
1345 386 1752 446 MATTIMSUM
1791 385 2020 443 IIOMIL.
2064 390 2154 445 XI.

3320 413 3422 467 198

1834 516 2007 571 neque
2035 505 2163 561 illud
2199 507 2344 564 clare
2371 510 2680 581 dignitatem
2715 515 2854 570 illius
2881 518 3214 575 audientibus
3246 527 3424 593 expri-

1833 595 2030 650 mebat.
2071 597 2315 654 Nondum
2344 603 2486 658 enim
2517 605 2756 661 sciebant
2784 608 2956 677 ipsum
2978 627 3098 668 esse
3125 617 3418 684 genuinum

1831 684 2023 741 Filium
2058 707 2070 742 :
2099 704 2164 745 ex
2194 691 2334 747 dono
2363 704 2537 750 autem
2569 695 2798 766 Spiritus
2841 703 3010 756 sancti
3063 704 3112 758 id
3137 705 3246 774 jam
3288 723 3422 763 con-

1831 777 2024 833 stabat.
2072 779 2302 863 Ideoque
2346 784 2502 840 Pater
2551 787 2809 844 Joannem
2853 793 3102 860 mittens,
3149 797 3420 867 dignitatis

1832 868 1969 936 ejus,
1998 870 2088 940 qui
2116 872 2449 940 adveniebat,
2482 876 2582 934 hoc
2608 892 2978 949 argumentum
3003 886 3170 953 dedit,
3195 890 3416 946 dicens:

1832 959 1999 1031 Super
2024 979 2171 1030 quem
2207 967 2388 1021 videris
2427 967 2676 1039 Spiritum
2714 972 3091 1031 descendentem
3131 989 3176 1033 et
3205 998 3419 1037 manen-

1830 1059 1948 1144 tem,
1967 1052 2049 1105 hic
2072 1057 2251 1126 estqui
2274 1059 2494 1124 baptizat
2523 1062 2574 1115 in
2602 1062 2801 1132 Spiritu
2828 1078 3003 1121 sancto
3024 1068 3200 1137 (Joan.
3227 1075 3276 1126 1.
3293 1075 3417 1144 55).

1829 1139 2163 1213 QuaprOpter
2183 1157 2235 1201 et
2261 1148 2373 1217 ipse
2397 1151 2525 1206 dicit
2553 1171 2566 1206 :
2595 1152 2702 1222 Ego
2728 1156 2830 1208 vidi
2858 1168 2904 1210 et
2933 1161 3272 1216 testimonium
3297 1139 3420 1234 per-

1830 1231 1970 1286 Ιιὶὺυὶ
1993 1236 2112 1302 quia
2133 1236 2214 1289 hic
2234 1249 2303 1291 est
2324 1237 2492 1295 Filius
2516 1239 2612 1296 Dei
2633 1243 2794 1310 (Ibid.
2825 1263 2870 1299 v.
2902 1248 2970 1302 at
2987 1249 3026 1318 ).
3056 1252 3206 1320 quasi
3228 1231 3420 1310 ex'hoc

1830 1333 1884 1378 et
1911 1323 2040 1378 illud
2071 1341 2282 1397 quoque
2317 1329 2425 1398 jam
2457 1333 2658 1388 clarum
2699 1336 2969 1393 evaderet.
3016 1339 3245 1405 Deinde,
3293 1345 3415 1412 quia

1829 1413 1964 1468 bona
1984 1415 2145 1483 dixit,
2169 1419 2572 1490 auditoremque
2591 1426 2795 1480 remisit
2814 1436 2972 1497 atque
2993 1429 3207 1498 laxavit,
3233 1449 3417 1488 rursus

1829 1505 1977 1559 illum
2009 1509 2308 1580 restringit,
2354 1527 2422 1566 ne
2450 1512 2500 1566 iu
2537 1513 2794 1569 desidiam
2836 1518 3007 1572 cadat.
3053 1520 3182 1576 Tale
3221 1525 3418 1593 quippe

1827 1607 1936 1651 erat
1967 1596 2272 1655 Juda‘orum
2301 1617 2467 1672 genus
2498 1621 2511 1657 :
2541 1619 2606 1658 ex
2633 1608 2902 1674 prosperis
2931 1610 3036 1663 cito
3075 1614 3416 1668 cmollieban-

1830 1693 1934 1752 tur,
1961 1687 2366 1760 deterioresque
2394 1691 2612 1749 ﬁebant.
2660 1695 2888 1766 Ideoque
2928 1715 3112 1754 rursus
3157 1704 3414 1759 terribilia

1827 1777 2031 1832 inducit
2073 1779 2154 1834 his
2195 1782 2369 1836 verbis
2405 1801 2418 1837 :
2453 1784 2542 1838 12.
2584 1785 2744 1851 Cuius
2785 1791 3121 1845 ventilabrum‘
3157 1795 3210 1846 in
3260 1812 3417 1850 manu

1823 1883 1935 1920 sua.
1966 1868 2222 1937 Superius
2246 1871 2354 1939 jam
2381 1874 2699 1942 supplicium
2724 1892 3138 1946 memoraverat;
3178 1883 3262 1938 hic
3285 1901 3414 1940 vero

1822 1959 2061 2015 Iudicem
2091 1961 2310 2029 inducit,
2337 1965 2743 2038 immortalequc
2764 1971 3080 2040 supplicium
3113 1991 3126 2028 :
3154 1991 3273 2029 nam
3301 1978 3413 2033 ait:

1823 2050 2088 2106 Comburet
2119 2054 2290 2122 paleas
2319 2056 2433 2124 igne
2468 2057 2882 2129 iuexstinguibili.
2917 2061 3072 2118 Vides
3113 2066 3282 2135 ipsum
3330 2084 3414 2122 re-

1823 2158 1938 2196 rum
1968 2146 2206 2198 omnium
2241 2147 2519 2202 Dominum
2556 2152 2838 2219 agricolam
2867 2167 2990 2209 esse
3033 2174 3046 2209 :
3089 2172 3410 2230 quamquam

1823 2235 2034 2292 Patrem
2064 2240 2165 2294 hoc
2188 2241 2360 2309 ipsum
2388 2257 2508 2297 esse
2535 2243 2657 2297 alibi
2690 2245 2882 2300 dixerit
2913 2267 2925 2300 :
2961 2247 3116 2302 Pater
3145 2267 3303 2315 meus,
3339 2254 3414 2308 in-

1822 2331 1968 2398 quit,
2001 2331 2223 2402 agricola
2251 2343 2324 2386 est
2349 2332 2367 2403 (
2389 2332 2526 2386 Ibid.
2559 2335 2688 2389 15.1
2719 2338 2755 2406 ).
2787 2338 2918 2404 Quia
2951 2339 3090 2394 enim
3120 2341 3281 2408 dixit,
3314 2344 3413 2399 Se-

1821 2423 1988 2485 curis,
2022 2438 2089 2476 ne
2118 2432 2329 2491 putares
2360 2440 2470 2478 rem
2504 2426 2684 2482 labore
2713 2444 2847 2496 opus
2875 2431 3090 2498 habere,
3133 2451 3230 2490 nec
3255 2436 3412 2494 facile

1821 2511 2048 2567 discerni
2079 2527 2234 2580 posse
2256 2554 2271 2576 ,
2301 2515 2403 2567 alio
2430 2518 2675 2585 exetnplo
2705 2519 3009 2576 facilitatem
3045 2524 3272 2592 inducit,
3315 2543 3409 2583 os~

1825 2602 2047 2657 tendens
2073 2603 2323 2657 mundum
2349 2613 2516 2658 totum
2545 2607 2684 2661 illius
2705 2624 2824 2665 esse
2851 2627 2864 2663 :
2896 2628 3000 2665 non
3027 2615 3168 2668 enim
3199 2620 3412 2684 puniret

1822 2692 2046 2748 alienos.
2066 2694 2213 2748 Nunc
2232 2711 2358 2750 vero
2379 2697 2552 2750 omnia
2576 2701 2836 2767 permixta
2857 2714 2997 2756 sunt.
3024 2705 3246 2761 Etiamsi
3263 2711 3406 2765 enim

1823 2783 2141 2838 frumentum
2167 2785 2358 2849 luceat,
2381 2796 2612 2841 attamen
2635 2803 2755 2843 cum
2781 2791 2929 2858 palea
2956 2795 3182 2861 positum
3207 2809 3306 2856 est.
3328 2808 3408 2853 ut-

1824 2882 1947 2942 pote
1973 2874 2024 2927 in
2053 2889 2174 2928 area
2198 2916 2213 2938 ,
2242 2891 2347 2928 non
2381 2875 2432 2929 in
2466 2877 2679 2932 horreo.
2714 2880 2864 2936 Tunc
2888 2893 3064 2937 autem
3095 2889 3272 2941 omnia
3300 2891 3410 2944 dis-

1819 2972 2128 3018 cernentur.
2160 2965 2258 3020 Ubi
2290 2982 2431 3022 nunc
2457 2981 2582 3022 sunt
2610 2970 2681 3022 illi
2709 2972 2797 3041 qui
2825 2973 3122 3043 gehennam
3153 2992 3275 3034 esse
3301 2996 3406 3036 non

1820 3055 2086 3110 credunt?
2116 3057 2323 3112 Etenim
2351 3058 2458 3113 duo
2488 3062 2683 3128 posuit,
2714 3072 2767 3117 et
2795 3064 3180 3134 baptizaturum
3209 3086 3328 3126 esse
3352 3075 3406 3127 iu

1819 3145 2020 3216 Spiritu
2061 3157 2280 3215 sancto,
2329 3160 2381 3203 et
2423 3151 2822 3208 combusturum
2869 3171 2972 3211 non
3019 3160 3318 3217 credentes.
3351 3165 3405 3219 Si

1819 3239 1977 3310 igitur
2006 3240 2132 3294 illud
2163 3241 2518 3307 credendum,
2561 3255 2613 3299 et
2660 3246 2760 3302 hoc
2799 3250 2958 3304 etiam
3001 3268 3240 3321 prorsus.
3266 3256 3400 3312 Pro-

1818 3341 1934 3400 pter
1993 3331 2092 3386 hoc
2147 3332 2294 3387 enim
2352 3342 2632 3405 tttrttmque
2685 3339 2965 3406 praedixit,
3019 3354 3076 3398 ut
3126 3345 3195 3400 ab
3247 3349 3406 3404 unius

1819 3421 2176 3490 praedictionis
2204 3434 2432 3487 eventu,
2466 3425 2618 3480 alteri
2652 3428 2784 3482 ﬁdes
2809 3445 2914 3486 non
2941 3445 3243 3504 negaretur.
3272 3439 3406 3495 Nam

1817 3521 1873 3566 et
1898 3510 2142 3566 Christus
2173 3512 2222 3568 id
2253 3529 2358 3568 non
2388 3531 2508 3569 raro
2535 3516 2658 3571 facit
2686 3537 2699 3572 :
2731 3535 2872 3588 sa'pe
2900 3523 2949 3575 itt
2983 3525 3046 3578 iis
3074 3525 3200 3595 ipsis
3224 3529 3401 3595 rebus,

1817 3616 1962 3670 sarpe
1990 3603 2148 3657 etiam
2183 3605 2233 3657 in
2261 3606 2542 3660 contrariis
2561 3647 2576 3673 ,
2608 3607 2738 3664 duas
2764 3625 3038 3680 apponens
3064 3618 3404 3686 prophetias,

1818 3708 2042 3762 quarum
2068 3708 2226 3748 uuam
2254 3695 2472 3752 exhibet
2497 3698 2765 3768 impletam
2786 3743 2800 3766 ,
2833 3704 3055 3760 alteram
3081 3707 3404 3778 implendam

1820 3784 2110 3852 promittit,
2141 3795 2198 3838 ut
2224 3786 2292 3840 ab
2317 3802 2378 3842 ea
2399 3829 2414 3852 ,
2443 3803 2561 3858 qua:
2581 3790 2689 3858 jam
2730 3795 2940 3860 evenit,
2983 3795 3203 3854 alteram
3227 3843 3243 3868 ,
3288 3819 3408 3872 qua:

1821 3878 2054 3930 nondum
2093 3879 2289 3944 evenit,
2320 3880 2405 3934 vel
2449 3885 2894 3941 contentiosiores
2919 3889 3158 3944 credant.
3193 3893 3404 3949 Etenim

1821 3969 1886 4022 iis
1907 3969 1993 4038 qui
2022 3978 2240 4040 propter
2263 3970 2432 4040 ipsum
2463 3974 2641 4028 omnia
2666 3975 2991 4044 reliquerint,
3015 3984 3321 4050 centuplum
3351 3985 3404 4038 in

1823 4061 2071 4127 praesenti
2098 4061 2294 4114 saeculo
2319 4076 2379 4116 se
2408 4061 2652 4116 daturum
2695 4065 2958 4134 pollicitus
2995 4079 3108 4135 est,
3153 4082 3207 4125 et
3245 4074 3404 4127 vitam

1823 4159 2074 4203 arternatu
2107 4151 2158 4203 in
2192 4150 2369 4205 futuro
2399 4151 2604 4219 (Marc.
2640 4156 2723 4209 I0.
2755 4156 2863 4226 50)
2886 4197 2901 4220 ,
2929 4173 2993 4212 ex
3040 4160 3132 4223 iis,
3175 4177 3291 4231 qua:
3321 4165 3407 4219 hic

1822 4240 2035 4305 dantur,
2069 4239 2239 4294 futura
2267 4241 2369 4295 ﬁde
2389 4242 2545 4313 digna
2579 4244 2828 4301 reddens.
2855 4248 2907 4301 Id
2931 4252 3070 4318 quod
3093 4253 3249 4307 etiam
3284 4255 3408 4311 fecit

1822 4333 2055 4389 Joannes
2077 4375 2092 4400 ,
2124 4345 2405 4405 utrumque
2434 4352 2666 4407 ponens,
2707 4349 2761 4394 et
2789 4342 2928 4410 quod
2959 4343 3188 4413 baptizct
3211 4347 3261 4401 in
3285 4349 3408 4418 Spi-

1824 4426 1926 4479 ritu
1953 4435 2156 4488 sancto,
2187 4434 2243 4480 et
2270 4428 2409 4496 quod
2439 4430 2716 4484 comburat
2749 4433 2866 4501 igne
2897 4434 3332 4507 inexstinguibili.

1895 4519 1948 4573 6.
1989 4519 2042 4574 Si
2091 4520 2264 4590 itaque
2296 4535 2401 4573 non
2432 4521 2714 4589 baptizavit
2761 4524 2812 4577 in
2857 4524 3054 4594 Spiritu
3099 4531 3405 4600 apostolos,

1825 4625 1997 4678 neque
2027 4610 2172 4673 illos,
2216 4612 2303 4679 qui
2348 4613 2584 4681 quotidie
2625 4613 2876 4682 baptizari
2917 4618 3143 4685 vellent,
3191 4621 3257 4674 de
3303 4622 3408 4678 illis

1825 4704 1982 4758 etiam
2010 4704 2281 4758 dubitandi
2315 4706 2487 4759 locum
2520 4707 2776 4770 haberes;
2804 4709 2846 4760 si
2878 4724 3005 4762 vero
3035 4710 3085 4763 id
3116 4714 3256 4780 quod
3291 4731 3407 4773 ma-

1821 4795 1908 4864 jus
1951 4806 2005 4850 et
2045 4796 2312 4851 difﬁcilius
2350 4812 2469 4851 esse
2508 4797 2802 4863 videbatur,
2844 4809 2897 4853 et
2937 4801 3076 4868 quod
3104 4817 3405 4862 sermonem

1825 4901 2038 4940 omnem
2068 4896 2283 4955 superat
2305 4927 2319 4951 ,
2361 4896 2412 4941 et
2443 4886 2638 4941 factum
2675 4897 2783 4948 est.
2826 4902 2881 4948 et
2901 4891 3136 4963 quotidie
3159 4893 3406 4959 ellicitur,

1825 4978 1951 5050 quid
1979 4993 2152 5034 causa:
2180 4988 2264 5034 est
2291 4994 2384 5033 cur
2410 4979 2460 5032 id
2486 4979 2626 5047 quod
2659 4980 2811 5035 facile
2839 4989 2892 5035 et
2919 4983 3207 5039 secundum
3241 4990 3408 5043 ratio-

1827 5086 1948 5124 nent
1988 5078 2098 5134 est,
2128 5086 2313 5124 verum
2356 5085 2462 5122 non
2504 5085 2622 5124 esse
2657 5069 2840 5124 dicas?
2865 5071 2997 5136 Quia
3045 5075 3186 5129 enim
3226 5077 3360 5132 dixit
3393 5123 3406 5135 .

1826 5160 2108 5228 Baptizabit
2137 5161 2188 5214 in
2219 5160 2417 5230 Spiritu
2443 5171 2616 5214 sancto
2641 5169 2686 5215 et
2724 5161 2776 5214 in
2818 5162 2963 5232 igne,
3003 5173 3057 5219 et
3096 5181 3282 5237 magna
3324 5169 3412 5226 hic

1829 5251 2072 5321 promisit
2100 5250 2268 5316 bona,
2299 5265 2366 5304 ne
2407 5250 2587 5304 animo
2632 5251 2961 5316 concideres,
2997 5256 3260 5324 prioribus
3288 5277 3408 5313 oat-

1829 5342 1986 5396 nibus
2015 5341 2287 5410 neglectis,
2312 5341 2660 5394 ventilabrum
2688 5341 2912 5407 induxit,
2938 5354 2991 5398 et
3011 5344 3268 5415 judicium
3296 5350 3412 5404 sive

1829 5437 2092 5489 delectum
2123 5449 2220 5504 per
2247 5434 2347 5488 hoc
2377 5433 2489 5487 ﬁeri
2517 5434 2752 5488 solitum.
2783 5435 2860 5490 Ne
2890 5437 3086 5504 putetis
3113 5441 3254 5493 enim
3277 5481 3291 5501 ,
3325 5445 3409 5493 iu-

1829 5528 1970 5598 quit,
1999 5527 2314 5596 baptismum
2340 5526 2586 5581 sullicere
2606 5567 2619 5589 ,
2649 5527 2693 5581 si
2721 5527 2946 5596 improbi
2974 5541 3153 5599 postea
3183 5531 3408 5598 fueritis;

1831 5636 1963 5688 opus
1989 5620 2183 5689 quippe
2205 5618 2360 5674 nobis
2384 5627 2464 5673 est
2487 5629 2540 5672 et
2564 5620 2758 5674 virtute
2783 5631 2836 5675 et
2864 5622 3024 5674 multa
3055 5623 3408 5692 philosophia.

1827 5707 2111 5779 Propterea
2155 5711 2420 5767 lavacrum
2448 5711 2498 5764 in
2527 5711 2748 5781 gratiam
2783 5711 2926 5780 ipsos
2953 5727 2980 5763 a
3012 5713 3182 5764 securi
3213 5714 3296 5766 illa
3327 5717 3406 5772 de
