4040 6208
694 345 795 404 199

692 461 841 533 pellit
869 457 944 531 (a)
971 465 1027 517 ct
1055 452 1306 511 transfert
1332 463 1347 502 :
1383 455 1502 518 post
1525 443 1749 517 gratiam
1785 446 1964 494 autem
1990 449 2039 533 δ’
2052 427 2273 533 ventila-

695 519 793 610 bro
818 519 1022 620 ct‘igtie
1049 538 1462 612 inexstinguibili
1492 541 1691 598 terret,
1722 539 1777 586 et
1797 528 1995 583 nullam
2016 522 2140 579 facit
2160 519 2274 620 dis-I

694 607 1006 699 tirictionEm
1050 650 1235 694 eorum
1280 607 1373 703 qui
1414 626 1649 685 nondum
1691 618 1941 692 baptizati
1974 623 2135 679 sunt,
2183 607 2275 664 sed

696 732 1015 804 generaliter
1055 728 1125 782 ait
1157 743 1171 779 :
1209 724 1386 779 Omnis
1410 720 1578 781 arbor,
1608 729 1722 782 quae
1748 728 1849 766 non
1890 707 2013 780 facit
2059 709 2276 777 fructum

696 828 879 880 bonum
899 865 913 887 ,
945 820 1219 882 excidatur,
1247 813 1486 869 infideles
1512 820 1700 864 omnes
1724 803 1977 875 puniens;
2007 804 2129 868 post
2152 794 2280 863 bap~

698 920 853 972 tisma
898 885 1074 969 autem
1128 906 1521 964 distinctionem
1573 895 1855 970 quamdam
1910 888 2107 954 efficit;
2159 885 2279 956 quia

699 1009 848 1064 multi
877 1021 1063 1062 eorum
1091 1002 1178 1074 qui
1205 997 1481 1055 credidere
1504 1035 1519 1060 ,
1546 992 1651 1049 fide
1686 989 1954 1057 indignam
1983 985 2147 1039 vitam
2182 979 2292 1033 du-

699 1101 836 1156 cturi
855 1107 1027 1154 erant.
1050 1094 1218 1152 Nemo
1237 1094 1414 1161 itaque
1435 1087 1583 1158 palea
1604 1083 1715 1147 fiat,
1736 1093 1893 1135 nemo
1912 1078 1982 1132 sit
1998 1076 2279 1134 fluctuans,

701 1204 874 1259 neque
904 1186 1081 1258 pravis
1109 1180 1482 1253 cupiditatibus
1508 1177 1580 1231 sit
1605 1173 1879 1234 addictus,
1908 1168 1979 1223 ita
2001 1174 2057 1220 ut
2079 1164 2147 1220 ab
2182 1162 2286 1218 illis

703 1281 859 1335 facile
886 1278 1118 1348 undique
1139 1275 1385 1344 iactetur.
1413 1268 1468 1325 Si
1494 1267 1633 1323 enim
1673 1265 1994 1319 frumentum
2032 1266 2283 1317 maneas,

705 1372 913 1427 etiamsi
945 1368 1165 1423 teutatio
1191 1366 1420 1434 ingruat,
1450 1358 1580 1415 nihil
1608 1356 1730 1411 mali
1758 1364 2009 1423 passurus
2037 1362 2096 1403 es
2122 1365 2135 1401 :
2163 1361 2285 1401 nam

706 1465 759 1517 in
789 1477 915 1517 area
957 1468 1090 1513 rotae
1135 1471 1326 1511 currus
1366 1449 1607 1507 sulcandi
1647 1446 1949 1501 facultatem
1995 1440 2284 1504 habentes,

707 1556 1029 1610 frumentum
1052 1565 1158 1605 non
1182 1546 1459 1609 scindunt;
1482 1543 1528 1598 si
1554 1556 1680 1597 vero
1703 1540 1753 1594 in
1780 1537 1942 1609 paleae
1953 1532 2291 1603 fragilitatem

707 1643 993 1706 incideris,
1037 1649 1092 1695 et
1134 1640 1222 1693 hic
1260 1632 1592 1691 intoleranda
1643 1629 1891 1701 patieris,
1935 1626 2003 1680 ab
2042 1622 2292 1679 omnibus

707 1740 976 1802 concisus,
1006 1747 1060 1789 et
1091 1732 1199 1787 illic
1226 1727 1540 1799 suppliciqu
1572 1726 1687 1779 lues
1711 1732 1988 1776 aeternum.
2017 1716 2118 1784 Qui
2146 1710 2291 1769 enim

710 1831 846 1885 tales
869 1837 1027 1893 sunt,
1049 1834 1334 1895 antequam
1356 1820 1626 1875 fornacem
1655 1816 1798 1870 illam
1822 1813 2050 1865 futuram
2076 1806 2290 1872 adeant,

713 1917 1153 1976 irrationabilium
1180 1915 1461 1969 affectuum
1491 1910 1578 1964 hic
1604 1923 1725 1962 esca
1751 1904 2073 1967 efficiuntur,
2096 1906 2157 1954 ut
2196 1912 2292 1969 pa—

715 2012 813 2068 leae
829 2017 954 2065 sunt
980 2009 1253 2063 brutorum
1276 2004 1428 2059 cibus
1456 2020 1469 2057 :
1500 2011 1553 2056 ct
1579 1998 1687 2054 illic
1704 2011 1888 2052 rursus
1903 1993 2123 2049 materia
2138 2000 2193 2046 et
2207 1990 2287 2045 ci-

715 2107 817 2161 bus
847 2104 982 2176 ignis
1011 2111 1186 2159 erunt.
1217 2100 1273 2156 Si
1299 2098 1475 2154 statim
1505 2095 1728 2151 dixisset
1760 2110 1772 2146 :
1804 2091 1923 2161 Ipse
1948 2086 2205 2159 iudicabit
2227 2083 2296 2139 de

715 2197 957 2259 actibus;
990 2206 1296 2249 sermonem
1340 2204 1446 2243 non
1477 2189 1548 2240 ita
1581 2182 1907 2255 probabilem
1936 2177 2252 2235 reddidisset
2279 2192 2295 2240 ;

716 2304 836 2343 eum
863 2295 1040 2342 autem
1072 2281 1374 2354 parabolam
1402 2277 1714 2340 admiscuit,
1754 2283 1808 2329 et
1846 2288 1939 2343 per
1966 2287 2083 2326 eam
2122 2268 2297 2324 omnia

719 2377 1073 2449 dispensavit,
1102 2374 1155 2429 id
1184 2372 1250 2427 ad
1280 2367 1707 2443 persuadendum
1731 2365 1899 2435 magis
1935 2371 2114 2432 aptum
2154 2367 2296 2423 erat;

720 2479 774 2524 et
803 2484 923 2523 cum
963 2465 1151 2536 majori
1193 2461 1561 2519 consolatione
1597 2457 1894 2512 auditorem
1925 2452 2185 2508 trahebat.
2222 2449 2303 2503 ld-

720 2562 863 2617 circo
892 2560 1011 2615 illos
1039 2573 1181 2628 saepe
1210 2556 1310 2611 hac
1336 2554 1544 2610 ratione
1568 2550 1873 2621 alloquitur,
1913 2560 2121 2609 aream,
2164 2558 2302 2597 mes-

720 2669 833 2709 sem
858 2692 874 2717 ,
926 2652 1167 2718 vineam,
1212 2648 1466 2712 torcular,
1510 2658 1730 2716 agrum,
1761 2655 2046 2712 sagenam,
2077 2636 2302 2707 piscium

722 2754 1023 2815 capturam,
1054 2751 1108 2799 et
1132 2739 1311 2797 omnia
1338 2755 1455 2808 quae
1482 2739 1534 2792 in
1573 2750 1669 2790 usu
1704 2743 1894 2799 erant,
1935 2740 1989 2787 ct
2029 2731 2080 2785 in
2114 2728 2307 2800 quibus

723 2838 1096 2902 versabantur,
1125 2834 1303 2890 verbis
1342 2832 1455 2887 suis
1495 2829 1815 2885 admiscens.
1868 2826 1923 2882 ld
1968 2825 2109 2895 quod
2145 2824 2305 2879 etiam

724 2929 959 2997 Baptista
989 2926 1077 2981 hic
1103 2925 1244 2989 fecit,
1267 2923 1637 2990 dictorumque
1661 2918 1944 2973 maximam
1973 2916 2308 2971 demonstra-

724 3020 924 3073 tionem
968 3016 1224 3086 protulit,
1271 3015 1503 3084 Spiritus
1544 3012 1711 3067 sancti
1759 3010 1977 3089 donum.
2021 3008 2120 3075 Qui
2163 3007 2306 3061 enim

727 3116 929 3163 tantum
959 3116 1170 3178 posset,
1200 3114 1257 3160 ut
1283 3105 1442 3159 etiam
1470 3110 1684 3170 peccata
1713 3100 2025 3164 dimitteret,
2056 3108 2112 3154 et
2137 3097 2307 3166 Spiri-

726 3211 838 3256 tum
867 3199 1037 3263 darct,
1073 3199 1185 3252 hanc
1216 3195 1384 3252 multo
1421 3194 1589 3263 magis
1632 3192 1806 3247 facere
1831 3190 2063 3260 poterit,
2110 3189 2306 3243 aiebat.

727 3292 915 3349 Viden‘
939 3288 1206 3361 quomodo
1225 3288 1335 3358 jam
1364 3285 1773 3356 praemitteretur
1792 3281 2106 3353 mysterium
2132 3295 2311 3334 resur-

728 3382 981 3440 rectionis
1008 3391 1061 3437 et
1090 3379 1312 3450 iudicii?
1342 3377 1409 3432 Et
1435 3390 1536 3447 qua
1576 3373 1644 3429 de
1680 3388 1875 3440 causa,
1920 3372 2161 3443 inquies,
2205 3384 2312 3426 non

732 3478 975 3549 praedixit
992 3491 1055 3531 ea
1077 3489 1193 3543 qua:
1217 3487 1336 3527 mox
1362 3470 1429 3526 ab
1454 3471 1546 3526 illo
1567 3468 1770 3525 edenda
1792 3474 1947 3524 erant
1965 3466 2114 3535 signa
2134 3474 2188 3519 et
2211 3464 2311 3518 mi-

731 3571 946 3627 racula?
972 3571 1107 3639 Quia
1139 3570 1240 3624 hoc
1270 3569 1334 3623 iis
1360 3567 1604 3623 omnibus
1632 3565 1801 3633 majus
1826 3571 1976 3628 erat,
2004 3572 2058 3616 et
2099 3568 2315 3630 propter

731 3664 835 3718 hoc
859 3664 946 3719 illa
973 3661 1150 3719 omnia
1180 3660 1319 3715 edita
1348 3668 1493 3715 sunt.
1521 3656 1652 3711 Nam
1695 3669 1816 3710 cum
1854 3663 2013 3722 caput
2054 3659 2312 3722 poneret,

731 3754 911 3809 omnia
939 3750 1417 3821 complectebatur,
1451 3747 1637 3802 mortis
1674 3746 2032 3810 solutionem,
2073 3750 2314 3812 peccato-

732 3862 849 3901 rum
874 3843 1329 3906 destructionem;
1356 3839 1740 3895 maledictionis
1762 3836 2084 3892 amotionem
2102 3875 2118 3901 ,
2142 3850 2173 3889 a
2198 3834 2317 3888 diu-

736 3940 906 3995 turnis
932 3938 1085 3995 bellis
1112 3936 1481 3992 liberationem
1505 3973 1522 3997 ,
1565 3932 1860 4002 ingressum
1893 3930 1945 3983 in
1972 3927 2272 3999 paradisum
2299 3968 2313 3993 ,

735 4047 1012 4089 ascensum
1040 4030 1091 4087 in
1118 4027 1344 4094 caelum,
1387 4026 1549 4081 vitam
1586 4039 1706 4079 cum
1746 4021 1947 4091 angelis
1982 4020 2314 4083 ducendam,

735 4125 1033 4182 futurorum
1083 4120 1344 4176 bonorutn
1388 4116 1736 4173 consortium.
1782 4112 1914 4168 Nam
1960 4111 2061 4166 hoc
2108 4110 2319 4165 illorum

736 4218 927 4287 pignus
954 4223 1055 4269 est.
1088 4212 1220 4267 Cum
1250 4226 1379 4281 ergo
1408 4208 1537 4264 illud
1568 4207 1821 4271 dixisset,
1852 4205 1985 4259 dixit
2013 4205 2173 4258 etiam
2202 4217 2320 4257 cor-

738 4321 928 4377 porum
969 4302 1452 4366 resurrectionem,
1482 4300 1630 4368 signa
1656 4298 1741 4352 hic
1784 4298 1953 4360 edita,
1995 4297 2143 4367 regni
2184 4310 2319 4350 con-

738 4399 996 4462 sortium,
1024 4406 1079 4451 et
1104 4396 1241 4449 bona
1263 4435 1279 4459 ,
1317 4394 1447 4460 Qum
1483 4392 1660 4445 oculus
1699 4407 1801 4445 non
1842 4390 2002 4455 vidit,
2044 4388 2183 4442 auris
2220 4403 2321 4440 non

739 4487 951 4554 audivit,
973 4495 1022 4540 et
1044 4486 1097 4540 in
1115 4500 1202 4538 cor
1217 4482 1432 4537 hominis
1451 4497 1552 4535 non
1570 4481 1899 4534 ascenderunt
1920 4481 1996 4549 (l.
2022 4480 2139 4533 Cor.
2160 4479 2215 4533 2.
2240 4479 2319 4548 9).

743 4581 868 4636 llaec
896 4580 1092 4650 quippe
1115 4575 1292 4631 omnia
1322 4589 1419 4643 per
1446 4572 1645 4625 donum
1684 4570 1812 4624 illud
1854 4569 2006 4623 nobis
2035 4568 2321 4638 praebebat.

739 4670 1079 4743 Superfluum
1111 4668 1287 4737 itaque
1313 4671 1428 4719 erat
1454 4662 1522 4717 de
1549 4661 1712 4730 signis
1749 4660 1891 4730 loqui
1930 4674 2055 4714 mox
2096 4660 2321 4726 futuris,

739 4778 794 4823 et
821 4766 1097 4821 oculorum
1124 4760 1324 4833 judicio
1352 4755 1669 4828 probandis;
1716 4754 1811 4809 sed
1839 4753 1907 4809 de
1948 4754 2053 4809 illis
2091 4764 2205 4809 erat
2247 4754 2324 4807 lo-

742 4858 1013 4929 quendutn
1037 4856 1104 4909 de
1127 4854 1319 4924 quibus
1341 4848 1654 4905 dubitabant
1675 4846 1782 4910 illi;
1813 4860 2033 4915 nempe,
2070 4843 2212 4915 quod
2240 4844 2327 4898 Fi-

743 4950 849 5003 lius
877 4948 969 5003 Dei
997 4955 1168 5010 esset,
1199 4944 1339 5014 quod
1366 4942 1626 4997 Joannem
1654 4938 1769 4992 sine
1795 4936 1901 4991 ulla
1930 4936 2326 5005 comparatione

747 5038 1108 5111 praecederet,
1139 5036 1279 5107 quod
1307 5034 1516 5090 tolleret
1544 5039 1818 5101 peccatum
1847 5028 2052 5095 mundi,
2082 5028 2224 5098 quod
2261 5028 2327 5083 de

746 5131 1001 5202 operibus
1032 5129 1292 5183 rationem
1320 5134 1603 5180 exacturus
1628 5132 1806 5186 esset,
1839 5120 1980 5189 quod
2007 5128 2187 5174 rtostra
2222 5136 2325 5174 non

748 5232 931 5280 essent
955 5220 1308 5292 praesentibus
1331 5219 1492 5272 rebus
1519 5213 1940 5282 circumscripta,
1967 5209 2061 5266 sed
2094 5210 2201 5266 illic
2220 5211 2329 5265 sin-

747 5318 855 5390 guli
907 5316 1124 5386 dignmn
1170 5310 1483 5383 supplicium
1532 5308 1713 5363 luituri
1761 5314 1961 5362 essent.
2011 5304 2138 5361 Haec
2184 5304 2328 5360 enim

747 5410 921 5467 oculis
945 5407 1211 5477 subjicere
1240 5413 1365 5458 tunc
1391 5418 1497 5456 non
1527 5401 1738 5456 licebat.

820 5502 874 5554 7.
914 5497 1130 5553 Mortalis
1158 5494 1471 5557 exhortatio;
1515 5491 1759 5545 bonorum
1799 5491 1962 5561 gratia
1993 5489 2129 5543 Deus
2168 5486 2330 5542 mulos

750 5683 888 5792 “(g2
923 5691 1184 5793 manorum
1205 5695 1235 5732 α
1260 5676 1419 5731 securi
1455 5674 1651 5739 depellit
1674 5687 1785 5733 eos,
1819 5673 1866 5723 id
1900 5680 1996 5733 est,
2021 5683 2049 5719 a
2070 5672 2329 5720 conunina-

920 5757 976 5793 se
1041 5757 1127 5792 τις.

920 5757 1110 5793 secans
1117 5783 1127 5792 .

1391 333 1449 389 S.
1487 324 1765 387 JOANNIS
1800 311 2275 379 CllRYSOSTOMl
2312 305 2633 365 ARClllEP.
2672 298 3205 359 CONSTANTINOP.
3831 298 3914 353 sm

2380 427 2480 493 fert
2519 422 2787 490 patienter.
2818 448 2891 459 ——
2919 417 3043 471 llaec
3069 417 3243 484 itaque
3267 427 3387 469 cum
3417 412 3643 467 sciamus
3664 452 3679 477 ,
3699 430 3914 484 magnum

2381 513 2729 567 adhibeamus
2756 509 3009 571 studium,
3028 508 3153 562 dum
3177 507 3228 560 in
3251 520 3373 560 area
3399 519 3584 559 sumus
3616 522 3631 557 :
3659 501 3769 558 licet
3793 505 3914 557 enim

2382 604 2470 660 hic
2486 604 2820 661 versantibus
2839 617 2907 656 ex
2926 600 3077 672 palea
3099 600 3150 653 in
3176 599 3404 653 triticum
3430 596 3682 659 converti,
3700 594 3914 663 quemad.

2385 698 2600 753 modum
2631 712 2696 751 ex
2728 696 2903 750 tritico
2946 693 3095 748 multi
3134 690 3282 762 palea
3321 699 3447 744 sunt
3484 688 3625 743 facti.
3667 686 3737 745 Ne
3770 687 3914 755 itaqut

2384 790 2749 854 concidamus,
2775 802 2944 858 neque
2964 785 3106 840 omni
3136 791 3295 837 vento
3316 779 3753 841 circumferamur,
3777 795 3914 848 nequi

2386 881 2735 937 scindamnra
2758 876 3007 932 fratribus
3032 874 3251 937 nostris,
3277 872 3400 926 licet
3417 872 3586 940 exigui
3609 880 3660 923 et
3682 871 3801 924 viles
3828 886 3914 923 esst

2388 972 2685 1027 videantur.
2711 968 2842 1023 Nam
2872 977 2926 1020 et
2958 966 3278 1020 frumentum
3306 964 3451 1031 palea
3486 963 3656 1014 minus
3678 968 3769 1022 νει,
3788 978 3914 1029 quan

2392 1072 2500 1118 tum
2532 1062 2601 1116 ad
2630 1075 2954 1123 mensuram,
2978 1066 3229 1126 quantum
3258 1055 3322 1108 ad
3353 1064 3595 1108 naturam
3623 1063 3803 1113 autem,
3832 1068 3909 1105 me

2390 1153 2512 1209 lius.
2550 1151 2627 1206 Ne
2653 1149 2833 1205 saeculi
2862 1162 3082 1218 pompas
3112 1142 3364 1215 respicias
3397 1161 3409 1197 :
3442 1158 3562 1196 nam
3592 1142 3687 1196 illa:
3707 1142 3802 1211 igni
3830 1158 3914 1195 sun

2391 1255 2620 1317 paratae;
2653 1243 2748 1299 sed
2779 1257 2897 1297 eam
2923 1256 3040 1310 quae
3069 1238 3362 1295 secundum
3394 1236 3559 1291 Deum
3584 1244 3661 1288 est
3696 1232 3913 1287 humilita

2395 1347 2500 1393 tem
2524 1377 2539 1401 ,
2571 1334 2794 1391 solidam
2824 1332 2970 1387 illam
2990 1372 3006 1397 ,
3044 1328 3459 1385 indissolubilem
3482 1369 3499 1393 ,
3530 1343 3647 1397 quae
3674 1326 3830 1379 scindi
3855 1341 3914 1378 ne

2393 1437 2587 1498 queat,
2630 1440 2801 1494 neque
2843 1422 2911 1476 ab
2954 1423 3075 1492 igne
3114 1420 3377 1474 comburi.
3428 1418 3646 1487 Propter
3685 1415 3775 1471 hos
3813 1419 3913 1471 enit

2395 1522 2578 1593 paleas
2604 1519 2867 1588 patienter
2883 1515 3003 1579 fert,
3021 1523 3077 1571 ut
3102 1529 3166 1568 ex
3198 1513 3407 1567 illorum
3429 1510 3696 1565 consortio
3719 1508 3914 1563 meliore

2398 1612 2543 1665 fiant.
2588 1610 2711 1665 Ideo
2753 1606 2988 1663 nondum
3027 1604 3284 1674 judicium
3322 1611 3439 1668 est,
3483 1611 3538 1655 ut
3566 1614 3743 1654 omnes
3772 1599 3914 1669 paritr

2396 1715 2749 1766 coronemur,
2788 1707 2845 1752 ut
2880 1712 2909 1751 a
2944 1694 3178 1765 nequitia
3209 1692 3357 1747 multi
3387 1690 3454 1745 ad
3482 1691 3717 1744 virtutem
3743 1703 3914 1743 convei

2398 1803 2594 1847 tantur.
2628 1790 3055 1845 inhorrescamus
3076 1787 3250 1856 igitur,
3274 1784 3409 1837 hanc
3436 1780 3730 1852 parabolam
3752 1782 3914 1835 audiet

2399 1894 2500 1941 tes.
2530 1881 2740 1939 Etenim
2763 1878 3205 1950 inexstinguibilis
3222 1885 3303 1930 est
3329 1876 3415 1930 ille
3441 1875 3594 1944 ignis.
3623 1873 3683 1927 Et
3704 1876 3913 1944 qur-moi

2401 1972 2881 2046 incxstinguibilis?
2930 1970 3154 2041 inquies.
3202 1971 3392 2023 Annon
3432 1965 3581 2021 vides
3629 1964 3765 2019 hunc
3803 1965 3911 2018 sole

2401 2084 2613 2138 semper
2638 2068 2947 2130 ardentem,
2984 2071 3038 2117 et
3081 2076 3368 2129 numquam
3410 2057 3759 2112 exstinctum?
3795 2072 3914 2109 annt

2403 2162 2577 2217 vidisti
2607 2160 2795 2215 rubum
2822 2157 3097 2212 ardentem
3119 2196 3135 2221 ,
3166 2163 3217 2207 et
3250 2168 3353 2207 non
3378 2149 3746 2206 combustum?
3781 2147 3835 2205 Si
3875 2152 3905 2203 it

2403 2271 2506 2324 que
2542 2264 2596 2308 et
2633 2253 2744 2321 ipse
2771 2252 2852 2305 vis
2889 2249 3153 2303 ﬂammam
3198 2244 3462 2315 effugere,
3509 2240 3914 2297 immisericorde

2404 2361 2524 2400 esse
2550 2342 2694 2414 prius
2719 2341 2913 2396 desiste
2937 2381 2952 2405 ,
2993 2338 3175 2408 sicque
3217 2334 3416 2390 nullutn
3448 2347 3623 2387 sumes
3665 2333 3797 2401 ignis
3841 2332 3911 2384 illi

2405 2438 2847 2505 experimentum.
2875 2430 3005 2486 Nam
3031 2430 3077 2483 si
3109 2427 3194 2483 hic
3221 2441 3281 2481 ea
3305 2440 3423 2496 quae
3450 2425 3714 2487 dicuntur,
3736 2423 3914 2477 credid

2409 2526 2504 2591 ris,
2534 2540 2653 2580 cum
2682 2524 2802 2578 illuc
2830 2518 3229 2589 transmigrabis
3248 2559 3262 2581 ,
3294 2515 3564 2572 fornacem
3596 2531 3697 2567 non
3729 2511 3914 2567 videbit

2408 2617 2452 2671 si
2478 2626 2657 2671 autem
2685 2614 2773 2669 hic
2796 2629 2899 2668 non
2922 2611 3234 2675 credideris,
3260 2609 3369 2664 illic
3390 2615 3638 2677 expertus
3657 2616 3802 2661 certo
3823 2605 3914 2659 scit

2409 2708 2620 2779 quando
2648 2706 2877 2777 effugere
2902 2703 3033 2758 ultra
3059 2717 3162 2756 non
3186 2701 3402 2771 poteris.
3433 2699 3733 2754 lnevitabile
3758 2713 3913 2767 namq

2410 2798 2727 2869 supplicium
2768 2807 2849 2852 est
2892 2797 2955 2849 iis
2993 2794 3082 2865 qui
3119 2801 3265 2849 recte
3304 2793 3465 2846 vitam
3493 2805 3593 2844 non
3626 2788 3914 2842 instituerul

2411 2892 2593 2962 Neque
2630 2890 2769 2944 cnim
2811 2887 3006 2941 sufficit
3045 2894 3245 2939 tantum
3290 2881 3537 2946 credere;
3568 2895 3685 2934 nam
3716 2878 3914 2933 damnor

2415 2984 2578 3037 lteum
2610 2981 2888 3035 horrentes
2919 2980 3139 3041 timent,
3172 2975 3264 3029 sed
3302 2972 3644 3027 nihilominus
3668 2970 3914 3024 cruciabu

2415 3086 2516 3129 tur.
2565 3071 2922 3139 Quamobrem
2967 3069 3129 3122 multa
3174 3063 3327 3120 nobis
3365 3062 3631 3133 diligentia
3658 3070 3739 3115 est
3765 3074 3899 3128 opus

2414 3166 2573 3219 vitam
2602 3159 2999 3216 instituendam.
3036 3157 3159 3211 ideo
3187 3171 3415 3224 namque
3443 3154 3526 3206 hic
3560 3165 3653 3205 vos
3689 3151 3909 3219 frequen

2414 3267 2816 3324 congregatnus,
2857 3266 2961 3303 non
2994 3257 3051 3302 ut
3091 3247 3194 3301 huc
3234 3241 3601 3314 ingrediamini
3641 3250 3914 3303 tantum,s

2417 3355 2475 3401 ut
2515 3361 2580 3400 ex
2627 3344 2727 3399 hac
2766 3342 2993 3396 statione
3033 3340 3262 3407 aliquem
3301 3334 3526 3389 fructum
3572 3330 3914 3400 percipiatis:

2420 3452 2547 3493 vero
2572 3451 2784 3505 semper
2820 3432 3106 3496 accedatis,
3137 3445 3200 3485 ac
3220 3429 3335 3484 sine
3376 3425 3481 3481 ullo
3505 3424 3676 3479 fructu
3712 3421 3906 3477 recedo

2419 3528 2550 3584 nihil
2577 3543 2640 3583 ex
2670 3528 2910 3597 ingressu
2940 3533 2993 3578 et
3018 3534 3273 3577 consessu
3300 3516 3450 3572 vobis
3476 3515 3605 3570 lucri
3634 3512 3877 3569 accedet.

2419 3621 2561 3676 enim
2587 3616 2631 3672 si
2652 3632 2769 3673 cum
2795 3630 2985 3685 pueros
3001 3612 3065 3667 ad
3084 3609 3477 3679 luditnagistros
3499 3606 3781 3665 mittimus,
3800 3601 3846 3656 si
3880 3619 3913 3656 ιι

2421 3726 2514 3767 eos
2540 3709 2661 3765 inde
2692 3708 2894 3763 fructus
2922 3704 3122 3760 referre
3147 3701 3421 3756 videamus
3440 3741 3455 3763 ,
3486 3696 3890 3763 ludimagistros

2422 3804 2699 3858 hctuentcr
2743 3800 3080 3863 incusamus,
3124 3801 3174 3850 et
3220 3792 3286 3847 ad
3328 3791 3461 3846 alios
3508 3803 3652 3859 saepe
3694 3786 3914 3841 mittinn

2422 3908 2579 3964 quam
2616 3890 3010 3947 excusationem
3052 3884 3401 3957 proferemus,
3440 3881 3484 3936 si
3527 3894 3634 3935 non
3677 3876 3914 3933 eamden

2423 3987 2636 4052 virtute,
2680 3998 2838 4054 quam
2879 3981 2933 4035 in
2966 3978 3189 4035 terrenis
3225 3975 3384 4030 rebus
3408 3970 3761 4026 adhibeamus
3790 3968 3914 4037 dilig

2426 4079 2573 4145 tiam,
2592 4076 2685 4131 sed
2709 4088 2900 4129 vacuas
2924 4084 3137 4138 semper
3165 4066 3371 4121 tabulas
3389 4063 3606 4118 domum
3629 4067 3914 4129 reportem

2424 4168 2752 4236 Quamquam
2782 4163 2959 4234 plures
2982 4168 3037 4216 et
3059 4158 3286 4228 majores
3317 4155 3403 4209 hic
3430 4150 3669 4221 magistri
3699 4157 3855 4204 sunt.
3890 4148 3914 4202 ἲ

2428 4259 2714 4332 prophetas
2737 4265 2793 4312 et
2818 4251 3088 4325 apostolos
3116 4260 3170 4305 et
3192 4246 3537 4319 patriarchas,
3554 4253 3608 4299 et
3625 4242 3809 4313 justos
3831 4255 3914 4295 oar

2430 4352 2483 4406 in
2510 4348 2735 4420 singulis
2758 4342 3105 4401 conventibus
3131 4340 3462 4395 adhibemus.
3505 4338 3574 4390 At
3598 4350 3668 4388 ne
3689 4334 3773 4387 sic
3803 4332 3914 4402 qui.

2429 4441 2619 4511 aliquis
2656 4436 2925 4508 profectus
2954 4430 3402 4503 deprehenditur;
3435 4426 3528 4482 sed
3564 4435 3863 4494 postquam
3900 4438 3914 4475 ι

2430 4541 2606 4587 tresve
2645 4529 2879 4599 psalmos
2914 4520 3283 4579 succinueritis
3305 4561 3321 4588 ,
3351 4526 3407 4574 et
3428 4524 3718 4571 consuetas
3750 4513 3914 4567 oratii

2429 4618 2785 4694 perfunctorie
2814 4615 3116 4679 cmiseritis,
3139 4610 3340 4683 egressi
3367 4606 3579 4671 deinde,
3613 4604 3826 4675 putatis
3862 4602 3914 4656 id

2430 4691 2513 4768 bis
2542 4710 2609 4765 ad
2638 4710 2861 4765 salutem
2902 4720 3024 4760 esse
3064 4703 3212 4758 satis.
3253 4700 3367 4755 Non
3410 4696 3636 4752 audistis
3678 4691 3914 4763 prophel

2432 4806 2539 4858 imo
2570 4802 2734 4856 Deum
2766 4814 2858 4869 per
2885 4796 3196 4868 prophetam
3225 4793 3489 4849 dicentem
3517 4808 3532 4844 :
3564 4785 3820 4858 Populus
3852 4787 3913 4838 bi.

2433 4896 2527 4949 bii:
2550 4910 2627 4948 me
2645 4893 2858 4945 honorat
2882 4905 2901 4943 .'
2920 4905 3006 4943 cor
3024 4897 3190 4941 autem
3210 4901 3382 4939 eorum
3401 4884 3548 4952 longe
3571 4889 3648 4933 est
3679 4894 3715 4931 a
3745 4893 3833 4931 me
3873 4876 3893 4943 (

2434 4986 2524 5043 29.
2559 4986 2670 5053 13).
2696 4982 2774 5038 Ne
2803 4982 2958 5052 igitur
2986 4977 3115 5032 illud
3141 4977 3300 5032 etiam
3323 4971 3479 5027 nobis
3501 4969 3742 5034 accidat,
3767 4966 3905 5021 dele

2437 5092 2541 5143 ras,
2570 5078 2682 5130 sive
2713 5073 2891 5143 potius
2918 5071 3277 5132 characteres,
3308 5078 3444 5134 quos
3467 5060 3729 5117 diabolus
3758 5061 3914 5127 impr

2437 5172 2489 5226 in
2515 5169 2691 5224 anima
2721 5176 2830 5233 tua,
2848 5173 2903 5220 et
2921 5163 3052 5217 affer
3068 5161 3195 5215 mihi
3218 5173 3311 5213 cor
3329 5154 3684 5212 saecularibus
3706 5151 3913 5206 tumul

2436 5274 2657 5314 vacuum
2680 5297 2697 5324 ,
2726 5266 2785 5310 ut
2810 5270 2907 5325 pro
2936 5253 3104 5307 lubito
3130 5266 3248 5321 quae
3273 5248 3404 5304 mihi
3434 5248 3686 5317 placeant
3720 5243 3913 5298 inseri

2437 5350 2588 5406 Nunc
2617 5353 2812 5419 quippe
2836 5343 2967 5399 nihil
2993 5342 3063 5397 ibi
3090 5340 3229 5395 aliud
3255 5337 3470 5409 agnosci
3502 5341 3686 5406 potest
3710 5375 3729 5398 ,
3764 5331 3885 5387 nisi

2438 5442 2626 5501 litem,
2647 5437 2845 5507 rapinae
2857 5433 3120 5498 videlicet,
3139 5430 3380 5493 avaritia,
3401 5425 3619 5491 invidia,
3642 5424 3823 5478 livor.
3854 5419 3913 5475 id

2437 5547 2559 5589 cum
2584 5529 2786 5585 tabulas
2802 5534 3005 5581 vestras
3024 5521 3247 5592 accipio,
3264 5536 3331 5575 ne
3348 5518 3523 5589 legere
3542 5514 3781 5586 quidem
3809 5525 3914 5582 pos

2439 5623 2623 5693 Neque
2648 5620 2788 5676 enim
2819 5617 2937 5672 illas
2962 5615 3032 5670 ibi
3059 5612 3274 5668 invenio
3309 5610 3525 5675 literas,
3553 5619 3699 5677 quas
3729 5618 3847 5659 nos
3876 5600 3914 5655 d

2442 5712 2722 5773 dominicis
2752 5709 3104 5767 inscribentes
3134 5705 3205 5761 ibi
3232 5703 3616 5773 relinquimus;
3649 5697 3760 5755 sed
3795 5695 3914 5750 alia
