4054 6210
205 339 306 397 199

202 455 338 526 βίον.
374 458 421 492 ³ο
447 462 654 532 Μηδεὶς
676 465 852 518 τοίνυν
888 463 1119 534 γινέσθω
1148 464 1372 534 ἄχυρον.
1407 463 1596 533 μηδεὶς
1625 460 1774 530 εὒρί·

200 557 393 606 πιστος
435 544 599 608 ἔστω,
643 548 780 618 μηδέ
822 551 941 612 ταῖς
986 550 1248 618 πονηραῖς
1285 546 1604 616 ἐπιθυμίαις
1635 562 1772 615 προ-

202 624 426 690 κείσθω,
454 630 730 700 πανταχοῦ
762 632 961 702 ῥᾳδίως
1001 630 1092 684 ὑπ’
1127 629 1308 683 αὐτῶν
1341 626 1771 700 ἀναρριπιζόμει

198 725 306 772 νος-
344 709 445 763 “Av
481 712 582 781 μὲν
611 715 721 784 γὰρ
760 715 950 788 μείνῃς
982 717 1160 778 σῖτος,
1201 713 1304 767 κᾶν
1339 711 1645 783 πειρασμὸς
1679 713 1776 764 ἐπ-

199 790 416 863 ενεχθῇ,
432 792 588 846 οὐδὲν
608 795 770 868 πείσῃ
793 797 963 850 δεινόν
982 815 995 828 ·
1017 797 1239 867 καὶγὰρ
1262 795 1406 849 κατὰ
1424 794 1525 864 τὴν
1541 794 1654 848 ἅλω
1678 794 1775 862 τῆς

199 873 414 945 ἀμάξης
440 878 489 929 οἱ
519 879 705 948 τροχοὶ
736 881 787 933 οί
816 879 1252 952 πριστηροειδεῖς
1279 880 1374 933 τὸν
1395 882 1540 932 σῖτον
1573 878 1634 930 06
1655 877 1774 930 δια-

203 957 494 1026 τέμνουσιν
515 976 529 990 ⁸
553 960 620 1014 ἂν
640 961 699 1014 δὲ
728 964 808 1026 είς
830 962 1035 1036 ἀχύρου
1063 962 1380 1034 μεταπέσῃς
1395 962 1437 993 ³⁸
1465 959 1773 1024 ἀσθένειαν,

202 1041 294 1093 καὶ
324 1041 560 1096 ἐνταῦθα
608 1045 886 1116 ἀνήκεστα
931 1045 1096 1117 πείσῃ
1137 1046 1470 1116 κοπτόμενος
1505 1043 1610 1096 ὐπὸ
1638 1042 1776 1096 πάν⁶

198 1139 326 1184 των,
346 1124 441 1177 καὶ
461 1127 580 1179 ἐκεῖ
595 1127 696 1196 τὴν
714 1126 983 1183 ἀθάνατον
1005 1128 1290 1200 ὐποστήσῃ
1312 1127 1550 1180 κόλασιν.
1577 1127 1642 1178 Οἱ
1666 1125 1776 1196 γὰρ

198 1205 432 1260 τοιοῦτοι
465 1208 668 1272 πάντες
694 1212 790 1264 καὶ¹
823 1211 931 1283 πρὸ
961 1211 1062 1281 τῆς
1083 1213 1201 1265 ἐκεῖ
1216 1211 1449 1281 καμίνου
1470 1210 1646 1282 τροφὴ
1662 1211 1775 1272 τοῖς

195 1288 412 1357 ἀλόγοις
446 1291 687 1360 γίνονται
715 1294 948 1348 ἐνταῦθα
981 1295 1232 1357 πάθεσιν,
1259 1294 1448 1364 ῶσπερ
1480 1295 1542 1347 τὸ
1573 1295 1776 1364 ἄχυρον

194 1373 307 1435 τοῖς
333 1372 548 1444 ἀλόγοις
568 1376 754 1440 ζώοις·
787 1379 882 1432 καὶ
906 1379 1023 1431 ἐκεῖ
1053 1378 1215 1432 πάλιν
1240 1377 1340 1448 ὕλη
1369 1379 1464 1432 καὶ
1495 1376 1670 1448 τροφὴ
1697 1376 1777 1447 τῷ

193 1455 349 1526 πυρί.
382 1456 457 1511 T6
476 1457 575 1528 μὲν
595 1454 688 1512 οὖν
711 1461 884 1513 εἰπεῖν
915 1460 976 1524 ἐξ
995 1460 1233 1524 εὐθείας,
1261 1460 1344 1512 ὅτι
1368 1460 1539 1522 Αὐτὸς
1565 1459 1775 1513 δικάσει

189 1538 308 1600 τοῖς
337 1539 664 1610 γινομένοις,
690 1542 790 1610 οὐχ
816 1540 990 1605 οὕτως
1019 1541 1194 1595 ἐποίει
1229 1541 1640 1611 εὐπαράδεκτον
1681 1540 1776 1593 τὸν

190 1617 382 1688 λόγον’
410 1621 472 1675 τὸ
494 1622 553 1675 δέ
579 1622 839 1692 ἀναμίξαι
862 1625 962 1693 τὴν
995 1623 1330 1695 παραϐολὴν,
1355 1624 1449 1676 καὶ
1468 1621 1778 1692 διὰταύτης

189 1705 612 1758 κατασκευάσαι
636 1705 697 1757 16
717 1707 847 1767 πᾶν,
877 1704 1077 1776 μᾶλλον
1100 1705 1307 1768 ἔπειθε,
1326 1707 1421 1759 καὶ
1442 1705 1581 1776 μετὰ
1599 1705 1779 1758 πλείο⁹

185 1801 280 1849 νος
326 1787 692 1857 παραμυθίας
741 1788 1026 1856 ἐφείλκετο
1076 1787 1167 1840 τὸν
1207 1789 1503 1859 ἀκροατήν.
1548 1787 1639 1840 Διὸ
1680 1787 1776 1839 καὶ.

186 1869 256 1922 τὰ
279 1867 510 1923 πλείονα
540 1868 716 1932 οὑτως
735 1871 919 1932 αὐτοῖς
937 1870 1102 1933 αὐτὸς
1125 1871 1172 1901 ³²
1197 1868 1525 1938 διαλέγεται,
1569 1869 1772 1934 ἅλωνα,

188 1951 286 2004 καὶ
318 1951 555 2021 ἀμητὺν,
589 1953 686 2005 καὶ
714 1951 1036 2021 ἀμπελῶνα,
1071 1952 1166 2005 καὶ
1180 1951 1362 2022 ληνὸν,
1385 1952 1479 2005 καὶ
1508 1951 1774 2024 ἄρουραν,

186 2036 287 2090 καὶ
316 2035 585 2104 σαγήνην.
611 2036 703 2088 καὶ
733 2035 888 2106 [1571
927 2036 1133 2101 ἀλείαν,
1152 2037 1248 2090 καὶ
1273 2036 1450 2089 πάντα
1473 2035 1544 2090 τά
1567 2035 1770 2107 συνήθη

189 2118 291 2170 καὶ
319 2119 378 2169 ἐν
408 2111 489 2179 οἷς
517 2118 865 2187 ἐστρέφοντο,
887 2121 1002 2181 τοῖς
1023 2118 1203 2186 λόγοις
1230 2118 1424 2188 μιγνὺς
1441 2121 1552 2181 τοῖς
1580 2119 1770 2174 αὐτοῦ.

187 2203 374 2272 ’Ὅπερ
407 2197 500 2254 οῦν
535 2203 631 2254 καὶ
668 2203 696 2254 6
735 2202 1049 2272 Βαπτιστὴς
1087 2200 1323 2255 ἐνταῦθα
1353 2203 1644 2273 πεποίηκε,
1678 2203 1773 2255 καὶ

182 2284 470 2348 ἀπόδειξιν
509 2283 774 2354 μεγίστην
810 2286 1114 2357 παρέσχετο
1152 2285 1262 2338 τῶν
1302 2286 1629 2358 εἰρημένων,
1671 2286 1772 2357 τὴν

180 2365 282 2418 τοῦ
309 2365 627 2437 Πνεύματος
653 2367 818 2421 δόσιν.
866 2368 927 2420 ’0
965 2369 1074 2438 γὰρ
1095 2367 1334 2421 τοσαῦτα
1360 2369 1675 2439 δυνάμενος,
1696 2368 1772 2432 ὡς

191 2450 296 2502 καὶ
333 2450 712 2520 ἁμαρτήματα
747 2451 987 2520 ἀφεῖναι,
1036 2453 1131 2504 καὶ
1175 2452 1400 2523 Πνεῦμα
1435 2453 1642 2518 δοῦναι,
1676 2454 1771 2507 καὶ

178 2531 363 2586 ταῦτα
403 2531 583 2602 πολλῷ
634 2533 834 2603 μᾶλλον
881 2535 1194 2604 δυνήσεται,
1234 2535 1420 2605 φησίν.
1472 2531 1626 2598 Εἶδες
1652 2535 1772 2598 πῶς

186 2616 296 2688 ἤδη
326 2615 386 2669 16
413 2617 709 2686 μυστήριον
741 2616 1049 2679 ἀκολούθως
1081 2619 1552 2689 προκατεὸάλλετο
1582 2621 1628 2651 ³³
1669 2622 1771 2688 τῆς

178 2698 545 2761 ἀναστάσεως
593 2699 688 2752 καὶ
737 2699 839 2768 τῆς
897 2699 1165 2771 κρίσεως-ς
1215 2701 1327 2754 Kal
1372 2700 1516 2763 τίνος
1554 2701 1764 2765 ἕνεκεν,

181 2782 376 2850 φησὶν,
408 2782 508 2834 οὐκ
545 2777 666 2834 εἰπε
701 2782 771 2835 τά
802 2781 1009 2845 εὐθέως
1036 2782 1271 2852 ἐσόμενα
1301 2783 1434 2854 παρ’
1470 2782 1633 2835 αὑτοῦ
1674 2799 1771 2852 ση-

183 2867 318 2934 μεῖα
344 2866 440 2917 καὶ
462 2863 668 2934 τέρατα
693 2883 708 2930 ;
741 2866 863 2919 Ὅτι
887 2865 1048 2918 τοῦτο
1076 2866 1262 2936 μεῖζον
1285 2867 1538 2920 ἁπάντων
1559 2861 1650 2936 ἦν,
1677 2867 1771 2919 καὶ

175 2948 269 3001 διά
292 2947 452 3001 τοῦτο
481 2947 526 2979 ³⁸
551 2950 729 3002 πάντα
752 2949 938 3002 ἐκεῖνα
968 2949 1197 3017 ἐγίνετο.
1231 2949 1304 3002 Τὸ
1333 2949 1442 3020 γάρ
1476 2949 1770 3018 κεφάλαιον

178 3030 322 3093 θεὶς,
353 3030 530 3084 πάντα
553 3031 846 3100 περιέλαϐε
868 3048 882 3062 ο
906 3031 1138 3086 θανάτου
1155 3032 1328 3095 λύσιν,
1354 3034 1769 3104 ἁμαρτημάτων

175 3113 490 3184 ἀναίρεσιν,
511 3115 756 3186 κατάρας
783 3114 1111 3186 ἀφανισμὸν,
1135 3115 1242 3169 τῶν
1261 3115 1491 3186 χρονίων
1519 3116 1769 3186 πολέμων

175 3196 507 3268 ἀπαλλαγὴν
530 3239 544 3261 ,
585 3198 683 3268 τὴν
721 3199 803 3260 είς
838 3197 930 3250 τὸν
957 3197 1288 3269 παράδεισον
1308 3199 1533 3262 εῐσοδον,
1565 3199 1665 3270 τὴν
1688 3201 1769 3263 είς

173 3282 445 3352 οὑρανοῦς
468 3281 654 3335 ἄνοδον
677 3281 744 3345 ³⁸,
763 3281 863 3354 τὴν
896 3282 1036 3353 μετά
1061 3281 1309 3350 ἀγγέλων
1334 3282 1630 3346 πολιτείαν,
1663 3283 1763 3353 τὴν

174 3363 292 3418 τῶν
343 3364 648 3434 μελλόντων
691 3364 916 3433 ἀγαθῶν
962 3366 1279 3419 κοινωνίαν’
1318 3366 1412 3418 καὶ
1459 3365 1569 3436 γάρ
1614 3359 1768 3430 οὗτος

174 3446 442 3517 ἀρραϐὼν
493 3447 718 3501 ἐκείνων
767 3447 936 3501 ἐστίν.
987 3448 1170 3501 Εἰπὼν
1197 3447 1377 3501 τοίνυν
1413 3447 1592 3511 τοῦτο,
1646 3445 1768 3502 εἷπε

178 3530 279 3582 καὶ
305 3528 408 3600 τὴν
437 3528 548 3582 τῶν
595 3530 867 3599 σωμάτων
901 3531 1218 3597 ἀνάστασιν,
1262 3531 1354 3584 καὶ
1400 3530 1500 3600 τὴν
1542 3530 1651 3584 τῶν
1682 3533 1768 3584 ἐν·

171 3610 360 3666 ταῦθα
391 3613 634 3684 σημείων
663 3613 947 3680 ἐπίδειξιν,
982 3615 1077 3667 καὶ
1101 3613 1200 3685 τὴν
1220 3613 1318 3684 τῆς
1350 3614 1628 3685 βασιλείας
1652 3632 1768 3668 κοι-

172 3695 401 3758 νωνίαν,
426 3695 521 3748 καὶ
544 3695 614 3748 τὰ
641 3695 842 3764 ἀγαθὰ.
883 3699 952 3750 Ἀ
985 3697 1298 3765 ὀφθαλμὸς
1330 3700 1441 3751 οὐκ
1475 3693 1617 3761 εἶδε,
1666 3699 1765 3753 καὶ

173 3775 296 3844 οὖς
328 3781 442 3832 οὐκ
467 3779 721 3848 ἤκουσε,
757 3781 854 3834 καὶ
881 3780 982 3833 ἐπὶ
1020 3781 1276 3848 καρδίαν
1306 3782 1626 3850 ἀνθρώπου
1655 3784 1767 3836 οὐκ

171 3861 389 3929 ἀνέϐη.
422 3863 606 3916 Πάντα
628 3863 738 3934 γὰρ
757 3862 929 3916 ταῦτα
957 3863 1025 3917 δι’
1061 3863 1272 3917 ἐκείνου
1298 3864 1393 3917 τοῦ
1429 3864 1766 3936 χαρίσματος

169 3947 316 4016 ἡμῖν
357 3945 690 4016 παρέσχετο.
738 3946 1002 4016 Περιττὺν
1048 3948 1230 4001 τοίνυν
1257 3943 1325 4018 ἦν
1363 3948 1493 4021 περὶ
1535 3947 1644 4002 τῶν
1672 3966 1766 4019 ση-

175 4028 354 4098 μείων
393 4029 570 4081 είπεῖν
600 4029 712 4082 τῶν
741 4029 947 4093 εὐθέως
976 4029 1385 4100 ἐκϐησομένων,
1419 4031 1516 4084 καὶ⁵
1538 4033 1604 4101 τῇ
1644 4029 1766 4100 ὄψει

172 4110 521 4183 κρινομένων
541 4127 555 4140 °
588 4111 704 4165 ἀλλ’
732 4113 872 4184 ὑπέρ
897 4113 1121 4166 ἐκείνων
1155 4113 1264 4167 εδει
1288 4112 1660 4184 διαλεχθῆναι,
1691 4109 1767 4167 ὦν

169 4193 557 4265 ἀμφέϐαλλον·
582 4189 718 4257 οἷον,
739 4197 823 4250 ὅτι
849 4196 978 4260 Υἱὸς
1005 4195 1142 4250 Θεοῦ
1169 4197 1336 4253 ἐστιν.
1367 4197 1448 4249 ὅτι
1483 4196 1766 4266 ὑπερέχων

170 4277 269 4332 τοῦ
327 4277 574 4332 Ἰωάννου
613 4280 986 4351 ἀσυγκρίτως,
1036 4279 1119 4333 ὅτι
1168 4280 1317 4351 αἴρει
1355 4279 1457 4351 τὴν
1489 4281 1766 4352 ἁμαρτίαν

169 4361 272 4416 τοῦ
303 4362 534 4434 κόσμου,
569 4363 654 4417 δτι
687 4363 844 4434 δίκην
867 4364 1164 4435 ἀπαιτήσει
1197 4364 1308 4416 τῶν
1333 4365 1761 4436 πεπραγμένων,

171 4447 262 4498 ὅτι
295 4445 361 4497 οὐ
405 4445 569 4517 μέχρι
617 4445 710 4499 τοῦ
760 4447 1031 4517 παρόντος
1063 4448 1131 4500 τὰ
1176 4445 1442 4520 ἡμέτερα,
1488 4447 1602 4500 ἀλλ’
1652 4449 1768 4501 ἐκεῖ

175 4528 276 4598 τὴν
298 4528 458 4596 ἀξίαν
483 4528 715 4592 ἕκαστος
745 4531 1111 4600 ὑποστήσεται
1133 4537 1422 4602 τιμωρίαν.
1456 4529 1639 4585 Ταῦτα
1658 4530 1767 4601 γὰρ

169 4611 300 4680 ὄψει
337 4613 693 4684 παραστῆσαι
731 4612 871 4676 τέως
909 4614 1009 4666 οὐκ
1032 4609 1122 4683 ἦν.

247 4693 317 4761 ζ’.
342 4695 388 4726 ³⁸
413 4694 579 4751 Ταῦτ’
607 4693 701 4749 οὖν
726 4697 948 4760 εἰδότες,
973 4697 1142 4768 πολλῇ
1251 4697 1452 4767 σπουδῇ
1481 4695 1763 4768 χρώμεθα,

165 4776 282 4842 ἕως
313 4776 383 4831 ἂν
395 4769 549 4848 ὦμεν
571 4779 632 4832 ἐν
654 4782 722 4849 τῇ
748 4779 910 4832 ἇλωνι
931 4794 945 4808 ’
978 4781 1072 4832 καὶ
1100 4780 1208 4849 γὰρ
1230 4779 1440 4844 ἔξεστιν
1461 4780 1695 4834 ἐνταῦθα
1718 4781 1762 4812 ⁸⁷

159 4856 298 4913 οὖσι
331 4862 429 4914 καὶ
453 4861 512 4925 ἐξ
545 4861 757 4933 άχύρου
781 4863 1183 4933 μεταϐαλέσθαι
1206 4863 1250 4893 ³⁸
1275 4865 1355 4926 εἰς
1387 4867 1550 4928 σῖτον,
1575 4863 1766 4934 ῶσπερ

160 4939 274 4999 οὖν
304 4946 402 4999 καὶ
428 4947 538 5000 ἀπὸ
575 4948 727 5001 σίτου
759 4946 950 5000 πολλοὶ
971 4948 1262 5016 γεγόνασιν
1293 4947 1517 5019 ἄχυρον.
1549 4947 1642 5018 Μὴ
1662 4949 1766 5001 τοί-

159 5046 271 5081 νυν
295 5029 684 5100 ἀναπέσωμεν,
728 5031 866 5101 μηδέ
903 5031 1091 5101 ἀνέμῳ
1125 5031 1288 5084 παντὶ
1317 5031 1763 5102 περιφερώμεθα,

158 5113 316 5184 μηδὲ
336 5112 449 5166 τῶν
471 5113 722 5182 ἀδελφῶν
747 5113 1178 5184 ἀποσχιζώμεθα
1201 5113 1310 5166 τῶν
1331 5115 1638 5184 ἡμετέρων,
1660 5115 1766 5167 κᾶν

154 5197 372 5269 μικροὶ
397 5196 633 5249 δοκῶσιν
661 5193 801 5250 εἶναι
837 5197 933 5250 καὶ
968 5197 1206 5259 εὐτελεῖς
1233 5213 1246 5227 ·
1285 5197 1407 5250 ἐπεὶ
1435 5198 1530 5250 καὶ
1563 5198 1593 5251 6
1620 5201 1764 5262 σῖτος

1329 342 1396 397 IN
1435 337 1853 397 ΜΑἸἼΊΙᾸΞΒΜ
1894 338 2130 396 IIOMIL.
2171 341 2260 397 XI.

3348 342 3452 397 Quo

1875 457 2011 510 Θεὸν
2032 460 2420 530 ταπεινότητα,
2445 461 2543 532 τὴν
2562 459 2797 531 στερρὰν
2820 459 3021 529 ταύτην
3036 460 3127 512 καὶ
3148 458 3451 525 ἀδιάλυτον,

1875 541 1969 594 καὶ
1994 542 2272 612 τμηθῆναι
2322 543 2396 614 μὴ
2437 543 2762 614 δυναμένην,
2815 542 2948 614 μηδέ
2993 543 3097 596 ὑπὸ
3143 542 3238 595 τοῦ
3283 541 3458 613 πυγὸς

1876 626 2194 694 καιομένην.
2227 625 2325 678 Διά
2356 625 2465 694 γάρ
2485 626 2708 689 τούτους
2733 626 2828 680 καὶ
2851 624 2928 696 τῷ
2957 625 3145 696 ἀχύρῳ
3180 625 3457 695 μακροθυ-

1879 709 1988 777 μεῖ,
2025 707 2111 760 ἵνα
2141 707 2249 760 ἀπὸ
2293 711 2391 779 τῆς
2439 709 2576 780 πρὸς
2602 710 2800 772 αὐτοὺς
2838 708 3055 778 ὁμιλίας
3101 708 3343 778 βελτίους
3372 708 3458 775 γέ-

1875 805 2092 842 νωνται.
2143 789 2240 842 Διά
2284 790 2442 842 τοῦτο
2475 789 2627 843 οὐπω
2672 789 2874 861 κρίσις,
2925 791 3013 846 ἵνα
3056 794 3208 861 κοινῇ
3256 791 3456 853 πάντες

1879 872 2336 943 στεφανωθῶμεν,
2373 874 2458 926 ἶνα
2491 874 2598 927 άπὸ
2641 874 2905 945 πονηρίας
2958 875 3144 928 πολλοὶ
3184 875 3452 944 μεταδληο

1877 954 2045 1007 θῶσιν
2070 955 2116 987 ³³
2132 957 2211 1019 είς
2237 957 2460 1027 ἀρετήν.
2486 957 2769 1028 Φρίξωμεν
2789 958 2988 1021 τοίνυν,
3013 958 3113 1027 τῆς
3142 957 3456 1028 παραϐολῆς

1873 1036 2083 1107 ταύτης
2106 1037 2418 1102 ἀκούοντες.
2455 1039 2566 1093 Καὶ
2586 1040 2696 1110 γὰρ
2730 1039 2994 1094 ἄσϐεστόν
3019 1041 3168 1093 ἐστιν
3193 1042 3371 1093 ἐκεῖνο
3397 1040 3458 1092 16

1876 1120 2009 1190 πῦρ.
2047 1121 2158 1175 Καὶ
2185 1121 2327 1184 πῶς,
2370 1122 2557 1193 φησὶν,
2585 1122 2883 1188 ἄσϐεστον;
2929 1124 3042 1194 Οὐχ
3069 1125 3202 1193 ὁρᾷς
3247 1124 3461 1175 τουτονὶ

1877 1201 1969 1255 τὸν
1999 1202 2152 1272 ἥλιον
2174 1205 2464 1275 καιόμενον
2493 1204 2602 1269 ἀεὶ,
2637 1205 2732 1259 καὶ
2758 1206 3030 1276 μηδέποτε
3063 1205 3455 1275 σϐεννύμενον;

1877 1286 1980 1338 οὐκ
2007 1283 2146 1350 εἶδες
2178 1288 2278 1356 τὴν
2313 1287 2474 1358 βάτον
2514 1287 2562 1360 [Ι
2575 1287 2665 1360 58]
2699 1289 3018 1360 καιομένην,
3051 1289 3146 1344 καὶ
3181 1289 3256 1359 μὴ
3286 1306 3456 1341 κατα-

1877 1368 2214 1441 καιομένην;
2239 1371 2301 1423 Et
2331 1371 2512 1424 τοίνυν
2543 1372 2639 1424 καὶ
2664 1373 2828 1435 αὐτὸς
2852 1371 3029 1441 βούλει
3055 1373 3334 1442 διαφυγεῖν
3360 1371 3458 1442 τὴν

1877 1451 2076 1518 φλόγα,
2107 1453 2208 1523 τὴν
2243 1453 2617 1524 ἐλεημοσύνην
2648 1455 2695 1486 ⁵⁸
2721 1456 3034 1526 προαπόθου
3053 1454 3131 1520 ’“,
3170 1456 3263 1510 καὶ
3285 1453 3459 1518 οὕτως

1877 1532 1997 1585 οὐδὲ
2028 1536 2225 1605 πεῖραν
2261 1534 2408 1607 λήψῃ
2447 1536 2542 1589 τοῦ
2583 1537 2755 1607 πυρὸς
2797 1539 3026 1591 ἐκείνου.
3067 1538 3164 1591 ’Ἂν
3202 1537 3300 1609 μὲν
3348 1536 3459 1607 γὰρ

1878 1615 2114 1669 ἐνταῦθα
2140 1617 2440 1689 πιστεύσῃς
2458 1621 2570 1682 τοῖς
2600 1619 2936 1690 λεγομένοις,
2963 1621 3082 1674 οὐδέ
3102 1621 3224 1691 ὕψει
3241 1620 3338 1690 τὴν
3361 1621 3459 1673 κά-

1883 1714 2037 1768 μινον
2082 1698 2307 1770 ταύτην,
2356 1700 2611 1754 ἀπελθὼν
2662 1702 2875 1756 ἐκεῖσε·
2926 1704 3021 1757 ἐὰν
3052 1703 3109 1756 δὲ
3146 1704 3457 1774 ἀπιστήσῃς

1878 1780 2017 1850 αὐτῇ
2039 1780 2155 1845 νῦν,
2185 1783 2303 1834 ἐκεῖ
2319 1783 2407 1836 διὰ
2422 1783 2522 1853 τῆς
2551 1783 2748 1854 πείρας
2783 1787 2905 1858 εἴσῃ
2931 1787 3132 1850 καλῶς,
3155 1787 3242 1839 ὅτε
3268 1786 3387 1838 οὐδέ
3409 1787 3456 1817 δ’

1874 1861 2159 1939 διαφυγεῖν
2187 1864 2434 1918 δυνατόν.
2465 1865 2577 1919 Καὶ
2622 1867 2731 1935 γὰρ
2761 1868 3136 1940 ἀπαραίτητος
3167 1870 3201 1939 ἡ
3234 1869 3457 1931 κόλασις

1876 1947 1990 2009 τοῖς
2025 1947 2130 1999 οὐκ
2166 1947 2328 2018 ὀρθὸν
2355 1948 2813 2020 ἐπιδεδειγμένοις
2840 1949 2975 2021 βίον.
3007 1951 3143 2005 Οὐδὲ
3164 1953 3274 2023 γάρ
3296 1955 3460 2023 ἀρκεῖ

1873 2027 1938 2080 τὸ
1969 2029 2259 2083 πιστεῦσαι
2287 2030 2469 2101 μόνον’
2501 2031 2626 2084 ἐπεὶ
2655 2032 2751 2085 καὶ
2783 2032 3035 2105 δαίμονες
3063 2035 3348 2105 φρίττουσι
3363 2035 3459 2088 τὸν

1873 2111 2030 2175 Θεὸν,
2087 2113 2226 2167 άλλά
2259 2115 2352 2168 καὶ
2380 2114 2524 2168 οὕτω
2568 2116 3067 2188 τιμωρηθήσονται.
3117 2118 3210 2172 Διὸ
3255 2120 3456 2190 πολλῆς

1875 2195 2008 2266 ἡμῖν
2033 2196 2132 2266 τῆς
2160 2199 2302 2252 κατά
2323 2198 2416 2250 τὸν
2439 2198 2551 2269 βίον
2581 2199 2898 2270 ἐπιμελείας
2921 2201 3019 2254 δεῖ.
3043 2201 3141 2255 Διά
3160 2202 3267 2274 γὰρ
3297 2204 3457 2256 τοῦτο

1875 2278 1970 2330 καὶ
2000 2279 2235 2334 ἐνταῦθα
2265 2281 2409 2351 ὑμᾶς
2437 2283 2678 2352 συνεχῶς
2697 2285 3022 2354 συνάγομεν,
3041 2285 3138 2356 οὐχ
3161 2286 3246 2339 ἵνα
3275 2287 3455 2339 εἰσέλ-

1874 2358 2004 2430 θητε
2036 2362 2214 2431 μόνον,
2247 2364 2360 2416 ἀλλ’
2393 2365 2480 2417 ἵνα
2509 2382 2560 2417 τι
2606 2366 2701 2418 καὶ
2748 2366 3115 2439 καρπώσησθε
3143 2369 3240 2438 τῆς
3283 2369 3329 2400 ⁸³
3364 2371 3452 2422 ὲν-

1871 2442 2048 2497 ταῦθα
2076 2444 2357 2516 διατριϐῆς
2380 2464 2393 2477 ·
2429 2446 2496 2500 ἂν
2524 2447 2581 2499 δὲ
2608 2449 2986 2520 παραγίνησθε
3011 2451 3110 2520 μὲν
3139 2451 3246 2511 ἀεὶ,
3285 2451 3455 2522 μηδὲν

1871 2525 1930 2578 δὲ
1969 2526 2224 2580 ἐντεῦθεν
2277 2528 2651 2600 καρπούμενοι
2697 2532 3016 2603 ἀναχωρῆτε
3049 2533 3116 2596 ⁸⁵,
3163 2533 3315 2586 οὐδὲν
3355 2534 3455 2602 τῆς

1872 2607 2108 2661 ἐνταῦθα
2145 2610 2353 2663 εἰσόδου
2389 2612 2484 2664 καὶ
2512 2614 2873 2684 προσεδρείας
2905 2613 3060 2666 ἔσται
3097 2633 3151 2667 τι
3187 2615 3366 2670 πλέον.
3392 2617 3454 2668 Εἰ

1872 2690 1982 2761 γάρ
2008 2691 2197 2745 παιδία
2232 2693 2369 2763 πρὸς
2397 2693 2752 2759 διδασκάλους
2787 2696 3121 2766 πέμποντες.
3152 2698 3218 2751 ἂν
3257 2698 3454 2767 ἴδωμεν

1871 2775 2081 2826 ἐκεῖθεν
2129 2775 2297 2846 μηδὲν
2329 2777 2708 2847 καρπούμενα,
2748 2778 2969 2849 σφοδροὶ
3001 2782 3295 2850 κατήγοροι
3344 2779 3454 2832 τῶν

1869 2856 2208 2911 διδασκάλων
2245 2859 2533 2930 γινόμεθα,
2579 2862 2676 2914 καὶ
2721 2862 2857 2932 πρὸς
2896 2863 3117 2934 ἐτέρους
3157 2864 3296 2917 αὐτά
3328 2867 3455 2935 μεθ-

1875 2937 2104 3011 ίσταμεν
2127 2941 2174 2973 “
2222 2941 2518 3006 πολλάκις’
2553 2944 2679 2998 τίνα
2722 2945 2916 3015 ἕξομεν
2949 2946 3264 3015 ἀπολογίαν,
3320 2949 3456 3018 μηδέ

1870 3024 2004 3093 ὅσην
2031 3025 2216 3089 ἐντοῖς
2234 3026 2440 3096 γηῖνοις
2467 3026 2698 3092 τούτοις,
2727 3028 2996 3099 τοσαύτην
3021 3032 3088 3101 τῇ
3119 3030 3286 3100 ἀρετῇ
3313 3047 3457 3102 παρ-

1871 3106 2088 3176 έχοντες
2136 3108 2234 3179 τὴν
2282 3109 2539 3179 σπουδὴν.
2585 3111 2722 3164 ἀλλά
2755 3111 2933 3174 κενάς
2974 3113 3062 3166 ἀεὶ
3108 3113 3207 3177 τάς
3238 3114 3455 3179 δέλτους

1868 3191 2052 3244 οἴκαδε
2099 3194 2386 3263 φέροντες;
2437 3195 2630 3248 Καίτοι
2687 3196 2781 3249 καὶ
2831 3196 3050 3262 πλείους
3092 3197 3185 3250 καὶ
3238 3199 3454 3269 μείζους

1869 3274 2107 3328 ἐνταῦθα
2137 3277 2185 3327 οί
2223 3275 2554 3330 διδάσκαλοι.
2589 3279 2699 3331 Καὶ
2725 3279 2833 3350 γὰρ
2867 3281 3173 3350 προφήτας,
3207 3283 3301 3335 καὶ
3322 3283 3456 3336 ἁπο-

1871 3357 2110 3420 στόλους,
2137 3358 2232 3410 καὶ
2261 3359 2626 3431 πατριάρχας,
2669 3363 2762 3414 καὶ
2794 3362 3033 3427 δικαίους
3064 3363 3306 3429 ἅπαντας
3335 3365 3456 3419 καθ’

1870 3441 2108 3510 ἑκάστην
2143 3442 2271 3510 ὑμῖν
2302 3443 2348 3474 ⁴⁶
2386 3443 2697 3514 ἐφιστῶμεν
2731 3446 3029 3516 ἐκκλησίαν
3075 3447 3452 3514 διδασκάλους.

1871 3525 1982 3578 Καὶ
2003 3524 2123 3578 οὐδὲ
2149 3524 2292 3579 οὑτω
2321 3525 2530 3594 γίνεταί
2547 3545 2597 3581 τι
2623 3529 2785 3582 πλέον
2806 3546 2820 3560 ⁸
2851 3530 2986 3583 ἀλλά
3008 3532 3073 3585 ἂν
3100 3532 3192 3584 δύο
3206 3532 3455 3604 ψαλμοὺς

1871 3606 1906 3678 ῆ
1943 3609 2095 3678 τρεῖς
2119 3608 2526 3680 ὐπηχήσαντες,
2559 3612 2654 3665 καὶ
2673 3611 2775 3675 τὰς
2804 3613 3054 3686 συνήθεις
3079 3614 3245 3686 εὐχὰς
3268 3616 3454 3679 ἁπλῶς

1868 3689 1964 3743 καὶ
1991 3689 2068 3754 ὡς
2089 3690 2246 3762 ἔτυχε
2278 3692 2590 3763 ποιούμενοι
2617 3693 2930 3766 διαλυθῆτε,
2962 3697 3217 3768 νομίζετε
3258 3701 3454 3770 ἀρκεῖν

1867 3773 2028 3827 τοῦτο
2053 3775 2133 3839 είς
2169 3777 2445 3848 σωτηρίαν
2473 3777 2620 3848 ὑμῖν.
2660 3779 2776 3832 Οὐκ
2808 3779 3079 3850 ἠκούσατε
3109 3781 3204 3835 τοῦ
3237 3785 3454 3853 προφή-

1866 3873 1964 3910 του
1996 3857 2270 3927 λέγοντος,
2313 3859 2514 3929 μᾶλλον
2547 3861 2604 3914 δὲ
2631 3861 2725 3915 τοῦ
2747 3862 2880 3915 Θεοῦ
2909 3863 2997 3916 διὰ
3023 3863 3115 3918 τοῦ
3151 3872 3452 3936 προφήτου,

1865 3942 1950 3995 ὅτι
1991 3940 2054 3995 '0
2089 3943 2243 4008 λαὸς
2293 3939 2472 4010 οὗτος
2510 3945 2636 4011 τοῖς
2684 3948 2922 4014 χείλεσι
2963 3965 3035 4014 με
3075 3947 3234 4016 τιμᾷ,
3295 3950 3332 4016 ἡ
3385 3945 3455 4002 δὲ

1867 4023 2084 4091 καρδία
2124 4023 2326 4079 αὐτῶν
2367 4027 2567 4096 πόρῤω
2615 4028 2827 4096 ἀπέχει
2862 4029 2964 4083 ἀπ’
2998 4029 3179 4096 ἐμοῦ;
3215 4033 3310 4082 "lv'
3359 4027 3453 4085 οὖν

1865 4105 2024 4159 τοῦτο
2060 4108 2135 4178 μὴ
2163 4107 2392 4178 γένηται
2421 4110 2516 4162 καὶ
2549 4109 2634 4177 ἐφ’
2661 4111 2840 4180 ἡμῶν,
2867 4110 3146 4182 ἐξάλειψον
3174 4114 3242 4168 τὰ
3268 4115 3450 4185 γράμ-

1871 4207 2042 4260 ματα,
2095 4190 2297 4260 μᾶλλον
2334 4191 2393 4244 δέ
2441 4193 2508 4246 τά
2537 4194 2892 4264 χαράγματα,
2937 4198 3083 4270 άπερ
3130 4200 3159 4252 ό
3209 4199 3454 4266 διάϐολος

1869 4273 2182 4326 ἐνετύπωσέ
2216 4291 2308 4329 σου
2341 4278 2408 4348 τῇ
2438 4276 2609 4348 ψυχῇ,
2648 4280 2743 4332 καὶ
2773 4280 2906 4352 φέρε
2938 4299 3029 4352 μοι
3057 4283 3286 4355 καρδίαν
3319 4285 3450 4354 βιω-

1867 4357 2036 4410 τικῶν
2073 4356 2506 4432 ἀπηλλαγμένην
2538 4361 2805 4434 θορύϐων,
2866 4365 2952 4419 ῐνα
2999 4367 3140 4436 μετά
3190 4368 3374 4434 ἀδείας
3416 4371 3451 4425 ἂ

1869 4439 2133 4511 βούλομαι
2160 4444 2442 4514 ἐγγράφω.
2492 4445 2579 4510 Ὠς
2605 4447 2702 4500 νῦν
2737 4464 2799 4515 γε
2821 4449 2975 4504 οὐδὲν
3014 4451 3199 4521 ἕτερόν
3225 4452 3340 4506 ἐστι
3369 4472 3453 4523 γι-

1867 4524 2120 4590 νώσκειν,
2153 4526 2187 4596 ἢ
2228 4526 2298 4580 τὰ
2327 4529 2534 4582 ἐκείνου
2563 4531 2868 4603 γράμματα
2891 4575 2904 4595 ,
2933 4535 3192 4604 ἁρπαγάς
3215 4575 3229 4600 ,
3263 4538 3451 4591 πλεονν

1865 4607 2046 4674 εξίας,
2088 4607 2304 4678 φθόνον,
2338 4611 2662 4682 βασκανίαν.
2697 4616 2795 4669 Διά
2837 4616 2901 4688 δὴ
2945 4618 3124 4682 τοῦτο,
3173 4621 3301 4672 ὅταν
3356 4623 3452 4684 τὰς

1866 4692 2088 4756 δέλτους
2110 4692 2262 4750 λάϐω
2283 4695 2324 4726 ⁸⁷
2350 4695 2450 4759 τάς
2477 4697 2770 4769 ὑμετέρας,
2804 4701 2926 4752 οὐδὲ
2957 4701 3268 4770 ἀναγνῶναι
3294 4703 3451 4757 δύνα-

1871 4793 1988 4846 μαι.
2039 4777 2113 4830 Οὐ
2160 4777 2272 4847 γάρ
2325 4779 2568 4849 εὑρίσκω
2609 4781 2680 4834 τὰ
2725 4781 3053 4852 γράμματα,
3101 4784 3244 4856 ἅπερ
3287 4788 3450 4855 ἡμεῖς

1867 4857 2012 4912 κατά
2031 4857 2312 4931 Κυριακὴν
2327 4861 2705 4932 ἐγγράφοντες
2728 4864 2857 4935 ὑμῖν
2877 4865 3112 4936 ἀφίεμεν
3125 4879 3142 4898 ⁸
3159 4867 3274 4921 ἀλλ’
3288 4870 3451 4940 ἕτερα

1867 4941 1986 4996 ἀνθ’
2017 4942 2245 5013 ἐτέρων,
2287 4942 2479 5015 ἄσημα
2517 4946 2612 4998 καὶ
2654 4945 3083 5018 διεστραμμένα.
3127 4947 3284 5012 Εἶτα,
3321 4954 3449 5007 ὅταν

1867 5022 2248 5094 ἐξαλείψαντες
2267 5026 2405 5079 αὐτὰ
2420 5027 2722 5099 γράψωμεν
2759 5030 2826 5084 τὰ
2848 5031 2957 5084 ἀπὸ
2988 5032 3082 5086 τοῦ
3111 5034 3250 5088 Πνεύ
3259 5053 3446 5106 ματος,

1868 5106 2195 5172 ἀπελθόντες
2233 5109 2412 5178 ὑμεῖς,
2461 5111 2556 5164 καὶ
2598 5114 2723 5175 ταῖς
2768 5113 3104 5180 διαϐολικαῖς
3145 5118 3449 5189 ἐνεργείαις

1866 5191 2048 5254 δόντες
2077 5192 2174 5255 τὰς
2208 5192 2433 5264 καρδίας
2466 5193 2642 5264 ὑμῶν,
2670 5196 2944 5267 παρέχετε
2967 5198 3163 5273 ἐκείνῳ
3192 5203 3358 5257 πάλιν
3378 5202 3448 5257 τὰ

1867 5273 2060 5327 ἐαυτοῦ
2111 5275 2516 5346 ἀντεγγράφειν
2539 5278 2686 5349 ὑμῖν.
2736 5279 2802 5332 Τί
2831 5277 2926 5335 οὖν
2957 5281 3112 5337 ἔσται
3145 5285 3351 5338 τούτων
3387 5285 3448 5338 τὸ

1867 5356 2064 5428 πέρας,
2094 5355 2198 5411 κᾶν
2224 5357 2336 5426 ἐγὼ
2365 5359 2441 5431 μὴ
2463 5359 2622 5426 λέξω,
2651 5362 2712 5416 τὸ
2740 5363 2974 5420 ἑκάστου
3013 5369 3248 5432 συνειδὸς
3282 5364 3444 5422 οἶδεν.

1880 5439 2025 5510 Ἐγὼ
2049 5441 2149 5513 μὲν
2177 5441 2288 5514 γὰρ
2309 5444 2371 5497 οὐ
2397 5442 2678 5515 παύσομαι
2702 5447 2764 5502 16
2781 5450 3019 5520 ἐμαυτοῦ
3046 5454 3234 5515 ποιῶν,
3260 5453 3352 5505 καὶ
3381 5453 3450 5505 τά

144 5278 272 5333 1'06
306 5278 518 5350 άχύρου
541 5283 685 5334 κατα
729 5281 831 5352 μὲν
873 5281 932 5334 16
971 5281 1171 5352 μέτρον
1202 5280 1466 5343 ἐλάττων,
1519 5281 1664 5335 κατὰ
1708 5281 1766 5334 δὲ

141 5360 274 5434 τὴν
289 5361 458 5433 φύσιν
480 5362 726 5433 βελτίων.
745 5365 838 5436 Μὴ
852 5364 918 5437 δὴ
939 5365 1038 5428 τὰς
1057 5364 1258 5428 ἔξωθεν
1278 5365 1584 5434 φαντασίας
1613 5365 1728 5436 ἴδῃς
1747 5381 1760 5396 ·

138 5445 253 5516 τῷ
292 5445 429 5518 πυρὶ
456 5447 564 5518 γάρ
597 5448 706 5501 εἱσι
734 5449 1250 5520 παρεσκευασμέναι
1272 5464 1285 5478 ·
1319 5447 1458 5503 ἀλλά
1488 5448 1592 5521 τὴν
1619 5447 1764 5502 κατὰ

147 5682 168 5694 ο
245 5608 292 5699 ’ξ
315 5608 1044 5699 ἓΘῐΙὲυὲἶ
1178 5611 1260 5699 ﬁ“
1297 5610 1612 5699 καταπέσης
1725 5681 1750 5699 7‘
1774 5611 1820 5643 ³²
1842 5609 2004 5699 αὐτός
2026 5610 2354 5699 om.‘A.'F.b
2362 5587 2523 5676 αὐτὸς
2551 5615 2580 5668 ὁ
2600 5615 2838 5699 θεριστές
2863 5617 2920 5699 Β.
2955 5615 3209 5699 ροηιίηιιε
3240 5631 3450 5699 .quqque

147 5682 168 5694 ο
454 5679 501 5710 u
722 5665 733 5680 '
819 5680 830 5694 ο
847 5665 858 5680 ¹
1024 5665 1039 5674 ⁷
1176 5679 1222 5712 οι
1313 5680 1337 5715 ,ν
1570 5665 1580 5681 '
1593 5665 1609 5674 ⁷
1633 5681 1676 5713 sa
1741 5681 1750 5697 ε

133 5677 445 5826 ίξῗιὲῧι
464 5679 1152 5826 0133;335:3315-15312'
1160 5683 1538 5826 6135013651
1549 5665 1769 5826 1:91???

1871 5684 1911 5745 ἱς
1941 5665 2204 5752 οὐρανοὺς
2230 5683 2415 5736 ἄνοδον
2447 5665 2838 5740 οήιίιί
2956 5665 3442 5741 ὶὶιῖιὶεὲέὲι»ίριῖειιιὸὶὶῖ

1871 5751 1957 5826 [1ιὶ.
2002 5753 2044 5782 ³⁸
2058 5753 2146 5806 Sic
2174 5752 2233 5805 B.
2264 5752 2518 5826 FLVUIgu
2541 5755 2991 5826 μεταϐάλλεσθαι.
3036 5757 3079 5786 ³⁹
3103 5755 3451 5826 μεταϐληθῶη

141 5837 282 5894 μεν
301 5789 454 5897 ᾼ.¹Β.
470 5820 535 5874 C.
569 5795 579 5817 ’
609 5822 688 5882 είς
708 5821 908 5897 ἀρετήν
921 5837 1031 5897 οιιι.
1221 5789 1769 5897 ἐλεημέσύνηνλβὶιὶ)

1871 5789 1957 5805 υ...
2058 5789 2146 5806 ...υ
2174 5789 2233 5805 υ.
2265 5789 2284 5806 ι
2311 5795 2323 5806 .
2363 5789 2518 5824 una“
2541 5789 2991 5826 μετα-...ηιςυυαη
3103 5789 3324 5826 μςηιυιη
3346 5789 3451 5808 Vw

1871 5821 2045 5897 ni_da_n_|
2084 5841 2101 5872 ι
2139 5823 2282 5897 apud
2311 5823 2442 5880 Ben.
2482 5827 2900 5897 (ἠοιιιῑίιιριιιίίιιιε
2951 5829 3184 5895 lum-pp.
3229 5789 3452 5897 ἀνελέη-

135 5889 425 5964 λιοσὺνην
445 5904 642 5964 omne§
674 5889 778 5964 ηιιίῇ
801 5889 1086 5964 cuimﬁdd.
1159 5892 1201 5923 “
1227 5889 1566 5964 προαπόθου]
1594 5889 1692 5946 Sic
1721 5891 1769 5964 ῐήζι

1875 5892 2103 5964 *ἀπόθου
2139 5889 2240 5947 nisi
2276 5895 2552 5962 prmtcrA.
2583 5897 2675 5964 qui
2697 5893 2917 5948 άπώθου
2944 5889 3270 5950 Ιιιιι)ρι”.Ῥυδι
3306 5898 3359 5949 Ιι.
3395 5889 3446 5951 ιῖ.

131 5958 253 6018 {iiii
283 5961 569 6038 cgmljggaa}
601 5958 790 6038 F_._x_ql
810 5960 1092 6038 ,οὐ-’λήψει
1123 5958 1318 6038 πεῖραν
1332 5961 1424 6014 τοῦ
1712 5960 1769 6038 of;

1873 5961 2054 6038 Edd._
2076 5963 2120 5994 ’⁸³
2429 5965 2526 6038 τῆς
2560 5958 2693 6019 Ιςὶίιί.
2782 5966 2823 5996 ⁸³
2850 5967 3181 6038 ἀναχωρείτε
3212 5966 3272 6023 D.
3301 5966 3359 6022 ν.
3395 5979 3448 6024 ιι

141 6045 259 6102 pr.
288 6031 346 6086 υ.
368 6029 549 6103 οὐδέν]
567 6030 689 6084 οὐδέ
720 6030 777 6084 Β.
801 6031 863 6086 Ο.
891 6030 952 6085 Ε.
988 6029 1041 6063 ’δ’
1069 6029 1408 6102 μεθιστῶμεν
1438 6031 1498 6087 Β.
1531 6034 1591 6090 F.
1637 6033 1697 6107 f‘
1733 6034 1864 6103 ὑμῖν
1886 6050 1996 6090 om.
2022 6033 2084 6090 D.
2136 6029 2385 6109 577660)]
2408 6029 2556 6107 φέρω
2578 6037 2644 6092 Α.
