4054 6210
356 299 454 354 2M

350 408 494 476 aliis,
515 409 770 468 informes
795 418 849 467 et
875 409 1143 465 distortas.
1179 408 1378 463 Deinde
1405 422 1550 473 cum,
1584 406 1690 461 illis
1712 404 1923 466 deletis,

353 502 535 559 literas
576 522 642 560 ex
687 506 884 575 Spiritu
933 503 1194 573 profectas
1241 504 1641 574 inscripsimus,
1671 502 1926 556 abeuntes

349 609 470 659 vos,
501 607 555 651 et
588 598 779 652 diaboli
809 597 1206 667 operationibus
1229 597 1388 651 corda
1418 607 1591 650 vestra
1637 594 1923 653 tradentes.

348 683 650 742 facultatem
694 688 791 757 ipsi
833 689 1080 758 praebetis
1107 699 1165 743 ut
1195 689 1391 743 nostris
1416 689 1710 744 centrarias
1747 686 1927 741 literas

349 794 560 833 rursum
596 780 872 834 inscribat.
901 781 1002 848 Qui
1032 783 1238 836 futurus
1259 783 1328 836 sit
1359 782 1545 835 horum
1575 780 1696 834 finis
1719 779 1925 833 etiamsi

347 883 449 940 ego
477 884 581 923 non
612 871 836 926 dixerim
856 911 872 938 ,
901 871 1228 942 singulorum
1257 871 1578 926 conscientia
1617 870 1780 924 novit.
1813 869 1928 938 Ego

347 970 494 1016 certe
521 977 805 1032 numquam
827 965 1048 1018 cessabo
1068 980 1185 1034 quae
1203 966 1305 1020 mei
1324 974 1447 1018 sunt
1465 963 1622 1018 officii
1647 971 1922 1032 prmstare,

347 1060 626 1122 rectasque
649 1053 829 1108 literas
859 1055 1167 1110 inscribere.
1197 1056 1253 1110 Si
1282 1064 1457 1110 autem
1482 1070 1574 1110 vos
1598 1053 1925 1124 diligentiam

345 1151 586 1196 nostram
631 1143 981 1209 labefactetis,
1034 1145 1188 1200 nobis
1232 1147 1444 1215 quidem
1492 1160 1696 1200 merces
1747 1153 1925 1198 uestra

343 1243 530 1288 manet
551 1235 856 1301 immobilis,
879 1237 1028 1291 vobis
1048 1247 1222 1293 autem
1235 1253 1342 1292 non
1363 1252 1580 1307 parvum
1603 1235 1922 1306 periculum:

345 1341 530 1382 verum
560 1329 688 1383 nihil
719 1331 839 1384 volo
861 1332 1072 1399 gravius
1100 1330 1358 1400 proferre.

417 1418 470 1473 8.
503 1418 566 1472 In
600 1421 780 1473 virtute
816 1438 1114 1490 progressus
1146 1423 1233 1492 qui
1269 1422 1378 1488 ﬁat.
1411 1419 1596 1475 Contra
1612 1421 1924 1489 juramenta.

356 1507 501 1562 Vana
537 1511 701 1580 gloria
737 1511 960 1564 vitanda.
981 1541 1050 1550 —
1073 1511 1180 1566 Sed
1217 1525 1312 1565 vos
1349 1511 1573 1565 obsecro
1609 1519 1663 1564 et
1700 1523 1796 1562 oro
1817 1549 1836 1573 ,
1872 1516 1930 1561 ut

342 1600 686 1669 parvulorum
727 1602 913 1655 saltem
953 1601 1279 1671 diligentiam
1317 1601 1418 1655 bac
1454 1602 1504 1654 in
1535 1616 1594 1655 re
1625 1597 1923 1654 imitemini.

343 1689 478 1744 Nam
517 1691 595 1746 illi
638 1692 806 1760 primo
835 1692 1048 1761 quidem
1079 1693 1350 1746 literarum
1391 1692 1612 1746 formam
1650 1689 1925 1751 ediscunt;

341 1779 542 1834 deinde
588 1779 842 1836 distortas
889 1781 1006 1835 illas
1053 1796 1344 1850 agnoscere
1375 1780 1622 1844 student;
1651 1788 1835 1848 postea
1860 1779 1927 1833 ad

341 1873 628 1929 lectionem
659 1874 795 1927 viam
828 1883 1031 1943 parant.
1075 1874 1164 1930 Sic
1190 1874 1242 1930 e't
1271 1889 1368 1929 nos
1396 1874 1656 1930 faciamus
1687 1893 1701 1928 :
1733 1876 1928 1930 virtute

341 1964 398 2018 in
427 1973 608 2034 partes
636 1963 825 2030 divisa,
859 1965 1029 2033 primo
1053 1964 1323 2020 discamus
1347 1979 1454 2019 non
1477 1964 1682 2035 iurare,
1711 1979 1810 2020 nec
1836 1980 1929 2034 pe-

339 2053 516 2123 ierare
536 2095 551 2119 ,
581 2068 754 2116 neque
781 2055 1132 2121 maledicere;
1160 2055 1353 2111 deinde
1375 2097 1390 2123 ,
1423 2055 1491 2111 ad
1550 2057 1717 2116 alium
1785 2077 1922 2117 ver-

333 2159 459 2200 sum
481 2147 771 2215 progressi,
796 2163 902 2201 non
927 2147 1165 2203 invidere
1187 2149 1327 2214 aliis,
1348 2163 1452 2203 non
1471 2163 1694 2218 corpora
1719 2162 1921 2213 amare,

343 2250 452 2290 non
480 2236 655 2290 ventri
683 2237 979 2307 indulgere,
1009 2253 1113 2292 non
1143 2238 1414 2304 inebriari,
1444 2253 1548 2292 non
1581 2238 1919 2301 inhumanos,

344 2341 451 2380 non
478 2329 732 2382 socordes
759 2344 906 2393 esse;
936 2329 1136 2384 uthinc
1158 2345 1341 2385 rursus
1358 2330 1422 2384 ad
1440 2330 1728 2400 spiritualia
1753 2338 1926 2384 trans-

341 2428 554 2483 euntes,
575 2435 791 2490 operam
813 2421 1004 2476 demus
1025 2423 1406 2491 temperantiae,
1422 2421 1624 2476 ventris
1641 2422 1923 2490 ueglectui,

343 2511 599 2575 castitati,
625 2512 808 2581 gloria:
828 2513 1178 2583 contemptui,
1198 2513 1497 2580 modestim,
1526 2515 1705 2569 cordis
1726 2515 1926 2568 contri-

346 2599 512 2666 tioni;
559 2609 610 2654 et
650 2601 764 2656 haec
798 2603 954 2656 simul
979 2603 1156 2657 omnia
1197 2603 1538 2672 copulemus,
1566 2613 1622 2658 et
1655 2604 1710 2658 in
1750 2605 1927 2658 anima

345 2699 526 2746 nostra
549 2692 922 2749 inscribamus.
946 2695 1118 2764 Atque
1139 2695 1255 2749 haec
1269 2696 1446 2750 omnia
1468 2695 1632 2762 domi,
1654 2711 1771 2751 cum
1793 2696 1930 2750 ami-

343 2784 443 2850 cis,
474 2798 595 2838 cum
623 2800 794 2840 uxore
816 2826 832 2850 ,
864 2800 986 2840 cum
1034 2786 1154 2839 filiis
1193 2801 1558 2843 exerceamus.
1588 2788 1631 2840 A
1663 2786 1928 2856 prioribus

341 2883 524 2928 autem
562 2884 618 2929 et
661 2875 990 2930 facilioribus
1035 2875 1384 2945 incipiamus;
1435 2877 1665 2945 exempli
1687 2892 1868 2939 causa,
1894 2891 1924 2930 a

342 2964 768 3035 juramentorum
787 2966 1138 3020 abstinentia:
1158 2966 1258 3020 hoc
1274 2967 1595 3021 elementum
1619 2969 1927 3036 frequenter

344 3056 490 3110 domi
518 3056 858 3112 meditemur.
889 3055 1023 3110 Huic
1053 3071 1213 3126 porro
1230 3057 1560 3112 meditationi
1590 3057 1750 3111 multa
1781 3056 1924 3112 domi

343 3149 586 3204 officiunt
613 3166 626 3202 :
657 3165 778 3203 nam
802 3149 1028 3203 famulus
1052 3149 1116 3202 ad
1141 3149 1467 3204 iracundiam
1490 3159 1768 3220 provocat.
1793 3164 1928 3204 uxor

346 3243 572 3298 molesta
603 3242 734 3296 iram
757 3241 973 3305 excitat,
1008 3243 1146 3298 filius
1169 3243 1537 3310 immorigcrus
1567 3251 1619 3296 et
1649 3243 1924 3296 inordina-

345 3341 432 3386 tus
460 3331 529 3386 ad
555 3332 728 3386 minas
754 3342 809 3386 et
830 3333 1191 3402 juramcntum
1227 3334 1463 3389 deducit.
1494 3332 1548 3388 Si
1581 3333 1756 3402 itaque
1781 3333 1925 3387 domi

343 3423 538 3492 smpius
558 3423 625 3478 ab
651 3423 732 3477 his
757 3425 1074 3489 concitatus,
1105 3425 1376 3480 abstineas
1403 3434 1575 3478 tamen
1603 3440 1632 3478 a
1657 3425 1928 3493 jnramen—

346 3516 434 3579 tis,
459 3514 612 3570 facile
633 3516 834 3584 poteris
859 3517 1019 3570 etiam
1051 3518 1102 3570 in
1131 3519 1245 3571 foro
1277 3517 1504 3571 invictus
1532 3531 1876 3585 perseverare
1908 3533 1922 3569 :

343 3605 454 3659 imo
497 3609 655 3660 etiam
702 3605 754 3660 id
799 3609 1180 3676 consequeris,
1222 3619 1280 3662 ut
1323 3607 1522 3663 nemini
1552 3606 1927 3662 contumeliam

344 3694 542 3750 inferas
565 3737 583 3762 ,
624 3711 733 3751 non
769 3698 941 3763 uxori,
976 3713 1080 3752 non
1111 3698 1332 3764 famulo,
1369 3713 1474 3752 non
1509 3697 1924 3753 domesticorum

343 3786 593 3856 cuipiam.
628 3786 838 3842 Etenim
859 3804 992 3842 uxor
1013 3803 1154 3857 saepe
1174 3789 1334 3844 alium
1355 3788 1659 3858 quempiam
1685 3787 1923 3848 laudans.

341 3887 400 3933 et
437 3892 560 3933 sese
600 3879 848 3932 miseram
891 3879 1221 3947 praedicans,
1251 3880 1419 3934 virum
1451 3879 1716 3946 incendit,
1754 3886 1811 3932 ut
1851 3878 1924 3931 illi

345 3969 646 4024 maledicat.
677 3969 755 4023 Tu
787 3985 913 4024 vero
942 3985 1008 4025 ne
1039 3971 1204 4025 iratus
1233 3986 1299 4025 eo
1331 3970 1589 4039 procedas
1611 4013 1626 4034 ,
1657 3978 1713 4024 ut
1742 3968 1924 4024 lauda-

344 4069 455 4116 tum
487 4061 760 4130 vituperes
783 4100 799 4126 ,
839 4061 934 4116 sed
960 4063 1137 4115 omnia
1166 4063 1374 4117 fortiter
1404 4064 1574 4125 feras;
1605 4062 1814 4117 etiamsi
1844 4063 1924 4114 fa-

343 4152 516 4208 mulos
539 4163 658 4206 tuos
680 4151 858 4206 videas
886 4151 1127 4207 laudibus
1149 4153 1307 4206 heros
1330 4153 1464 4206 alios
1485 4152 1698 4216 eﬂ‘erre,
1722 4168 1790 4205 ne
1817 4159 1927 4205 tur-

344 4245 508 4310 beris,
533 4243 628 4298 sed
657 4245 878 4299 viriliter
903 4246 1127 4300 sustine.
1157 4246 1240 4300 Sit
1269 4245 1361 4300 tibi
1391 4245 1582 4299 domus
1610 4245 1851 4314 palmstra
1875 4251 1928 4297 et

342 4336 652 4391 certaminis
682 4335 850 4402 locus,
877 4345 934 4390 ut
954 4335 1026 4391 ibi
1057 4338 1224 4406 probe
1246 4337 1587 4404 exercitatus,
1611 4351 1730 4390 cum
1760 4335 1924 4390 multa

603 4505 964 4520 *—

1477 295 1542 351 lN
1579 289 1981 350 MATTHA‘ZUM
2024 290 2250 348 llOMIL.
2295 293 2407 351 Xll.

3505 302 3611 356 ‘20!

2033 407 2220 474 peritia
2260 407 2311 461 in
2353 409 2470 462 foro
2494 423 2615 462 cum
2641 409 2763 465 aliis
2790 414 3172 482 congrediaris.
3208 415 3438 487 idipsum
3471 423 3612 477 circa

2032 516 2221 556 vanam
2243 501 2466 572 gloriam
2488 503 2664 558 facito.
2697 504 2751 558 Si
2780 506 2925 559 enim
2948 507 3215 564 studueris
3234 525 3264 564 a
3288 526 3419 565 vana
3445 515 3611 583 gloria

2033 592 2302 648 abstinere
2325 608 2445 648 cum
2477 610 2641 649 uxore
2665 605 2718 649 et
2746 595 2926 652 liberis
2945 639 2960 663 ,
2989 607 3042 652 et
3070 599 3280 654 famulis
3302 641 3318 666 ,
3346 603 3484 671 apud
3515 619 3612 659 ne-

2035 685 2229 740 minem
2256 685 2416 739 alium
2440 685 2529 740 tali
2558 686 2745 740 morbo
2771 687 2925 742 facile
2955 691 3204 758 capieris.
3239 691 3444 763 Ubique
3471 695 3614 748 enim

2034 776 2120 831 hic
2158 766 2375 832 morbus
2412 778 2588 846 gravis
2629 781 3036 851 tyrannicusque
3073 793 3188 851 est,
3226 787 3456 841 maxime
3489 803 3618 842 vero

2033 882 2153 921 cum
2207 867 2356 922 adest
2411 883 2562 922 uxor.
2619 868 2678 924 Si
2727 884 2855 939 ergo
2904 878 3034 925 tunc
3079 873 3228 928 illum
3275 890 3615 945 superemus.

2033 961 2179 1014 nullo
2216 961 2429 1032 negotio
2462 961 2587 1017 alibi
2632 963 3046 1033 profligabimus.
3087 964 3239 1021 Circa
3281 967 3415 1020 alios
3452 969 3611 1024 etiam

2032 1053 2195 1108 animi
2233 1056 2448 1110 morbos
2483 1055 2710 1126 idipsum
2754 1065 3068 1126 praestemus
3089 1099 3106 1124 ,
3139 1059 3390 1129 domique
3419 1061 3613 1115 adver-

2034 1159 2124 1198 sus
2154 1145 2273 1199 illos
2305 1160 2403 1200 nos
2427 1161 2770 1202 exerceamus
2791 1189 2805 1212 ,
2845 1149 3082 1218 quotidie
3126 1149 3422 1218 palmstram
3469 1153 3612 1206 illam

2031 1233 2306 1289 adeuntes.
2364 1235 2533 1304 thue
2560 1236 2766 1292 facilior
2793 1239 3101 1293 exercitatio
3131 1240 3219 1293 illa
3245 1241 3471 1305 evadat,
3513 1257 3612 1296 no-

2034 1325 2115 1378 bis
2166 1325 2295 1394 ipsis
2336 1328 2736 1396 castigationem
2781 1329 3113 1400 assignemus
3137 1370 3150 1395 ,
3189 1331 3234 1385 si
3275 1331 3328 1385 in
3364 1334 3613 1402 quopiam

2031 1417 2360 1486 propositum
2391 1419 2869 1489 transgrediamur.
2915 1422 2996 1477 Sit
3024 1426 3184 1491 porro
3213 1425 3490 1495 castigatio
3521 1426 3607 1478 illa

2033 1521 2140 1561 non
2162 1507 2435 1572 damnum,
2467 1509 2560 1565 sed
2589 1513 2889 1567 mercedem
2915 1523 2971 1569 et
2999 1514 3206 1569 lucrum
3235 1516 3455 1570 multum
3486 1517 3616 1570 aﬂ‘e-

2033 1614 2192 1665 rens;
2223 1603 2453 1671 exempli
2483 1593 2667 1667 causa,
2690 1604 2732 1657 si
2756 1604 2972 1672 jejuniis
2999 1607 3205 1674 asperis
3233 1623 3331 1661 nos
3359 1608 3504 1676 ipsos
3523 1608 3617 1662 da~

2035 1705 2298 1757 mnemus,
2345 1693 2390 1746 si
2439 1691 2583 1746 humi
2631 1694 3030 1759 decumbamus,
3071 1697 3154 1751 vel
3202 1697 3613 1753 macerationem

2033 1782 2188 1836 aliam
2215 1781 2580 1837 adhibeamus.
2609 1783 2698 1838 Sic
2725 1785 2866 1838 enim
2893 1786 3054 1838 multa
3083 1786 3314 1855 undique
3342 1788 3494 1842 nobis
3522 1803 3612 1842 ac-

2033 1870 2226 1925 cedent
2257 1871 2420 1935 lucra,
2444 1881 2497 1927 et
2522 1874 2599 1926 sic
2629 1875 2681 1926 in
2709 1874 2902 1928 virtute
2926 1876 3083 1928 vitam
3113 1878 3347 1932 suaviter
3373 1893 3614 1947 agemus,

2033 1966 2206 2018 futura
2233 1979 2624 2033 consequemur
2652 1965 2808 2027 bona,
2839 1982 2902 2020 ac
2929 1978 3184 2036 perpetuo
3210 1967 3304 2023 Dei
3329 1970 3483 2023 amici
3509 1971 3614 2024 eri-

2033 2069 2170 2110 mus.
2217 2054 2320 2111 Sed
2349 2072 2414 2110 ne
2439 2057 2626 2110 eadem
2655 2059 2765 2122 ipsa
2799 2073 2981 2112 rursus
3015 2060 3294 2126 eveniant,
3331 2075 3434 2115 neu
3467 2071 3614 2130 post-

2032 2160 2188 2214 quam
2210 2159 2272 2200 ea
2297 2161 2416 2216 qua:
2443 2145 2527 2199 hic
2551 2147 2688 2200 dicta
2714 2157 2838 2201 sunt
2866 2148 3109 2202 admirati
3137 2148 3362 2216 fueritis,
3387 2152 3614 2220 egressi,

2032 2235 2363 2305 negligenter
2385 2237 2777 2306 oscitanterque
2801 2278 2814 2300 ,
2852 2238 3056 2306 abjecta
3094 2241 3286 2294 mentis
3312 2251 3505 2295 vestrae
3533 2251 3614 2294 ta-

2031 2325 2154 2380 bula
2176 2367 2190 2390 ,
2226 2325 2341 2380 hzrc
2368 2326 2576 2381 delendi
2615 2343 2800 2382 ansam
2837 2328 3048 2384 diabolo
3091 2329 3403 2398 prmheatis;
3449 2347 3611 2384 unus-

2033 2417 2259 2486 quisque
2301 2416 2518 2471 dnmunt
2556 2433 2867 2486 regressus,
2897 2427 3050 2473 vocet
3094 2435 3346 2485 uxorem,
3387 2422 3502 2475 lure
3542 2421 3618 2476 illi

2034 2508 2330 2573 denuntiet,
2363 2509 2636 2580 ipsamque
2663 2521 2899 2564 assumat
2924 2512 3275 2580 adjutricem;
3304 2514 3370 2566 ab
3393 2514 3492 2568 hac
3516 2529 3611 2567 au-

2034 2607 2139 2653 tem
2163 2599 2250 2653 die
2277 2599 2327 2652 in
2357 2599 2634 2668 pulchram
2662 2601 2805 2654 illam
2830 2602 3130 2670 pala-stram
3160 2603 3468 2667 descendat,
3495 2604 3619 2658 oleo

2033 2704 2161 2745 usus
2187 2690 2416 2760 Spiritus
2443 2691 2613 2746 sancti
2644 2693 2862 2746 auxilio.
2895 2694 3002 2747 Etsi
3027 2709 3155 2748 vero
3179 2695 3368 2755 semel,
3401 2704 3491 2748 aut
3514 2695 3615 2759 bis,

2031 2790 2125 2836 aut
2165 2782 2364 2852 pluries
2405 2782 2456 2836 in
2503 2783 2592 2837 tali
2637 2783 2900 2838 exercitio
2937 2785 3207 2849 concidas,
3244 2800 3309 2840 ne
3337 2786 3614 2853 des'peres,

2031 2873 2126 2929 sed
2152 2883 2231 2928 sta
2260 2889 2471 2929 rursum
2502 2884 2556 2930 et
2585 2875 2833 2940 decerta;
2867 2891 2964 2930 nec
2990 2876 3133 2946 prius
3160 2877 3389 2930 absistas
3413 2918 3427 2942 ,
3457 2893 3616 2946 quam

2032 2964 2365 3034 Splendidam
2390 2975 2576 3020 contra
2606 2966 2877 3021 diabolum
2904 2967 3181 3021 victoriam
3213 2970 3568 3036 reportaveris
3601 2988 3616 3024 :

2031 3067 2086 3112 et
2115 3058 2166 3112 in
2199 3058 2462 3113 tutissimo
2483 3058 2693 3112 virtutis
2724 3057 2975 3112 theSauro
3002 3058 3302 3128 depositum
3335 3058 3616 3113 recondas.

2031 3147 2162 3202 Nam
2191 3148 2236 3203 si
2262 3147 2386 3202 huic
2412 3149 2650 3218 pulchrae
2676 3148 3027 3218 philosophia:
3055 3165 3362 3215 assuescas,
3398 3165 3502 3204 non
3532 3152 3619 3204 ul»

2035 3247 2112 3294 tra
2153 3240 2352 3308 poteris
2381 3256 2445 3295 ex
2473 3239 2700 3310 segnitie
2741 3240 2990 3294 mandata
3025 3241 3272 3309 quaelibet
3302 3243 3617 3311 transgredi,

2031 3329 2419 3384 consuetudine
2461 3339 2664 3383 natura}
2705 3329 3011 3384 firmitatem
3053 3330 3312 3383 imitante.
3349 3329 3618 3396 Quemad-

2033 3421 2249 3476 modum
2295 3422 2436 3476 enim
2483 3421 2638 3476 facile
2680 3431 2762 3476 est
2785 3422 3054 3489 dormire,
3080 3421 3378 3486 comedere,
3413 3421 3617 3488 bibere,

2035 3513 2300 3581 respirare
2321 3553 2336 3576 ,
2367 3513 2437 3565 ita
2470 3512 2624 3567 nobis
2647 3511 2824 3567 facilia
2847 3522 3005 3567 erunt
3041 3528 3104 3566 ea
3136 3528 3256 3582 qum
3280 3512 3346 3566 ad
3370 3512 3618 3567 virtutem

2033 3611 2296 3673 spectant,
2319 3618 2616 3674 puramque
2644 3603 2788 3657 illam
2817 3617 3167 3673 assequemur
3192 3603 3533 3672 voluptatem,
3566 3602 3618 3655 in

2035 3705 2147 3749 tuto
2177 3703 2330 3764 portu
2355 3694 2664 3760 constituti,
2693 3702 2748 3748 et
2772 3702 3025 3763 perpetua
3053 3691 3291 3747 fruentes
3318 3691 3618 3761 tranquilli-

2035 3798 2143 3844 tate
2167 3831 2183 3855 ,
2220 3789 2503 3858 navimque
2531 3788 2736 3856 magnis
2763 3786 2955 3856 opibus
2985 3796 3229 3840 onustam
3259 3785 3311 3838 in
3341 3784 3612 3838 civitatem

2035 3881 2176 3935 illam
2205 3880 2536 3949 appellentes
2574 3880 2628 3933 in
2673 3879 2762 3933 die
2805 3879 2931 3943 illa,
2973 3891 3201 3931 coronas
3227 3889 3620 3943 consequemur

2035 3987 2140 4027 non
2171 3972 2341 4026 ﬂuxas
2375 3989 2387 4023 :
2417 3986 2550 4040 quas
2589 3970 2788 4022 utinam
2840 3968 2996 4021 nobis
3035 3965 3272 4020 nancisci
3301 3963 3618 4032 contingat,

2032 4067 2200 4136 gratia
2227 4075 2281 4119 et
2312 4064 2635 4132 benignitate
2667 4060 2872 4114 Domini
2911 4059 3076 4112 nostri
3115 4057 3244 4111 Jesu
3281 4054 3502 4118 Christi,
3535 4055 3621 4109 cui

1989 4203 1992 4208 .
2033 4157 2198 4228 gloria
2229 4165 2284 4211 et
2311 4154 2616 4222 imperimn,
2643 4166 2783 4206 nunc
2802 4158 2858 4205 et
2875 4163 3108 4219 semper,
3133 4154 3190 4203 et
3217 4147 3268 4201 in
3299 4145 3496 4201 saacula
3521 4160 3622 4200 sa:-

2034 4248 2295 4303 eulorum.
2327 4246 2519 4300 Amen.

971 4489 2444 4534 __..._—_._________———————————--;—""‘"

1739 4623 2081 4690 HOMILIA
2127 4617 2274 4680 XII.

341 4823 474 4881 Car.
503 4825 557 4878 5.
587 4839 637 4876 v.
672 4825 755 4879 15.
801 4823 942 4877 Tunc
990 4825 1118 4879 venit
1158 4823 1312 4879 Iesus
1344 4841 1377 4877 a
1422 4823 1638 4878 Galilara
1663 4822 1714 4875 in
1739 4818 1929 4873 larda-

561 4931 675 4968 nem
701 4914 769 4968 ad
791 4912 1073 4981 Joamtem,
1104 4927 1156 4968 ut
1187 4915 1524 4981 baptizaretur
1548 4914 1610 4967 ab
1636 4929 1715 4968 eo.

420 5096 471 5150 Ι.
513 5093 648 5150 Cum
686 5093 895 5148 famulis
937 5094 1211 5158 Dominus,
1245 5109 1363 5149 cum
1407 5095 1512 5149 reis
1551 5092 1719 5149 Judcx
1760 5093 1932 5160 bapti-

348 5186 552 5241 zandus
597 5186 760 5239 venit.
802 5185 907 5240 Sed
941 5202 1007 5240 ne
1058 5186 1286 5239 tttrberis
1321 5204 1332 5238 :
1365 5201 1487 5238 nam
1538 5185 1588 5238 in
1646 5183 1933 5237 humiLbus

352 5275 656 5346 hujusmodi
683 5277 841 5331 rebus
869 5275 986 5345 ejus
1029 5275 1288 5330 celsitudo
1335 5275 1566 5329 maxime
1603 5274 1928 5342 resplendet.

351 5367 452 5436 Qui
497 5367 642 5423 enim
690 5367 743 5421 in
776 5367 1015 5436 virginali
1061 5366 1212 5419 vulva
1261 5374 1408 5420 tanto
1452 5375 1692 5434 tempore
1735 5364 1932 5434 gestari

353 5472 542 5528 passus
561 5468 666 5523 est,
698 5467 753 5512 et
781 5457 904 5511 inde
923 5471 1044 5510 cum
1076 5465 1263 5510 natura
1295 5463 1474 5512 nostra
1509 5455 1740 5524 prodire,
1765 5455 1934 5524 alapis

349 5549 484 5607 caedi
510 5559 567 5606 et
593 5550 830 5619 crucifigi
857 5550 899 5614 ⁸,
921 5549 1089 5603 etalia
1107 5549 1307 5618 perpeti
1329 5565 1449 5620 qua:
1472 5563 1657 5619 passus
1681 5557 1784 5625 est,
1807 5548 1932 5618 quid

417 5731 436 5763 ³
460 5723 668 5787 Quidam
688 5734 796 5790 post
813 5739 1001 5786 vocem,
1026 5727 1263 5794 crnciﬁgi,
1284 5727 1480 5789 addunt,
1506 5733 1552 5777 et
1573 5726 1780 5790 sepeliri.

2040 4808 2248 4864 miraris
2269 4806 2312 4859 si
2342 4800 2598 4873 baptizari
2640 4799 2886 4865 dignatus
2914 4795 3004 4858 sit,
3035 4804 3088 4848 et
3115 4807 3236 4848 cum
3257 4792 3374 4848 aliis
3399 4791 3466 4847 ad
3501 4807 3620 4849 ser-

2037 4916 2160 4954 vom
2211 4894 2508 4952 accedere?
2549 4891 2684 4946 Illud
2735 4889 2878 4945 enim
2927 4886 3248 4956 stupendum
3295 4893 3430 4950 erat,
3476 4887 3621 4958 quod

2041 4989 2180 5044 Deus
2206 5002 2326 5041 cum
2355 4991 2517 5048 esset,
2544 4981 2704 5036 vellet
2726 4979 2886 5032 homo
2915 4976 3029 5031 ﬁeri
3061 4993 3074 5029 :
3103 4985 3293 5031 caetera
3323 4990 3450 5032 vero
3465 4975 3622 5032 dein-

2039 5093 2167 5149 ceps
2194 5073 2486 5132 secundum
2531 5081 2729 5127 rectam
2757 5069 3016 5124 rationem
3043 5077 3463 5136 consequuntur.
3498 5068 3626 5122 Ideo

2043 5171 2184 5226 enim
2207 5168 2441 5224 Joannes
2467 5165 2648 5219 statim
2667 5161 2820 5225 dixit,
2850 5176 2908 5215 se
2933 5175 3038 5214 non
3067 5174 3187 5214 esse
3212 5159 3430 5230 dignum
3461 5162 3622 5214 corri-

2044 5266 2183 5335 giam
2234 5256 2581 5316 calceamenti
2622 5256 2738 5324 ejus
2787 5255 3016 5319 solvere,
3067 5263 3369 5322 t-ieteraquc
3419 5254 3621 5317 omnia,

2048 5371 2240 5424 nempe
2263 5352 2403 5424 quod
2427 5351 2592 5420 judcx
2617 5349 2708 5414 sit,
2739 5347 2879 5417 quod
2910 5364 3005 5417 pro
3037 5349 3230 5402 merito
3254 5345 3476 5412 singulis
3503 5345 3627 5399 red-

2041 5447 2149 5511 dat,
2177 5443 2426 5515 quodque
2451 5441 2704 5512 Spiritum
2746 5437 2944 5492 affatim
2974 5438 3196 5492 daturus
3234 5438 3303 5490 sit
3331 5435 3581 5490 omnibus
3604 5454 3620 5499 ;

2043 5549 2102 5592 ut
2133 5551 2253 5592 cum
2300 5533 2497 5589 videris
2526 5547 2647 5586 eum
2673 5530 2740 5586 ad
2770 5529 3090 5599 baptismum
3130 5527 3428 5581 venientem
3450 5565 3464 5589 ,
3493 5525 3622 5579 nihil

2045 5629 2150 5685 vile
2179 5626 2488 5696 suspiceris.
2521 5623 2722 5680 Idcirco
2763 5628 3083 5691 praesentem
3125 5618 3269 5671 illum
3296 5616 3508 5672 cohibet
3539 5617 3620 5670 di-

2045 5735 2173 5776 cens
2198 5737 2211 5774 ε
2233 5719 2318 5774 14.
2357 5716 2463 5787 Ego
2489 5732 2520 5770 α
2551 5724 2596 5771 te
2617 5713 2767 5770 debeo
2806 5709 3070 5781 baptizari,
3104 5718 3148 5762 et
3177 5717 3230 5761 tu
3256 5708 3391 5762 venis
3417 5708 3484 5761 ad
3509 5725 3617 5762 nte:
