4054 6210
466 302 578 357 205

469 419 604 482 Quia
644 413 787 468 enim
832 408 1129 480 baptismus
1176 404 1502 476 poenitentia:
1533 407 1671 464 erat,
1713 406 1767 451 et
1804 398 1856 449 in
1897 408 2053 449 accu-

476 508 734 561 sationem
779 513 1117 575 peccatorum
1169 494 1453 550 inducebat
1496 509 1511 545 :
1561 506 1631 546 ne
1685 488 1805 559 quis
1848 493 2057 556 putaret

480 603 654 668 ipsum
678 598 868 653 eodem
888 595 1066 649 animo
1091 592 1156 645 ad
1178 589 1469 644 Jurdancm
1510 584 1715 649 venire,
1747 580 1884 635 hanc
1909 578 2058 646 cogi-

479 692 732 747 tationem
760 687 999 755 corrigit,
1022 684 1149 738 dum
1187 695 1386 751 agnum
1431 685 1606 739 vocat,
1637 684 1693 729 et
1718 682 2056 743 peccatorum

478 797 577 851 per
600 781 784 835 orbem
833 777 1069 831 omnium
1116 771 1531 839 redemptorem.
1562 766 1661 834 Qui
1710 763 1856 818 enim
1901 761 2060 815 totius

482 875 697 931 humani
724 870 938 942 generis
973 876 1192 937 peccata
1216 864 1402 921 tollere
1442 867 1654 930 potest,
1687 856 1857 911 multo
1894 855 2062 923 magis

479 970 594 1036 ipse
636 961 996 1033 itupeccabilis
1031 968 1165 1013 erat.
1198 955 1428 1022 ldeoqne
1458 966 1562 1006 non
1591 949 1723 1003 dixit
1752 966 1766 1002 :
1794 947 1933 1002 Ecce
1963 945 2063 997 itu-

480 1057 799 1127 peccabilis;
829 1053 928 1107 sed
965 1051 1103 1120 quod
1156 1047 1324 1101 multo
1375 1044 1546 1114 majus
1600 1050 1735 1103 erat,
1789 1038 1891 1105 Qui
1932 1036 2064 1090 tollit

478 1158 683 1217 peccata
711 1144 887 1199 mundi
910 1142 1090 1212 (Joan.
1128 1142 1176 1194 l.
1211 1137 1326 1207 29),
1358 1147 1417 1189 ut
1444 1148 1565 1188 cum
1590 1133 1691 1187 hoc
1713 1138 1769 1185 et
1798 1128 1925 1183 illud
1949 1142 2064 1182 om-

478 1240 605 1291 nino
625 1248 828 1293 eertum
853 1234 1067 1295 habeas,
1097 1229 1383 1297 Videasque
1411 1224 1559 1279 illum
1586 1222 1689 1276 alia
1706 1218 1950 1290 quaedam
1971 1217 2066 1271 ad-

479 1332 870 1385 ministrantem
913 1322 981 1377 ad
1011 1320 1329 1391 baptismum
1375 1316 1575 1371 venire.
1607 1312 1811 1368 idcirco
1830 1310 2062 1364 venienti

482 1425 556 1478 iiii
579 1423 790 1476 dicebat
822 1436 836 1472 :
866 1417 981 1488 Ego
1008 1433 1039 1470 a
1080 1425 1128 1469 te
1170 1413 1319 1468 debeo
1350 1410 1614 1479 baptizari,
1657 1418 1702 1461 et
1733 1418 1787 1460 tu
1823 1406 1959 1459 uenis
1997 1404 2065 1456 ad

483 1531 561 1568 nte
582 1514 608 1567 ζ)
634 1512 817 1580 Neque
845 1510 1000 1573 dixit,
1046 1508 1115 1562 Et
1143 1517 1196 1560 ttt
1227 1504 1514 1574 baptizaris
1551 1516 1581 1554 a
1620 1516 1707 1555 me
1741 1515 1754 1550 :
1780 1513 1901 1553 nam
1933 1496 2065 1551 illud

483 1605 673 1659 metuit
714 1603 894 1657 dicere
928 1599 1059 1655 :sed
1103 1597 1272 1668 quid?
1301 1596 1368 1649 Et
1392 1605 1445 1648 tu
1474 1594 1611 1648 uenis
1660 1592 1728 1645 ad
1779 1589 1902 1644 me?
1928 1588 2065 1656 Quid

486 1696 649 1765 igitur
674 1691 958 1748 Christus?
996 1688 1150 1757 Quod
1176 1702 1299 1757 erga
1331 1686 1549 1739 Petrum
1598 1691 1815 1752 postea,
1859 1682 1910 1736 id
1942 1692 2070 1736 tunc

484 1785 645 1840 etiam
677 1782 821 1838 fecit.
852 1780 985 1836 Nam
1020 1787 1077 1833 et
1116 1779 1232 1846 ipse
1278 1774 1559 1829 cohibebat
1591 1773 1763 1837 illum,
1814 1787 1881 1826 ne
1907 1771 2071 1839 pedes

486 1888 613 1929 suos
652 1874 888 1935 lavaret;
917 1869 1013 1924 sed
1057 1882 1178 1923 cum
1209 1866 1442 1919 audisset
1473 1880 1487 1916 :
1521 1862 1671 1930 Quod
1708 1878 1800 1933 ego
1843 1863 1977 1933 facio
2018 1870 2071 1913 tu

489 1964 670 2030 nescis,
691 1963 817 2017 scies
841 1969 1009 2013 autem
1029 1967 1200 2027 postea
1221 1954 1400 2029 (Joan.
1432 1955 1519 2009 l5.
1539 1954 1627 2022 7);
1648 1961 1703 2008 et
1726 1993 1741 2017 ,
1776 1950 1895 2005 Non
1922 1951 2074 2005 liabe-

490 2056 567 2110 bis
593 2064 787 2125 partem
814 2067 1008 2105 mecum
1031 2048 1052 2123 (
1075 2048 1212 2103 Ibid.
1242 2064 1289 2102 tt.
1319 2045 1394 2119 8)
1425 2063 1438 2100 :
1471 2046 1648 2101 statim
1677 2060 1707 2099 a
1730 2044 2074 2101 contentione

492 2145 715 2209 destitit,
745 2154 799 2199 et
828 2143 879 2197 in
895 2140 1219 2196 contrarium
1242 2147 1478 2192 mutatus
1507 2146 1607 2191 εει.
1644 2134 1741 2190 Hic
1768 2149 1981 2204 quoque
2001 2133 2076 2188 si-

492 2238 693 2292 militer
723 2243 781 2290 ut
801 2234 1003 2289 audivit
1032 2250 1043 2285 :
1079 2232 1162 2286 15.
1195 2229 1488 2285 Sinentodo
1522 2227 1628 2282 :sic
1655 2227 1788 2280 enim
1821 2228 1959 2279 decet
1984 2242 2078 2280 nos

492 2328 706 2394 implere
760 2341 957 2380 omnem
998 2323 1255 2391 justitiam
1312 2337 1333 2375 :
1383 2321 1562 2374 statim
1599 2319 1928 2387 obsequutus
1972 2326 2073 2372 est.

495 2417 680 2487 Neque
703 2416 847 2471 enim
876 2413 1219 2483 pertinaciter
1240 2420 1394 2466 erant
1419 2408 1760 2473 contentiosi,
1811 2407 1906 2461 sed
1931 2421 2078 2460 amo—

497 2524 611 2563 rem
634 2506 793 2562 simul
813 2516 867 2562 et
898 2505 1254 2560 obedientiam
1269 2502 1614 2566 exhibebant,
1645 2501 1698 2554 in
1725 2500 2079 2569 omnibusque

502 2598 729 2654 Domino
778 2597 1149 2666 obtemperare
1198 2594 1504 2648 studebant.
1560 2590 1851 2646 Considera
1902 2599 2079 2644 autem

498 2688 770 2759 quomodo
800 2687 947 2741 illum
976 2686 1043 2740 ab
1070 2702 1135 2740 eo
1161 2684 1396 2749 inducat,
1420 2698 1449 2736 a
1475 2698 1582 2753 quo
1603 2682 1834 2736 maxime
1862 2681 2083 2750 putabat

500 2799 605 2836 non
631 2797 725 2851 par
751 2795 871 2835 esse
918 2780 991 2834 ita
1023 2779 1134 2833 iieri
1166 2797 1177 2832 :
1211 2793 1315 2833 non
1361 2777 1504 2832 enim
1548 2775 1702 2840 dixit,
1743 2774 1833 2830 Sic
1877 2773 2081 2842 justum

498 2884 618 2939 est;
644 2871 762 2941 sed,
785 2871 877 2927 Sic
901 2870 1059 2925 decet.
1090 2868 1224 2937 Quia
1253 2869 1395 2924 enim
1421 2868 1693 2937 indignum
1724 2866 1943 2920 omnino
1965 2880 2086 2919 esse

502 2965 743 3035 putabat,
775 2962 821 3016 si
847 2961 936 3016 ille
964 2976 995 3015 a
1017 2975 1176 3015 servo
1202 2960 1579 3027 baptizaretur,
1605 2957 1707 3011 hoc
1734 2957 1964 3012 maxime
1984 2956 2086 3026 ipsi

503 3069 691 3113 contra
716 3054 988 3124 opposuit,
1040 3067 1101 3106 ac
1131 3052 1175 3106 si
1205 3051 1431 3105 dixisset
1460 3067 1475 3104 :
1504 3049 1690 3104 Nonne
1717 3050 1768 3103 id
1800 3049 1998 3119 refugis
2031 3060 2086 3104 et

503 3146 725 3201 cohibes
751 3143 901 3214 quasi
930 3141 1280 3197 indecorum?
1308 3140 1594 3210 Propterea
1625 3154 1752 3209 ergo
1777 3139 1935 3204 Siue,
1964 3142 2085 3209 quia

504 3236 791 3292 admodum
818 3235 1071 3290 decorum
1093 3242 1197 3287 est.
1226 3231 1408 3301 Neque
1427 3232 1741 3300 simpliciter
1760 3232 1914 3295 dixit,
1940 3232 2087 3298 Siue;

507 3328 603 3384 sed
632 3327 854 3390 addidit,
900 3324 1073 3378 Nunc.
1102 3323 1217 3378 Non
1263 3323 1404 3378 enim
1432 3332 1688 3393 perpetuo
1731 3323 1802 3377 ita
1856 3323 1980 3390 erit,
2013 3324 2093 3377 itt-

508 3422 625 3490 quit
653 3437 666 3473 :
690 3417 784 3475 sed
816 3419 868 3472 in
891 3431 957 3472 eo
982 3425 1124 3471 statu
1154 3431 1241 3471 me
1268 3416 1472 3471 videbis
1495 3457 1509 3479 ,
1539 3432 1645 3486 quo
1689 3416 1965 3471 desideras
1991 3433 2006 3476 :
2038 3426 2093 3470 at

511 3526 655 3567 nunc
681 3512 785 3566 hoc
810 3517 1082 3577 exspecta.
1130 3507 1332 3563 Deinde
1371 3506 1610 3562 ostendit
1634 3507 1907 3577 quomodo
1962 3507 2090 3563 illud

512 3604 722 3660 deceat.
767 3599 1049 3668 Quomodo
1098 3600 1257 3669 igitur
1279 3598 1471 3654 decet?
1514 3599 1647 3667 Quia
1702 3600 1873 3669 legem
1927 3610 2091 3653 totam

514 3694 830 3762 implemus;
863 3690 915 3745 id
944 3691 1138 3761 quippe
1154 3688 1470 3760 signiﬁcavit
1496 3689 1746 3757 dicendo,
1777 3690 1988 3746 Omnem
2002 3694 2096 3762 ju-

512 3787 720 3843 stitiam.
754 3783 968 3839 Justitia
1013 3784 1156 3838 enim
1203 3791 1289 3837 est
1340 3780 1713 3836 mandatorum
1766 3781 2091 3837 observatio.

512 3878 646 3946 Quia
669 3877 849 3947 igitur,
879 3875 1069 3945 ittquit,
1100 3875 1203 3929 alia
1231 3874 1411 3929 omnia
1441 3872 1690 3927 mandata
1716 3873 2055 3942 implevimus
2078 3915 2093 3939 ,

516 3970 619 4023 hoc
658 3978 836 4023 autem
886 3983 1049 4021 unutn
1098 3974 1361 4036 superest,
1390 3974 1446 4020 et
1474 3963 1603 4018 illud
1633 3979 1844 4034 quoque
1881 3964 2096 4034 adjungi

514 4070 746 4130 oportet.
779 4061 910 4115 Veni
938 4060 1135 4129 quippe
1180 4058 1389 4112 solvere
1415 4055 1755 4111 maledictum
1775 4096 1791 4122 ,
1825 4072 1885 4111 es
1920 4065 2098 4111 trans-

513 4154 791 4222 gressione
819 4153 961 4222 legis
995 4151 1324 4221 impositum.
1354 4148 1576 4218 Oportet
1605 4147 1765 4219 igitur
1784 4163 1870 4202 me
1901 4148 2127 4218 ipsum,.
2157 4192 2163 4199 .

516 4262 638 4300 cum
663 4254 827 4298 totam
867 4244 1038 4311 legem
1081 4242 1395 4310 implevero,
1442 4248 1498 4293 et
1546 4253 1642 4292 vos
1682 4251 1712 4291 a
1749 4238 2093 4293 damnatione

519 4337 840 4397 liberavero,
863 4334 940 4386 sic
968 4334 1113 4386 illum
1159 4332 1439 4400 abrogare.
1466 4330 1631 4384 Decet
1664 4344 1793 4398 ergo
1818 4344 1904 4382 me
1936 4335 2100 4382 totum

518 4428 744 4497 implere
770 4426 940 4495 legem
968 4442 981 4477 ε
1012 4426 1132 4492 quia
1161 4422 1315 4477 decet
1337 4424 1495 4477 etiam
1526 4421 1863 4475 maledictum
1895 4419 2104 4473 solvere

519 4529 702 4572 contra
730 4531 826 4571 vos
856 4517 907 4571 in
933 4516 1051 4585 lege
1078 4514 1407 4582 inscriptum.
1440 4512 1565 4568 Ideo
1592 4527 1807 4567 carnem
1836 4510 2100 4578 assumpsi

514 4613 565 4659 cl
601 4608 813 4663 adveni.
848 4605 989 4660 Tunc
1012 4606 1200 4659 dimisit
1224 4621 1357 4658 eum.
1388 4605 1475 4659 16.
1508 4603 1572 4657 Et
1611 4604 1891 4671 baptizatus
1930 4599 2101 4667 Iesus,

516 4701 783 4769 confestim
813 4700 1037 4753 ascendit
1067 4700 1129 4752 de
1156 4714 1307 4765 aqua,
1332 4706 1380 4751 et
1421 4713 1532 4751 ecce
1558 4698 1719 4767 aperti
1744 4705 1862 4749 sunt
1882 4696 1927 4749 ei
1954 4697 2063 4749 ειειί
2086 4711 2105 4748 :

517 4800 563 4845 et
595 4795 716 4848 uidit
742 4792 995 4863 Spiritum
1022 4790 1118 4844 Dei
1143 4789 1523 4845 descendentem
1565 4789 1694 4842 sicut
1735 4787 2036 4851 columbam,
2058 4796 2106 4839 et

519 4884 793 4937 venientem
813 4899 966 4951 super
984 4898 1118 4936 eum.

592 4975 649 5029 ‘2.
690 4972 920 5027 Christus
967 4989 1059 5027 cur
1102 4972 1305 5026 Joanne
1353 4972 1519 5024 minor
1564 4969 1852 5039 putabatur.
1881 4969 2103 5037 —-Quia

525 5071 672 5126 enim
697 5069 865 5122 multo
891 5067 1152 5134 majorem
1181 5066 1273 5120 illo
1294 5063 1557 5118 Joannem
1585 5076 1705 5115 esse
1727 5061 2014 5130 putabant,
2043 5077 2113 5119 eo

526 5161 671 5231 quod
705 5161 760 5213 in
791 5159 1008 5213 deserto
1038 5172 1254 5226 semper
1282 5155 1527 5218 vixisset,
1560 5162 1615 5209 et
1644 5152 1785 5207 illius
1814 5154 2112 5210 sacerdmis

528 5260 697 5315 esset,
741 5249 944 5317 talique
973 5247 1196 5301 indutus
1224 5244 1570 5309 vestimento,
1612 5253 1776 5313 atque
1811 5259 2002 5300 omnes
2042 5245 2111 5301 ad

532 5342 864 5411 baptismum
894 5347 1137 5402 vocaret,
1166 5351 1340 5405 exque
1370 5335 1537 5390 sterili
1567 5344 1729 5389 natus
1753 5345 1930 5398 esset;
1954 5334 2114 5390 Jesus

533 5449 666 5491 vero
695 5450 759 5489 ex
803 5432 1034 5487 obscura
1069 5430 1245 5500 puella
1277 5436 1439 5483 natus
1467 5446 1480 5482 :
1514 5436 1701 5497 partus
1729 5428 1874 5482 enim
1904 5442 1965 5481 ex
1990 5426 2115 5482 Vir-

533 5528 653 5597 gine
693 5525 933 5581 nondum
967 5523 1223 5578 omnibus
1269 5530 1385 5577 erat
1424 5530 1619 5584 notus;
1658 5520 1914 5589 quodque
1962 5519 2110 5574 domi

535 5616 791 5679 nutritus,
812 5631 933 5670 cum
954 5612 1209 5669 omnibus
1230 5620 1479 5667 versatus
1500 5619 1554 5665 et
1577 5610 1781 5681 vulgari
1804 5619 1952 5665 veste
1972 5618 2116 5664 esset

536 5706 794 5763 indutus:
828 5694 1091 5764 minorem
1127 5706 1305 5773 ipsum
1335 5719 1458 5761 esse
1489 5704 1754 5774 putabant
1804 5703 1931 5772 quia
1976 5702 2111 5757 nihil

1186 293 1245 348 S.
1282 287 1561 347 JOANNIS
1595 278 2069 342 CllRYSOSTOMI
2109 277 2426 336 ARCHIEP.
2465 281 2977 343 CONSTANTINOP

3638 286 3741 345 20-!

2162 396 2338 451 adhuc
2380 412 2443 452 ex
2489 399 2696 453 arcanis
2741 399 2847 455 illis
2890 396 3150 454 viderant.
3200 397 3435 469 Contigit
3479 409 3658 455 autem
3690 409 3744 455 et

2162 491 2335 560 ipsum
2362 505 2392 543 a
2418 489 2620 545 Joanne
2640 491 2893 560 baptizari
2918 508 2932 545 :
2962 490 3015 545 id
3044 490 3184 559 quod
3216 490 3359 545 illam
3390 491 3624 546 maxime
3649 492 3740 546 tir-

2164 582 2345 638 mabat
2365 582 2691 653 opinionem,
2717 586 2875 639 etiam
2904 584 2947 639 si
2979 584 3108 638 nihil
3135 584 3279 638 aliud
3316 600 3382 639 ex
3425 584 3583 639 dictis
3608 600 3743 654 prte-

2163 676 2432 731 cessisset.
2476 674 2791 745 Cogitabam
2837 676 2980 731 enim
3019 692 3140 731 eum
3186 690 3307 732 esse
3360 678 3663 746 quempiam
3715 693 3743 731 a

2165 767 2325 837 vulgo
2357 786 2372 821 :
2403 767 2638 837 alioquin
2670 768 2836 832 enim,
2864 767 2962 821 nisi
2992 766 3060 821 de
3090 766 3250 836 vulgo
3288 776 3454 832 esset,
3487 783 3594 821 non
3622 782 3740 822 cum

2166 857 2317 911 turba
2364 857 2433 911 ad
2474 858 2790 927 baptismum
2844 865 3099 913 venturus
3141 866 3302 912 erat:
3337 857 3571 912 Joannes
3620 873 3744 913 vero

2168 946 2339 1015 major
2359 956 2413 1000 et
2439 946 2597 1017 longe
2641 947 2936 1002 mirabilior
2978 962 3097 1002 esse
3128 947 3428 1015 putabatur.
3463 946 3540 1003 Ne
3587 947 3747 1017 igitur

2169 1038 2255 1091 illa
2285 1037 2423 1107 apud
2470 1038 2667 1092 multos
2692 1041 2955 1093 sententia
2979 1038 3295 1106 praevaleret
3314 1079 3329 1103 ,
3358 1052 3481 1092 eum
3512 1037 3627 1107 ipse
3655 1039 3747 1091 ba-

2170 1129 2396 1199 ptizatus
2434 1128 2641 1195 fuisset,
2669 1130 2785 1185 caeli
2808 1130 2975 1199 aperti
3001 1138 3145 1192 sunt,
3170 1128 3401 1198 Spiritus
3446 1129 3746 1196 descendit,

2174 1230 2229 1273 et
2258 1235 2359 1274 vox
2403 1234 2525 1274 cum
2570 1220 2773 1289 Spiritu
2798 1220 3096 1290 praedicans
3122 1219 3341 1289 hujusce
3374 1219 3641 1290 Unigeniti
3669 1222 3749 1274 dio

2168 1313 2446 1384 gnitatem.
2471 1312 2603 1379 Quia
2629 1313 2770 1367 enim
2800 1311 2935 1366 htec-
2959 1327 3063 1366 vox
3107 1327 3226 1382 qua:
3255 1311 3465 1365 dicebat
3485 1352 3502 1379 ,
3533 1313 3619 1366 Π.
3654 1311 3751 1366 Hic

2170 1417 2243 1461 est
2271 1405 2436 1459 Filius
2457 1422 2596 1459 meus
2616 1406 2844 1471 dilectus,
2859 1405 3029 1459 multo
3052 1405 3220 1475 magis
3238 1404 3430 1459 Joauni
3446 1413 3752 1474 competere

2170 1495 2309 1564 apud
2341 1496 2596 1565 plurimos
2624 1496 2735 1549 visa
2778 1494 2999 1559 fuisset;
3031 1509 3203 1562 neque
3248 1494 3390 1549 enim
3440 1493 3752 1561 addiderat,

2172 1588 2271 1643 llic
2294 1586 2383 1656 qui
2417 1588 2731 1657 baptizatur,
2755 1587 2848 1642 sed
2874 1586 2972 1640 Hic
2994 1586 3311 1658 simpliciter
3330 1628 3345 1653 ,
3373 1597 3427 1641 et
3451 1587 3753 1641 auditorum

2169 1678 2365 1747 singuli
2413 1678 2465 1732 id
2511 1677 2685 1746 potius
2710 1677 2776 1731 de
2829 1676 3150 1748 baptizante,
3178 1692 3337 1746 quam
3381 1676 3449 1731 de
3492 1677 3754 1746 baptizata

2173 1768 2278 1823 dici
2305 1769 2558 1838 suspicati
2593 1769 2837 1835 fuissent,
2872 1778 2982 1823 tum
3009 1768 3079 1822 ob
3101 1769 3268 1837 ipsam
3302 1769 3554 1837 Baptista:
3580 1767 3752 1837 digni-

2175 1867 2337 1915 tatem
2368 1860 2409 1925 ⁸,
2439 1868 2548 1913 tum
2575 1859 2646 1911 ob
2674 1875 2734 1914 ea
2764 1860 2942 1913 omnia
2970 1875 3089 1929 qua:
3112 1859 3223 1928 jam
3253 1858 3390 1913 dicta
3418 1866 3545 1912 sunt
3573 1876 3585 1911 :
3620 1857 3757 1912 venit

2174 1948 2402 2020 Spiritus
2415 1950 2673 2006 columba:
2689 1951 2887 2021 Specie,
2907 1951 2995 2020 qui
3017 1964 3204 2004 vocem
3221 1951 3454 2004 traheret
3472 1949 3538 2003 ad
3555 1949 3755 2013 Jesum,

2174 2042 2531 2110 omnibusque
2571 2041 2870 2096 declararet
2898 2056 3081 2096 vocem
3135 2041 3278 2094 illam
3304 2082 3320 2107 ,
3364 2039 3496 2103 Hic,
3546 2055 3652 2094 non
3694 2038 3759 2093 de

2176 2132 2383 2189 Joanne
2411 2132 2710 2201 baptizante
2730 2171 2745 2197 ,
2776 2131 2874 2186 sed
2922 2132 2989 2186 de
3041 2131 3168 2186 Jesu
3200 2131 3465 2200 baptizato
3513 2129 3757 2200 proferri.

2178 2226 2250 2281 Et
2269 2241 2451 2297 quare,
2483 2227 2712 2296 inquies,
2760 2224 2846 2281 his
2898 2227 2967 2280 ita
3012 2224 3176 2294 gestis
3230 2239 3335 2278 non
3386 2222 3763 2279 crediderunt?

2179 2319 2314 2387 Quia
2342 2320 2501 2374 etiam
2524 2320 2624 2374 sub
2657 2319 2839 2389 Moyse
2883 2318 3049 2373 multa
3077 2326 3282 2388 patrata
3313 2326 3438 2371 sunt
3484 2316 3759 2381 miracula,

2181 2415 2391 2471 etiamsi
2416 2430 2520 2467 non
2550 2413 2672 2467 talia
2704 2429 2718 2467 :
2751 2420 2805 2466 et
2835 2420 3013 2466 tamen
3042 2419 3159 2479 post
3184 2411 3270 2465 illa
3299 2413 3497 2472 omnia,
3529 2418 3651 2479 post
3675 2424 3763 2461 v0-

2182 2519 2275 2561 ces
2301 2514 2358 2560 et
2388 2503 2564 2570 tubas,
2592 2512 2646 2560 et
2674 2502 2901 2573 fulgura,
2929 2502 3151 2556 vitulum
3180 2500 3499 2567 conﬂaruut,
3528 2510 3583 2554 et
3611 2498 3761 2554 Beel-

2183 2595 2405 2666 phegori
2434 2595 2625 2648 initiati
2655 2603 2798 2647 sunt.
2830 2592 3040 2663 Ipsique
3065 2592 3248 2658 etiam,
3280 2593 3368 2662 qui
3395 2601 3505 2644 tum
3530 2605 3764 2661 prtesen-

2185 2694 2269 2742 tes
2287 2696 2460 2749 erant,
2488 2700 2608 2740 cum
2636 2685 2891 2739 Lazarum
2919 2684 3230 2738 suscitatum
3259 2684 3539 2747 vidissent,
3567 2688 3761 2735 tantum

2187 2780 2352 2834 abfuit
2374 2788 2432 2833 ut
2458 2778 2738 2833 crederent
2781 2777 2902 2830 talia
2938 2776 3190 2845 patranti,
3224 2785 3277 2828 ut
3307 2774 3468 2829 etiam
3501 2773 3648 2827 illum
3679 2787 3764 2825 oc-

2186 2874 2368 2929 cidere
2395 2886 2537 2942 saepe
2564 2878 2852 2925 tentarent.
2883 2868 2940 2922 Si
2971 2868 3130 2937 igitur
3159 2882 3269 2936 prat
3295 2866 3469 2919 oculis
3514 2864 3766 2918 habentes

2190 2974 2521 3020 mortuorum
2576 2961 3045 3025 resurrectionem,
3099 2960 3170 3012 ita
3223 2965 3375 3012 erant
3413 2954 3675 3010 increduli
3718 2963 3768 3008 et

2191 3057 2361 3126 pravi,
2388 3055 2513 3125 quid
2538 3054 2749 3108 miraris
2778 3053 2820 3106 si
2851 3067 3033 3107 vocem
3063 3052 3204 3106 illam
3230 3064 3516 3121 supernam
3550 3065 3655 3103 non
3682 3062 3770 3101 ex-

2192 3150 2480 3217 ceperunt?
2500 3147 2630 3203 Cum
2654 3147 2795 3201 enim
2828 3145 3066 3214 improba
3097 3155 3151 3198 et
3192 3157 3439 3212 perversa
3468 3150 3550 3196 est
3574 3142 3765 3200 anima.

2194 3240 2482 3309 livorisque
2512 3238 2697 3291 morbo
2722 3236 2931 3302 aliecta,
2962 3235 3088 3289 nulli
3116 3233 3257 3289 cedit
3278 3232 3568 3297 miraculo;
3592 3240 3767 3286 contra

2195 3349 2323 3389 vero
2347 3348 2468 3388 cum
2499 3330 2662 3401 proba
2688 3340 2791 3396 est,
2821 3329 3000 3384 omnia
3026 3343 3145 3383 cum
3177 3326 3280 3380 [ide
3310 3324 3523 3395 accipit,
3555 3325 3661 3378 imo
3685 3338 3773 3376 ne-

2196 3441 2299 3496 que
2326 3425 2406 3480 his
2435 3424 2721 3479 admodum
2752 3438 2888 3492 opus
2917 3421 3094 3477 habet.
3129 3419 3204 3474 Ne
3235 3420 3396 3489 igitur
3431 3432 3643 3487 quaeras
3682 3432 3773 3471 cur

2198 3531 2304 3572 non
2336 3515 2678 3570 crediderunt
2716 3531 2729 3566 :
2761 3513 2891 3568 illud
2924 3512 3016 3567 tibi
3043 3509 3388 3581 qumrendum
3433 3518 3577 3562 esset
3602 3508 3644 3561 si
3672 3521 3771 3561 uou

2199 3608 2340 3663 facta
2383 3607 2610 3661 fuissent
2651 3607 2851 3669 omnia,
2883 3618 3004 3674 qute
3043 3602 3108 3655 ad
3154 3601 3481 3656 credendum
3530 3599 3775 3654 inducere

2200 3702 2488 3757 debebant.
2537 3699 2742 3753 Etenim
2798 3712 2893 3766 per
2940 3695 3253 3765 prophetam
3290 3694 3430 3747 Deus
3458 3706 3621 3758 super
3669 3689 3776 3743 base

2199 3791 2401 3857 omnia,
2429 3805 2547 3860 quat
2573 3788 2641 3841 ab
2660 3803 2718 3843 se
2744 3787 2981 3857 prtestari
3010 3785 3327 3849 debuerunt,
3360 3781 3778 3837 huncdel‘ensio-

2204 3885 2286 3939 nis
2313 3882 2529 3937 modum
2556 3881 2733 3936 aﬂ'ert.
2780 3879 2914 3945 Quia
2944 3878 3085 3931 enim
3114 3877 3346 3930 futurum
3382 3884 3497 3929 erat
3538 3883 3595 3927 ut
3614 3872 3778 3927 Judaei

2206 3978 2460 4045 perirent,
2492 3980 2547 4025 et
2588 3980 2834 4025 extremo
2879 3967 3142 4036 supplicio
3166 3965 3541 4027 traderentur;
3575 3979 3642 4016 ne
3668 3961 3781 4031 quis

2203 4084 2268 4124 ex
2297 4067 2531 4136 ipsorum
2562 4064 2794 4134 nequitia
2825 4061 2941 4131 ejus
2970 4058 3357 4130 providentiam
3374 4056 3641 4135 culparet,
3673 4056 3742 4108 ait
3766 4070 3779 4105 ε

2207 4134 2343 4223 Quid
2369 4174 2447 4211 me
2463 4158 2683 4224 oportuit
2721 4157 2886 4225 facere
2923 4152 3079 4204 vinea:
3109 4150 3244 4213 huic,
3288 4159 3335 4202 et
3355 4134 3458 4202 non
3488 4145 3593 4220 feci
3617 4146 3637 4217 (
3659 4143 3782 4198 Isai.

2205 4250 2261 4307 5.
2293 4250 2395 4320 4)?
2429 4248 2658 4317 ldipsum
2694 4245 2779 4300 hic
2805 4243 3116 4299 consideres
3145 4248 3374 4311 oportet,
3418 4239 3545 4309 quid
3572 4247 3785 4308 oporte-

2206 4342 2293 4396 bat
2320 4340 2458 4405 ﬁeri,
2506 4349 2563 4394 ct
2591 4354 2695 4392 non
2728 4336 2923 4390 factum
2954 4343 3056 4389 est.
3091 4333 3158 4387 Et
3182 4332 3227 4386 si
3257 4330 3472 4402 quando
3506 4329 3574 4383 de
3601 4328 3780 4399 provi-

2206 4435 2384 4492 dentia
2408 4435 2498 4488 Dei
2520 4446 2795 4487 sermones
2807 4438 3138 4491 moveantur,
3163 4425 3264 4482 hoc
3282 4423 3610 4480 defensionis
3632 4420 3788 4477 modo

2210 4536 2361 4581 utere
2405 4525 2664 4578 adversus
2709 4536 2803 4576 eos
2850 4519 2940 4587 qui
2993 4519 3060 4572 do
3118 4518 3401 4572 multorum
3450 4513 3786 4584 improbitate

2209 4618 2378 4687 ipsam
2405 4613 2675 4670 criminari
2705 4619 2981 4667 conantur.
3015 4608 3292 4679 Perpende
3323 4606 3483 4675 igitur
3508 4620 3671 4675 quam
3696 4603 3788 4656 mi-

2211 4707 2396 4761 rabilia
2427 4713 2819 4774 perpetrentur,
2858 4713 2912 4756 et
2957 4700 3256 4755 futurorum
3290 4698 3437 4752 initia
3469 4714 3482 4749 :
3512 4711 3620 4750 non
3649 4696 3784 4748 enim

2213 4797 2513 4867 paradisus,
2551 4795 2644 4850 sed
2685 4794 2874 4848 caelum
2922 4793 3179 4861 aperitur.
3215 4788 3407 4844 Verum
3458 4787 3575 4840 bare
3608 4794 3785 4841 contra

2209 4887 2425 4943 Judaens
2473 4887 2646 4940 oratio
2697 4885 2747 4938 in
2793 4883 2936 4937 aliud
2985 4893 3195 4950 tempus
3261 4877 3539 4934 dilieratur
3586 4893 3600 4928 :
3654 4887 3787 4928 nunc

2211 4988 2409 5034 autem.
2438 4978 2547 5031 Deo
2569 4978 2807 5045 juvautc,
2841 4974 2903 5029 ad
2936 4990 2996 5028 ea
3019 4989 3134 5042 quae
3160 4972 3268 5040 jam
3291 4978 3585 5024 tractamus
3616 4980 3787 5022 sermo

2213 5071 2478 5127 referatur
2508 5088 2520 5122 :
2554 5069 2619 5124 Et
2666 5069 2949 5137 baptizatus
2974 5066 3146 5131 Iesus,
3176 5063 3399 5118 ascendit
3428 5062 3695 5131 confestim
3730 5074 3787 5112 ea:

2211 5177 2382 5231 aqua;
2413 5172 2458 5215 et
2480 5176 2589 5214 ecce
2608 5161 2770 5229 aperti
2797 5168 2913 5212 sunt
2939 5158 2983 5211 ei
3003 5157 3132 5211 caeli.
3158 5154 3267 5210 Cur
3293 5153 3462 5223 aperti
3487 5163 3613 5207 sunt
3635 5151 3743 5206 ouili
3766 5149 3788 5201 ’ἶ

2214 5253 2282 5310 Ut
2306 5254 2504 5313 discas,
2536 5266 2655 5307 cunt
2692 5260 2748 5306 ltt
2779 5249 3062 5319 baptizaris
3082 5289 3095 5311 ,
3143 5248 3369 5317 idipsum
3417 5246 3530 5299 ﬁeri
3557 5286 3573 5311 ,
3605 5246 3712 5298 Deo
3738 5256 3786 5295 te

2214 5344 2280 5399 ad
2330 5344 2597 5399 cmlostem
2634 5345 2853 5413 patriam
2901 5350 3146 5401 vocante,
3188 5348 3242 5392 et
3292 5338 3552 5392 suadente
3578 5347 3635 5390 ttt
3662 5333 3786 5389 nihil

2211 5451 2332 5491 cum
2361 5444 2498 5489 terra
2523 5448 2806 5487 commune
2826 5431 3044 5486 habeas.
3069 5427 3223 5496 Quod
3247 5428 3291 5482 si
3314 5428 3365 5481 id
3396 5443 3504 5483 non
3530 5425 3699 5486 vides.
3726 5437 3790 5478 ne

2280 5662 2294 5690 ι
2329 5658 2522 5719 Quidam
2538 5656 2737 5710 habent,
2752 5651 2810 5700 ob
2832 5646 3227 5719 ipsmnbaptismt
3251 5643 3555 5708 dignitatem;
3572 5644 3659 5697 sed
3676 5640 3789 5693 mul-

2215 5726 2263 5767 to
2293 5714 2483 5769 Driestat
2507 5717 2652 5768 lectio
2674 5727 2783 5777 qua:
2810 5719 2886 5762 est
2918 5714 2963 5759 iu
2989 5714 3147 5759 textu.
