4054 6210
500 281 615 338 205

498 392 659 457 αὐτῷ
698 394 751 446 οἱ
796 393 1060 460 οὐρανοί.
1123 395 1277 458 Τίνος
1321 396 1367 427 ⁸³
1403 394 1589 447 ἕνεκεν
1627 391 1979 463 ἀνεῴχθησαν
2029 390 2076 441 οἱ

496 475 717 546 οὐρανοί
736 493 751 541 ;
778 475 893 530 Ἰνα
923 478 1097 549 μάθῃς
1130 479 1211 530 ὅτι
1250 478 1341 531 xal
1372 478 1465 531 σοῦ
1503 475 1899 547 βαπτιζομένου
1922 472 2079 526 τοῦτο

495 560 728 628 γίνεται,
762 560 897 630 πρὸς
934 562 1031 630 τὴν
1060 562 1171 615 άνω
1202 562 1436 634 πατρίδα
1460 561 1554 613 τοῦ
1585 561 1720 633 Θεοῦ
1760 577 1818 611 σε
1850 557 2078 610 καλοῦν-

496 658 610 705 τος,
642 644 732 695 καί¹
761 643 1033 705 πείθοντος
1073 643 1240 713 μηδὲν
1280 644 1453 698 κοινὸν
1483 643 1625 711 ἐχειν
1658 641 1792 711 πρὸς
1824 640 1921 709 τὴν
1951 638 2075 708 γῆν.

437 727 443 733 ’
498 724 563 777 Εἰ
591 725 647 776 δὲ
680 726 753 795 μὴ
778 726 929 795 ὁρᾷς,
971 727 1043 796 μὴ
1066 729 1395 797 ἀπιστήσῃς.
1428 727 1537 778 Kal
1557 725 1661 792 γάρ
1692 725 1748 775 ἐν
1772 721 2079 792 προοιμίοις

496 806 585 859 ἀεὶ
622 807 728 859 τῶν
772 808 1089 878 παραδόξων
1152 811 1244 860 καὶ
1304 806 1691 876 πνευματικῶν
1741 803 2079 874 πραγμάτων

497 888 750 957 αἰσθηταὶ
806 890 1086 958 φαίνονται
1132 890 1284 959 ὄψεις
1324 892 1418 943 καὶ
1458 892 1660 958 σημεῖα
1703 886 1950 949 τοιαῦτα,
1990 883 2080 937 διά

494 970 619 1032 τοὺς
651 972 1006 1042 ἀνοητότερον
1034 972 1411 1041 διακειμένους
1444 972 1535 1023 καὶ
1571 970 1871 1041 χρῄζοντας
1904 966 2078 1035 ὄψεως

493 1052 778 1123 αἰσθητῆς,
820 1054 914 1106 καὶ
963 1054 1232 1124 μηδεμίαν
1272 1056 1475 1106 ἔννοιαν
1519 1054 1812 1121 ἀσωμάτου
1864 1049 2079 1119 φύσεως

492 1134 678 1188 λαϐεῖν
706 1136 1058 1206 δυναμένους,
1093 1138 1228 1206 πρὸς
1247 1138 1304 1190 δὲ
1325 1139 1393 1191 τά
1422 1138 1593 1207 ὁρατά
1624 1136 1781 1205 μόνον
1808 1131 2073 1202 ἐπτοημέ-

492 1234 618 1281 νους
644 1236 656 1248 ⁸
686 1220 773 1271 ἵνα
811 1221 914 1273 κᾶν
950 1222 1088 1290 μετὰ
1139 1220 1309 1273 ταῦτα
1346 1221 1419 1292 μὴ
1467 1220 1690 1290 γένηται
1721 1218 1890 1272 ταῦτα
1919 1217 1987 1269 τά
2018 1214 2077 1281 ἐξ

491 1301 673 1354 αὐτῶν
705 1302 1015 1372 δηλωθέντα
1049 1305 1194 1368 ἀπαξ
1230 1306 1322 1357 καὶ
1354 1308 1410 1357 ἐν
1446 1307 1588 1375 ἀρχῇ
1626 1303 1904 1376 παραδέξῃ
1933 1303 1978 1332 ⁸⁸
2010 1303 2074 1371 τῇ

494 1385 695 1437 πίστει.
758 1386 870 1438 Kal
912 1387 1022 1458 γὰρ
1067 1388 1292 1440 ἐπὶτῶν
1333 1390 1643 1442 ἀποστόλων
1689 1385 1819 1458 ἦχος
1864 1386 2078 1454 ἐγένετο

495 1470 665 1538 πνοῆς
692 1469 892 1537 βιαίας,
921 1474 1013 1525 καὶ
1046 1472 1195 1540 ὄψεις
1220 1473 1477 1542 γλωσσῶν
1502 1474 1739 1543 πυρίνων
1765 1470 2039 1539 ἐφάνησαν
2058 1487 2073 1501 ο

490 1550 609 1604 ἀλλ’
636 1555 695 1605 οὑ
722 1554 809 1607 διά
844 1557 967 1618 τοὺς
989 1556 1337 1620 ἀποστόλους,
1378 1556 1514 1610 ἀλλὰ
1536 1557 1623 1609 διὰ
1644 1556 1770 1617 τοὺς
1806 1553 2076 1623 παρόντας

493 1634 613 1686 τότε
660 1636 961 1698 Ἰουδαίους.
1009 1638 1147 1691 Ἀλλ’
1183 1640 1331 1709 ὅμως
1362 1640 1409 1692 εἰ
1438 1640 1531 1692 καὶ
1557 1640 1632 1708 μὴ
1666 1636 1899 1705 αἱσθητά
1928 1635 2076 1702 γίνε-

491 1734 582 1771 ται
608 1722 828 1789 σημεῖα,
863 1722 931 1775 τὰ
957 1722 1015 1788 ἐξ
1046 1722 1225 1775 αὐτῶν
1263 1722 1572 1793 δηλωθέντα
1602 1720 1747 1784 ἀπαξ
1783 1717 2077 1788 καταδεχό-

495 1800 652 1869 μεθα.
696 1802 848 1855 Ἐπεὶ
876 1804 970 1855 καὶ
998 1806 1031 1873 ή
1066 1804 1365 1875 περιστερά
1394 1804 1482 1857 διὰ
1528 1803 1685 1857 τοῦτο
1725 1803 1845 1855 τότε
1878 1801 2073 1869 ἐφάνη.

492 1884 559 1935 ἵν’
597 1884 783 1953 ῶσπερ
831 1886 952 1938 ἀντὶ
989 1885 1257 1939 δακτύλου
1308 1887 1453 1950 τινὸς
1490 1887 1639 1956 δείξῃ
1682 1887 1792 1946 τοῖς
1842 1882 2076 1953 παροῦσι

491 1967 589 2017 καὶ
611 1966 687 2035 τῷ
729 1967 948 2037 Ἰωάννῃ
977 1968 1068 2021 τὸν
1102 1968 1227 2021 Υίὸν
1258 1969 1351 2022 τοῦ
1382 1969 1537 2021 Θεοῦ.
1571 1970 1643 2022 Οὐ
1689 1968 1844 2037 μόνον
1882 1966 1939 2018 δὲ
1988 1963 2078 2019 διά

491 2048 669 2113 τοῦτο,
706 2050 817 2102 ἀλλ’
847 2050 933 2103 ἵνα
967 2051 1060 2103 καὶ
1093 2052 1156 2103 σὺ
1184 2052 1384 2123 μάθῃς,
1420 2054 1501 2106 ὅτι
1542 2052 1638 2105 καὶ
1668 2052 1759 2103 ἐπὶ
1790 2050 1849 2103 σέ
1879 2048 2076 2119 βαπτι-

491 2128 718 2201 ζόμενον
750 2131 809 2184 τὸ
842 2131 1063 2201 Πνεῦμα
1097 2134 1333 2204 ἔρχεται.

564 2210 633 2281 γ’.
653 2213 852 2267 Λοιπὸν
868 2214 924 2268 δὲ
950 2216 1079 2286 ἡμῖν
1107 2216 1370 2287 αἰσθητῆς
1389 2215 1449 2269 οὐ
1475 2215 1630 2288 χρεία
1649 2216 1844 2285 ὄψεως,
1861 2214 1962 2284 τῆς
1988 2214 2078 2268 πί-

494 2312 664 2358 στεως
686 2296 805 2349 ἀντὶ
834 2296 1052 2350 πάντων
1081 2298 1355 2369 ἀρκούσης
1374 2316 1387 2329 ·
1418 2299 1487 2351 τὰ
1515 2299 1624 2368 γὰρ
1644 2298 1843 2368 σημεῖα
1870 2298 1931 2351 οὐ
1963 2298 2075 2360 τοῖς

492 2379 857 2445 πιστεύουσιν,
889 2380 1023 2433 ἀλλά
1051 2385 1161 2445 τοῖς
1191 2382 1441 2445 ἀπίστοις
1467 2384 1533 2434 δ’.
1569 2382 1721 2435 Διατί
1755 2382 1813 2435 δέ
1851 2383 1911 2434 ἐν
1942 2381 2073 2434 εῖδει

490 2466 861 2534 περιστερᾶςς
900 2466 1143 2536 Ἤμερον
1176 2466 1237 2519 τὸ
1281 2466 1417 2531 ζῶον
1472 2467 1566 2519 καὶ
1598 2465 1857 2537 καθαρόν.
1924 2464 2075 2516 Ἐπειὶ¹

487 2539 583 2598 οὖν
607 2546 697 2597 καὶ
720 2546 781 2598 τὸ
811 2546 1037 2617 Πνεῦμα
1062 2548 1369 2620 πραότητός
1400 2550 1516 2602 ἐστι
1539 2548 1779 2618 πνεῦμα,
1807 2546 1895 2599 διά
1917 2546 2074 2599 τοῦτο

486 2628 550 2681 iv
594 2629 767 2699 τούτῳ
827 2631 1095 2699 φαίνεται.
1155 2632 1363 2695 Ἀλλως
1405 2633 1463 2685 δὲ
1516 2632 1610 2685 καὶ
1655 2631 1890 2693 παλαιᾶς
1924 2630 2073 2700 ἡμᾶς

486 2712 895 2783 ἀναμιμνήσκει
923 2715 1184 2785 ἱστορίας.
1220 2716 1328 2768 Kal
1370 2715 1478 2787 γάρ
1517 2715 1778 2783 ναυαγίου
1801 2713 1931 2766 ποτὲ
1960 2730 2073 2766 κοι-

488 2795 581 2848 νοῦ
614 2795 710 2866 τὴν
735 2797 1061 2867 οἰκουμένην
1111 2798 1507 2861 καταλαϐόντος
1554 2798 1791 2857 ἃπασαν,
1844 2794 1935 2849 καὶ
1975 2794 2070 2847 τοῦ

485 2878 680 2947 γένους
703 2880 860 2950 ἡμῶν
890 2882 1289 2946 κινδυνεύοντος
1308 2882 1689 2951 ἀφανισθῆναι,
1706 2879 1865 2933 τοῦτο
1900 2879 2071 2947 ἐφάνη

486 2962 549 3016 τὺ
572 2961 729 3026 ζῶον,
764 2967 859 3015 καὶ
885 2964 981 3033 τὴν
1006 2963 1155 3035 [164]
1182 2964 1337 3017 λύσιν
1364 2963 1457 3017 τοῦ
1480 2963 1745 3032 χειμῶνος
1773 2961 1958 3025 ἔδειξε,
1981 2961 2075 3014 καὶ

487 3044 682 3097 κλάδον
704 3044 866 3114 φέρον
888 3045 1093 3109 ἐλαίας,
1124 3047 1223 3115 τὴν
1239 3046 1421 3117 κοινὴν
1438 3047 1534 3115 τῆς
1565 3044 1884 3114 οἰκουμένης
1906 3044 2075 3115 γαλή-

488 3144 588 3196 νην
620 3127 1008 3195 εὐηγγελίσατο
1026 3144 1037 3156 ’
1066 3129 1208 3197 ἆπερ
1226 3128 1403 3181 πάντα
1434 3128 1601 3190 τύπος
1637 3127 1747 3180 τῶν
1777 3126 2074 3196 μελλόντων

486 3206 576 3279 ἦν.
608 3211 715 3262 Καὶ
752 3209 859 3280 γάρ
906 3211 1027 3263 τότε
1072 3210 1251 3280 πολλῷ
1300 3214 1480 3281 χεῖρον
1528 3210 1595 3263 τά
1627 3210 1733 3263 τῶν
1771 3208 2074 3281 ἀνθρώπων

486 3292 740 3356 διέκειτο,
772 3293 865 3346 καὶ
914 3293 1093 3361 πολλῷ
1132 3292 1375 3362 μείζονος
1418 3292 1557 3357 ἄξιοι
1607 3292 1878 3362 τιμωρίας
1914 3286 2071 3363 ἦσαν.

486 3375 592 3427 Ἶν⁹
620 3370 712 3427 οὖν
743 3374 817 3444 μὴ
844 3375 1115 3445 ἀπογνῷς,
1146 3378 1552 3448 ἀναμιμνήσκει
1602 3393 1661 3429 σε
1702 3378 1801 3445 τῆς
1837 3376 2076 3445 ἱστορίας

488 3458 725 3527 ἐκείνης.
761 3459 868 3511 Kal
898 3459 1006 3529 γάρ
1030 3459 1148 3511 τότε
1187 3460 1296 3513 τῶν
1330 3460 1671 3531 πραγμάτων
1702 3458 2076 3527 ἀπογνωσθέν-

486 3559 617 3605 των,
641 3541 830 3609 γέγονε
864 3541 1019 3605 λύσις
1047 3560 1131 3605 τις
1163 3542 1257 3595 καὶ
1285 3543 1568 3615 διόρθωσις
1594 3559 1606 3572 ·
1658 3542 1794 3596 ἀλλά
1835 3542 1954 3595 τότε
1986 3541 2076 3594 διὰ

487 3626 780 3696 τιμωρίας,
805 3625 901 3678 νῦν
931 3625 987 3678 δέ
1015 3626 1103 3678 διά
1137 3628 1355 3697 χάριτος
1403 3628 1496 3681 καὶ
1526 3627 1732 3697 δωρεᾶς
1761 3625 1968 3694 ἀφάτου
2003 3625 2070 3676 ⁸⁸.

487 3708 590 3760 Διά
617 3708 775 3761 τοῦτο
805 3708 897 3761 καὶ
921 3709 954 3777 ἡ
983 3708 1280 3780 περιστερά
1309 3710 1654 3778 φαίνεται,οὑ
1683 3708 1872 3761 κλάδον
1888 3707 2072 3771 ἐλαίας

489 3791 749 3861 φέρουσα,
784 3789 920 3843 ἀλλά
952 3789 1042 3844 τὸν
1077 3792 1292 3845 πάντων
1329 3791 1436 3844 τῶν
1480 3791 1665 3844 κακῶν
1708 3790 2072 3861 ἐλευθερωτήν

487 3875 623 3944 ἡμῖν
650 3872 984 3938 δεικνύουσα,
1014 3874 1106 3926 καὶ
1136 3874 1377 3943 χρηστάς
1410 3874 1763 3927 ὑποτείνουσα
1792 3874 1890 3937 τὰς
1923 3873 2074 3925 ἐλπί-

485 3955 606 4019 δας.
640 3955 773 4008 Οὐδέ
807 3954 917 4026 γάρ
964 3955 1072 4008 ἀπὸ
1114 3955 1349 4008 κιϐωτοῦ
1404 3956 1687 4029 ἄνθρωπον
1729 3956 1913 4023 ἐξάγει
1951 3954 2069 4017 ἕνα,

489 4038 626 4093 ἀλλά
653 4037 751 4109 τήν
776 4039 1102 4109 οἰκουμένην
1136 4039 1353 4093 ἅπασαν
1396 4041 1476 4102 είς
1506 4039 1598 4092 τὸν
1629 4039 1855 4110 οὐρανὸν
1879 4038 2071 4105 ἀνάγει

490 4124 737 4191 φανεῖσα.
764 4121 857 4175 καί⁵
886 4122 1005 4176 ἀντὶ
1035 4121 1227 4176 θαλλοῦ
1260 4122 1305 4153 ⁸³
1336 4122 1523 4184 ἐλαίας
1552 4121 1651 4194 τὴν
1693 4120 1965 4175 υἱοθεσίαν
1992 4118 2069 4190 τῷ

487 4205 655 4275 κοινῷ
678 4206 776 4275 τῆς
807 4205 1132 4275 οἰκουμένης
1168 4205 1383 4274 κομίζει
1417 4204 1584 4273 γένει.
1628 4206 1919 4275 Ἐννοήσας
1954 4202 2069 4257 τοί-

487 4305 583 4340 νυν
608 4288 670 4340 τό
710 4287 940 4357 μέγεθος
965 4287 1065 4356 τῆς
1098 4287 1325 4358 δωρεᾶς,
1366 4288 1500 4358 μηδέ
1527 4289 1573 4321 ’⁸
1613 4288 1871 4343 ἐλάττονα
1904 4288 2069 4342 αὐτοῦ

486 4369 589 4438 τὴν
616 4368 771 4433 ἀξίαν
798 4369 1026 4439 νομίσῃς
1068 4364 1227 4432 εἶναι,
1276 4369 1364 4422 διὰ
1394 4369 1455 4422 τὺ
1489 4371 1547 4422 ἐν
1591 4371 1808 4441 τοιαύτῃ
1839 4371 2071 4441 φανῆναι

490 4451 633 4519 ὄψει.
660 4452 767 4503 Kal
788 4450 894 4521 γάρ
917 4450 1098 4503 ἀκούω
1121 4450 1281 4504 τινῶν
1300 4451 1584 4520 λεγόντων,
1612 4454 1693 4506 ὅτι
1715 4455 1837 4506 ὅσον
1867 4454 2073 4526 ἀνθρὼ-

491 4550 597 4586 που
632 4532 727 4585 καὶ
760 4535 1087 4604 περιστερᾶς
1110 4533 1173 4585 τὸ
1203 4534 1385 4603 μέσον,
1425 4534 1677 4586 τοσοῦτον
1708 4535 1803 4587 τοῦ
1834 4537 2071 4607 Χριστοῦ

491 4616 585 4669 καὶ
610 4614 700 4669 τοῦ
732 4615 1067 4687 Πνεύματος,
1090 4616 1277 4687 ἐπειδὴ
1299 4619 1327 4670 6
1346 4615 1443 4685 μὲν
1460 4618 1516 4669 ἐν
1538 4620 1604 4689 τῇ
1627 4618 1870 4690 ἡμετέρᾳ
1892 4619 2071 4687 φύσει,

489 4700 552 4752 τὸ
589 4700 644 4753 δέ
667 4702 723 4753 ἐν
751 4700 870 4765 ὄψει
905 4702 1231 4771 περιστερᾶς
1268 4700 1462 4770 ἐφάνη.
1504 4700 1569 4752 Τί
1595 4697 1693 4754 οὖν
1731 4702 1866 4773 πρὸς
1904 4703 2075 4756 ταῦτα

492 4781 637 4836 ἐστιν
662 4786 867 4850 εἰπεῖν;
901 4784 1069 4837 ’⁷οτιὸ
1094 4785 1191 4854 μὲν
1214 4784 1342 4847 Υἱὸς
1365 4782 1458 4838 τοῦ
1484 4783 1643 4850 Θεοῦ,
1675 4785 1837 4853 φύσιν
1864 4784 2075 4856 ἀνθρώ-

492 4880 595 4916 που
624 4866 876 4919 ἀνέλαϐε·
907 4867 968 4920 τὸ
995 4868 1053 4921 δέ
1089 4868 1337 4938 Πνεῦμα,
1363 4869 1423 4920 οὐ
1462 4868 1624 4936 φύσιν
1654 4870 1883 4923 ἀνέλαϐε
1916 4888 2073 4941 περι-

492 4948 709 5017 στερᾶς.
744 4949 844 5001 Διά
869 4951 1025 5002 τοῦτο
1052 4953 1145 5003 καὶ
1173 4953 1201 5003 6
1243 4950 1633 5022 εὐαγγελιστὴς
1665 4954 1766 5007 οὐκ
1793 4949 1966 5016 εἶπεν,
1991 4955 2074 5007 ὃτι

489 5033 550 5086 ἐν
577 5031 734 5099 φύσει
758 5037 1104 5105 περιστερᾶς,
1122 5036 1237 5088 ἀλλ’
1259 5037 1316 5089 ἐν
1342 5036 1472 5088 εἴδει
1494 5038 1825 5109 περιστερᾶς
1844 5053 1858 5067 ·
1880 5037 2074 5091 οὐκοῦν

489 5114 610 5168 οὐδὲ
640 5115 775 5185 μετὰ
802 5116 975 5169 ταῦτα
1011 5118 1067 5169 ἐν
1107 5117 1281 5188 τούτῳ
1314 5118 1469 5188 ῶφθη
1504 5119 1581 5189 τῷ
1626 5121 1885 5190 σχήματι,
1939 5120 2075 5174 ἀλλὰ

488 5198 611 5251 τότε
647 5198 825 5267 μόνον.
853 5200 913 5251 Εἰ
932 5199 988 5251 δὲ
1022 5199 1107 5252 διὰ
1136 5201 1292 5253 τοῦτο
1309 5201 1568 5255 ἐλάττονα
1602 5203 1765 5256 αὐτοῦ
1790 5204 1890 5274 τὴν
1918 5204 2073 5269 ἀξίαν

489 5280 596 5352 φῂς
635 5275 795 5344 εἶναι,
835 5282 1187 5351 εὑρεθήσεται
1234 5284 1327 5335 καὶ
1371 5286 1436 5337 τά
1471 5286 1750 5357 Χερουϐὶμ
1797 5289 1937 5341 κατά
1984 5288 2074 5341 τὸν

487 5363 645 5433 λόγον
668 5364 854 5417 τοῦτον
889 5364 1096 5434 ἀμείνω
1123 5365 1320 5435 πολλῷ,
1354 5369 1448 5421 καὶ
1484 5368 1735 5423 τοσοῦτον
1764 5370 1888 5423 ὅσον
1921 5388 2075 5442 περι-

1191 278 1250 335 S.
1291 279 1574 336 JOANNIS
1612 271 2106 335 CHRYSOSTOMI
2149 268 2464 328 ARCIIIEP.
2503 270 3048 330 CONSTANTINOP.

3654 275 3750 329 20‘}

2182 389 2376 458 στερεῖς
2400 388 2555 451 ἀετός
2577 405 2591 419 ·
2628 389 2720 440 καὶ
2747 386 2854 456 γὰρ
2887 389 2966 450 εἰς
2992 384 3194 455 ταύτην
3238 386 3465 438 κάκεῖνα
3512 388 3748 459 ἐσχημα-

2180 469 2335 541 τίσθη
2372 469 2470 541 τὴν
2499 470 2622 539 ὄψιν
2645 486 2659 500 ⁸
2700 472 2791 523 καὶ
2833 470 2882 521 οἱ
2928 468 3146 537 ἄγγελοι
3181 468 3238 520 δὲ
3271 469 3531 537 ἀμείνους
3558 474 3747 524 πάλιν

2181 552 2401 623 καὶγὰρ
2431 556 2489 606 ἐν
2520 554 2756 623 σχήματι
2804 552 3103 622 ἀνθρώπων
3146 551 3406 614 πολλάκις
3454 555 3749 622 ἐφάνησαν,

2193 634 2331 686 Ἀλλ’
2359 635 2458 687 οὐκ
2484 634 2598 688 ἐστι
2626 633 2819 697 ταῦτα,
2846 634 2943 687 οὐκ
2976 633 3110 687 ἐστι.
3134 634 3241 687 Kal
3268 636 3376 706 γάρ
3401 637 3588 707 ἓτερον
3618 642 3750 692 οίκο-

2180 717 2370 787 νομίας
2391 718 2635 789 ἀλήθεια,
2670 717 2761 771 καὶ
2779 718 2953 786 ὄψεως
2975 719 3305 789 προσκαίρου
3332 723 3749 787 συγκατάϐασις.

2179 802 2271 871 Μὴ
2300 802 2476 855 τοίνυν
2506 803 2795 872 ἀχάριστος
2818 802 2967 869 γίνου
3008 803 3135 871 περὶ
3160 802 3248 854 τὸν
3278 803 3595 874 εὐεργέτην,
3627 809 3749 875 μηδὲ

2178 886 2289 946 τοῖς
2318 884 2577 948 ἐναντίοις
2602 885 2829 954 ἀμείϐου
2859 884 2951 937 τὸν
2990 885 3088 955 τὴν
3131 886 3313 955 πηγήν
3343 904 3423 939 σοι
3451 887 3552 957 τῆς
3585 907 3749 956 μακα-

2184 967 2428 1037 ριότητος
2453 968 2857 1038 δωρησάμενον.
2884 968 3056 1020 Ὅπου
3088 967 3194 1039 γὰρ
3218 969 3488 1032 υἱοθεσίας
3521 970 3747 1039 ἀξίωμα,

2179 1053 2294 1104 ἐκεῖ
2324 1053 2416 1104 καὶ
2439 1054 2472 1122 ή
2502 1052 2611 1105 τῶν
2651 1053 2836 1105 κακῶν
2867 1053 3164 1124 ἀναίρεσις,
3210 1055 3304 1106 καὶ
3333 1055 3365 1123 ή
3398 1053 3505 1106 τῶν
3539 1055 3749 1122 ἀγαθῶν

2178 1135 2433 1189 ἁπάντων
2464 1136 2628 1199 δόσις.
2656 1137 2751 1189 Διά
2781 1135 2844 1207 δὴ
2868 1135 3023 1190 τοῦτο
3046 1136 3105 1189 τὸ
3129 1136 3227 1206 μὲν
3273 1136 3561 1189 Ἰουδαϊκὸν
3592 1140 3749 1190 παύε-

2178 1237 2267 1272 ται
2298 1220 2599 1291 βάπτισμα,
2634 1221 2695 1272 τὸ
2734 1220 2789 1272 δὲ
2824 1220 3090 1289 ἡμέτερον
3124 1220 3298 1291 ἀρχὴν
3330 1219 3620 1288 λαμϐάνει.
3655 1220 3748 1272 Kal

2177 1303 2315 1374 ὅπερ
2345 1304 2437 1356 ἐπὶ
2466 1303 2558 1355 τοῦ
2584 1303 2773 1371 Πάσχα
2796 1304 3005 1371 γέγονε,
3036 1302 3194 1356 τοῦτο
3215 1303 3309 1355 καὶ
3332 1304 3425 1355 ἐπὶ
3448 1303 3542 1355 τοῦ
3566 1302 3747 1371 βαπτί-

2180 1403 2382 1456 σματος
2414 1386 2720 1454 συμϐαίνει.
2753 1387 2861 1438 Kal
2894 1385 3002 1453 γάρ
3030 1386 3135 1457 καὶ,
3163 1388 3278 1438 ἐκεῖ
3312 1385 3598 1456 ἀμφότερα
3626 1403 3745 1455 μετο

2178 1470 2368 1530 ελθὼν,
2410 1471 2469 1523 τὸ
2500 1470 2598 1539 μὲν
2632 1470 2835 1522 ἔπαυσε
2870 1471 2934 1526 θ’.
2983 1468 3062 1539 τῷ
3092 1469 3147 1520 δὲ
3181 1468 3353 1539 ἀρχὴν
3388 1469 3621 1522 δέδωκε·
3665 1471 3747 1521 καὶ

2177 1553 2410 1607 ἐνταῦθα
2442 1554 2487 1584 ’³
2516 1552 2808 1621 πληρώσας
2851 1552 2909 1604 τὸ
2950 1552 3236 1605 Ἰουδαϊκὸν
3271 1550 3571 1621 βάπτισμα,
3626 1552 3747 1620 ὁμοῦ

2178 1639 2271 1691 καὶ
2297 1637 2391 1691 τοῦ
2421 1637 2521 1707 τῆς
2558 1636 2881 1707 Ἐκκλησίας
2913 1635 3008 1698 τὰς
3035 1634 3203 1705 θύρας
3222 1635 3549 1701 ἀνοίγνυσιν,
3570 1634 3747 1703 ὥσπερ

2176 1720 2233 1773 ἐν
2271 1722 2368 1789 μιᾷ
2400 1717 2647 1790 τραπέζῃ
2669 1719 2807 1777 τότε,
2838 1718 3007 1780 οὕτως
3043 1719 3100 1769 ἐν
3134 1718 3213 1770 ἐνὶ
3253 1716 3479 1785 ποταμῷ
3513 1716 3628 1777 νῦν,
3662 1716 3746 1767 καὶ

2176 1801 2273 1871 τὴν
2305 1800 2463 1854 σκιάν
2484 1800 2826 1869 ὑπογράψας,
2856 1801 2947 1854 καὶ
2971 1800 3066 1870 τὴν
3092 1798 3346 1870 ἀλήθειαν
3384 1799 3644 1868 προσθείς
3682 1800 3743 1851 ⁸³.

2179 1882 2492 1952 Πνεύματος
2516 1882 2623 1953 γὰρ
2652 1884 2810 1953 χάριν
2838 1882 2995 1936 τοῦτο
3026 1883 3137 1952 ἔχει
3169 1882 3230 1933 τὸ
3255 1882 3536 1951 βάπτισμα
3562 1884 3715 1951 μόνον
3734 1900 3748 1913 ’

2175 1966 2237 2019 τὸ
2262 1966 2317 2019 δὲ
2347 1966 2615 2029 Ἰωάννου,
2637 1964 2840 2036 ταύτης
2863 1965 3067 2034 ἔρημον
3097 1964 3194 2034 τῆς
3223 1965 3430 2032 δωρεᾶς
3453 1961 3541 2033 ἦν.
3566 1965 3664 2017 Διά
3690 1965 3748 2034 δὴ

2176 2049 2333 2103 τοῦτο
2364 2050 2455 2101 ἐπὶ
2480 2049 2578 2119 μὲν
2606 2050 2714 2101 τῶν
2740 2049 2912 2103 ἀλλων
2944 2048 3052 2099 τῶν
3084 2048 3130 2079 ⁸⁸
3168 2049 3577 2118 βαπτιζομένων
3607 2047 3749 2119 [165]

2174 2132 2328 2187 οὐδὲν
2356 2131 2593 2184 τοιοῦτον
2626 2132 2845 2199 συνέϐη,
2874 2132 2964 2183 ἐπὶ
3002 2131 3057 2183 δέ
3102 2130 3266 2183 αὐτοῦ
3303 2132 3463 2200 μόνου
3498 2130 3590 2183 τοῦ
3634 2131 3751 2200 μέλ-

2176 2217 2358 2279 λοντος
2392 2214 2547 2268 τοῦτο
2581 2215 2929 2286 παραδιδόναι
2955 2233 2967 2245 ·
3011 2217 3097 2267 ἵνα
3133 2214 3272 2282 μετά
3307 2214 3415 2266 τῶν
3454 2214 3751 2283 εἰρημένων

2177 2302 2272 2353 καὶ
2304 2297 2461 2351 τοῦτο
2495 2298 2692 2368 μάθῃς,
2742 2300 2826 2351 ὅτι
2860 2298 2956 2367 οὐχ
3007 2299 3040 2367 ή
3090 2296 3395 2366 καθαρότης
3433 2295 3528 2349 τοῦ
3566 2295 3753 2366 βαπτί-

2176 2381 2359 2446 ζοντος
2404 2382 2471 2445 ’⁵,
2531 2379 2644 2434 ἀλλ’
2674 2382 2707 2449 ἡ
2746 2380 2971 2450 δύναμις
3022 2379 3113 2432 τοῦ
3164 2378 3556 2448 βαπτιζομένου
3602 2378 3753 2430 τοῦτο

2176 2465 2417 2533 ἐποίησε.
2451 2464 2584 2515 Τότε
2617 2463 2747 2531 γοῦν
2782 2463 2875 2516 καὶ
2919 2465 2966 2515 οἱ
3000 2462 3217 2533 οὐρανοὶ
3252 2462 3620 2532 ἀνεῴχθησαν,
3664 2463 3753 2515 καὶ

2175 2548 2235 2601 τὸ
2264 2546 2485 2617 Πνεῦμα
2518 2546 2749 2616 ἐπῆλθεν
2780 2547 2847 2598 ⁸⁸.
2888 2544 3020 2598 Ἀπὸ
3043 2544 3152 2616 γάρ
3177 2544 3278 2614 τῆς
3310 2544 3547 2607 παλαιᾶς
3572 2544 3752 2597 λοιπὸν

2176 2632 2269 2684 ἐπὶ
2298 2631 2395 2700 τὴν
2427 2630 2619 2700 καινήν
2648 2629 2831 2696 ἐξάγει
2864 2629 3139 2681 πολιτείαν
3171 2629 3335 2698 ἡμᾶς,
3368 2629 3466 2689 τάς
3496 2645 3555 2681 τε
3584 2629 3753 2691 πύλας

2175 2716 2306 2786 ἡμῖν
2326 2714 2577 2781 ἀνοιγνὺς
2606 2712 2705 2777 τάς
2737 2716 2869 2775 ἀνω,
2895 2714 2987 2764 καὶ
3013 2712 3236 2781 Πνεῦμα
3264 2712 3496 2781 πέμπων
3528 2712 3753 2777 ἐκεῖθεν,

2177 2796 2374 2850 καλοῦν
2404 2799 2483 2859 είς
2520 2796 2617 2867 τὴν
2640 2797 2755 2848 ἐκεῖ
2778 2794 3043 2866 πατρίδαο
3075 2796 3169 2846 καὶ
3192 2795 3290 2863 οὑχ
3320 2793 3507 2857 ἁπλῶς
3534 2794 3753 2858 καλοῦν,

2179 2880 2315 2934 ἀλλά
2370 2880 2465 2933 καὶ
2517 2880 2653 2949 μετά
2710 2877 3019 2947 ἀξιώματος
3062 2875 3155 2929 τοῦ
3208 2878 3484 2945 μεγίστου.
3544 2879 3618 2931 Οὐ
3653 2880 3755 2947 γὰρ

2178 2962 2443 3030 ἀγγέλους
2465 2963 2556 3014 καὶ
2577 2960 2948 3032 ἀρχαγγέλους
2980 2960 3256 3028 ἐποίησεν,
3292 2958 3431 3012 άλλά-
3449 2961 3599 3024 υἱοὺς
3624 2959 3754 3013 Θεοῦ

2176 3045 2589 3108 κατασκευάσας
2625 3046 2718 3097 καὶ
2739 3044 3075 3114 ἀγαπητοὺς,
3101 3042 3275 3107 οὕτως
3296 3043 3442 3096 ἐλκει
3468 3042 3605 3117 πρὸς
3628 3044 3757 3098 ἐκεί-

2176 3146 2274 3198 νην
2303 3128 2399 3198 τὴν
2432 3127 2585 3196 λῆξιν
2624 3128 2793 3197 ἡμᾶς.

2246 3211 2307 3265 δ’.
2322 3212 2365 3242 ’⁷
2381 3208 2543 3263 Ταῦτ’
2558 3206 2650 3263 οῦν
2673 3212 2930 3280 ἐννοήσας
2949 3212 3183 3272 ᾶπαντα,
3203 3209 3414 3279 καὶτῆς
3432 3209 3652 3279 ἀγάπης
3666 3209 3755 3262 τοῦ

2178 3294 2487 3358 καλοῦντος,
2519 3294 2610 3347 καὶ
2644 3294 2743 3365 τῆς
2769 3292 3043 3355 πολιτείας
3071 3293 3169 3363 τῆς
3198 3294 3333 3359 ἐκεῖ,
3362 3294 3457 3346 καὶ
3481 3293 3581 3363 τῆς
3598 3293 3757 3364 τιμῆς

2174 3378 2272 3448 τῆς
2308 3378 2551 3446 δοθείσης
2583 3374 2729 3441 ἀξιον
2761 3375 3023 3439 ἐπίδειξαι
3062 3377 3174 3446 βίον
3200 3391 3214 3404 ⁸
3256 3375 3334 3447 τῷ
3377 3376 3567 3447 κόσμῳ
3598 3393 3758 3428 σταυ⁹

2179 3460 2393 3531 ρωθεὶς,
2425 3460 2519 3512 καὶ
2547 3458 2869 3530 σταυρώσας
2896 3459 3057 3512 αὐτὸν
3084 3458 3316 3529 σεαυτῷ,
3344 3460 3443 3529 τὴν
3462 3458 3572 3513 τῶν
3599 3459 3758 3529 οὐρα-

2177 3543 2280 3595 νῶν
2320 3541 2599 3595 πολιτεύου
2649 3542 2925 3595 πολιτείαν
2983 3542 3121 3613 μετά
3174 3542 3460 3612 ἀκριϐείας
3508 3542 3754 3611 ἀπάσης

2176 3624 2311 3696 μηδέ
2348 3625 2532 3693 ἐπειδὴ
2562 3624 2621 3676 τὸ
2655 3624 2815 3693 σῶμά
2841 3640 2934 3676 σου
2970 3624 3043 3693 μὴ
3067 3624 3297 3695 μετέστη
3320 3624 3455 3696 πρὸς
3482 3624 3574 3677 τὸν
3600 3625 3757 3695 οὐρα-

2174 3708 2283 3771 νὸν,
2313 3707 2541 3778 νομίσῃς
2572 3706 2716 3776 ἔχειν
2749 3724 2800 3759 τι
2834 3706 3012 3760 κοινὸν
3046 3706 3184 3777 πρὸς
3212 3707 3310 3776 τὴν
3346 3708 3452 3775 γῆν
3472 3724 3486 3738 υ
3524 3708 3623 3777 τὴν
3652 3707 3757 3777 γάρ

2175 3789 2416 3861 κεφαλὴν
2447 3790 2558 3844 άνω
2578 3790 2894 3860 καθημένην
2916 3788 3080 3860 ἔχεις.
3108 3788 3214 3841 Kal
3236 3789 3323 3844 διά
3349 3790 3507 3843 τοῦτο
3533 3792 3591 3844 δέ
3623 3791 3756 3861 πρό-

2172 3889 2330 3944 τερον
2367 3870 2601 3924 ἐνταῦθα
2628 3872 3067 3943 παραγενόμενος
3098 3872 3126 3923 6
3163 3871 3458 3941 Δεσπότης,
3504 3874 3596 3931 καὶ
3636 3873 3757 3935 τοὺς

2173 3954 2439 4024 ἀγγέλους
2467 3953 2711 4023 ἀγαγὼν,
2746 3956 2865 4007 τότε
2907 3972 2965 4007 σε
3009 3954 3293 4008 ἀναλαϐὼν
3331 3955 3576 4025 ἀπῆλθεν
3626 3956 3754 4019 ἐκεῖ,

2174 4041 2263 4095 τνα
2291 4042 2387 4093 καὶ
2428 4039 2534 4110 πρὸ
2563 4040 2663 4109 τῆς
2692 4038 2879 4091 ἀνόδου
2908 4041 3006 4109 τῆς
3034 4040 3215 4090 ἐκεῖσε
3254 4038 3453 4109 μάθῃς,
3484 4039 3567 4091 ὅτι
3602 4038 3756 4091 δυνα-

2169 4123 2262 4177 τόν
2294 4139 2377 4175 σοι
2404 4123 2502 4192 τὴν
2525 4123 2627 4192 γῆν
2658 4121 2734 4185 ὡς
2760 4121 2851 4175 τὸν
2879 4122 3109 4192 οὐρανὸν
3141 4123 3330 4175 οἰκεῖν.
3359 4122 3627 4191 Μένωμον
3659 4121 3759 4175 τοί-

2169 4225 2267 4263 νυν
2284 4205 2382 4278 τὴν
2408 4206 2690 4274 εὐγένειαν
2718 4205 3032 4276 τηροῦντες,
3059 4206 3123 4276 ἦν
3146 4205 3449 4276 ἐδεξάμεθα
3472 4206 3531 4270 ἐξ
3560 4206 3753 4276 ἀρχῆς.

2170 4291 2267 4345 καὶ
2300 4290 2368 4343 τά
2400 4290 2517 4341 ἐκεῖ
2546 4289 2789 4359 βασίλεια
2819 4288 2940 4342 καθ’
2990 4288 3229 4358 ἑκάστην
3276 4288 3624 4359 ἐπιζητῶμεν
3660 4288 3757 4357 τήν

2171 4373 2409 4444 ἡμέραν,
2442 4371 2539 4424 καὶ
2579 4373 2756 4425 πάντα
2779 4371 2846 4424 τὰ
2872 4370 3111 4424 ἐνταῦθα
3146 4370 3304 4423 σκιάν
3337 4372 3431 4425 καὶ
3463 4371 3597 4443 ὄναρ
3622 4367 3757 4423 εἶναι

2172 4451 2503 4523 νομίζωμεν.
2549 4452 2686 4507 Οὑδέ
2721 4453 2832 4524 γάρ
2878 4454 2925 4505 εἱ
2962 4452 3214 4523 βασιλεύς
3256 4470 3342 4516 τις
3381 4453 3489 4505 τῶν
3526 4455 3619 4506 ἐπὶ⁵
3663 4453 3761 4520 τῆς

2171 4536 2277 4606 γῆς
2297 4536 2511 4605 πτωχὸν
2536 4535 2663 4588 ὄντα
2700 4553 2758 4589 σε
2784 4536 2831 4569 ⁹⁸
2863 4536 2955 4589 καὶ
2986 4536 3383 4605 προσαιτοῦντα
3412 4536 3613 4598 λαϐὼν,
3648 4536 3760 4589 υἱὸν

2174 4618 2431 4689 ἐξαίφνης
2469 4619 2783 4687 ἐποιήσατο,
2812 4618 2912 4689 τὴν
2948 4619 3188 4689 καλύβην
3234 4620 3330 4672 καὶ
3360 4620 3460 4691 τὴν
3485 4620 3760 4672 εὐτέλειαν

2172 4702 2272 4771 τῆς
2305 4700 2545 4772 καλύϐης
2572 4701 2671 4771 τῆς
2702 4702 2801 4771 σῆς
2832 4702 3119 4772 ἐνενόησας
3134 4703 3227 4756 ἀν’
3259 4703 3504 4771 καίτοιγε
3529 4704 3592 4755 οὑ
3625 4701 3759 4755 πολὺ

2173 4785 2235 4836 τὸ
2269 4783 2430 4854 μέσον
2461 4784 2594 4839 ἐκεῖ.
2642 4784 2732 4853 Μὴ
2764 4784 2943 4838 τοίνυν
2987 4786 3120 4856 μηδέ
3162 4785 3398 4840 ἐνταῦθα
3452 4784 3670 4853 λογίζου
3708 4802 3761 4838 τι

2172 4869 2281 4921 τῶν
2308 4866 2589 4938 προτέρων
2609 4884 2623 4898 ·
2651 4867 2871 4937 καὶγὰρ
2897 4868 2990 4921 ἐπὶ
3024 4868 3203 4939 πολλῷ
3236 4869 3477 4939 μείζοσιν
3502 4868 3760 4937 ἐκλήθης.

2177 4952 2244 5005 Ὅ
2272 4968 2331 5003 τε
2359 4950 2467 5019 γὰρ
2490 4948 2691 5014 καλῶν,
2731 4951 2760 5004 6
2787 4950 2896 5003 τῶν
2921 4951 3166 5019 ἀγγέλων
3195 4953 3477 5022 Δεσπότης
3513 4952 3629 5003 ἐστὶ
3654 4968 3669 4980 ·
3694 4950 3765 5003 τά

2174 5054 2233 5089 τε
2268 5038 2313 5069 ⁹⁹
2350 5036 2602 5105 διδόμενα
2634 5034 2835 5103 ἀγαθὰ,
2868 5037 2962 5089 καὶ
3001 5037 3155 5104 λόγον
3194 5037 3287 5089 καὶ
3315 5036 3554 5089 διάνοιαν
3595 5035 3764 5103 ὑπερ-

2176 5119 2351 5173 ϐαίνει
2385 5121 2585 5173 πᾶσαν.
2617 5119 2690 5170 Οὐ
2716 5118 2826 5189 γάρ
2856 5119 2964 5172 ἀπὸ
2986 5120 3086 5189 γῆς
3116 5121 3197 5182 εἱς
3223 5120 3327 5189 γῆν
3357 5137 3417 5173 σε
3448 5120 3762 5189 μεθίστησι,

2176 5202 2429 5272 καθάπερ
2458 5203 2485 5254 6
2516 5201 2788 5271 βασιλεὺς,
2819 5202 2933 5256 ἀλλ’
2959 5203 3068 5256 ἀπὸ
3097 5203 3200 5274 γῆς
3240 5203 3322 5266 είς
3365 5202 3615 5273 οὐρανὸν,
3669 5202 3766 5253 καὶ

2176 5287 2283 5341 ἀπὸ
2308 5286 2521 5354 φύσεως
2535 5286 2736 5357 θνητῆς
2763 5288 2842 5349 είς
2864 5287 3128 5340 ἀθάνατον
3152 5285 3422 5353 καὶδόξαν
3456 5285 3471 5317 ¹
3497 5287 3761 5357 ἄρρητον,

2175 5370 2295 5424 τότε
2338 5368 2644 5439 δυναμένην
2694 5370 2851 5439 μόνον
2902 5370 3135 5439 φανῆναι
3178 5368 3377 5435 καλῶς,
3420 5369 3547 5422 ὅταν
3595 5368 3767 5436 αὐτῆς

558 5458 603 5489 ιι
630 5454 952 5542 τίνρςμιάίι.
979 5456 1039 5542 ξε
1072 5456 1144 5542 A';
1158 5456 1303 5542 3A0.
1324 5460 1448 5542 adq.
1474 5456 1565 5542 οὖν
1581 5460 1715 5542 Εᾳιι.
1752 5464 1798 5495 εκ
1822 5463 1913 5542 ξοίς
1937 5463 1998 5517 ι).
2033 5464 2075 5542 β

2176 5464 2318 5542 _-_G.e-.
2335 5462 2521 5542 ,νεξετὲ
2559 5461 2986 5542 παρεδέὲωχταιε
3012 5464 3077 5542 .i'
3099 5461 3389 5542 ἀειρῖοῢετξ
3425 5459 3582 5542 Ει¹ε¹;.
3604 5459 3767 5542 κει)

486 5526 696 5612 δωρεᾶς
724 5525 954 5598 ἀφ’άτου]
985 5526 1076 5580 Sic
1105 5525 1165 5579 E.
1195 5527 1291 5581 Ge.
1330 5532 1508 5583 (τίμιοι-ἰ
1532 5532 1740 5632 ἀφάτου
1771 5534 1864 5587 καὶ
1883 5534 2113 5605 δωρεᾶς.
2171 5536 2215 5567 ⁸⁸
2234 5532 2454 5604 θαλλοῦ]
2491 5525 2653 5586 θαλοῦ
2671 5534 2736 5585 Δ.
2758 5525 2895 5585 ILC.
2928 5532 3121 5584 κλάδου
3141 5532 3274 5585 Edd.
3339 5532 3385 5563 "
3424 5528 3583 5599 μηδέὶ
3602 5531 3676 5599 μὴ
3699 5529 3761 5598 δή

496 5596 527 5632 Δ
586 5599 626 5632 Ι.
676 5599 744 5632 ut".
770 5597 806 5632 Ιι
898 5599 939 5628 οι
969 5598 1240 5632 ἆυέηφηηηο
1269 5600 1307 5632 ll
1358 5599 1394 5632 β’
1444 5600 1481 5632 ΙΡ
1599 5602 1892 5632 ἰη-..ἶοηῖ
1938 5604 2039 5632 ...Μ
2089 5603 2250 5632 -.ἐξω
2284 5604 2320 5632 ll
2377 5603 2416 5632 Ρ
2480 5618 2510 5632 η
2565 5618 2595 5632 η
2648 5602 2922 5632 αλιθυαντο..-
2955 5618 3041 5632 ηηι
3094 5600 3135 5632 n
3190 5602 3226 5632 Ia‘
3270 5600 3310 5632 ῐὲ
3390 5602 3438 5632 ’³
3461 5598 3737 5632 ..κλιθείης

674 5599 746 5668 μή
768 5597 840 5674 Β.Δ
898 5596 952 5674 ’ξ
968 5598 1329 5674 ἀνέπαυσε-Ι).
1443 5600 1503 5653 F.
1574 5596 1618 5674 θ)
1637 5602 1892 5674 ἐνταῦθα]
1937 5596 2075 5659 θ’(Μ.

2176 5605 2250 5656 λιν
2284 5604 2340 5655 Β.
2480 5618 2529 5671 p.
2565 5618 2615 5670 p.
2646 5602 2926 5674 βάπτισμα
2955 5618 3069 5674 om:
3093 5600 3364 5674 D._l'37.7lf‘.d
3700 5596 3758 5651 FQ

488 5665 534 5696 ⁸⁸
554 5667 661 5741 τῶν
676 5665 879 5741 ὸιὶῃΑ.
1008 5667 1070 5722 C.
1109 5670 1190 5741 _°'
1236 5669 1609 5741 βαπτίζοντος]

488 5802 597 5857 Sav
644 5802 773 5859 Buri.

1640 5672 2015 5743 βαπτίσματος
2045 5674 2108 5726 ι).
2143 5686 2195 5727 et
2245 5690 2326 5742 ρ’.

2373 5672 2430 5725 Ε.
2482 5670 2485 5671 ν
2510 5675 2555 5704 ³⁸⁵
2580 5670 2841 5740 κατῆλθεν
2868 5672 2921 5721 Β.
3026 5673 3070 5702 ¹⁹⁷
3098 5671 3385 5725 ΗΘΙΚΟΝ.
3412 5671 3539 5723 ’Ότι
3577 5672 3605 5722 6
3632 5671 3764 5737 Χρι-

489 5736 725 5798 στιανὸς,
742 5738 815 5809 μὴ
849 5736 1290 5809 ἐπιδεικνύμενος
1314 5741 1347 5792 ἀ
1393 5742 1545 5809 ἔστην
1574 5736 1866 5801 πολιτείαν⁹
1893 5743 2055 5795 πλέον

489 5802 597 5857 Sav
644 5805 773 5859 Ben.
851 5808 895 5839 "
927 5809 994 5861 Ὅ
1025 5826 1085 5862 τε
1112 5811 1288 5864 γάρ...
1312 5757 1385 5864 «:5
1408 5809 1491 5864 τε]
1514 5812 1681 5864 Ὅταν
1713 5813 1769 5864 δὲ
1792 5814 1884 5864 xal
1902 5814 1996 5864 6...
2025 5831 2075 5864 κε

2176 5736 2421 5813 ωρεῖται.
2464 5743 2510 5774 ⁹⁸
2533 5759 2592 5793 σε
2627 5736 2737 5794 oni.
2761 5739 2819 5793 F.
2849 5740 2986 5795 Mor.
3015 5753 3136 5808 post
3159 5742 3454 5810 ἐποιήσατο
3484 5736 3760 5794 collocant

2179 5814 2212 5864 ἀ
2246 5817 2309 5864 Α.
2341 5814 2398 5864 Β.
2432 5813 2495 5864 C.
2518 5813 2687 5864 Ὅταν
2716 5809 2823 5864 γὰρ
2849 5813 3037 5864 ὁ...τά
3062 5812 3119 5864 δέ
3155 5810 3295 5864 D.F.
3325 5807 3518 5864 ἐστίίῆ
3546 5822 3601 5864 el.
3630 5822 3758 5864 mox

1227 5849 1288 5868 ...
1312 5828 1339 5863 τ

851 5808 895 5881 ῗ⁹⁹
923 5809 1085 5881 ῘὉκτε
1112 5808 1219 5881 γάρ

711 5822 773 5889 ῑη·
806 5807 895 5889 ζ’
922 5809 1085 5889 Ϊ9.τε
1112 5807 1288 5889 mn-
1312 5807 1381 5889 τέι
1408 5807 1681 5889 τξίῖίὶτακέ
1710 5813 1884 5889 ἔξφά
1902 5814 2075 5889 διε-λίς

2179 5807 2309 5869 ἀἈ.
2341 5814 2398 5867 Β.
2432 5813 2495 5869 C.
2518 5813 2687 5866 Ὅταν
2716 5809 2823 5881 γὰρ
2849 5807 3037 5865 ὁ...τά
3062 5812 3119 5865 δέ
3155 5811 3216 5867 D.
3236 5807 3518 5884 Ρ.’ἐστί]ῄ
3546 5822 3601 5865 el.
3630 5822 3758 5864 mox

487 5870 791 5948 ὑπερϐαίνῃ
828 5876 885 5933 Β.
922 5879 1042 5936 Vid.
1077 5870 1265 5939 adnbl.
1347 5870 1683 5953 ¹κα“ι’δόξαν]
1706 5882 1859 5948 δόξαν
1888 5883 1978 5936 καί
2010 5882 2144 5939 Edd.
