  <div class='ocr_page' id='page_1' title='image "/cluster/home/n/w/nwhite01/storage/ocr_20150623/57/hvd.32044073501934/134.png"; bbox 0 0 4084 6210; ppageno 0'>
   <div class='ocr_carea' id='block_1_1' title="bbox 603 271 706 327">
    <p class='ocr_par' dir='ltr' id='par_1_1' title="bbox 603 271 706 327">
     <span class='ocr_line' id='line_1_1' title="bbox 603 271 706 327; baseline -0.029 0"><span class='ocrx_word' id='word_1_1' title='bbox 603 271 706 327; x_wconf 72' lang='lat'><strong>205</strong></span> 
     </span>
    </p>
   </div>
   <div class='ocr_carea' id='block_1_2' title="bbox 571 407 2182 479">
    <p class='ocr_par' dir='ltr' id='par_1_2' title="bbox 571 407 2182 479">
     <span class='ocr_line' id='line_1_2' title="bbox 571 407 2182 479; baseline 0 -17"><span class='ocrx_word' id='word_1_2' title='bbox 571 473 576 477; x_wconf 90' lang='lat'><em>_</em></span> <span class='ocrx_word' id='word_1_3' title='bbox 605 419 781 464; x_wconf 86' lang='lat' dir='ltr'><strong>tamen</strong></span> <span class='ocrx_word' id='word_1_4' title='bbox 811 407 965 464; x_wconf 86' lang='lat' dir='ltr'><strong>ﬁdem</strong></span> <span class='ocrx_word' id='word_1_5' title='bbox 993 421 1172 479; x_wconf 89' lang='lat' dir='ltr'><strong>neges.</strong></span> <span class='ocrx_word' id='word_1_6' title='bbox 1201 407 1332 462; x_wconf 90' lang='lat' dir='ltr'><strong>Nam</strong></span> <span class='ocrx_word' id='word_1_7' title='bbox 1363 407 1414 462; x_wconf 92' lang='lat' dir='ltr'><strong>in</strong></span> <span class='ocrx_word' id='word_1_8' title='bbox 1442 407 1714 478; x_wconf 85' lang='lat' dir='ltr'><strong>principiis</strong></span> <span class='ocrx_word' id='word_1_9' title='bbox 1763 421 1976 478; x_wconf 85' lang='lat' dir='ltr'><strong>semper</strong></span> <span class='ocrx_word' id='word_1_10' title='bbox 2009 409 2182 463; x_wconf 84' lang='lat' dir='ltr'><strong>admi-</strong></span> 
     </span>
    </p>
   </div>
   <div class='ocr_carea' id='block_1_3' title="bbox 603 499 2184 569">
    <p class='ocr_par' dir='ltr' id='par_1_3' title="bbox 603 499 2184 569">
     <span class='ocr_line' id='line_1_3' title="bbox 603 499 2184 569; baseline -0.002 -15"><span class='ocrx_word' id='word_1_11' title='bbox 603 501 898 555; x_wconf 83' lang='lat' dir='ltr'><strong>randarum&#39;</strong></span> <span class='ocrx_word' id='word_1_12' title='bbox 929 499 1388 568; x_wconf 89' lang='lat' dir='ltr'><strong>spiritualiumque</strong></span> <span class='ocrx_word' id='word_1_13' title='bbox 1438 514 1616 554; x_wconf 89' lang='lat' dir='ltr'><strong>rerum</strong></span> <span class='ocrx_word' id='word_1_14' title='bbox 1667 499 1900 553; x_wconf 81' lang='lat' dir='ltr'><strong>visiones</strong></span> <span class='ocrx_word' id='word_1_15' title='bbox 1929 509 2184 569; x_wconf 73' lang='lat' dir='ltr'><strong>apparent</strong></span> 
     </span>
    </p>
   </div>
   <div class='ocr_carea' id='block_1_4' title="bbox 603 589 2178 660">
    <p class='ocr_par' dir='ltr' id='par_1_4' title="bbox 603 589 2178 660">
     <span class='ocr_line' id='line_1_4' title="bbox 603 589 2178 660; baseline 0.001 -15"><span class='ocrx_word' id='word_1_16' title='bbox 603 606 812 645; x_wconf 86' lang='lat' dir='ltr'><strong>sensum</strong></span> <span class='ocrx_word' id='word_1_17' title='bbox 845 599 1118 645; x_wconf 73' lang='lat' dir='ltr'><strong>moventes</strong></span> <span class='ocrx_word' id='word_1_18' title='bbox 1147 599 1202 645; x_wconf 90' lang='lat' dir='ltr'><strong>et</strong></span> <span class='ocrx_word' id='word_1_19' title='bbox 1227 591 1375 660; x_wconf 90' lang='lat' dir='ltr'><strong>signa</strong></span> <span class='ocrx_word' id='word_1_20' title='bbox 1400 589 1725 660; x_wconf 79' lang='lat' dir='ltr'><strong>huiusmodi,</strong></span> <span class='ocrx_word' id='word_1_21' title='bbox 1750 591 1906 659; x_wconf 88' lang='lat' dir='ltr'><strong>idque</strong></span> <span class='ocrx_word' id='word_1_22' title='bbox 1936 593 2178 659; x_wconf 82' lang='lat' dir='ltr'><strong>smptdo-</strong></span> 
     </span>
    </p>
   </div>
   <div class='ocr_carea' id='block_1_5' title="bbox 602 680 2177 751">
    <p class='ocr_par' dir='ltr' id='par_1_5' title="bbox 602 680 2177 751">
     <span class='ocr_line' id='line_1_5' title="bbox 602 680 2177 751; baseline 0.002 -17"><span class='ocrx_word' id='word_1_23' title='bbox 602 695 713 734; x_wconf 90' lang='lat' dir='ltr'><strong>rum</strong></span> <span class='ocrx_word' id='word_1_24' title='bbox 746 680 1018 735; x_wconf 89' lang='lat' dir='ltr'><strong>hominum</strong></span> <span class='ocrx_word' id='word_1_25' title='bbox 1045 696 1225 746; x_wconf 88' lang='lat' dir='ltr'><strong>causa,</strong></span> <span class='ocrx_word' id='word_1_26' title='bbox 1256 682 1344 751; x_wconf 89' lang='lat' dir='ltr'><strong>qui</strong></span> <span class='ocrx_word' id='word_1_27' title='bbox 1365 681 1547 736; x_wconf 90' lang='lat' dir='ltr'><strong>sensili</strong></span> <span class='ocrx_word' id='word_1_28' title='bbox 1571 680 1775 736; x_wconf 80' lang='lat' dir='ltr'><strong>visione</strong></span> <span class='ocrx_word' id='word_1_29' title='bbox 1802 696 1935 751; x_wconf 89' lang='lat' dir='ltr'><strong>opus</strong></span> <span class='ocrx_word' id='word_1_30' title='bbox 1960 682 2177 750; x_wconf 90' lang='lat' dir='ltr'><strong>habent,</strong></span> 
     </span>
    </p>
   </div>
   <div class='ocr_carea' id='block_1_6' title="bbox 599 773 2179 842">
    <p class='ocr_par' dir='ltr' id='par_1_6' title="bbox 599 773 2179 842">
     <span class='ocr_line' id='line_1_6' title="bbox 599 773 2179 842; baseline 0.004 -19"><span class='ocrx_word' id='word_1_31' title='bbox 599 786 770 839; x_wconf 90' lang='lat' dir='ltr'><strong>neque</strong></span> <span class='ocrx_word' id='word_1_32' title='bbox 793 783 1016 841; x_wconf 88' lang='lat' dir='ltr'><strong>possunt</strong></span> <span class='ocrx_word' id='word_1_33' title='bbox 1036 773 1264 842; x_wconf 80' lang='lat' dir='ltr'><strong>aliquam</strong></span> <span class='ocrx_word' id='word_1_34' title='bbox 1293 773 1625 842; x_wconf 76' lang='lat' dir='ltr'><strong>incorporea:</strong></span> <span class='ocrx_word' id='word_1_35' title='bbox 1650 785 1851 828; x_wconf 66' lang='lat' dir='ltr'><strong>natura:</strong></span> <span class='ocrx_word' id='word_1_36' title='bbox 1883 775 2054 830; x_wconf 89' lang='lat' dir='ltr'><strong>ideam</strong></span> <span class='ocrx_word' id='word_1_37' title='bbox 2083 776 2179 830; x_wconf 37' lang='lat' dir='ltr'><strong>ads</strong></span> 
     </span>
    </p>
   </div>
   <div class='ocr_carea' id='block_1_7' title="bbox 596 863 2176 935">
    <p class='ocr_par' dir='ltr' id='par_1_7' title="bbox 596 863 2176 935">
     <span class='ocr_line' id='line_1_7' title="bbox 596 863 2176 935; baseline 0.005 -22"><span class='ocrx_word' id='word_1_38' title='bbox 596 863 834 927; x_wconf 89' lang='lat' dir='ltr'><strong>mittere,</strong></span> <span class='ocrx_word' id='word_1_39' title='bbox 884 865 976 917; x_wconf 87' lang='lat' dir='ltr'><strong>sed</strong></span> <span class='ocrx_word' id='word_1_40' title='bbox 1020 863 1086 918; x_wconf 90' lang='lat' dir='ltr'><strong>ad</strong></span> <span class='ocrx_word' id='word_1_41' title='bbox 1139 864 1366 918; x_wconf 86' lang='lat' dir='ltr'><strong>visibilia</strong></span> <span class='ocrx_word' id='word_1_42' title='bbox 1416 875 1618 919; x_wconf 90' lang='lat' dir='ltr'><strong>tantum</strong></span> <span class='ocrx_word' id='word_1_43' title='bbox 1667 866 2069 935; x_wconf 90' lang='lat' dir='ltr'><strong>obstupescunt,</strong></span> <span class='ocrx_word' id='word_1_44' title='bbox 2122 879 2176 921; x_wconf 95' lang='lat' dir='ltr'><strong>ut</strong></span> 
     </span>
    </p>
   </div>
   <div class='ocr_carea' id='block_1_8' title="bbox 591 953 2176 1025">
    <p class='ocr_par' dir='ltr' id='par_1_8' title="bbox 591 953 2176 1025">
     <span class='ocr_line' id='line_1_8' title="bbox 591 953 2176 1025; baseline 0.003 -17"><span class='ocrx_word' id='word_1_45' title='bbox 591 953 802 1008; x_wconf 90' lang='lat' dir='ltr'><strong>etiamsi</strong></span> <span class='ocrx_word' id='word_1_46' title='bbox 835 964 1019 1022; x_wconf 86' lang='lat' dir='ltr'><strong>postea</strong></span> <span class='ocrx_word' id='word_1_47' title='bbox 1064 955 1185 1008; x_wconf 89' lang='lat' dir='ltr'><strong>talia</strong></span> <span class='ocrx_word' id='word_1_48' title='bbox 1217 971 1321 1008; x_wconf 85' lang='lat' dir='ltr'><strong>non</strong></span> <span class='ocrx_word' id='word_1_49' title='bbox 1353 956 1617 1021; x_wconf 84' lang='lat' dir='ltr'><strong>eveniant,</strong></span> <span class='ocrx_word' id='word_1_50' title='bbox 1649 972 1712 1011; x_wconf 88' lang='lat' dir='ltr'><strong>ea</strong></span> <span class='ocrx_word' id='word_1_51' title='bbox 1753 973 1872 1025; x_wconf 76' lang='lat' dir='ltr'><strong>qua:</strong></span> <span class='ocrx_word' id='word_1_52' title='bbox 1916 959 2078 1012; x_wconf 88' lang='lat' dir='ltr'><strong>semel</strong></span> <span class='ocrx_word' id='word_1_53' title='bbox 2123 969 2176 1014; x_wconf 87' lang='lat' dir='ltr'><strong>et</strong></span> 
     </span>
    </p>
   </div>
   <div class='ocr_carea' id='block_1_9' title="bbox 594 1045 2171 1115">
    <p class='ocr_par' dir='ltr' id='par_1_9' title="bbox 594 1045 2171 1115">
     <span class='ocr_line' id='line_1_9' title="bbox 594 1045 2171 1115; baseline 0.006 -19"><span class='ocrx_word' id='word_1_54' title='bbox 594 1045 646 1096; x_wconf 92' lang='lat' dir='ltr'><strong>in</strong></span> <span class='ocrx_word' id='word_1_55' title='bbox 677 1045 935 1115; x_wconf 89' lang='lat' dir='ltr'><strong>principio</strong></span> <span class='ocrx_word' id='word_1_56' title='bbox 962 1045 1097 1099; x_wconf 83' lang='lat' dir='ltr'><strong>facta</strong></span> <span class='ocrx_word' id='word_1_57' title='bbox 1125 1058 1249 1100; x_wconf 87' lang='lat' dir='ltr'><strong>sunt</strong></span> <span class='ocrx_word' id='word_1_58' title='bbox 1275 1047 1490 1109; x_wconf 91' lang='lat' dir='ltr'><strong>similia,</strong></span> <span class='ocrx_word' id='word_1_59' title='bbox 1513 1047 1578 1101; x_wconf 91' lang='lat' dir='ltr'><strong>ad</strong></span> <span class='ocrx_word' id='word_1_60' title='bbox 1596 1047 1753 1103; x_wconf 91' lang='lat' dir='ltr'><strong>ﬁdem</strong></span> <span class='ocrx_word' id='word_1_61' title='bbox 1786 1049 1849 1103; x_wconf 90' lang='lat' dir='ltr'><strong>iis</strong></span> <span class='ocrx_word' id='word_1_62' title='bbox 1876 1049 2171 1105; x_wconf 83' lang='lat' dir='ltr'><strong>habendam</strong></span> 
     </span>
    </p>
   </div>
   <div class='ocr_carea' id='block_1_10' title="bbox 593 1137 2174 1209">
    <p class='ocr_par' dir='ltr' id='par_1_10' title="bbox 593 1137 2174 1209">
     <span class='ocr_line' id='line_1_10' title="bbox 593 1137 2174 1209; baseline 0.005 -20"><span class='ocrx_word' id='word_1_63' title='bbox 593 1138 877 1193; x_wconf 89' lang='lat' dir='ltr'><strong>deducant.</strong></span> <span class='ocrx_word' id='word_1_64' title='bbox 934 1137 1064 1192; x_wconf 89' lang='lat' dir='ltr'><strong>Nam</strong></span> <span class='ocrx_word' id='word_1_65' title='bbox 1093 1148 1147 1193; x_wconf 91' lang='lat' dir='ltr'><strong>et</strong></span> <span class='ocrx_word' id='word_1_66' title='bbox 1189 1153 1350 1206; x_wconf 77' lang='lat' dir='ltr'><strong>super</strong></span> <span class='ocrx_word' id='word_1_67' title='bbox 1389 1140 1662 1209; x_wconf 86' lang='lat' dir='ltr'><strong>apostolos</strong></span> <span class='ocrx_word' id='word_1_68' title='bbox 1689 1157 1854 1196; x_wconf 91' lang='lat' dir='ltr'><strong>sonus</strong></span> <span class='ocrx_word' id='word_1_69' title='bbox 1883 1143 2052 1196; x_wconf 81' lang='lat' dir='ltr'><strong>factus</strong></span> <span class='ocrx_word' id='word_1_70' title='bbox 2093 1154 2174 1197; x_wconf 74' lang='lat' dir='ltr'><strong>est</strong></span> 
     </span>
    </p>
   </div>
   <div class='ocr_carea' id='block_1_11' title="bbox 593 1229 2172 1303">
    <p class='ocr_par' dir='ltr' id='par_1_11' title="bbox 593 1229 2172 1303">
     <span class='ocr_line' id='line_1_11' title="bbox 593 1229 2172 1303; baseline 0.004 -21"><span class='ocrx_word' id='word_1_71' title='bbox 593 1229 810 1297; x_wconf 89' lang='lat' dir='ltr'><strong>spiritus</strong></span> <span class='ocrx_word' id='word_1_72' title='bbox 835 1229 1196 1295; x_wconf 89' lang='lat' dir='ltr'><strong>vehementis,</strong></span> <span class='ocrx_word' id='word_1_73' title='bbox 1227 1239 1281 1284; x_wconf 91' lang='lat' dir='ltr'><strong>et</strong></span> <span class='ocrx_word' id='word_1_74' title='bbox 1323 1230 1618 1300; x_wconf 81' lang='lat' dir='ltr'><strong>linguarum</strong></span> <span class='ocrx_word' id='word_1_75' title='bbox 1657 1235 1931 1302; x_wconf 88' lang='lat' dir='ltr'><strong>ignearum</strong></span> <span class='ocrx_word' id='word_1_76' title='bbox 1966 1236 2172 1303; x_wconf 89' lang='lat' dir='ltr'><strong>species</strong></span> 
     </span>
    </p>
   </div>
   <div class='ocr_carea' id='block_1_12' title="bbox 590 1324 2173 1394">
    <p class='ocr_par' dir='ltr' id='par_1_12' title="bbox 590 1324 2173 1394">
     <span class='ocr_line' id='line_1_12' title="bbox 590 1324 2173 1394; baseline 0.007 -23"><span class='ocrx_word' id='word_1_77' title='bbox 590 1334 902 1388; x_wconf 84' lang='lat' dir='ltr'><strong>apparuere,</strong></span> <span class='ocrx_word' id='word_1_78' title='bbox 930 1336 1034 1375; x_wconf 88' lang='lat' dir='ltr'><strong>non</strong></span> <span class='ocrx_word' id='word_1_79' title='bbox 1083 1332 1300 1392; x_wconf 85' lang='lat' dir='ltr'><strong>propter</strong></span> <span class='ocrx_word' id='word_1_80' title='bbox 1351 1324 1643 1391; x_wconf 80' lang='lat' dir='ltr'><strong>apostolos,</strong></span> <span class='ocrx_word' id='word_1_81' title='bbox 1691 1325 1784 1378; x_wconf 89' lang='lat' dir='ltr'><strong>sed</strong></span> <span class='ocrx_word' id='word_1_82' title='bbox 1817 1334 2034 1394; x_wconf 87' lang='lat' dir='ltr'><strong>propter</strong></span> <span class='ocrx_word' id='word_1_83' title='bbox 2079 1341 2173 1382; x_wconf 91' lang='lat' dir='ltr'><strong>eos</strong></span> 
     </span>
    </p>
   </div>
   <div class='ocr_carea' id='block_1_13' title="bbox 587 1412 2171 1482">
    <p class='ocr_par' dir='ltr' id='par_1_13' title="bbox 587 1412 2171 1482">
     <span class='ocr_line' id='line_1_13' title="bbox 587 1412 2171 1482; baseline 0.003 -17"><span class='ocrx_word' id='word_1_84' title='bbox 587 1412 676 1481; x_wconf 90' lang='lat' dir='ltr'><strong>qui</strong></span> <span class='ocrx_word' id='word_1_85' title='bbox 710 1422 832 1468; x_wconf 89' lang='lat' dir='ltr'><strong>tunc</strong></span> <span class='ocrx_word' id='word_1_86' title='bbox 861 1425 1149 1482; x_wconf 66' lang='lat' dir='ltr'><strong>praesentes</strong></span> <span class='ocrx_word' id='word_1_87' title='bbox 1169 1424 1322 1468; x_wconf 89' lang='lat' dir='ltr'><strong>erant</strong></span> <span class='ocrx_word' id='word_1_88' title='bbox 1345 1413 1578 1469; x_wconf 81' lang='lat' dir='ltr'><strong>Judacos.</strong></span> <span class='ocrx_word' id='word_1_89' title='bbox 1611 1416 1859 1468; x_wconf 81' lang='lat' dir='ltr'><strong>Attamen</strong></span> <span class='ocrx_word' id='word_1_90' title='bbox 1897 1416 2015 1469; x_wconf 91' lang='lat' dir='ltr'><strong>licet</strong></span> <span class='ocrx_word' id='word_1_91' title='bbox 2044 1431 2171 1470; x_wconf 80' lang='lat' dir='ltr'><strong>sen-</strong></span> 
     </span>
    </p>
   </div>
   <div class='ocr_carea' id='block_1_14' title="bbox 587 1503 2170 1574">
    <p class='ocr_par' dir='ltr' id='par_1_14' title="bbox 587 1503 2170 1574">
     <span class='ocr_line' id='line_1_14' title="bbox 587 1503 2170 1574; baseline 0.003 -17"><span class='ocrx_word' id='word_1_92' title='bbox 587 1503 706 1557; x_wconf 86' lang='lat' dir='ltr'><strong>silia</strong></span> <span class='ocrx_word' id='word_1_93' title='bbox 733 1504 882 1572; x_wconf 88' lang='lat' dir='ltr'><strong>signa</strong></span> <span class='ocrx_word' id='word_1_94' title='bbox 911 1519 1014 1558; x_wconf 89' lang='lat' dir='ltr'><strong>non</strong></span> <span class='ocrx_word' id='word_1_95' title='bbox 1059 1505 1206 1568; x_wconf 89' lang='lat' dir='ltr'><strong>ﬁant,</strong></span> <span class='ocrx_word' id='word_1_96' title='bbox 1237 1521 1355 1574; x_wconf 67' lang='lat' dir='ltr'><strong>quae</strong></span> <span class='ocrx_word' id='word_1_97' title='bbox 1381 1519 1479 1573; x_wconf 92' lang='lat' dir='ltr'><strong>per</strong></span> <span class='ocrx_word' id='word_1_98' title='bbox 1504 1505 1588 1559; x_wconf 90' lang='lat' dir='ltr'><strong>illa</strong></span> <span class='ocrx_word' id='word_1_99' title='bbox 1616 1508 1782 1560; x_wconf 86' lang='lat' dir='ltr'><strong>semel</strong></span> <span class='ocrx_word' id='word_1_100' title='bbox 1811 1506 2170 1562; x_wconf 78' lang='lat' dir='ltr'><strong>demonstrata</strong></span> 
     </span>
    </p>
   </div>
   <div class='ocr_carea' id='block_1_15' title="bbox 586 1593 2168 1666">
    <p class='ocr_par' dir='ltr' id='par_1_15' title="bbox 586 1593 2168 1666">
     <span class='ocr_line' id='line_1_15' title="bbox 586 1593 2168 1666; baseline 0.004 -20"><span class='ocrx_word' id='word_1_101' title='bbox 586 1593 1079 1648; x_wconf 86' lang='lat' dir='ltr'><strong>suutadmittimus.</strong></span> <span class='ocrx_word' id='word_1_102' title='bbox 1107 1595 1237 1649; x_wconf 89' lang='lat' dir='ltr'><strong>Nam</strong></span> <span class='ocrx_word' id='word_1_103' title='bbox 1264 1594 1586 1650; x_wconf 88' lang='lat' dir='ltr'><strong>etcolumba</strong></span> <span class='ocrx_word' id='word_1_104' title='bbox 1618 1596 1738 1651; x_wconf 91' lang='lat' dir='ltr'><strong>ideo</strong></span> <span class='ocrx_word' id='word_1_105' title='bbox 1761 1605 1886 1652; x_wconf 91' lang='lat' dir='ltr'><strong>tunc</strong></span> <span class='ocrx_word' id='word_1_106' title='bbox 1917 1598 2026 1652; x_wconf 91' lang='lat' dir='ltr'><strong>visa</strong></span> <span class='ocrx_word' id='word_1_107' title='bbox 2065 1608 2168 1666; x_wconf 90' lang='lat' dir='ltr'><strong>est,</strong></span> 
     </span>
    </p>
   </div>
   <div class='ocr_carea' id='block_1_16' title="bbox 589 1685 2167 1756">
    <p class='ocr_par' dir='ltr' id='par_1_16' title="bbox 589 1685 2167 1756">
     <span class='ocr_line' id='line_1_16' title="bbox 589 1685 2167 1756; baseline 0.004 -19"><span class='ocrx_word' id='word_1_108' title='bbox 589 1694 647 1738; x_wconf 92' lang='lat' dir='ltr'><strong>ut</strong></span> <span class='ocrx_word' id='word_1_109' title='bbox 674 1686 820 1754; x_wconf 82' lang='lat' dir='ltr'><strong>qnasi</strong></span> <span class='ocrx_word' id='word_1_110' title='bbox 849 1685 1013 1756; x_wconf 80' lang='lat' dir='ltr'><strong>digito</strong></span> <span class='ocrx_word' id='word_1_111' title='bbox 1036 1687 1264 1756; x_wconf 90' lang='lat' dir='ltr'><strong>quodam</strong></span> <span class='ocrx_word' id='word_1_112' title='bbox 1298 1687 1648 1756; x_wconf 65' lang='lat' dir='ltr'><strong>praesentibus</strong></span> <span class='ocrx_word' id='word_1_113' title='bbox 1674 1698 1724 1742; x_wconf 90' lang='lat' dir='ltr'><strong>et</strong></span> <span class='ocrx_word' id='word_1_114' title='bbox 1754 1688 1944 1742; x_wconf 84' lang='lat' dir='ltr'><strong>Joauni</strong></span> <span class='ocrx_word' id='word_1_115' title='bbox 1977 1689 2167 1743; x_wconf 87' lang='lat' dir='ltr'><strong>Filium</strong></span> 
     </span>
    </p>
   </div>
   <div class='ocr_carea' id='block_1_17' title="bbox 588 1777 2169 1848">
    <p class='ocr_par' dir='ltr' id='par_1_17' title="bbox 588 1777 2169 1848">
     <span class='ocr_line' id='line_1_17' title="bbox 588 1777 2169 1848; baseline 0.004 -18"><span class='ocrx_word' id='word_1_116' title='bbox 588 1777 682 1832; x_wconf 85' lang='lat' dir='ltr'><strong>Dei</strong></span> <span class='ocrx_word' id='word_1_117' title='bbox 705 1787 1047 1835; x_wconf 85' lang='lat' dir='ltr'><strong>monstraret.</strong></span> <span class='ocrx_word' id='word_1_118' title='bbox 1071 1779 1254 1848; x_wconf 85' lang='lat' dir='ltr'><strong>Neque</strong></span> <span class='ocrx_word' id='word_1_119' title='bbox 1284 1780 1405 1834; x_wconf 93' lang='lat' dir='ltr'><strong>ideo</strong></span> <span class='ocrx_word' id='word_1_120' title='bbox 1428 1789 1629 1834; x_wconf 90' lang='lat' dir='ltr'><strong>tantum</strong></span> <span class='ocrx_word' id='word_1_121' title='bbox 1651 1820 1667 1846; x_wconf 91' lang='lat'><strong>,</strong></span> <span class='ocrx_word' id='word_1_122' title='bbox 1704 1782 1796 1835; x_wconf 92' lang='lat' dir='ltr'><strong>sed</strong></span> <span class='ocrx_word' id='word_1_123' title='bbox 1845 1783 2003 1835; x_wconf 90' lang='lat' dir='ltr'><strong>etiam</strong></span> <span class='ocrx_word' id='word_1_124' title='bbox 2033 1791 2085 1836; x_wconf 92' lang='lat' dir='ltr'><strong>ut</strong></span> <span class='ocrx_word' id='word_1_125' title='bbox 2113 1791 2169 1836; x_wconf 92' lang='lat' dir='ltr'><strong>tu</strong></span> 
     </span>
    </p>
   </div>
   <div class='ocr_carea' id='block_1_18' title="bbox 583 1867 2170 1943">
    <p class='ocr_par' dir='ltr' id='par_1_18' title="bbox 583 1867 2170 1943">
     <span class='ocr_line' id='line_1_18' title="bbox 583 1867 2170 1943; baseline 0.005 -21"><span class='ocrx_word' id='word_1_126' title='bbox 583 1867 852 1935; x_wconf 87' lang='lat' dir='ltr'><strong>discercs,</strong></span> <span class='ocrx_word' id='word_1_127' title='bbox 883 1872 1042 1925; x_wconf 91' lang='lat' dir='ltr'><strong>etiam</strong></span> <span class='ocrx_word' id='word_1_128' title='bbox 1092 1886 1255 1942; x_wconf 87' lang='lat' dir='ltr'><strong>super</strong></span> <span class='ocrx_word' id='word_1_129' title='bbox 1297 1882 1348 1927; x_wconf 91' lang='lat' dir='ltr'><strong>te</strong></span> <span class='ocrx_word' id='word_1_130' title='bbox 1401 1873 1742 1942; x_wconf 83' lang='lat' dir='ltr'><strong>baptizatum,</strong></span> <span class='ocrx_word' id='word_1_131' title='bbox 1773 1874 2026 1943; x_wconf 85' lang='lat' dir='ltr'><strong>Spiritum</strong></span> <span class='ocrx_word' id='word_1_132' title='bbox 2074 1875 2170 1930; x_wconf 86' lang='lat' dir='ltr'><strong>de-</strong></span> 
     </span>
    </p>
   </div>
   <div class='ocr_carea' id='block_1_19' title="bbox 582 1960 859 2015">
    <p class='ocr_par' dir='ltr' id='par_1_19' title="bbox 582 1960 859 2015">
     <span class='ocr_line' id='line_1_19' title="bbox 582 1960 859 2015; baseline 0.007 -3"><span class='ocrx_word' id='word_1_133' title='bbox 582 1960 859 2015; x_wconf 90' lang='lat' dir='ltr'><strong>scendere.</strong></span> 
     </span>
    </p>
   </div>
   <div class='ocr_carea' id='block_1_20' title="bbox 653 2051 2165 2128">
    <p class='ocr_par' dir='ltr' id='par_1_20' title="bbox 653 2051 2165 2128">
     <span class='ocr_line' id='line_1_20' title="bbox 653 2051 2165 2128; baseline 0.005 -24"><span class='ocrx_word' id='word_1_134' title='bbox 653 2052 708 2104; x_wconf 82' lang='lat'><strong>3.</strong></span> <span class='ocrx_word' id='word_1_135' title='bbox 729 2051 886 2107; x_wconf 71' lang='lat' dir='ltr'><strong>Fides</strong></span> <span class='ocrx_word' id='word_1_136' title='bbox 913 2071 1013 2108; x_wconf 86' lang='lat' dir='ltr'><strong>non</strong></span> <span class='ocrx_word' id='word_1_137' title='bbox 1039 2072 1166 2127; x_wconf 73' lang='lat' dir='ltr'><strong>opus</strong></span> <span class='ocrx_word' id='word_1_138' title='bbox 1183 2056 1327 2110; x_wconf 81' lang='lat' dir='ltr'><strong>habet</strong></span> <span class='ocrx_word' id='word_1_139' title='bbox 1354 2057 1559 2111; x_wconf 75' lang='lat' dir='ltr'><strong>visione.</strong></span> <span class='ocrx_word' id='word_1_140' title='bbox 1579 2056 1802 2128; x_wconf 82' lang='lat' dir='ltr'><strong>Spiritus</strong></span> <span class='ocrx_word' id='word_1_141' title='bbox 1829 2067 2034 2113; x_wconf 74' lang='lat' dir='ltr'><strong>sanctus</strong></span> <span class='ocrx_word' id='word_1_142' title='bbox 2064 2074 2165 2112; x_wconf 85' lang='lat' dir='ltr'><strong>non</strong></span> 
     </span>
    </p>
   </div>
   <div class='ocr_carea' id='block_1_21' title="bbox 582 2141 2165 2218">
    <p class='ocr_par' dir='ltr' id='par_1_21' title="bbox 582 2141 2165 2218">
     <span class='ocr_line' id='line_1_21' title="bbox 582 2141 2165 2218; baseline 0.009 -26"><span class='ocrx_word' id='word_1_143' title='bbox 582 2141 749 2196; x_wconf 86' lang='lat' dir='ltr'><strong>minor</strong></span> <span class='ocrx_word' id='word_1_144' title='bbox 795 2143 1015 2199; x_wconf 75' lang='lat' dir='ltr'><strong>Christo.</strong></span> <span class='ocrx_word' id='word_1_145' title='bbox 1079 2146 1308 2200; x_wconf 73' lang='lat' dir='ltr'><strong>Christus</strong></span> <span class='ocrx_word' id='word_1_146' title='bbox 1359 2147 1656 2202; x_wconf 74' lang='lat' dir='ltr'><strong>Judworum</strong></span> <span class='ocrx_word' id='word_1_147' title='bbox 1710 2160 1754 2204; x_wconf 86' lang='lat' dir='ltr'><strong>et</strong></span> <span class='ocrx_word' id='word_1_148' title='bbox 1809 2151 2058 2218; x_wconf 77' lang='lat' dir='ltr'><strong>baptisma</strong></span> <span class='ocrx_word' id='word_1_149' title='bbox 2118 2162 2165 2207; x_wconf 85' lang='lat' dir='ltr'><strong>et</strong></span> 
     </span>
    </p>
   </div>
   <div class='ocr_carea' id='block_1_22' title="bbox 580 2229 2161 2309">
    <p class='ocr_par' dir='ltr' id='par_1_22' title="bbox 580 2229 2161 2309">
     <span class='ocr_line' id='line_1_22' title="bbox 580 2229 2161 2309; baseline 0.009 -24"><span class='ocrx_word' id='word_1_150' title='bbox 580 2229 788 2287; x_wconf 73' lang='lat' dir='ltr'><strong>Pascha</strong></span> <span class='ocrx_word' id='word_1_151' title='bbox 815 2236 1347 2306; x_wconf 86' lang='lat' dir='ltr'><strong>abrogat.—Demum</strong></span> <span class='ocrx_word' id='word_1_152' title='bbox 1379 2255 1484 2293; x_wconf 92' lang='lat' dir='ltr'><strong>non</strong></span> <span class='ocrx_word' id='word_1_153' title='bbox 1509 2255 1645 2309; x_wconf 82' lang='lat' dir='ltr'><strong>Opus</strong></span> <span class='ocrx_word' id='word_1_154' title='bbox 1688 2243 1842 2296; x_wconf 90' lang='lat' dir='ltr'><strong>nobis</strong></span> <span class='ocrx_word' id='word_1_155' title='bbox 1870 2253 1952 2298; x_wconf 88' lang='lat' dir='ltr'><strong>est</strong></span> <span class='ocrx_word' id='word_1_156' title='bbox 1977 2245 2161 2299; x_wconf 91' lang='lat' dir='ltr'><strong>sensili</strong></span> 
     </span>
    </p>
   </div>
   <div class='ocr_carea' id='block_1_23' title="bbox 578 2326 2159 2410">
    <p class='ocr_par' dir='ltr' id='par_1_23' title="bbox 578 2326 2159 2410">
     <span class='ocr_line' id='line_1_23' title="bbox 578 2326 2159 2410; baseline 0.01 -32"><span class='ocrx_word' id='word_1_157' title='bbox 578 2326 804 2392; x_wconf 77' lang='lat' dir='ltr'><strong>visione,</strong></span> <span class='ocrx_word' id='word_1_158' title='bbox 853 2344 973 2384; x_wconf 90' lang='lat' dir='ltr'><strong>cum</strong></span> <span class='ocrx_word' id='word_1_159' title='bbox 1023 2331 1154 2386; x_wconf 84' lang='lat' dir='ltr'><strong>ﬁdes</strong></span> <span class='ocrx_word' id='word_1_160' title='bbox 1201 2333 1316 2388; x_wconf 91' lang='lat' dir='ltr'><strong>vice</strong></span> <span class='ocrx_word' id='word_1_161' title='bbox 1361 2336 1600 2389; x_wconf 91' lang='lat' dir='ltr'><strong>omnium</strong></span> <span class='ocrx_word' id='word_1_162' title='bbox 1650 2339 1781 2393; x_wconf 87' lang='lat' dir='ltr'><strong>satis</strong></span> <span class='ocrx_word' id='word_1_163' title='bbox 1827 2338 1894 2393; x_wconf 92' lang='lat' dir='ltr'><strong>sit</strong></span> <span class='ocrx_word' id='word_1_164' title='bbox 1946 2358 1958 2392; x_wconf 94' lang='lat'>:</span> <span class='ocrx_word' id='word_1_165' title='bbox 2012 2342 2159 2410; x_wconf 85' lang='lat' dir='ltr'><strong>signa</strong></span> 
     </span>
    </p>
   </div>
   <div class='ocr_carea' id='block_1_24' title="bbox 576 2420 2162 2491">
    <p class='ocr_par' dir='ltr' id='par_1_24' title="bbox 576 2420 2162 2491">
     <span class='ocr_line' id='line_1_24' title="bbox 576 2420 2162 2491; baseline 0.009 -18"><span class='ocrx_word' id='word_1_166' title='bbox 576 2420 773 2488; x_wconf 84' lang='lat' dir='ltr'><strong>quippe</strong></span> <span class='ocrx_word' id='word_1_167' title='bbox 805 2436 908 2476; x_wconf 92' lang='lat' dir='ltr'><strong>non</strong></span> <span class='ocrx_word' id='word_1_168' title='bbox 939 2424 1280 2480; x_wconf 86' lang='lat' dir='ltr'><strong>credentibus</strong></span> <span class='ocrx_word' id='word_1_169' title='bbox 1305 2467 1320 2491; x_wconf 92' lang='lat'><strong>,</strong></span> <span class='ocrx_word' id='word_1_170' title='bbox 1351 2427 1444 2482; x_wconf 92' lang='lat' dir='ltr'><strong>sed</strong></span> <span class='ocrx_word' id='word_1_171' title='bbox 1478 2429 1763 2484; x_wconf 91' lang='lat' dir='ltr'><strong>incredulis</strong></span> <span class='ocrx_word' id='word_1_172' title='bbox 1792 2431 2004 2485; x_wconf 85' lang='lat' dir='ltr'><strong>dantur.</strong></span> <span class='ocrx_word' id='word_1_173' title='bbox 2055 2431 2162 2488; x_wconf 88' lang='lat' dir='ltr'><strong>Cur</strong></span> 
     </span>
    </p>
   </div>
   <div class='ocr_carea' id='block_1_25' title="bbox 573 2512 2160 2585">
    <p class='ocr_par' dir='ltr' id='par_1_25' title="bbox 573 2512 2160 2585">
     <span class='ocr_line' id='line_1_25' title="bbox 573 2512 2160 2585; baseline 0.009 -23"><span class='ocrx_word' id='word_1_174' title='bbox 573 2519 751 2565; x_wconf 90' lang='lat' dir='ltr'><strong>autem</strong></span> <span class='ocrx_word' id='word_1_175' title='bbox 783 2512 834 2565; x_wconf 93' lang='lat' dir='ltr'><strong>in</strong></span> <span class='ocrx_word' id='word_1_176' title='bbox 863 2513 1125 2569; x_wconf 72' lang='lat' dir='ltr'><strong>Columba“:</strong></span> <span class='ocrx_word' id='word_1_177' title='bbox 1163 2517 1383 2585; x_wconf 88' lang='lat' dir='ltr'><strong>specie?</strong></span> <span class='ocrx_word' id='word_1_178' title='bbox 1409 2517 1738 2573; x_wconf 83' lang='lat' dir='ltr'><strong>Mausuetum</strong></span> <span class='ocrx_word' id='word_1_179' title='bbox 1769 2532 1849 2574; x_wconf 88' lang='lat' dir='ltr'><strong>est</strong></span> <span class='ocrx_word' id='word_1_180' title='bbox 1881 2523 2074 2576; x_wconf 88' lang='lat' dir='ltr'><strong>animal</strong></span> <span class='ocrx_word' id='word_1_181' title='bbox 2107 2531 2160 2577; x_wconf 89' lang='lat' dir='ltr'><strong>et</strong></span> 
     </span>
    </p>
   </div>
   <div class='ocr_carea' id='block_1_26' title="bbox 573 2600 2161 2676">
    <p class='ocr_par' dir='ltr' id='par_1_26' title="bbox 573 2600 2161 2676">
     <span class='ocr_line' id='line_1_26' title="bbox 573 2600 2161 2676; baseline 0.009 -23"><span class='ocrx_word' id='word_1_182' title='bbox 573 2600 851 2655; x_wconf 90' lang='lat' dir='ltr'><strong>mundum.</strong></span> <span class='ocrx_word' id='word_1_183' title='bbox 899 2603 1032 2670; x_wconf 82' lang='lat' dir='ltr'><strong>Quia</strong></span> <span class='ocrx_word' id='word_1_184' title='bbox 1097 2605 1256 2674; x_wconf 78' lang='lat' dir='ltr'><strong>igitur</strong></span> <span class='ocrx_word' id='word_1_185' title='bbox 1297 2606 1565 2676; x_wconf 87' lang='lat' dir='ltr'><strong>Spiritus,</strong></span> <span class='ocrx_word' id='word_1_186' title='bbox 1614 2612 2034 2665; x_wconf 88' lang='lat' dir='ltr'><strong>mansuetudinis</strong></span> <span class='ocrx_word' id='word_1_187' title='bbox 2078 2623 2161 2667; x_wconf 87' lang='lat' dir='ltr'><strong>est</strong></span> 
     </span>
    </p>
   </div>
   <div class='ocr_carea' id='block_1_27' title="bbox 572 2689 2155 2771">
    <p class='ocr_par' dir='ltr' id='par_1_27' title="bbox 572 2689 2155 2771">
     <span class='ocr_line' id='line_1_27' title="bbox 572 2689 2155 2771; baseline 0.008 -25"><span class='ocrx_word' id='word_1_188' title='bbox 572 2689 801 2760; x_wconf 84' lang='lat' dir='ltr'><strong>Spiritus</strong></span> <span class='ocrx_word' id='word_1_189' title='bbox 826 2732 843 2759; x_wconf 93' lang='lat'><strong>,</strong></span> <span class='ocrx_word' id='word_1_190' title='bbox 884 2693 1004 2750; x_wconf 91' lang='lat' dir='ltr'><strong>ideo</strong></span> <span class='ocrx_word' id='word_1_191' title='bbox 1051 2697 1138 2750; x_wconf 90' lang='lat' dir='ltr'><strong>illa</strong></span> <span class='ocrx_word' id='word_1_192' title='bbox 1186 2695 1354 2752; x_wconf 83' lang='lat' dir='ltr'><strong>forma</strong></span> <span class='ocrx_word' id='word_1_193' title='bbox 1397 2700 1660 2768; x_wconf 86' lang='lat' dir='ltr'><strong>apparuit.</strong></span> <span class='ocrx_word' id='word_1_194' title='bbox 1697 2701 1942 2771; x_wconf 84' lang='lat' dir='ltr'><strong>Alioquin</strong></span> <span class='ocrx_word' id='word_1_195' title='bbox 1978 2714 2155 2758; x_wconf 87' lang='lat' dir='ltr'><strong>autem</strong></span> 
     </span>
    </p>
   </div>
   <div class='ocr_carea' id='block_1_28' title="bbox 573 2786 2152 2850">
    <p class='ocr_par' dir='ltr' id='par_1_28' title="bbox 573 2786 2152 2850">
     <span class='ocr_line' id='line_1_28' title="bbox 573 2786 2152 2850; baseline 0.01 -16"><span class='ocrx_word' id='word_1_196' title='bbox 573 2790 812 2839; x_wconf 86' lang='lat' dir='ltr'><strong>veterem</strong></span> <span class='ocrx_word' id='word_1_197' title='bbox 845 2786 1123 2840; x_wconf 83' lang='lat' dir='ltr'><strong>historiam</strong></span> <span class='ocrx_word' id='word_1_198' title='bbox 1151 2788 1304 2841; x_wconf 87' lang='lat' dir='ltr'><strong>nobis</strong></span> <span class='ocrx_word' id='word_1_199' title='bbox 1336 2790 1388 2842; x_wconf 91' lang='lat' dir='ltr'><strong>in</strong></span> <span class='ocrx_word' id='word_1_200' title='bbox 1417 2792 1726 2845; x_wconf 86' lang='lat' dir='ltr'><strong>memoriam</strong></span> <span class='ocrx_word' id='word_1_201' title='bbox 1757 2804 1990 2848; x_wconf 82' lang='lat' dir='ltr'><strong>revocat.</strong></span> <span class='ocrx_word' id='word_1_202' title='bbox 2021 2794 2152 2850; x_wconf 89' lang='lat' dir='ltr'><strong>Nam</strong></span> 
     </span>
    </p>
   </div>
   <div class='ocr_carea' id='block_1_29' title="bbox 573 2876 2157 2950">
    <p class='ocr_par' dir='ltr' id='par_1_29' title="bbox 573 2876 2157 2950">
     <span class='ocr_line' id='line_1_29' title="bbox 573 2876 2157 2950; baseline 0.008 -22"><span class='ocrx_word' id='word_1_203' title='bbox 573 2888 695 2928; x_wconf 88' lang='lat' dir='ltr'><strong>cum</strong></span> <span class='ocrx_word' id='word_1_204' title='bbox 743 2876 868 2930; x_wconf 93' lang='lat' dir='ltr'><strong>olim</strong></span> <span class='ocrx_word' id='word_1_205' title='bbox 913 2880 1183 2932; x_wconf 89' lang='lat' dir='ltr'><strong>communi</strong></span> <span class='ocrx_word' id='word_1_206' title='bbox 1231 2880 1508 2950; x_wconf 82' lang='lat' dir='ltr'><strong>naufragio</strong></span> <span class='ocrx_word' id='word_1_207' title='bbox 1553 2893 1717 2938; x_wconf 89' lang='lat' dir='ltr'><strong>totum</strong></span> <span class='ocrx_word' id='word_1_208' title='bbox 1772 2885 1954 2939; x_wconf 84' lang='lat' dir='ltr'><strong>orbem</strong></span> <span class='ocrx_word' id='word_1_209' title='bbox 2011 2888 2157 2941; x_wconf 84' lang='lat' dir='ltr'><strong>inva-</strong></span> 
     </span>
    </p>
   </div>
   <div class='ocr_carea' id='block_1_30' title="bbox 570 2965 2150 3046">
    <p class='ocr_par' dir='ltr' id='par_1_30' title="bbox 570 2965 2150 3046">
     <span class='ocr_line' id='line_1_30' title="bbox 570 2965 2150 3046; baseline 0.008 -26"><span class='ocrx_word' id='word_1_210' title='bbox 570 2965 750 3030; x_wconf 89' lang='lat' dir='ltr'><strong>dente,</strong></span> <span class='ocrx_word' id='word_1_211' title='bbox 785 2977 951 3022; x_wconf 90' lang='lat' dir='ltr'><strong>totum</strong></span> <span class='ocrx_word' id='word_1_212' title='bbox 980 2985 1199 3038; x_wconf 87' lang='lat' dir='ltr'><strong>prorsus</strong></span> <span class='ocrx_word' id='word_1_213' title='bbox 1227 2971 1496 3026; x_wconf 89' lang='lat' dir='ltr'><strong>hominum</strong></span> <span class='ocrx_word' id='word_1_214' title='bbox 1529 2990 1696 3045; x_wconf 87' lang='lat' dir='ltr'><strong>genus</strong></span> <span class='ocrx_word' id='word_1_215' title='bbox 1722 2976 2112 3044; x_wconf 86' lang='lat' dir='ltr'><strong>periclitaretur</strong></span> <span class='ocrx_word' id='word_1_216' title='bbox 2134 3019 2150 3046; x_wconf 96' lang='lat'><strong>,</strong></span> 
     </span>
    </p>
   </div>
   <div class='ocr_carea' id='block_1_31' title="bbox 573 3055 2148 3137">
    <p class='ocr_par' dir='ltr' id='par_1_31' title="bbox 573 3055 2148 3137">
     <span class='ocr_line' id='line_1_31' title="bbox 573 3055 2148 3137; baseline 0.009 -27"><span class='ocrx_word' id='word_1_217' title='bbox 573 3055 673 3113; x_wconf 90' lang='lat' dir='ltr'><strong>hoc</strong></span> <span class='ocrx_word' id='word_1_218' title='bbox 701 3059 897 3112; x_wconf 84' lang='lat' dir='ltr'><strong>animal</strong></span> <span class='ocrx_word' id='word_1_219' title='bbox 927 3061 1210 3129; x_wconf 89' lang='lat' dir='ltr'><strong>apparuit,</strong></span> <span class='ocrx_word' id='word_1_220' title='bbox 1239 3071 1294 3116; x_wconf 90' lang='lat' dir='ltr'><strong>et</strong></span> <span class='ocrx_word' id='word_1_221' title='bbox 1325 3066 1655 3133; x_wconf 90' lang='lat' dir='ltr'><strong>tempestatis</strong></span> <span class='ocrx_word' id='word_1_222' title='bbox 1696 3068 1853 3121; x_wconf 87' lang='lat' dir='ltr'><strong>linem</strong></span> <span class='ocrx_word' id='word_1_223' title='bbox 1886 3070 2148 3137; x_wconf 75' lang='lat' dir='ltr'><strong>ostendit,</strong></span> 
     </span>
    </p>
   </div>
   <div class='ocr_carea' id='block_1_32' title="bbox 568 3151 2152 3221">
    <p class='ocr_par' dir='ltr' id='par_1_32' title="bbox 568 3151 2152 3221">
     <span class='ocr_line' id='line_1_32' title="bbox 568 3151 2152 3221; baseline 0.009 -19"><span class='ocrx_word' id='word_1_224' title='bbox 568 3163 632 3203; x_wconf 89' lang='lat' dir='ltr'><strong>ac</strong></span> <span class='ocrx_word' id='word_1_225' title='bbox 679 3165 887 3203; x_wconf 90' lang='lat' dir='ltr'><strong>ramum</strong></span> <span class='ocrx_word' id='word_1_226' title='bbox 935 3151 1089 3206; x_wconf 80' lang='lat' dir='ltr'><strong>olivae</strong></span> <span class='ocrx_word' id='word_1_227' title='bbox 1132 3163 1306 3208; x_wconf 90' lang='lat' dir='ltr'><strong>rostro</strong></span> <span class='ocrx_word' id='word_1_228' title='bbox 1351 3164 1536 3211; x_wconf 90' lang='lat' dir='ltr'><strong>tenens</strong></span> <span class='ocrx_word' id='word_1_229' title='bbox 1563 3197 1578 3221; x_wconf 89' lang='lat'><strong>,</strong></span> <span class='ocrx_word' id='word_1_230' title='bbox 1625 3173 1959 3214; x_wconf 90' lang='lat' dir='ltr'><strong>comnmnem</strong></span> <span class='ocrx_word' id='word_1_231' title='bbox 2009 3163 2152 3216; x_wconf 90' lang='lat' dir='ltr'><strong>orbis</strong></span> 
     </span>
    </p>
   </div>
   <div class='ocr_carea' id='block_1_33' title="bbox 570 3243 2151 3324">
    <p class='ocr_par' dir='ltr' id='par_1_33' title="bbox 570 3243 2151 3324">
     <span class='ocr_line' id='line_1_33' title="bbox 570 3243 2151 3324; baseline 0.009 -30"><span class='ocrx_word' id='word_1_232' title='bbox 570 3243 1001 3311; x_wconf 88' lang='lat' dir='ltr'><strong>tranquillitatem</strong></span> <span class='ocrx_word' id='word_1_233' title='bbox 1048 3247 1309 3302; x_wconf 83' lang='lat' dir='ltr'><strong>nuntiavit</strong></span> <span class='ocrx_word' id='word_1_234' title='bbox 1343 3267 1354 3301; x_wconf 95' lang='lat'>:</span> <span class='ocrx_word' id='word_1_235' title='bbox 1388 3266 1507 3319; x_wconf 76' lang='lat' dir='ltr'><strong>qua:</strong></span> <span class='ocrx_word' id='word_1_236' title='bbox 1532 3253 1709 3306; x_wconf 90' lang='lat' dir='ltr'><strong>omnia</strong></span> <span class='ocrx_word' id='word_1_237' title='bbox 1756 3253 1918 3324; x_wconf 87' lang='lat' dir='ltr'><strong>ﬁgura</strong></span> <span class='ocrx_word' id='word_1_238' title='bbox 1949 3255 2151 3310; x_wconf 82' lang='lat' dir='ltr'><strong>futuro-</strong></span> 
     </span>
    </p>
   </div>
   <div class='ocr_carea' id='block_1_34' title="bbox 568 3334 2150 3405">
    <p class='ocr_par' dir='ltr' id='par_1_34' title="bbox 568 3334 2150 3405">
     <span class='ocr_line' id='line_1_34' title="bbox 568 3334 2150 3405; baseline 0.013 -22"><span class='ocrx_word' id='word_1_239' title='bbox 568 3345 684 3384; x_wconf 91' lang='lat' dir='ltr'><strong>rum</strong></span> <span class='ocrx_word' id='word_1_240' title='bbox 729 3342 902 3387; x_wconf 91' lang='lat' dir='ltr'><strong>erant.</strong></span> <span class='ocrx_word' id='word_1_241' title='bbox 952 3334 1102 3390; x_wconf 90' lang='lat' dir='ltr'><strong>Tunc</strong></span> <span class='ocrx_word' id='word_1_242' title='bbox 1144 3338 1287 3393; x_wconf 90' lang='lat' dir='ltr'><strong>enim</strong></span> <span class='ocrx_word' id='word_1_243' title='bbox 1333 3342 1499 3393; x_wconf 89' lang='lat' dir='ltr'><strong>multo</strong></span> <span class='ocrx_word' id='word_1_244' title='bbox 1541 3342 1805 3400; x_wconf 85' lang='lat' dir='ltr'><strong>deteriore</strong></span> <span class='ocrx_word' id='word_1_245' title='bbox 1847 3348 2150 3405; x_wconf 90' lang='lat' dir='ltr'><strong>conditione</strong></span> 
     </span>
    </p>
   </div>
   <div class='ocr_carea' id='block_1_35' title="bbox 567 3423 2150 3509">
    <p class='ocr_par' dir='ltr' id='par_1_35' title="bbox 567 3423 2150 3509">
     <span class='ocr_line' id='line_1_35' title="bbox 567 3423 2150 3509; baseline 0.011 -33"><span class='ocrx_word' id='word_1_246' title='bbox 567 3438 654 3477; x_wconf 91' lang='lat' dir='ltr'><strong>res</strong></span> <span class='ocrx_word' id='word_1_247' title='bbox 683 3423 953 3480; x_wconf 91' lang='lat' dir='ltr'><strong>hominum</strong></span> <span class='ocrx_word' id='word_1_248' title='bbox 984 3436 1171 3495; x_wconf 91' lang='lat' dir='ltr'><strong>erant,</strong></span> <span class='ocrx_word' id='word_1_249' title='bbox 1201 3445 1263 3484; x_wconf 89' lang='lat' dir='ltr'><strong>ac</strong></span> <span class='ocrx_word' id='word_1_250' title='bbox 1288 3433 1453 3486; x_wconf 91' lang='lat' dir='ltr'><strong>multo</strong></span> <span class='ocrx_word' id='word_1_251' title='bbox 1491 3435 1693 3503; x_wconf 89' lang='lat' dir='ltr'><strong>majore</strong></span> <span class='ocrx_word' id='word_1_252' title='bbox 1735 3437 1806 3492; x_wconf 88' lang='lat' dir='ltr'><strong>illi</strong></span> <span class='ocrx_word' id='word_1_253' title='bbox 1833 3449 1985 3493; x_wconf 91' lang='lat' dir='ltr'><strong>erant</strong></span> <span class='ocrx_word' id='word_1_254' title='bbox 2025 3456 2150 3509; x_wconf 82' lang='lat' dir='ltr'><strong>sup-</strong></span> 
     </span>
    </p>
   </div>
   <div class='ocr_carea' id='block_1_36' title="bbox 567 3515 2145 3592">
    <p class='ocr_par' dir='ltr' id='par_1_36' title="bbox 567 3515 2145 3592">
     <span class='ocr_line' id='line_1_36' title="bbox 567 3515 2145 3592; baseline 0.01 -24"><span class='ocrx_word' id='word_1_255' title='bbox 567 3515 726 3584; x_wconf 92' lang='lat' dir='ltr'><strong>plicio</strong></span> <span class='ocrx_word' id='word_1_256' title='bbox 755 3516 921 3587; x_wconf 89' lang='lat' dir='ltr'><strong>digni.</strong></span> <span class='ocrx_word' id='word_1_257' title='bbox 966 3519 1045 3574; x_wconf 89' lang='lat' dir='ltr'><strong>Ne</strong></span> <span class='ocrx_word' id='word_1_258' title='bbox 1071 3520 1324 3590; x_wconf 83' lang='lat' dir='ltr'><strong>desperes</strong></span> <span class='ocrx_word' id='word_1_259' title='bbox 1355 3523 1512 3592; x_wconf 83' lang='lat' dir='ltr'><strong>igitur</strong></span> <span class='ocrx_word' id='word_1_260' title='bbox 1537 3568 1552 3589; x_wconf 93' lang='lat'><strong>,</strong></span> <span class='ocrx_word' id='word_1_261' title='bbox 1587 3526 1723 3581; x_wconf 91' lang='lat' dir='ltr'><strong>hanc</strong></span> <span class='ocrx_word' id='word_1_262' title='bbox 1752 3528 1842 3581; x_wconf 91' lang='lat' dir='ltr'><strong>tibi</strong></span> <span class='ocrx_word' id='word_1_263' title='bbox 1873 3529 2145 3584; x_wconf 85' lang='lat' dir='ltr'><strong>historiam</strong></span> 
     </span>
    </p>
   </div>
   <div class='ocr_carea' id='block_1_37' title="bbox 565 3606 2142 3688">
    <p class='ocr_par' dir='ltr' id='par_1_37' title="bbox 565 3606 2142 3688">
     <span class='ocr_line' id='line_1_37' title="bbox 565 3606 2142 3688; baseline 0.012 -30"><span class='ocrx_word' id='word_1_264' title='bbox 565 3606 617 3659; x_wconf 91' lang='lat' dir='ltr'><strong>in</strong></span> <span class='ocrx_word' id='word_1_265' title='bbox 662 3609 975 3663; x_wconf 88' lang='lat' dir='ltr'><strong>memoriam</strong></span> <span class='ocrx_word' id='word_1_266' title='bbox 1010 3621 1241 3666; x_wconf 86' lang='lat' dir='ltr'><strong>revocat.</strong></span> <span class='ocrx_word' id='word_1_267' title='bbox 1289 3612 1417 3668; x_wconf 87' lang='lat' dir='ltr'><strong>Nam</strong></span> <span class='ocrx_word' id='word_1_268' title='bbox 1449 3624 1571 3668; x_wconf 88' lang='lat' dir='ltr'><strong>tunc</strong></span> <span class='ocrx_word' id='word_1_269' title='bbox 1615 3616 1906 3688; x_wconf 84' lang='lat' dir='ltr'><strong>desperatis</strong></span> <span class='ocrx_word' id='word_1_270' title='bbox 1951 3621 2142 3688; x_wconf 87' lang='lat' dir='ltr'><strong>rebus,</strong></span> 
     </span>
    </p>
   </div>
   <div class='ocr_carea' id='block_1_38' title="bbox 564 3697 2147 3772">
    <p class='ocr_par' dir='ltr' id='par_1_38' title="bbox 564 3697 2147 3772">
     <span class='ocr_line' id='line_1_38' title="bbox 564 3697 2147 3772; baseline 0.011 -21"><span class='ocrx_word' id='word_1_271' title='bbox 564 3697 738 3753; x_wconf 80' lang='lat' dir='ltr'><strong>exitus</strong></span> <span class='ocrx_word' id='word_1_272' title='bbox 791 3708 964 3756; x_wconf 90' lang='lat' dir='ltr'><strong>tamen</strong></span> <span class='ocrx_word' id='word_1_273' title='bbox 1006 3702 1222 3772; x_wconf 89' lang='lat' dir='ltr'><strong>quidam</strong></span> <span class='ocrx_word' id='word_1_274' title='bbox 1263 3714 1318 3760; x_wconf 92' lang='lat' dir='ltr'><strong>et</strong></span> <span class='ocrx_word' id='word_1_275' title='bbox 1357 3707 1662 3763; x_wconf 87' lang='lat' dir='ltr'><strong>emendatio</strong></span> <span class='ocrx_word' id='word_1_276' title='bbox 1705 3709 1847 3766; x_wconf 80' lang='lat' dir='ltr'><strong>fuit:</strong></span> <span class='ocrx_word' id='word_1_277' title='bbox 1879 3714 1974 3768; x_wconf 91' lang='lat' dir='ltr'><strong>sed</strong></span> <span class='ocrx_word' id='word_1_278' title='bbox 2024 3723 2147 3768; x_wconf 91' lang='lat' dir='ltr'><strong>tunc</strong></span> 
     </span>
    </p>
   </div>
   <div class='ocr_carea' id='block_1_39' title="bbox 563 3794 2141 3872">
    <p class='ocr_par' dir='ltr' id='par_1_39' title="bbox 563 3794 2141 3872">
     <span class='ocr_line' id='line_1_39' title="bbox 563 3794 2141 3872; baseline 0.011 -29"><span class='ocrx_word' id='word_1_279' title='bbox 563 3807 661 3862; x_wconf 86' lang='lat' dir='ltr'><strong>per</strong></span> <span class='ocrx_word' id='word_1_280' title='bbox 702 3794 1014 3863; x_wconf 87' lang='lat' dir='ltr'><strong>supplicium</strong></span> <span class='ocrx_word' id='word_1_281' title='bbox 1040 3835 1056 3859; x_wconf 95' lang='lat'><strong>,</strong></span> <span class='ocrx_word' id='word_1_282' title='bbox 1089 3813 1230 3852; x_wconf 88' lang='lat' dir='ltr'><strong>nunc</strong></span> <span class='ocrx_word' id='word_1_283' title='bbox 1270 3814 1398 3854; x_wconf 89' lang='lat' dir='ltr'><strong>vero</strong></span> <span class='ocrx_word' id='word_1_284' title='bbox 1438 3816 1536 3869; x_wconf 91' lang='lat' dir='ltr'><strong>per</strong></span> <span class='ocrx_word' id='word_1_285' title='bbox 1576 3803 1800 3872; x_wconf 76' lang='lat' dir='ltr'><strong>gratiam</strong></span> <span class='ocrx_word' id='word_1_286' title='bbox 1848 3813 1903 3858; x_wconf 92' lang='lat' dir='ltr'><strong>et</strong></span> <span class='ocrx_word' id='word_1_287' title='bbox 1944 3805 2141 3860; x_wconf 90' lang='lat' dir='ltr'><strong>donum</strong></span> 
     </span>
    </p>
   </div>
   <div class='ocr_carea' id='block_1_40' title="bbox 564 3883 2142 3962">
    <p class='ocr_par' dir='ltr' id='par_1_40' title="bbox 564 3883 2142 3962">
     <span class='ocr_line' id='line_1_40' title="bbox 564 3883 2142 3962; baseline 0.01 -26"><span class='ocrx_word' id='word_1_288' title='bbox 564 3883 851 3940; x_wconf 79' lang='lat' dir='ltr'><strong>iuell’ahile.</strong></span> <span class='ocrx_word' id='word_1_289' title='bbox 902 3887 1131 3957; x_wconf 87' lang='lat' dir='ltr'><strong>Ideoque</strong></span> <span class='ocrx_word' id='word_1_290' title='bbox 1172 3889 1416 3944; x_wconf 90' lang='lat' dir='ltr'><strong>columba</strong></span> <span class='ocrx_word' id='word_1_291' title='bbox 1466 3903 1731 3962; x_wconf 86' lang='lat' dir='ltr'><strong>apparet,</strong></span> <span class='ocrx_word' id='word_1_292' title='bbox 1781 3910 1886 3948; x_wconf 92' lang='lat' dir='ltr'><strong>non</strong></span> <span class='ocrx_word' id='word_1_293' title='bbox 1935 3911 2142 3951; x_wconf 91' lang='lat' dir='ltr'><strong>ramum</strong></span> 
     </span>
    </p>
   </div>
   <div class='ocr_carea' id='block_1_41' title="bbox 560 3975 2144 4044">
    <p class='ocr_par' dir='ltr' id='par_1_41' title="bbox 560 3975 2144 4044">
     <span class='ocr_line' id='line_1_41' title="bbox 560 3975 2144 4044; baseline 0.009 -16"><span class='ocrx_word' id='word_1_294' title='bbox 560 3975 714 4029; x_wconf 71' lang='lat' dir='ltr'><strong>oliva:</strong></span> <span class='ocrx_word' id='word_1_295' title='bbox 737 3975 932 4044; x_wconf 78' lang='lat' dir='ltr'><strong>ferens,</strong></span> <span class='ocrx_word' id='word_1_296' title='bbox 955 3978 1049 4032; x_wconf 89' lang='lat' dir='ltr'><strong>sed</strong></span> <span class='ocrx_word' id='word_1_297' title='bbox 1075 3980 1312 4035; x_wconf 92' lang='lat' dir='ltr'><strong>omnium</strong></span> <span class='ocrx_word' id='word_1_298' title='bbox 1339 3983 1600 4037; x_wconf 88' lang='lat' dir='ltr'><strong>malorum</strong></span> <span class='ocrx_word' id='word_1_299' title='bbox 1629 3985 1964 4042; x_wconf 89' lang='lat' dir='ltr'><strong>liberatorem</strong></span> <span class='ocrx_word' id='word_1_300' title='bbox 1992 3989 2144 4043; x_wconf 91' lang='lat' dir='ltr'><strong>nobis</strong></span> 
     </span>
    </p>
   </div>
   <div class='ocr_carea' id='block_1_42' title="bbox 560 4069 2140 4146">
    <p class='ocr_par' dir='ltr' id='par_1_42' title="bbox 560 4069 2140 4146">
     <span class='ocr_line' id='line_1_42' title="bbox 560 4069 2140 4146; baseline 0.007 -23"><span class='ocrx_word' id='word_1_301' title='bbox 560 4069 867 4135; x_wconf 90' lang='lat' dir='ltr'><strong>ostendens,</strong></span> <span class='ocrx_word' id='word_1_302' title='bbox 892 4070 1190 4140; x_wconf 87' lang='lat' dir='ltr'><strong>bonamque</strong></span> <span class='ocrx_word' id='word_1_303' title='bbox 1219 4089 1367 4142; x_wconf 91' lang='lat' dir='ltr'><strong>spem</strong></span> <span class='ocrx_word' id='word_1_304' title='bbox 1393 4074 1672 4130; x_wconf 79' lang='lat' dir='ltr'><strong>exhibens.</strong></span> <span class='ocrx_word' id='word_1_305' title='bbox 1701 4077 1883 4146; x_wconf 88' lang='lat' dir='ltr'><strong>Neque</strong></span> <span class='ocrx_word' id='word_1_306' title='bbox 1909 4079 2050 4133; x_wconf 90' lang='lat' dir='ltr'><strong>enim</strong></span> <span class='ocrx_word' id='word_1_307' title='bbox 2072 4095 2140 4134; x_wconf 89' lang='lat' dir='ltr'><strong>ex</strong></span> 
     </span>
    </p>
   </div>
   <div class='ocr_carea' id='block_1_43' title="bbox 560 4163 2139 4239">
    <p class='ocr_par' dir='ltr' id='par_1_43' title="bbox 560 4163 2139 4239">
     <span class='ocr_line' id='line_1_43' title="bbox 560 4163 2139 4239; baseline 0.008 -25"><span class='ocrx_word' id='word_1_308' title='bbox 560 4175 682 4216; x_wconf 86' lang='lat' dir='ltr'><strong>arca</strong></span> <span class='ocrx_word' id='word_1_309' title='bbox 721 4177 883 4216; x_wconf 90' lang='lat' dir='ltr'><strong>unum</strong></span> <span class='ocrx_word' id='word_1_310' title='bbox 911 4163 1088 4218; x_wconf 89' lang='lat' dir='ltr'><strong>educit</strong></span> <span class='ocrx_word' id='word_1_311' title='bbox 1118 4165 1407 4231; x_wconf 92' lang='lat' dir='ltr'><strong>hominem,</strong></span> <span class='ocrx_word' id='word_1_312' title='bbox 1432 4167 1526 4221; x_wconf 89' lang='lat' dir='ltr'><strong>sed</strong></span> <span class='ocrx_word' id='word_1_313' title='bbox 1555 4183 1675 4222; x_wconf 91' lang='lat' dir='ltr'><strong>cum</strong></span> <span class='ocrx_word' id='word_1_314' title='bbox 1705 4179 1944 4239; x_wconf 88' lang='lat' dir='ltr'><strong>apparet,</strong></span> <span class='ocrx_word' id='word_1_315' title='bbox 1973 4179 2139 4227; x_wconf 89' lang='lat' dir='ltr'><strong>totum</strong></span> 
     </span>
    </p>
   </div>
   <div class='ocr_carea' id='block_1_44' title="bbox 560 4251 2141 4337">
    <p class='ocr_par' dir='ltr' id='par_1_44' title="bbox 560 4251 2141 4337">
     <span class='ocr_line' id='line_1_44' title="bbox 560 4251 2141 4337; baseline 0.009 -32"><span class='ocrx_word' id='word_1_316' title='bbox 560 4251 744 4307; x_wconf 90' lang='lat' dir='ltr'><strong>orbem</strong></span> <span class='ocrx_word' id='word_1_317' title='bbox 771 4255 966 4308; x_wconf 89' lang='lat' dir='ltr'><strong>attollit</strong></span> <span class='ocrx_word' id='word_1_318' title='bbox 990 4256 1041 4309; x_wconf 94' lang='lat' dir='ltr'><strong>in</strong></span> <span class='ocrx_word' id='word_1_319' title='bbox 1072 4257 1261 4311; x_wconf 64' lang='lat' dir='ltr'><strong>caelum</strong></span> <span class='ocrx_word' id='word_1_320' title='bbox 1282 4298 1297 4322; x_wconf 93' lang='lat'><strong>,</strong></span> <span class='ocrx_word' id='word_1_321' title='bbox 1329 4267 1382 4312; x_wconf 91' lang='lat' dir='ltr'><strong>et</strong></span> <span class='ocrx_word' id='word_1_322' title='bbox 1412 4274 1509 4328; x_wconf 90' lang='lat' dir='ltr'><strong>pro</strong></span> <span class='ocrx_word' id='word_1_323' title='bbox 1536 4259 1690 4315; x_wconf 70' lang='lat' dir='ltr'><strong>oliva:</strong></span> <span class='ocrx_word' id='word_1_324' title='bbox 1717 4277 1865 4337; x_wconf 90' lang='lat' dir='ltr'><strong>ramo</strong></span> <span class='ocrx_word' id='word_1_325' title='bbox 1895 4263 2141 4332; x_wconf 90' lang='lat' dir='ltr'><strong>adoptio-</strong></span> 
     </span>
    </p>
   </div>
   <div class='ocr_carea' id='block_1_45' title="bbox 561 4343 2139 4424">
    <p class='ocr_par' dir='ltr' id='par_1_45' title="bbox 561 4343 2139 4424">
     <span class='ocr_line' id='line_1_45' title="bbox 561 4343 2139 4424; baseline 0.008 -28"><span class='ocrx_word' id='word_1_326' title='bbox 561 4359 682 4397; x_wconf 91' lang='lat' dir='ltr'><strong>nem</strong></span> <span class='ocrx_word' id='word_1_327' title='bbox 712 4343 940 4398; x_wconf 88' lang='lat' dir='ltr'><strong>ﬁliorum</strong></span> <span class='ocrx_word' id='word_1_328' title='bbox 973 4347 1238 4401; x_wconf 86' lang='lat' dir='ltr'><strong>communi</strong></span> <span class='ocrx_word' id='word_1_329' title='bbox 1271 4348 1415 4403; x_wconf 91' lang='lat' dir='ltr'><strong>orbis</strong></span> <span class='ocrx_word' id='word_1_330' title='bbox 1441 4349 1625 4419; x_wconf 81' lang='lat' dir='ltr'><strong>generi</strong></span> <span class='ocrx_word' id='word_1_331' title='bbox 1665 4351 1836 4406; x_wconf 82' lang='lat' dir='ltr'><strong>affert.</strong></span> <span class='ocrx_word' id='word_1_332' title='bbox 1881 4353 2139 4424; x_wconf 84' lang='lat' dir='ltr'><strong>Magnitu-</strong></span> 
     </span>
    </p>
   </div>
   <div class='ocr_carea' id='block_1_46' title="bbox 558 4434 2140 4514">
    <p class='ocr_par' dir='ltr' id='par_1_46' title="bbox 558 4434 2140 4514">
     <span class='ocr_line' id='line_1_46' title="bbox 558 4434 2140 4514; baseline 0.008 -27"><span class='ocrx_word' id='word_1_333' title='bbox 558 4434 736 4489; x_wconf 87' lang='lat' dir='ltr'><strong>dinem</strong></span> <span class='ocrx_word' id='word_1_334' title='bbox 777 4449 904 4505; x_wconf 87' lang='lat' dir='ltr'><strong>ergo</strong></span> <span class='ocrx_word' id='word_1_335' title='bbox 930 4435 1054 4490; x_wconf 90' lang='lat' dir='ltr'><strong>doni</strong></span> <span class='ocrx_word' id='word_1_336' title='bbox 1098 4446 1271 4493; x_wconf 88' lang='lat' dir='ltr'><strong>tecum</strong></span> <span class='ocrx_word' id='word_1_337' title='bbox 1303 4450 1556 4509; x_wconf 90' lang='lat' dir='ltr'><strong>reputans</strong></span> <span class='ocrx_word' id='word_1_338' title='bbox 1580 4482 1594 4504; x_wconf 90' lang='lat'><strong>,</strong></span> <span class='ocrx_word' id='word_1_339' title='bbox 1637 4458 1702 4497; x_wconf 92' lang='lat' dir='ltr'><strong>ne</strong></span> <span class='ocrx_word' id='word_1_340' title='bbox 1730 4444 1992 4500; x_wconf 88' lang='lat' dir='ltr'><strong>minorem</strong></span> <span class='ocrx_word' id='word_1_341' title='bbox 2023 4445 2140 4514; x_wconf 80' lang='lat' dir='ltr'><strong>ejus</strong></span> 
     </span>
    </p>
   </div>
   <div class='ocr_carea' id='block_1_47' title="bbox 558 4527 2136 4606">
    <p class='ocr_par' dir='ltr' id='par_1_47' title="bbox 558 4527 2136 4606">
     <span class='ocr_line' id='line_1_47' title="bbox 558 4527 2136 4606; baseline 0.007 -26"><span class='ocrx_word' id='word_1_342' title='bbox 558 4527 866 4596; x_wconf 85' lang='lat' dir='ltr'><strong>dignitatem</strong></span> <span class='ocrx_word' id='word_1_343' title='bbox 894 4528 1200 4593; x_wconf 82' lang='lat' dir='ltr'><strong>existimes,</strong></span> <span class='ocrx_word' id='word_1_344' title='bbox 1246 4531 1386 4601; x_wconf 87' lang='lat' dir='ltr'><strong>quod</strong></span> <span class='ocrx_word' id='word_1_345' title='bbox 1418 4533 1469 4586; x_wconf 91' lang='lat' dir='ltr'><strong>in</strong></span> <span class='ocrx_word' id='word_1_346' title='bbox 1510 4533 1598 4588; x_wconf 89' lang='lat' dir='ltr'><strong>tali</strong></span> <span class='ocrx_word' id='word_1_347' title='bbox 1646 4536 1825 4605; x_wconf 89' lang='lat' dir='ltr'><strong>specie</strong></span> <span class='ocrx_word' id='word_1_348' title='bbox 1861 4548 2136 4606; x_wconf 84' lang='lat' dir='ltr'><strong>appareat.</strong></span> 
     </span>
    </p>
   </div>
   <div class='ocr_carea' id='block_1_48' title="bbox 557 4619 2136 4689">
    <p class='ocr_par' dir='ltr' id='par_1_48' title="bbox 557 4619 2136 4689">
     <span class='ocr_line' id='line_1_48' title="bbox 557 4619 2136 4689; baseline 0.007 -16"><span class='ocrx_word' id='word_1_349' title='bbox 557 4619 690 4673; x_wconf 83' lang='lat' dir='ltr'><strong>Nam</strong></span> <span class='ocrx_word' id='word_1_350' title='bbox 717 4620 974 4689; x_wconf 90' lang='lat' dir='ltr'><strong>quosdam</strong></span> <span class='ocrx_word' id='word_1_351' title='bbox 1000 4621 1160 4677; x_wconf 88' lang='lat' dir='ltr'><strong>audio</strong></span> <span class='ocrx_word' id='word_1_352' title='bbox 1185 4622 1444 4688; x_wconf 85' lang='lat' dir='ltr'><strong>dicentes,</strong></span> <span class='ocrx_word' id='word_1_353' title='bbox 1480 4634 1678 4680; x_wconf 90' lang='lat' dir='ltr'><strong>tantum</strong></span> <span class='ocrx_word' id='word_1_354' title='bbox 1720 4642 1841 4684; x_wconf 89' lang='lat' dir='ltr'><strong>esse</strong></span> <span class='ocrx_word' id='word_1_355' title='bbox 1868 4629 2136 4686; x_wconf 89' lang='lat' dir='ltr'><strong>hominem</strong></span> 
     </span>
    </p>
   </div>
   <div class='ocr_carea' id='block_1_49' title="bbox 557 4711 2139 4786">
    <p class='ocr_par' dir='ltr' id='par_1_49' title="bbox 557 4711 2139 4786">
     <span class='ocr_line' id='line_1_49' title="bbox 557 4711 2139 4786; baseline 0.006 -20"><span class='ocrx_word' id='word_1_356' title='bbox 557 4711 698 4766; x_wconf 77' lang='lat' dir='ltr'><strong>inter</strong></span> <span class='ocrx_word' id='word_1_357' title='bbox 728 4719 784 4766; x_wconf 88' lang='lat' dir='ltr'><strong>et</strong></span> <span class='ocrx_word' id='word_1_358' title='bbox 822 4711 1122 4767; x_wconf 79' lang='lat' dir='ltr'><strong>Columbam</strong></span> <span class='ocrx_word' id='word_1_359' title='bbox 1152 4713 1436 4770; x_wconf 90' lang='lat' dir='ltr'><strong>discrimen</strong></span> <span class='ocrx_word' id='word_1_360' title='bbox 1458 4755 1473 4780; x_wconf 93' lang='lat'><strong>,</strong></span> <span class='ocrx_word' id='word_1_361' title='bbox 1521 4727 1772 4786; x_wconf 90' lang='lat' dir='ltr'><strong>quantum</strong></span> <span class='ocrx_word' id='word_1_362' title='bbox 1818 4719 1958 4775; x_wconf 91' lang='lat' dir='ltr'><strong>inter</strong></span> <span class='ocrx_word' id='word_1_363' title='bbox 1985 4719 2139 4776; x_wconf 89' lang='lat' dir='ltr'><strong>Chri-</strong></span> 
     </span>
    </p>
   </div>
   <div class='ocr_carea' id='block_1_50' title="bbox 557 4800 2136 4875">
    <p class='ocr_par' dir='ltr' id='par_1_50' title="bbox 557 4800 2136 4875">
     <span class='ocr_line' id='line_1_50' title="bbox 557 4800 2136 4875; baseline 0.009 -23"><span class='ocrx_word' id='word_1_364' title='bbox 557 4809 700 4854; x_wconf 86' lang='lat' dir='ltr'><strong>stum</strong></span> <span class='ocrx_word' id='word_1_365' title='bbox 733 4809 788 4856; x_wconf 91' lang='lat' dir='ltr'><strong>et</strong></span> <span class='ocrx_word' id='word_1_366' title='bbox 811 4800 1066 4870; x_wconf 87' lang='lat' dir='ltr'><strong>Spiritum</strong></span> <span class='ocrx_word' id='word_1_367' title='bbox 1094 4846 1106 4868; x_wconf 90' lang='lat'><strong>,</strong></span> <span class='ocrx_word' id='word_1_368' title='bbox 1148 4805 1269 4873; x_wconf 91' lang='lat' dir='ltr'><strong>quia</strong></span> <span class='ocrx_word' id='word_1_369' title='bbox 1298 4805 1386 4859; x_wconf 85' lang='lat' dir='ltr'><strong>ille</strong></span> <span class='ocrx_word' id='word_1_370' title='bbox 1411 4808 1461 4859; x_wconf 91' lang='lat' dir='ltr'><strong>in</strong></span> <span class='ocrx_word' id='word_1_371' title='bbox 1491 4817 1674 4861; x_wconf 91' lang='lat' dir='ltr'><strong>natura</strong></span> <span class='ocrx_word' id='word_1_372' title='bbox 1701 4821 1881 4864; x_wconf 88' lang='lat' dir='ltr'><strong>nostra</strong></span> <span class='ocrx_word' id='word_1_373' title='bbox 1905 4852 1919 4875; x_wconf 93' lang='lat'><strong>,</strong></span> <span class='ocrx_word' id='word_1_374' title='bbox 1972 4811 2058 4867; x_wconf 91' lang='lat' dir='ltr'><strong>hic</strong></span> <span class='ocrx_word' id='word_1_375' title='bbox 2086 4812 2136 4866; x_wconf 92' lang='lat' dir='ltr'><strong>in</strong></span> 
     </span>
    </p>
   </div>
   <div class='ocr_carea' id='block_1_51' title="bbox 555 4891 2137 4963">
    <p class='ocr_par' dir='ltr' id='par_1_51' title="bbox 555 4891 2137 4963">
     <span class='ocr_line' id='line_1_51' title="bbox 555 4891 2137 4963; baseline 0.009 -21"><span class='ocrx_word' id='word_1_376' title='bbox 555 4891 737 4956; x_wconf 89' lang='lat' dir='ltr'><strong>specie</strong></span> <span class='ocrx_word' id='word_1_377' title='bbox 775 4892 1036 4946; x_wconf 64' lang='lat' dir='ltr'><strong>columbae</strong></span> <span class='ocrx_word' id='word_1_378' title='bbox 1076 4895 1340 4962; x_wconf 89' lang='lat' dir='ltr'><strong>apparuit.</strong></span> <span class='ocrx_word' id='word_1_379' title='bbox 1406 4896 1542 4963; x_wconf 81' lang='lat' dir='ltr'><strong>Quid</strong></span> <span class='ocrx_word' id='word_1_380' title='bbox 1590 4898 1656 4952; x_wconf 90' lang='lat' dir='ltr'><strong>ad</strong></span> <span class='ocrx_word' id='word_1_381' title='bbox 1703 4898 1817 4953; x_wconf 74' lang='lat' dir='ltr'><strong>hanc</strong></span> <span class='ocrx_word' id='word_1_382' title='bbox 1856 4900 2137 4956; x_wconf 72' lang='lat' dir='ltr'><strong>dicendurm</strong></span> 
     </span>
    </p>
   </div>
   <div class='ocr_carea' id='block_1_52' title="bbox 553 4980 2140 5047">
    <p class='ocr_par' dir='ltr' id='par_1_52' title="bbox 553 4980 2140 5047">
     <span class='ocr_line' id='line_1_52' title="bbox 553 4980 2140 5047; baseline 0.009 -15"><span class='ocrx_word' id='word_1_383' title='bbox 553 4982 677 5033; x_wconf 84' lang='lat' dir='ltr'><strong>est?</strong></span> <span class='ocrx_word' id='word_1_384' title='bbox 725 4980 943 5036; x_wconf 86' lang='lat' dir='ltr'><strong>Scilicet</strong></span> <span class='ocrx_word' id='word_1_385' title='bbox 989 4981 1177 5036; x_wconf 79' lang='lat' dir='ltr'><strong>Filium</strong></span> <span class='ocrx_word' id='word_1_386' title='bbox 1224 4984 1318 5038; x_wconf 91' lang='lat' dir='ltr'><strong>Dei</strong></span> <span class='ocrx_word' id='word_1_387' title='bbox 1368 4997 1609 5040; x_wconf 89' lang='lat' dir='ltr'><strong>naturam</strong></span> <span class='ocrx_word' id='word_1_388' title='bbox 1661 4988 1891 5045; x_wconf 87' lang='lat' dir='ltr'><strong>hominis</strong></span> <span class='ocrx_word' id='word_1_389' title='bbox 1935 5007 2140 5047; x_wconf 86' lang='lat' dir='ltr'><strong>assum-</strong></span> 
     </span>
    </p>
   </div>
   <div class='ocr_carea' id='block_1_53' title="bbox 557 5071 2138 5150">
    <p class='ocr_par' dir='ltr' id='par_1_53' title="bbox 557 5071 2138 5150">
     <span class='ocr_line' id='line_1_53' title="bbox 557 5071 2138 5150; baseline 0.011 -30"><span class='ocrx_word' id='word_1_390' title='bbox 557 5071 764 5138; x_wconf 84' lang='lat' dir='ltr'><strong>psisse;</strong></span> <span class='ocrx_word' id='word_1_391' title='bbox 793 5072 1051 5141; x_wconf 87' lang='lat' dir='ltr'><strong>Spiritum</strong></span> <span class='ocrx_word' id='word_1_392' title='bbox 1080 5089 1205 5129; x_wconf 72' lang='lat' dir='ltr'><strong>vero</strong></span> <span class='ocrx_word' id='word_1_393' title='bbox 1227 5090 1331 5129; x_wconf 90' lang='lat' dir='ltr'><strong>non</strong></span> <span class='ocrx_word' id='word_1_394' title='bbox 1363 5085 1606 5131; x_wconf 90' lang='lat' dir='ltr'><strong>naturam</strong></span> <span class='ocrx_word' id='word_1_395' title='bbox 1631 5082 1906 5150; x_wconf 88' lang='lat' dir='ltr'><strong>accepisse</strong></span> <span class='ocrx_word' id='word_1_396' title='bbox 1934 5083 2138 5138; x_wconf 91' lang='lat' dir='ltr'><strong>colum-</strong></span> 
     </span>
    </p>
   </div>
   <div class='ocr_carea' id='block_1_54' title="bbox 556 5163 2136 5242">
    <p class='ocr_par' dir='ltr' id='par_1_54' title="bbox 556 5163 2136 5242">
     <span class='ocr_line' id='line_1_54' title="bbox 556 5163 2136 5242; baseline 0.009 -28"><span class='ocrx_word' id='word_1_397' title='bbox 556 5168 660 5217; x_wconf 83' lang='lat' dir='ltr'><strong>b:e.</strong></span> <span class='ocrx_word' id='word_1_398' title='bbox 692 5163 815 5218; x_wconf 89' lang='lat' dir='ltr'><strong>Ideo</strong></span> <span class='ocrx_word' id='word_1_399' title='bbox 841 5164 1161 5233; x_wconf 83' lang='lat' dir='ltr'><strong>evangelista</strong></span> <span class='ocrx_word' id='word_1_400' title='bbox 1190 5181 1294 5220; x_wconf 93' lang='lat' dir='ltr'><strong>non</strong></span> <span class='ocrx_word' id='word_1_401' title='bbox 1328 5167 1378 5220; x_wconf 93' lang='lat' dir='ltr'><strong>in</strong></span> <span class='ocrx_word' id='word_1_402' title='bbox 1407 5178 1612 5234; x_wconf 91' lang='lat' dir='ltr'><strong>natura,</strong></span> <span class='ocrx_word' id='word_1_403' title='bbox 1640 5171 1733 5225; x_wconf 92' lang='lat' dir='ltr'><strong>sed</strong></span> <span class='ocrx_word' id='word_1_404' title='bbox 1764 5172 1814 5225; x_wconf 92' lang='lat' dir='ltr'><strong>in</strong></span> <span class='ocrx_word' id='word_1_405' title='bbox 1841 5174 2017 5242; x_wconf 85' lang='lat' dir='ltr'><strong>specie</strong></span> <span class='ocrx_word' id='word_1_406' title='bbox 2042 5190 2136 5228; x_wconf 57' lang='lat' dir='ltr'><strong>eo-</strong></span> 
     </span>
    </p>
   </div>
   <div class='ocr_carea' id='block_1_55' title="bbox 557 5253 2138 5332">
    <p class='ocr_par' dir='ltr' id='par_1_55' title="bbox 557 5253 2138 5332">
     <span class='ocr_line' id='line_1_55' title="bbox 557 5253 2138 5332; baseline 0.011 -29"><span class='ocrx_word' id='word_1_407' title='bbox 557 5253 750 5307; x_wconf 78' lang='lat' dir='ltr'><strong>tumba:</strong></span> <span class='ocrx_word' id='word_1_408' title='bbox 775 5253 908 5308; x_wconf 81' lang='lat' dir='ltr'><strong>dixit</strong></span> <span class='ocrx_word' id='word_1_409' title='bbox 937 5272 950 5308; x_wconf 89' lang='lat'><strong>:</strong></span> <span class='ocrx_word' id='word_1_410' title='bbox 983 5271 1153 5325; x_wconf 89' lang='lat' dir='ltr'><strong>neque</strong></span> <span class='ocrx_word' id='word_1_411' title='bbox 1181 5267 1362 5326; x_wconf 89' lang='lat' dir='ltr'><strong>postea</strong></span> <span class='ocrx_word' id='word_1_412' title='bbox 1391 5274 1638 5329; x_wconf 85' lang='lat' dir='ltr'><strong>umquam</strong></span> <span class='ocrx_word' id='word_1_413' title='bbox 1672 5263 1769 5316; x_wconf 90' lang='lat' dir='ltr'><strong>hac</strong></span> <span class='ocrx_word' id='word_1_414' title='bbox 1799 5262 1964 5332; x_wconf 86' lang='lat' dir='ltr'><strong>ﬁgura</strong></span> <span class='ocrx_word' id='word_1_415' title='bbox 1997 5266 2138 5320; x_wconf 88' lang='lat' dir='ltr'><strong>visus</strong></span> 
     </span>
    </p>
   </div>
   <div class='ocr_carea' id='block_1_56' title="bbox 556 5346 2136 5425">
    <p class='ocr_par' dir='ltr' id='par_1_56' title="bbox 556 5346 2136 5425">
     <span class='ocr_line' id='line_1_56' title="bbox 556 5346 2136 5425; baseline 0.009 -29"><span class='ocrx_word' id='word_1_416' title='bbox 556 5353 639 5396; x_wconf 89' lang='lat' dir='ltr'><strong>est</strong></span> <span class='ocrx_word' id='word_1_417' title='bbox 667 5385 682 5410; x_wconf 94' lang='lat'><strong>,</strong></span> <span class='ocrx_word' id='word_1_418' title='bbox 711 5346 803 5400; x_wconf 91' lang='lat' dir='ltr'><strong>sed</strong></span> <span class='ocrx_word' id='word_1_419' title='bbox 835 5358 962 5401; x_wconf 90' lang='lat' dir='ltr'><strong>tunc</strong></span> <span class='ocrx_word' id='word_1_420' title='bbox 992 5355 1216 5402; x_wconf 89' lang='lat' dir='ltr'><strong>tantum.</strong></span> <span class='ocrx_word' id='word_1_421' title='bbox 1249 5347 1302 5402; x_wconf 92' lang='lat' dir='ltr'><strong>Si</strong></span> <span class='ocrx_word' id='word_1_422' title='bbox 1335 5364 1492 5417; x_wconf 91' lang='lat' dir='ltr'><strong>porro</strong></span> <span class='ocrx_word' id='word_1_423' title='bbox 1521 5351 1635 5419; x_wconf 84' lang='lat' dir='ltr'><strong>ejus</strong></span> <span class='ocrx_word' id='word_1_424' title='bbox 1666 5351 1785 5406; x_wconf 87' lang='lat' dir='ltr'><strong>ideo</strong></span> <span class='ocrx_word' id='word_1_425' title='bbox 1829 5353 2136 5425; x_wconf 83' lang='lat' dir='ltr'><strong>dignitatem</strong></span> 
     </span>
    </p>
   </div>
   <div class='ocr_carea' id='block_1_57' title="bbox 558 5436 2140 5509">
    <p class='ocr_par' dir='ltr' id='par_1_57' title="bbox 558 5436 2140 5509">
     <span class='ocr_line' id='line_1_57' title="bbox 558 5436 2140 5509; baseline 0.013 -22"><span class='ocrx_word' id='word_1_426' title='bbox 558 5436 821 5491; x_wconf 89' lang='lat' dir='ltr'><strong>minorem</strong></span> <span class='ocrx_word' id='word_1_427' title='bbox 849 5437 1016 5504; x_wconf 88' lang='lat' dir='ltr'><strong>dicas,</strong></span> <span class='ocrx_word' id='word_1_428' title='bbox 1049 5439 1152 5495; x_wconf 90' lang='lat' dir='ltr'><strong>hoc</strong></span> <span class='ocrx_word' id='word_1_429' title='bbox 1174 5441 1521 5497; x_wconf 87' lang='lat' dir='ltr'><strong>ratiocinandi</strong></span> <span class='ocrx_word' id='word_1_430' title='bbox 1549 5447 1708 5502; x_wconf 89' lang='lat' dir='ltr'><strong>modo</strong></span> <span class='ocrx_word' id='word_1_431' title='bbox 1737 5447 2023 5506; x_wconf 90' lang='lat' dir='ltr'><strong>Cherubiui</strong></span> <span class='ocrx_word' id='word_1_432' title='bbox 2049 5453 2140 5509; x_wconf 89' lang='lat' dir='ltr'><strong>illo</strong></span> 
     </span>
    </p>
   </div>
   <div class='ocr_carea' id='block_1_58' title="bbox 561 5527 2142 5614">
    <p class='ocr_par' dir='ltr' id='par_1_58' title="bbox 561 5527 2142 5614">
     <span class='ocr_line' id='line_1_58' title="bbox 561 5527 2142 5614; baseline 0.015 -35"><span class='ocrx_word' id='word_1_433' title='bbox 561 5527 794 5595; x_wconf 86' lang='lat' dir='ltr'><strong>majores</strong></span> <span class='ocrx_word' id='word_1_434' title='bbox 820 5532 1153 5601; x_wconf 85' lang='lat' dir='ltr'><strong>reperientur</strong></span> <span class='ocrx_word' id='word_1_435' title='bbox 1179 5574 1194 5598; x_wconf 92' lang='lat'><strong>,</strong></span> <span class='ocrx_word' id='word_1_436' title='bbox 1243 5543 1297 5588; x_wconf 92' lang='lat' dir='ltr'><strong>et</strong></span> <span class='ocrx_word' id='word_1_437' title='bbox 1325 5546 1580 5606; x_wconf 90' lang='lat' dir='ltr'><strong>quantum</strong></span> <span class='ocrx_word' id='word_1_438' title='bbox 1616 5541 1789 5610; x_wconf 88' lang='lat' dir='ltr'><strong>aquila</strong></span> <span class='ocrx_word' id='word_1_439' title='bbox 1839 5544 2010 5614; x_wconf 89' lang='lat' dir='ltr'><strong>major</strong></span> <span class='ocrx_word' id='word_1_440' title='bbox 2057 5556 2142 5603; x_wconf 79' lang='lat' dir='ltr'><strong>est</strong></span> 
     </span>
    </p>
   </div>
   <div class='ocr_carea' id='block_1_59' title="bbox 556 5620 2133 5703">
    <p class='ocr_par' dir='ltr' id='par_1_59' title="bbox 556 5620 2133 5703">
     <span class='ocr_line' id='line_1_59' title="bbox 556 5620 2133 5703; baseline 0.012 -29"><span class='ocrx_word' id='word_1_441' title='bbox 556 5620 803 5676; x_wconf 86' lang='lat' dir='ltr'><strong>columba</strong></span> <span class='ocrx_word' id='word_1_442' title='bbox 836 5638 852 5677; x_wconf 86' lang='lat'><strong>:</strong></span> <span class='ocrx_word' id='word_1_443' title='bbox 881 5639 1001 5679; x_wconf 89' lang='lat' dir='ltr'><strong>nam</strong></span> <span class='ocrx_word' id='word_1_444' title='bbox 1030 5624 1104 5680; x_wconf 88' lang='lat' dir='ltr'><strong>illi</strong></span> <span class='ocrx_word' id='word_1_445' title='bbox 1149 5624 1286 5684; x_wconf 89' lang='lat' dir='ltr'><strong>hanc</strong></span> <span class='ocrx_word' id='word_1_446' title='bbox 1317 5643 1604 5701; x_wconf 80' lang='lat' dir='ltr'><strong>suscepere</strong></span> <span class='ocrx_word' id='word_1_447' title='bbox 1643 5633 1910 5703; x_wconf 73' lang='lat' dir='ltr'><strong>speciem;</strong></span> <span class='ocrx_word' id='word_1_448' title='bbox 1939 5645 1993 5693; x_wconf 88' lang='lat' dir='ltr'><strong>et</strong></span> <span class='ocrx_word' id='word_1_449' title='bbox 2034 5653 2133 5692; x_wconf 85' lang='lat' dir='ltr'><strong>an-</strong></span> 
     </span>
    </p>
   </div>
   <div class='ocr_carea' id='block_1_60' title="bbox 1691 263 2617 328">
    <p class='ocr_par' dir='ltr' id='par_1_60' title="bbox 1691 263 2617 328">
     <span class='ocr_line' id='line_1_60' title="bbox 1691 263 2617 328; baseline 0.004 -4"><span class='ocrx_word' id='word_1_450' title='bbox 1691 267 1758 324; x_wconf 91' lang='lat' dir='ltr'><strong>lN</strong></span> <span class='ocrx_word' id='word_1_451' title='bbox 1792 266 2197 324; x_wconf 65' lang='grc' dir='ltr'><strong>ΜΑΤΤΙΙΑΕΠΜ</strong></span> <span class='ocrx_word' id='word_1_452' title='bbox 2236 263 2461 324; x_wconf 82' lang='lat' dir='ltr'><strong>IIOMIL.</strong></span> <span class='ocrx_word' id='word_1_453' title='bbox 2505 271 2617 328; x_wconf 76' lang='grc' dir='ltr'><strong>ΧΗ.</strong></span> 
     </span>
    </p>
   </div>
   <div class='ocr_carea' id='block_1_61' title="bbox 3769 300 3875 356">
    <p class='ocr_par' dir='ltr' id='par_1_61' title="bbox 3769 300 3875 356">
     <span class='ocr_line' id='line_1_61' title="bbox 3769 300 3875 356; baseline 0.028 -4"><span class='ocrx_word' id='word_1_454' title='bbox 3769 300 3875 356; x_wconf 74' lang='lat'><strong>206</strong></span> 
     </span>
    </p>
   </div>
   <div class='ocr_carea' id='block_1_62' title="bbox 2297 389 3872 487">
    <p class='ocr_par' dir='ltr' id='par_1_62' title="bbox 2297 389 3872 487">
     <span class='ocr_line' id='line_1_62' title="bbox 2297 389 3872 487; baseline 0.017 -47"><span class='ocrx_word' id='word_1_455' title='bbox 2297 389 2398 457; x_wconf 83' lang='lat' dir='ltr'><strong>geli</strong></span> <span class='ocrx_word' id='word_1_456' title='bbox 2426 405 2636 461; x_wconf 91' lang='lat' dir='ltr'><strong>quoque</strong></span> <span class='ocrx_word' id='word_1_457' title='bbox 2663 399 3077 464; x_wconf 74' lang='lat' dir='ltr'><strong>prmstantiores,</strong></span> <span class='ocrx_word' id='word_1_458' title='bbox 3105 403 3194 474; x_wconf 91' lang='lat' dir='ltr'><strong>qui</strong></span> <span class='ocrx_word' id='word_1_459' title='bbox 3221 403 3494 463; x_wconf 88' lang='lat' dir='ltr'><strong>hominum</strong></span> <span class='ocrx_word' id='word_1_460' title='bbox 3521 409 3707 487; x_wconf 86' lang='lat' dir='ltr'><strong>specie</strong></span> <span class='ocrx_word' id='word_1_461' title='bbox 3727 428 3872 483; x_wconf 72' lang='lat' dir='ltr'><strong>saepe</strong></span> 
     </span>
    </p>
   </div>
   <div class='ocr_carea' id='block_1_63' title="bbox 2289 487 3866 570">
    <p class='ocr_par' dir='ltr' id='par_1_63' title="bbox 2289 487 3866 570">
     <span class='ocr_line' id='line_1_63' title="bbox 2289 487 3866 570; baseline 0.016 -37"><span class='ocrx_word' id='word_1_462' title='bbox 2289 493 2664 551; x_wconf 89' lang='lat' dir='ltr'><strong>apparuerunt.</strong></span> <span class='ocrx_word' id='word_1_463' title='bbox 2701 487 2768 540; x_wconf 84' lang='lat' dir='ltr'><strong>At</strong></span> <span class='ocrx_word' id='word_1_464' title='bbox 2796 503 2900 543; x_wconf 93' lang='lat' dir='ltr'><strong>non</strong></span> <span class='ocrx_word' id='word_1_465' title='bbox 2933 491 3025 558; x_wconf 90' lang='lat' dir='ltr'><strong>ita,</strong></span> <span class='ocrx_word' id='word_1_466' title='bbox 3054 509 3159 550; x_wconf 92' lang='lat' dir='ltr'><strong>non</strong></span> <span class='ocrx_word' id='word_1_467' title='bbox 3181 497 3251 552; x_wconf 90' lang='lat' dir='ltr'><strong>ita</strong></span> <span class='ocrx_word' id='word_1_468' title='bbox 3280 501 3460 570; x_wconf 89' lang='lat' dir='ltr'><strong>utique</strong></span> <span class='ocrx_word' id='word_1_469' title='bbox 3486 518 3572 558; x_wconf 90' lang='lat' dir='ltr'><strong>res</strong></span> <span class='ocrx_word' id='word_1_470' title='bbox 3598 519 3656 560; x_wconf 92' lang='lat' dir='ltr'><strong>se</strong></span> <span class='ocrx_word' id='word_1_471' title='bbox 3689 505 3866 560; x_wconf 88' lang='lat' dir='ltr'><strong>habet.</strong></span> 
     </span>
    </p>
   </div>
   <div class='ocr_carea' id='block_1_64' title="bbox 2285 571 3868 666">
    <p class='ocr_par' dir='ltr' id='par_1_64' title="bbox 2285 571 3868 666">
     <span class='ocr_line' id='line_1_64' title="bbox 2285 571 3868 666; baseline 0.017 -40"><span class='ocrx_word' id='word_1_472' title='bbox 2285 571 2418 626; x_wconf 91' lang='lat' dir='ltr'><strong>Nam</strong></span> <span class='ocrx_word' id='word_1_473' title='bbox 2458 575 2599 630; x_wconf 91' lang='lat' dir='ltr'><strong>aliud</strong></span> <span class='ocrx_word' id='word_1_474' title='bbox 2629 587 2711 632; x_wconf 91' lang='lat' dir='ltr'><strong>est</strong></span> <span class='ocrx_word' id='word_1_475' title='bbox 2739 582 2935 638; x_wconf 89' lang='lat' dir='ltr'><strong>veritas</strong></span> <span class='ocrx_word' id='word_1_476' title='bbox 2959 589 3271 644; x_wconf 57' lang='lat' dir='ltr'><strong>oeconomiae</strong></span> <span class='ocrx_word' id='word_1_477' title='bbox 3293 631 3307 655; x_wconf 93' lang='lat'><strong>,</strong></span> <span class='ocrx_word' id='word_1_478' title='bbox 3340 593 3480 648; x_wconf 89' lang='lat' dir='ltr'><strong>aliud</strong></span> <span class='ocrx_word' id='word_1_479' title='bbox 3509 603 3868 666; x_wconf 80' lang='lat' dir='ltr'><strong>temporaueaa</strong></span> 
     </span>
    </p>
   </div>
   <div class='ocr_carea' id='block_1_65' title="bbox 2287 664 3866 757">
    <p class='ocr_par' dir='ltr' id='par_1_65' title="bbox 2287 664 3866 757">
     <span class='ocr_line' id='line_1_65' title="bbox 2287 664 3866 757; baseline 0.019 -42"><span class='ocrx_word' id='word_1_480' title='bbox 2287 664 2506 719; x_wconf 86' lang='lat' dir='ltr'><strong>visionis</strong></span> <span class='ocrx_word' id='word_1_481' title='bbox 2537 671 2832 726; x_wconf 90' lang='lat' dir='ltr'><strong>concessio.</strong></span> <span class='ocrx_word' id='word_1_482' title='bbox 2881 673 2958 729; x_wconf 90' lang='lat' dir='ltr'><strong>Ne</strong></span> <span class='ocrx_word' id='word_1_483' title='bbox 2978 675 3155 746; x_wconf 90' lang='lat' dir='ltr'><strong>itaque</strong></span> <span class='ocrx_word' id='word_1_484' title='bbox 3185 679 3419 750; x_wconf 85' lang='lat' dir='ltr'><strong>ingratus</strong></span> <span class='ocrx_word' id='word_1_485' title='bbox 3448 686 3522 738; x_wconf 88' lang='lat' dir='ltr'><strong>sis</strong></span> <span class='ocrx_word' id='word_1_486' title='bbox 3545 664 3670 757; x_wconf 77' lang='lat' dir='ltr'><strong>erga</strong></span> <span class='ocrx_word' id='word_1_487' title='bbox 3699 691 3866 744; x_wconf 86' lang='lat' dir='ltr'><strong>bene-</strong></span> 
     </span>
    </p>
   </div>
   <div class='ocr_carea' id='block_1_66' title="bbox 2285 753 3864 852">
    <p class='ocr_par' dir='ltr' id='par_1_66' title="bbox 2285 753 3864 852">
     <span class='ocr_line' id='line_1_66' title="bbox 2285 753 3864 852; baseline 0.018 -45"><span class='ocrx_word' id='word_1_488' title='bbox 2285 753 2538 810; x_wconf 76' lang='lat' dir='ltr'><strong>factorcm</strong></span> <span class='ocrx_word' id='word_1_489' title='bbox 2563 798 2578 823; x_wconf 94' lang='lat'><strong>,</strong></span> <span class='ocrx_word' id='word_1_490' title='bbox 2625 775 2797 831; x_wconf 91' lang='lat' dir='ltr'><strong>neque</strong></span> <span class='ocrx_word' id='word_1_491' title='bbox 2841 770 3162 822; x_wconf 89' lang='lat' dir='ltr'><strong>contrariam</strong></span> <span class='ocrx_word' id='word_1_492' title='bbox 3214 774 3444 840; x_wconf 88' lang='lat' dir='ltr'><strong>repende</strong></span> <span class='ocrx_word' id='word_1_493' title='bbox 3474 777 3642 832; x_wconf 91' lang='lat' dir='ltr'><strong>vicem</strong></span> <span class='ocrx_word' id='word_1_494' title='bbox 3684 781 3732 834; x_wconf 92' lang='lat' dir='ltr'><strong>ei</strong></span> <span class='ocrx_word' id='word_1_495' title='bbox 3773 784 3864 852; x_wconf 89' lang='lat' dir='ltr'><strong>qui</strong></span> 
     </span>
    </p>
   </div>
   <div class='ocr_carea' id='block_1_67' title="bbox 2283 847 3865 928">
    <p class='ocr_par' dir='ltr' id='par_1_67' title="bbox 2283 847 3865 928">
     <span class='ocr_line' id='line_1_67' title="bbox 2283 847 3865 928; baseline 0.02 -30"><span class='ocrx_word' id='word_1_496' title='bbox 2283 847 2376 900; x_wconf 90' lang='lat' dir='ltr'><strong>tibi</strong></span> <span class='ocrx_word' id='word_1_497' title='bbox 2406 848 2748 908; x_wconf 90' lang='lat' dir='ltr'><strong>beatitudinis</strong></span> <span class='ocrx_word' id='word_1_498' title='bbox 2779 857 2975 912; x_wconf 82' lang='lat' dir='ltr'><strong>fontem</strong></span> <span class='ocrx_word' id='word_1_499' title='bbox 3015 861 3250 917; x_wconf 90' lang='lat' dir='ltr'><strong>donavit.</strong></span> <span class='ocrx_word' id='word_1_500' title='bbox 3305 865 3402 920; x_wconf 90' lang='lat' dir='ltr'><strong>Ubi</strong></span> <span class='ocrx_word' id='word_1_501' title='bbox 3447 869 3587 923; x_wconf 92' lang='lat' dir='ltr'><strong>enim</strong></span> <span class='ocrx_word' id='word_1_502' title='bbox 3617 881 3697 926; x_wconf 84' lang='lat' dir='ltr'><strong>est</strong></span> <span class='ocrx_word' id='word_1_503' title='bbox 3735 847 3865 928; x_wconf 72' lang='lat' dir='ltr'><strong>adeo</strong></span> 
     </span>
    </p>
   </div>
   <div class='ocr_carea' id='block_1_68' title="bbox 2282 937 3863 1026">
    <p class='ocr_par' dir='ltr' id='par_1_68' title="bbox 2282 937 3863 1026">
     <span class='ocr_line' id='line_1_68' title="bbox 2282 937 3863 1026; baseline 0.02 -37"><span class='ocrx_word' id='word_1_504' title='bbox 2282 937 2478 1005; x_wconf 85' lang='lat' dir='ltr'><strong>ptionis</strong></span> <span class='ocrx_word' id='word_1_505' title='bbox 2507 942 2736 1013; x_wconf 83' lang='lat' dir='ltr'><strong>dignitas</strong></span> <span class='ocrx_word' id='word_1_506' title='bbox 2760 989 2775 1013; x_wconf 97' lang='lat'><strong>,</strong></span> <span class='ocrx_word' id='word_1_507' title='bbox 2820 949 2889 1002; x_wconf 87' lang='lat' dir='ltr'><strong>ibi</strong></span> <span class='ocrx_word' id='word_1_508' title='bbox 2921 960 2976 1004; x_wconf 90' lang='lat' dir='ltr'><strong>et</strong></span> <span class='ocrx_word' id='word_1_509' title='bbox 3004 954 3265 1008; x_wconf 90' lang='lat' dir='ltr'><strong>malorum</strong></span> <span class='ocrx_word' id='word_1_510' title='bbox 3294 956 3536 1026; x_wconf 89' lang='lat' dir='ltr'><strong>depulsio</strong></span> <span class='ocrx_word' id='word_1_511' title='bbox 3560 1002 3574 1024; x_wconf 89' lang='lat'><strong>,</strong></span> <span class='ocrx_word' id='word_1_512' title='bbox 3616 973 3670 1016; x_wconf 89' lang='lat' dir='ltr'><strong>et</strong></span> <span class='ocrx_word' id='word_1_513' title='bbox 3695 965 3863 1020; x_wconf 85' lang='lat' dir='ltr'><strong>bono-</strong></span> 
     </span>
    </p>
   </div>
   <div class='ocr_carea' id='block_1_69' title="bbox 2281 1036 3864 1120">
    <p class='ocr_par' dir='ltr' id='par_1_69' title="bbox 2281 1036 3864 1120">
     <span class='ocr_line' id='line_1_69' title="bbox 2281 1036 3864 1120; baseline 0.017 -36"><span class='ocrx_word' id='word_1_514' title='bbox 2281 1046 2397 1085; x_wconf 90' lang='lat' dir='ltr'><strong>rum</strong></span> <span class='ocrx_word' id='word_1_515' title='bbox 2443 1036 2679 1091; x_wconf 92' lang='lat' dir='ltr'><strong>omnium</strong></span> <span class='ocrx_word' id='word_1_516' title='bbox 2739 1057 2950 1097; x_wconf 88' lang='lat' dir='ltr'><strong>munus.</strong></span> <span class='ocrx_word' id='word_1_517' title='bbox 3021 1043 3144 1098; x_wconf 89' lang='lat' dir='ltr'><strong>Ideo</strong></span> <span class='ocrx_word' id='word_1_518' title='bbox 3191 1045 3470 1103; x_wconf 80' lang='lat' dir='ltr'><strong>Judaicum</strong></span> <span class='ocrx_word' id='word_1_519' title='bbox 3507 1053 3720 1120; x_wconf 86' lang='lat' dir='ltr'><strong>quidem</strong></span> <span class='ocrx_word' id='word_1_520' title='bbox 3771 1057 3864 1111; x_wconf 89' lang='lat' dir='ltr'><strong>ba-</strong></span> 
     </span>
    </p>
   </div>
   <div class='ocr_carea' id='block_1_70' title="bbox 2281 1123 3855 1201">
    <p class='ocr_par' dir='ltr' id='par_1_70' title="bbox 2281 1123 3855 1201">
     <span class='ocr_line' id='line_1_70' title="bbox 2281 1123 3855 1201; baseline 0.016 -25"><span class='ocrx_word' id='word_1_521' title='bbox 2281 1123 2470 1193; x_wconf 91' lang='lat' dir='ltr'><strong>ptisma</strong></span> <span class='ocrx_word' id='word_1_522' title='bbox 2501 1129 2786 1200; x_wconf 84' lang='lat' dir='ltr'><strong>abrogatur</strong></span> <span class='ocrx_word' id='word_1_523' title='bbox 2809 1175 2824 1197; x_wconf 96' lang='lat'><strong>,</strong></span> <span class='ocrx_word' id='word_1_524' title='bbox 2873 1151 3110 1190; x_wconf 76' lang='lat' dir='ltr'><strong>nostrum</strong></span> <span class='ocrx_word' id='word_1_525' title='bbox 3140 1147 3312 1193; x_wconf 89' lang='lat' dir='ltr'><strong>autem</strong></span> <span class='ocrx_word' id='word_1_526' title='bbox 3344 1141 3624 1198; x_wconf 74' lang='lat' dir='ltr'><strong>exordium</strong></span> <span class='ocrx_word' id='word_1_527' title='bbox 3655 1145 3812 1201; x_wconf 87' lang='lat' dir='ltr'><strong>habet</strong></span> <span class='ocrx_word' id='word_1_528' title='bbox 3840 1164 3855 1200; x_wconf 89' lang='lat'><strong>:</strong></span> 
     </span>
    </p>
   </div>
   <div class='ocr_carea' id='block_1_71' title="bbox 2277 1221 3856 1308">
    <p class='ocr_par' dir='ltr' id='par_1_71' title="bbox 2277 1221 3856 1308">
     <span class='ocr_line' id='line_1_71' title="bbox 2277 1221 3856 1308; baseline 0.016 -39"><span class='ocrx_word' id='word_1_529' title='bbox 2277 1228 2438 1288; x_wconf 88' lang='lat' dir='ltr'><strong>atque</strong></span> <span class='ocrx_word' id='word_1_530' title='bbox 2482 1221 2710 1290; x_wconf 86' lang='lat' dir='ltr'><strong>idipsum</strong></span> <span class='ocrx_word' id='word_1_531' title='bbox 2741 1227 2878 1295; x_wconf 90' lang='lat' dir='ltr'><strong>quod</strong></span> <span class='ocrx_word' id='word_1_532' title='bbox 2912 1228 2962 1281; x_wconf 94' lang='lat' dir='ltr'><strong>in</strong></span> <span class='ocrx_word' id='word_1_533' title='bbox 2995 1229 3273 1298; x_wconf 88' lang='lat' dir='ltr'><strong>Paschate,</strong></span> <span class='ocrx_word' id='word_1_534' title='bbox 3303 1233 3354 1286; x_wconf 90' lang='lat' dir='ltr'><strong>in</strong></span> <span class='ocrx_word' id='word_1_535' title='bbox 3383 1234 3698 1304; x_wconf 89' lang='lat' dir='ltr'><strong>baptismate</strong></span> <span class='ocrx_word' id='word_1_536' title='bbox 3724 1254 3856 1308; x_wconf 80' lang='lat' dir='ltr'><strong>quo-</strong></span> 
     </span>
    </p>
   </div>
   <div class='ocr_carea' id='block_1_72' title="bbox 2277 1314 3860 1394">
    <p class='ocr_par' dir='ltr' id='par_1_72' title="bbox 2277 1314 3860 1394">
     <span class='ocr_line' id='line_1_72' title="bbox 2277 1314 3860 1394; baseline 0.016 -33"><span class='ocrx_word' id='word_1_537' title='bbox 2277 1327 2382 1380; x_wconf 88' lang='lat' dir='ltr'><strong>que</strong></span> <span class='ocrx_word' id='word_1_538' title='bbox 2406 1314 2645 1384; x_wconf 90' lang='lat' dir='ltr'><strong>contigit.</strong></span> <span class='ocrx_word' id='word_1_539' title='bbox 2688 1317 2817 1372; x_wconf 88' lang='lat' dir='ltr'><strong>Nam</strong></span> <span class='ocrx_word' id='word_1_540' title='bbox 2845 1335 2966 1374; x_wconf 91' lang='lat' dir='ltr'><strong>cum</strong></span> <span class='ocrx_word' id='word_1_541' title='bbox 2995 1332 3279 1393; x_wconf 89' lang='lat' dir='ltr'><strong>utrumque</strong></span> <span class='ocrx_word' id='word_1_542' title='bbox 3323 1328 3515 1394; x_wconf 88' lang='lat' dir='ltr'><strong>pascha</strong></span> <span class='ocrx_word' id='word_1_543' title='bbox 3548 1330 3860 1386; x_wconf 85' lang='lat' dir='ltr'><strong>celebrave-</strong></span> 
     </span>
    </p>
   </div>
   <div class='ocr_carea' id='block_1_73' title="bbox 2278 1404 3856 1491">
    <p class='ocr_par' dir='ltr' id='par_1_73' title="bbox 2278 1404 3856 1491">
     <span class='ocr_line' id='line_1_73' title="bbox 2278 1404 3856 1491; baseline 0.016 -34"><span class='ocrx_word' id='word_1_544' title='bbox 2278 1404 2368 1471; x_wconf 83' lang='lat' dir='ltr'><strong>rit,</strong></span> <span class='ocrx_word' id='word_1_545' title='bbox 2398 1407 2624 1461; x_wconf 91' lang='lat' dir='ltr'><strong>alterum</strong></span> <span class='ocrx_word' id='word_1_546' title='bbox 2656 1409 2954 1481; x_wconf 87' lang='lat' dir='ltr'><strong>abrogavit,</strong></span> <span class='ocrx_word' id='word_1_547' title='bbox 2983 1414 3137 1470; x_wconf 91' lang='lat' dir='ltr'><strong>alteri</strong></span> <span class='ocrx_word' id='word_1_548' title='bbox 3168 1433 3293 1472; x_wconf 89' lang='lat' dir='ltr'><strong>vero</strong></span> <span class='ocrx_word' id='word_1_549' title='bbox 3323 1421 3638 1491; x_wconf 91' lang='lat' dir='ltr'><strong>principium</strong></span> <span class='ocrx_word' id='word_1_550' title='bbox 3665 1423 3811 1478; x_wconf 86' lang='lat' dir='ltr'><strong>dedit</strong></span> <span class='ocrx_word' id='word_1_551' title='bbox 3840 1441 3856 1482; x_wconf 89' lang='lat'><strong>:</strong></span> 
     </span>
    </p>
   </div>
   <div class='ocr_carea' id='block_1_74' title="bbox 2278 1494 3855 1583">
    <p class='ocr_par' dir='ltr' id='par_1_74' title="bbox 2278 1494 3855 1583">
     <span class='ocr_line' id='line_1_74' title="bbox 2278 1494 3855 1583; baseline 0.015 -36"><span class='ocrx_word' id='word_1_552' title='bbox 2278 1503 2333 1548; x_wconf 87' lang='lat' dir='ltr'><strong>et</strong></span> <span class='ocrx_word' id='word_1_553' title='bbox 2379 1494 2466 1550; x_wconf 88' lang='lat' dir='ltr'><strong>hic</strong></span> <span class='ocrx_word' id='word_1_554' title='bbox 2502 1513 2756 1565; x_wconf 87' lang='lat' dir='ltr'><strong>rursum,</strong></span> <span class='ocrx_word' id='word_1_555' title='bbox 2799 1517 2918 1556; x_wconf 91' lang='lat' dir='ltr'><strong>cum</strong></span> <span class='ocrx_word' id='word_1_556' title='bbox 2946 1503 3221 1561; x_wconf 87' lang='lat' dir='ltr'><strong>Judaicum</strong></span> <span class='ocrx_word' id='word_1_557' title='bbox 3273 1509 3532 1579; x_wconf 91' lang='lat' dir='ltr'><strong>baptisma</strong></span> <span class='ocrx_word' id='word_1_558' title='bbox 3579 1514 3855 1583; x_wconf 85' lang='lat' dir='ltr'><strong>implevit,</strong></span> 
     </span>
    </p>
   </div>
   <div class='ocr_carea' id='block_1_75' title="bbox 2278 1589 3858 1672">
    <p class='ocr_par' dir='ltr' id='par_1_75' title="bbox 2278 1589 3858 1672">
     <span class='ocr_line' id='line_1_75' title="bbox 2278 1589 3858 1672; baseline 0.015 -33"><span class='ocrx_word' id='word_1_559' title='bbox 2278 1595 2404 1642; x_wconf 91' lang='lat' dir='ltr'><strong>tunc</strong></span> <span class='ocrx_word' id='word_1_560' title='bbox 2461 1597 2514 1642; x_wconf 87' lang='lat' dir='ltr'><strong>et</strong></span> <span class='ocrx_word' id='word_1_561' title='bbox 2559 1589 2810 1645; x_wconf 58' lang='lat' dir='ltr'><strong>Ecclesia</strong></span> <span class='ocrx_word' id='word_1_562' title='bbox 2861 1593 3193 1663; x_wconf 87' lang='lat' dir='ltr'><strong>baptismatis</strong></span> <span class='ocrx_word' id='word_1_563' title='bbox 3241 1599 3432 1668; x_wconf 90' lang='lat' dir='ltr'><strong>januas</strong></span> <span class='ocrx_word' id='word_1_564' title='bbox 3472 1605 3676 1672; x_wconf 89' lang='lat' dir='ltr'><strong>aperit;</strong></span> <span class='ocrx_word' id='word_1_565' title='bbox 3721 1608 3858 1662; x_wconf 87' lang='lat' dir='ltr'><strong>sicut</strong></span> 
     </span>
    </p>
   </div>
   <div class='ocr_carea' id='block_1_76' title="bbox 2277 1678 3858 1760">
    <p class='ocr_par' dir='ltr' id='par_1_76' title="bbox 2277 1678 3858 1760">
     <span class='ocr_line' id='line_1_76' title="bbox 2277 1678 3858 1760; baseline 0.014 -31"><span class='ocrx_word' id='word_1_566' title='bbox 2277 1685 2401 1730; x_wconf 91' lang='lat' dir='ltr'><strong>tunc</strong></span> <span class='ocrx_word' id='word_1_567' title='bbox 2426 1678 2476 1732; x_wconf 93' lang='lat' dir='ltr'><strong>in</strong></span> <span class='ocrx_word' id='word_1_568' title='bbox 2506 1694 2606 1732; x_wconf 92' lang='lat' dir='ltr'><strong>una</strong></span> <span class='ocrx_word' id='word_1_569' title='bbox 2637 1696 2818 1735; x_wconf 90' lang='lat' dir='ltr'><strong>mensa</strong></span> <span class='ocrx_word' id='word_1_570' title='bbox 2844 1723 2858 1746; x_wconf 93' lang='lat'><strong>,</strong></span> <span class='ocrx_word' id='word_1_571' title='bbox 2890 1685 2967 1738; x_wconf 92' lang='lat' dir='ltr'><strong>sic</strong></span> <span class='ocrx_word' id='word_1_572' title='bbox 2991 1701 3132 1741; x_wconf 92' lang='lat' dir='ltr'><strong>nunc</strong></span> <span class='ocrx_word' id='word_1_573' title='bbox 3171 1687 3221 1741; x_wconf 90' lang='lat' dir='ltr'><strong>in</strong></span> <span class='ocrx_word' id='word_1_574' title='bbox 3252 1705 3358 1742; x_wconf 93' lang='lat' dir='ltr'><strong>uno</strong></span> <span class='ocrx_word' id='word_1_575' title='bbox 3381 1690 3596 1748; x_wconf 85' lang='lat' dir='ltr'><strong>ﬁumiue</strong></span> <span class='ocrx_word' id='word_1_576' title='bbox 3620 1737 3634 1760; x_wconf 91' lang='lat'><strong>,</strong></span> <span class='ocrx_word' id='word_1_577' title='bbox 3667 1705 3720 1749; x_wconf 93' lang='lat' dir='ltr'><strong>et</strong></span> <span class='ocrx_word' id='word_1_578' title='bbox 3743 1713 3858 1750; x_wconf 83' lang='lat' dir='ltr'><strong>um-</strong></span> 
     </span>
    </p>
   </div>
   <div class='ocr_carea' id='block_1_77' title="bbox 2272 1767 3856 1856">
    <p class='ocr_par' dir='ltr' id='par_1_77' title="bbox 2272 1767 3856 1856">
     <span class='ocr_line' id='line_1_77' title="bbox 2272 1767 3856 1856; baseline 0.014 -36"><span class='ocrx_word' id='word_1_579' title='bbox 2272 1767 2421 1822; x_wconf 89' lang='lat' dir='ltr'><strong>bram</strong></span> <span class='ocrx_word' id='word_1_580' title='bbox 2451 1769 2748 1836; x_wconf 86' lang='lat' dir='ltr'><strong>delineans,</strong></span> <span class='ocrx_word' id='word_1_581' title='bbox 2780 1784 2831 1828; x_wconf 91' lang='lat' dir='ltr'><strong>et</strong></span> <span class='ocrx_word' id='word_1_582' title='bbox 2853 1775 3131 1831; x_wconf 90' lang='lat' dir='ltr'><strong>veritatem</strong></span> <span class='ocrx_word' id='word_1_583' title='bbox 3161 1779 3381 1836; x_wconf 86' lang='lat' dir='ltr'><strong>addens.</strong></span> <span class='ocrx_word' id='word_1_584' title='bbox 3410 1782 3640 1852; x_wconf 89' lang='lat' dir='ltr'><strong>Spiritus</strong></span> <span class='ocrx_word' id='word_1_585' title='bbox 3660 1789 3856 1856; x_wconf 87' lang='lat' dir='ltr'><strong>quippe</strong></span> 
     </span>
    </p>
   </div>
   <div class='ocr_carea' id='block_1_78' title="bbox 2270 1859 3855 1936">
    <p class='ocr_par' dir='ltr' id='par_1_78' title="bbox 2270 1859 3855 1936">
     <span class='ocr_line' id='line_1_78' title="bbox 2270 1859 3855 1936; baseline 0.015 -26"><span class='ocrx_word' id='word_1_586' title='bbox 2270 1859 2491 1926; x_wconf 88' lang='lat' dir='ltr'><strong>gratiam</strong></span> <span class='ocrx_word' id='word_1_587' title='bbox 2521 1860 2620 1916; x_wconf 91' lang='lat' dir='ltr'><strong>hoc</strong></span> <span class='ocrx_word' id='word_1_588' title='bbox 2648 1863 2818 1917; x_wconf 91' lang='lat' dir='ltr'><strong>solum</strong></span> <span class='ocrx_word' id='word_1_589' title='bbox 2849 1867 3109 1936; x_wconf 90' lang='lat' dir='ltr'><strong>baptisma</strong></span> <span class='ocrx_word' id='word_1_590' title='bbox 3140 1869 3334 1935; x_wconf 89' lang='lat' dir='ltr'><strong>habet;</strong></span> <span class='ocrx_word' id='word_1_591' title='bbox 3365 1873 3586 1929; x_wconf 84' lang='lat' dir='ltr'><strong>Joannis</strong></span> <span class='ocrx_word' id='word_1_592' title='bbox 3613 1892 3738 1932; x_wconf 82' lang='lat' dir='ltr'><strong>vero</strong></span> <span class='ocrx_word' id='word_1_593' title='bbox 3762 1879 3855 1932; x_wconf 82' lang='lat' dir='ltr'><strong>ha—</strong></span> 
     </span>
    </p>
   </div>
   <div class='ocr_carea' id='block_1_79' title="bbox 2270 1948 3854 2031">
    <p class='ocr_par' dir='ltr' id='par_1_79' title="bbox 2270 1948 3854 2031">
     <span class='ocr_line' id='line_1_79' title="bbox 2270 1948 3854 2031; baseline 0.015 -32"><span class='ocrx_word' id='word_1_594' title='bbox 2270 1948 2458 2016; x_wconf 54' lang='lat' dir='ltr'><strong>ptisma</strong></span> <span class='ocrx_word' id='word_1_595' title='bbox 2488 1949 2589 2005; x_wconf 90' lang='lat' dir='ltr'><strong>hoc</strong></span> <span class='ocrx_word' id='word_1_596' title='bbox 2619 1951 2762 2006; x_wconf 88' lang='lat' dir='ltr'><strong>dono</strong></span> <span class='ocrx_word' id='word_1_597' title='bbox 2789 1970 3011 2010; x_wconf 90' lang='lat' dir='ltr'><strong>vacuum</strong></span> <span class='ocrx_word' id='word_1_598' title='bbox 3055 1971 3192 2012; x_wconf 89' lang='lat' dir='ltr'><strong>erat.</strong></span> <span class='ocrx_word' id='word_1_599' title='bbox 3224 1960 3450 2031; x_wconf 89' lang='lat' dir='ltr'><strong>Ideoque</strong></span> <span class='ocrx_word' id='word_1_600' title='bbox 3479 1963 3604 2018; x_wconf 90' lang='lat' dir='ltr'><strong>dum</strong></span> <span class='ocrx_word' id='word_1_601' title='bbox 3627 1967 3714 2020; x_wconf 89' lang='lat' dir='ltr'><strong>alii</strong></span> <span class='ocrx_word' id='word_1_602' title='bbox 3737 1982 3854 2022; x_wconf 84' lang='lat' dir='ltr'><strong>om-</strong></span> 
     </span>
    </p>
   </div>
   <div class='ocr_carea' id='block_1_80' title="bbox 2269 2039 3850 2121">
    <p class='ocr_par' dir='ltr' id='par_1_80' title="bbox 2269 2039 3850 2121">
     <span class='ocr_line' id='line_1_80' title="bbox 2269 2039 3850 2121; baseline 0.013 -30"><span class='ocrx_word' id='word_1_603' title='bbox 2269 2053 2365 2093; x_wconf 91' lang='lat' dir='ltr'><strong>nes</strong></span> <span class='ocrx_word' id='word_1_604' title='bbox 2391 2039 2811 2111; x_wconf 87' lang='lat' dir='ltr'><strong>baptizarentur,</strong></span> <span class='ocrx_word' id='word_1_605' title='bbox 2837 2045 2965 2100; x_wconf 90' lang='lat' dir='ltr'><strong>niliil</strong></span> <span class='ocrx_word' id='word_1_606' title='bbox 2999 2048 3102 2102; x_wconf 91' lang='lat' dir='ltr'><strong>tale</strong></span> <span class='ocrx_word' id='word_1_607' title='bbox 3124 2052 3376 2121; x_wconf 87' lang='lat' dir='ltr'><strong>contigit;</strong></span> <span class='ocrx_word' id='word_1_608' title='bbox 3405 2054 3500 2108; x_wconf 91' lang='lat' dir='ltr'><strong>sed</strong></span> <span class='ocrx_word' id='word_1_609' title='bbox 3535 2055 3586 2109; x_wconf 91' lang='lat' dir='ltr'><strong>in</strong></span> <span class='ocrx_word' id='word_1_610' title='bbox 3617 2057 3705 2111; x_wconf 93' lang='lat' dir='ltr'><strong>illo</strong></span> <span class='ocrx_word' id='word_1_611' title='bbox 3733 2067 3850 2111; x_wconf 85' lang='lat' dir='ltr'><strong>tan-</strong></span> 
     </span>
    </p>
   </div>
   <div class='ocr_carea' id='block_1_81' title="bbox 2269 2135 3850 2214">
    <p class='ocr_par' dir='ltr' id='par_1_81' title="bbox 2269 2135 3850 2214">
     <span class='ocr_line' id='line_1_81' title="bbox 2269 2135 3850 2214; baseline 0.013 -29"><span class='ocrx_word' id='word_1_612' title='bbox 2269 2140 2379 2186; x_wconf 90' lang='lat' dir='ltr'><strong>tum</strong></span> <span class='ocrx_word' id='word_1_613' title='bbox 2409 2135 2496 2204; x_wconf 91' lang='lat' dir='ltr'><strong>qui</strong></span> <span class='ocrx_word' id='word_1_614' title='bbox 2521 2135 2648 2190; x_wconf 86' lang='lat' dir='ltr'><strong>illud</strong></span> <span class='ocrx_word' id='word_1_615' title='bbox 2677 2138 2966 2193; x_wconf 89' lang='lat' dir='ltr'><strong>traditurus</strong></span> <span class='ocrx_word' id='word_1_616' title='bbox 2992 2150 3136 2206; x_wconf 91' lang='lat' dir='ltr'><strong>erat;</strong></span> <span class='ocrx_word' id='word_1_617' title='bbox 3163 2151 3218 2196; x_wconf 90' lang='lat' dir='ltr'><strong>ut</strong></span> <span class='ocrx_word' id='word_1_618' title='bbox 3247 2158 3366 2198; x_wconf 93' lang='lat' dir='ltr'><strong>cum</strong></span> <span class='ocrx_word' id='word_1_619' title='bbox 3392 2146 3716 2214; x_wconf 89' lang='lat' dir='ltr'><strong>supradictis</strong></span> <span class='ocrx_word' id='word_1_620' title='bbox 3747 2149 3850 2206; x_wconf 88' lang='lat' dir='ltr'><strong>hoc</strong></span> 
     </span>
    </p>
   </div>
   <div class='ocr_carea' id='block_1_82' title="bbox 2265 2229 3851 2310">
    <p class='ocr_par' dir='ltr' id='par_1_82' title="bbox 2265 2229 3851 2310">
     <span class='ocr_line' id='line_1_82' title="bbox 2265 2229 3851 2310; baseline 0.011 -31"><span class='ocrx_word' id='word_1_621' title='bbox 2265 2242 2478 2296; x_wconf 89' lang='lat' dir='ltr'><strong>quoque</strong></span> <span class='ocrx_word' id='word_1_622' title='bbox 2505 2229 2700 2294; x_wconf 90' lang='lat' dir='ltr'><strong>discas,</strong></span> <span class='ocrx_word' id='word_1_623' title='bbox 2728 2247 2831 2285; x_wconf 91' lang='lat' dir='ltr'><strong>non</strong></span> <span class='ocrx_word' id='word_1_624' title='bbox 2860 2231 3142 2301; x_wconf 84' lang='lat' dir='ltr'><strong>puritatem</strong></span> <span class='ocrx_word' id='word_1_625' title='bbox 3170 2236 3488 2305; x_wconf 90' lang='lat' dir='ltr'><strong>baptizantis</strong></span> <span class='ocrx_word' id='word_1_626' title='bbox 3506 2239 3546 2301; x_wconf 76' lang='grc'><strong>⁸,</strong></span> <span class='ocrx_word' id='word_1_627' title='bbox 3565 2241 3658 2294; x_wconf 90' lang='lat' dir='ltr'><strong>sed</strong></span> <span class='ocrx_word' id='word_1_628' title='bbox 3681 2241 3851 2310; x_wconf 87' lang='lat' dir='ltr'><strong>bapti-</strong></span> 
     </span>
    </p>
   </div>
   <div class='ocr_carea' id='block_1_83' title="bbox 2266 2318 3882 2398">
    <p class='ocr_par' dir='ltr' id='par_1_83' title="bbox 2266 2318 3882 2398">
     <span class='ocr_line' id='line_1_83' title="bbox 2266 2318 3882 2398; baseline 0.011 -27"><span class='ocrx_word' id='word_1_629' title='bbox 2266 2319 2368 2372; x_wconf 88' lang='lat' dir='ltr'><strong>zati</strong></span> <span class='ocrx_word' id='word_1_630' title='bbox 2397 2318 2644 2374; x_wconf 76' lang='lat' dir='ltr'><strong>virtutem</strong></span> <span class='ocrx_word' id='word_1_631' title='bbox 2688 2321 2737 2376; x_wconf 88' lang='lat' dir='ltr'><strong>id</strong></span> <span class='ocrx_word' id='word_1_632' title='bbox 2771 2322 2978 2378; x_wconf 81' lang='lat' dir='ltr'><strong>fecisse.</strong></span> <span class='ocrx_word' id='word_1_633' title='bbox 3033 2325 3182 2380; x_wconf 88' lang='lat' dir='ltr'><strong>Tunc</strong></span> <span class='ocrx_word' id='word_1_634' title='bbox 3227 2328 3404 2398; x_wconf 89' lang='lat' dir='ltr'><strong>itaque</strong></span> <span class='ocrx_word' id='word_1_635' title='bbox 3433 2339 3487 2385; x_wconf 93' lang='lat' dir='ltr'><strong>et</strong></span> <span class='ocrx_word' id='word_1_636' title='bbox 3513 2332 3630 2386; x_wconf 59' lang='lat' dir='ltr'><strong>creti</strong></span> <span class='ocrx_word' id='word_1_637' title='bbox 3677 2335 3845 2397; x_wconf 89' lang='lat' dir='ltr'><strong>aperti</strong></span> <span class='ocrx_word' id='word_1_638' title='bbox 3875 2350 3882 2364; x_wconf 69' lang='grc' dir='ltr'><em>τ</em></span> 
     </span>
    </p>
   </div>
   <div class='ocr_carea' id='block_1_84' title="bbox 2265 2410 3847 2493">
    <p class='ocr_par' dir='ltr' id='par_1_84' title="bbox 2265 2410 3847 2493">
     <span class='ocr_line' id='line_1_84' title="bbox 2265 2410 3847 2493; baseline 0.012 -32"><span class='ocrx_word' id='word_1_639' title='bbox 2265 2418 2410 2475; x_wconf 89' lang='lat' dir='ltr'><strong>sunt,</strong></span> <span class='ocrx_word' id='word_1_640' title='bbox 2439 2421 2491 2464; x_wconf 92' lang='lat' dir='ltr'><strong>et</strong></span> <span class='ocrx_word' id='word_1_641' title='bbox 2519 2410 2746 2481; x_wconf 90' lang='lat' dir='ltr'><strong>Spiri:us</strong></span> <span class='ocrx_word' id='word_1_642' title='bbox 2768 2416 3092 2483; x_wconf 89' lang='lat' dir='ltr'><strong>supervenit.</strong></span> <span class='ocrx_word' id='word_1_643' title='bbox 3115 2417 3244 2470; x_wconf 90' lang='lat' dir='ltr'><strong>Nam</strong></span> <span class='ocrx_word' id='word_1_644' title='bbox 3267 2433 3295 2471; x_wconf 90' lang='lat' dir='ltr'><strong>a</strong></span> <span class='ocrx_word' id='word_1_645' title='bbox 3328 2421 3492 2474; x_wconf 86' lang='lat' dir='ltr'><strong>veteri</strong></span> <span class='ocrx_word' id='word_1_646' title='bbox 3525 2422 3732 2478; x_wconf 92' lang='lat' dir='ltr'><strong>vivendi</strong></span> <span class='ocrx_word' id='word_1_647' title='bbox 3755 2440 3847 2493; x_wconf 90' lang='lat' dir='ltr'><strong>ge-</strong></span> 
     </span>
    </p>
   </div>
   <div class='ocr_carea' id='block_1_85' title="bbox 2267 2505 3846 2586">
    <p class='ocr_par' dir='ltr' id='par_1_85' title="bbox 2267 2505 3846 2586">
     <span class='ocr_line' id='line_1_85' title="bbox 2267 2505 3846 2586; baseline 0.012 -33"><span class='ocrx_word' id='word_1_648' title='bbox 2267 2517 2393 2556; x_wconf 89' lang='lat' dir='ltr'><strong>nere</strong></span> <span class='ocrx_word' id='word_1_649' title='bbox 2422 2518 2520 2557; x_wconf 91' lang='lat' dir='ltr'><strong>nos</strong></span> <span class='ocrx_word' id='word_1_650' title='bbox 2541 2505 2650 2572; x_wconf 77' lang='lat' dir='ltr'><strong>jam</strong></span> <span class='ocrx_word' id='word_1_651' title='bbox 2699 2506 2925 2560; x_wconf 86' lang='lat' dir='ltr'><strong>traducit</strong></span> <span class='ocrx_word' id='word_1_652' title='bbox 2964 2508 3029 2562; x_wconf 89' lang='lat' dir='ltr'><strong>ad</strong></span> <span class='ocrx_word' id='word_1_653' title='bbox 3059 2526 3253 2563; x_wconf 92' lang='lat' dir='ltr'><strong>novum</strong></span> <span class='ocrx_word' id='word_1_654' title='bbox 3284 2551 3300 2577; x_wconf 91' lang='lat'><strong>,</strong></span> <span class='ocrx_word' id='word_1_655' title='bbox 3350 2513 3540 2581; x_wconf 87' lang='lat' dir='ltr'><strong>januas</strong></span> <span class='ocrx_word' id='word_1_656' title='bbox 3586 2531 3846 2586; x_wconf 90' lang='lat' dir='ltr'><strong>supernas</strong></span> 
     </span>
    </p>
   </div>
   <div class='ocr_carea' id='block_1_86' title="bbox 2263 2593 3843 2675">
    <p class='ocr_par' dir='ltr' id='par_1_86' title="bbox 2263 2593 3843 2675">
     <span class='ocr_line' id='line_1_86' title="bbox 2263 2593 3843 2675; baseline 0.011 -30"><span class='ocrx_word' id='word_1_657' title='bbox 2263 2593 2538 2660; x_wconf 88' lang='lat' dir='ltr'><strong>aperiens,</strong></span> <span class='ocrx_word' id='word_1_658' title='bbox 2570 2604 2623 2649; x_wconf 92' lang='lat' dir='ltr'><strong>et</strong></span> <span class='ocrx_word' id='word_1_659' title='bbox 2651 2595 2903 2664; x_wconf 89' lang='lat' dir='ltr'><strong>Spiritum</strong></span> <span class='ocrx_word' id='word_1_660' title='bbox 2944 2599 3066 2654; x_wconf 90' lang='lat' dir='ltr'><strong>inde</strong></span> <span class='ocrx_word' id='word_1_661' title='bbox 3097 2602 3313 2656; x_wconf 92' lang='lat' dir='ltr'><strong>mittens</strong></span> <span class='ocrx_word' id='word_1_662' title='bbox 3357 2604 3422 2658; x_wconf 91' lang='lat' dir='ltr'><strong>ad</strong></span> <span class='ocrx_word' id='word_1_663' title='bbox 3455 2605 3596 2660; x_wconf 91' lang='lat' dir='ltr'><strong>illam</strong></span> <span class='ocrx_word' id='word_1_664' title='bbox 3621 2609 3843 2675; x_wconf 90' lang='lat' dir='ltr'><strong>patriam</strong></span> 
     </span>
    </p>
   </div>
   <div class='ocr_carea' id='block_1_87' title="bbox 2264 2692 3844 2766">
    <p class='ocr_par' dir='ltr' id='par_1_87' title="bbox 2264 2692 3844 2766">
     <span class='ocr_line' id='line_1_87' title="bbox 2264 2692 3844 2766; baseline 0.011 -32"><span class='ocrx_word' id='word_1_665' title='bbox 2264 2692 2540 2738; x_wconf 81' lang='lat' dir='ltr'><strong>vocantem</strong></span> <span class='ocrx_word' id='word_1_666' title='bbox 2561 2703 2574 2749; x_wconf 90' lang='lat'><strong>;</strong></span> <span class='ocrx_word' id='word_1_667' title='bbox 2597 2701 2696 2741; x_wconf 83' lang='lat' dir='ltr'><strong>nec</strong></span> <span class='ocrx_word' id='word_1_668' title='bbox 2717 2696 2915 2742; x_wconf 87' lang='lat' dir='ltr'><strong>tantum</strong></span> <span class='ocrx_word' id='word_1_669' title='bbox 2938 2699 3236 2758; x_wconf 88' lang='lat' dir='ltr'><strong>vocantem,</strong></span> <span class='ocrx_word' id='word_1_670' title='bbox 3256 2693 3351 2747; x_wconf 90' lang='lat' dir='ltr'><strong>sed</strong></span> <span class='ocrx_word' id='word_1_671' title='bbox 3372 2705 3426 2749; x_wconf 90' lang='lat' dir='ltr'><strong>et</strong></span> <span class='ocrx_word' id='word_1_672' title='bbox 3449 2711 3567 2749; x_wconf 91' lang='lat' dir='ltr'><strong>cum</strong></span> <span class='ocrx_word' id='word_1_673' title='bbox 3587 2697 3844 2766; x_wconf 84' lang='lat' dir='ltr'><strong>dignitate</strong></span> 
     </span>
    </p>
   </div>
   <div class='ocr_carea' id='block_1_88' title="bbox 2263 2777 3842 2857">
    <p class='ocr_par' dir='ltr' id='par_1_88' title="bbox 2263 2777 3842 2857">
     <span class='ocr_line' id='line_1_88' title="bbox 2263 2777 3842 2857; baseline 0.012 -29"><span class='ocrx_word' id='word_1_674' title='bbox 2263 2777 2510 2830; x_wconf 88' lang='lat' dir='ltr'><strong>maxima.</strong></span> <span class='ocrx_word' id='word_1_675' title='bbox 2562 2777 2676 2831; x_wconf 88' lang='lat' dir='ltr'><strong>Non</strong></span> <span class='ocrx_word' id='word_1_676' title='bbox 2707 2781 2849 2834; x_wconf 91' lang='lat' dir='ltr'><strong>enim</strong></span> <span class='ocrx_word' id='word_1_677' title='bbox 2878 2783 3097 2850; x_wconf 89' lang='lat' dir='ltr'><strong>angelos</strong></span> <span class='ocrx_word' id='word_1_678' title='bbox 3125 2793 3179 2838; x_wconf 90' lang='lat' dir='ltr'><strong>et</strong></span> <span class='ocrx_word' id='word_1_679' title='bbox 3206 2785 3553 2857; x_wconf 77' lang='lat' dir='ltr'><strong>archangclos</strong></span> <span class='ocrx_word' id='word_1_680' title='bbox 3571 2789 3712 2853; x_wconf 82' lang='lat' dir='ltr'><strong>fecit,</strong></span> <span class='ocrx_word' id='word_1_681' title='bbox 3745 2793 3842 2847; x_wconf 89' lang='lat' dir='ltr'><strong>sed</strong></span> 
     </span>
    </p>
   </div>
   <div class='ocr_carea' id='block_1_89' title="bbox 2260 2865 3840 2937">
    <p class='ocr_par' dir='ltr' id='par_1_89' title="bbox 2260 2865 3840 2937">
     <span class='ocr_line' id='line_1_89' title="bbox 2260 2865 3840 2937; baseline 0.012 -19"><span class='ocrx_word' id='word_1_682' title='bbox 2260 2865 2396 2920; x_wconf 87' lang='lat' dir='ltr'><strong>ﬁlios</strong></span> <span class='ocrx_word' id='word_1_683' title='bbox 2426 2868 2514 2921; x_wconf 83' lang='lat' dir='ltr'><strong>Dei</strong></span> <span class='ocrx_word' id='word_1_684' title='bbox 2547 2880 2596 2922; x_wconf 87' lang='lat' dir='ltr'><strong>et</strong></span> <span class='ocrx_word' id='word_1_685' title='bbox 2620 2871 2844 2927; x_wconf 89' lang='lat' dir='ltr'><strong>dilectos</strong></span> <span class='ocrx_word' id='word_1_686' title='bbox 2872 2891 2884 2927; x_wconf 90' lang='lat'><strong>:</strong></span> <span class='ocrx_word' id='word_1_687' title='bbox 2909 2873 2985 2927; x_wconf 91' lang='lat' dir='ltr'><strong>sic</strong></span> <span class='ocrx_word' id='word_1_688' title='bbox 3016 2889 3113 2928; x_wconf 92' lang='lat' dir='ltr'><strong>nos</strong></span> <span class='ocrx_word' id='word_1_689' title='bbox 3139 2874 3203 2929; x_wconf 89' lang='lat' dir='ltr'><strong>ad</strong></span> <span class='ocrx_word' id='word_1_690' title='bbox 3228 2876 3369 2930; x_wconf 91' lang='lat' dir='ltr'><strong>illam</strong></span> <span class='ocrx_word' id='word_1_691' title='bbox 3389 2889 3585 2933; x_wconf 90' lang='lat' dir='ltr'><strong>sortem</strong></span> <span class='ocrx_word' id='word_1_692' title='bbox 3603 2883 3840 2937; x_wconf 87' lang='lat' dir='ltr'><strong>attrahit.</strong></span> 
     </span>
    </p>
   </div>
   <div class='ocr_carea' id='block_1_90' title="bbox 2329 2959 3842 3034">
    <p class='ocr_par' dir='ltr' id='par_1_90' title="bbox 2329 2959 3842 3034">
     <span class='ocr_line' id='line_1_90' title="bbox 2329 2959 3842 3034; baseline 0.011 -23"><span class='ocrx_word' id='word_1_693' title='bbox 2329 2959 2382 3012; x_wconf 76' lang='grc'><strong>4.</strong></span> <span class='ocrx_word' id='word_1_694' title='bbox 2429 2959 2551 3013; x_wconf 73' lang='grc' dir='ltr'><strong>ΙΙιισο</strong></span> <span class='ocrx_word' id='word_1_695' title='bbox 2580 2963 2817 3031; x_wconf 86' lang='lat' dir='ltr'><strong>cogitans</strong></span> <span class='ocrx_word' id='word_1_696' title='bbox 2838 2966 3013 3018; x_wconf 88' lang='lat' dir='ltr'><strong>omnia</strong></span> <span class='ocrx_word' id='word_1_697' title='bbox 3039 3005 3055 3030; x_wconf 93' lang='lat'><strong>,</strong></span> <span class='ocrx_word' id='word_1_698' title='bbox 3085 2977 3139 3019; x_wconf 88' lang='lat' dir='ltr'><strong>et</strong></span> <span class='ocrx_word' id='word_1_699' title='bbox 3167 2966 3453 3023; x_wconf 90' lang='lat' dir='ltr'><strong>dilectione</strong></span> <span class='ocrx_word' id='word_1_700' title='bbox 3482 2972 3721 3026; x_wconf 86' lang='lat' dir='ltr'><strong>vocantis</strong></span> <span class='ocrx_word' id='word_1_701' title='bbox 3740 3013 3756 3034; x_wconf 90' lang='lat'><strong>,</strong></span> <span class='ocrx_word' id='word_1_702' title='bbox 3787 2982 3842 3026; x_wconf 91' lang='lat' dir='ltr'><strong>et</strong></span> 
     </span>
    </p>
   </div>
   <div class='ocr_carea' id='block_1_91' title="bbox 2258 3050 3840 3131">
    <p class='ocr_par' dir='ltr' id='par_1_91' title="bbox 2258 3050 3840 3131">
     <span class='ocr_line' id='line_1_91' title="bbox 2258 3050 3840 3131; baseline 0.01 -30"><span class='ocrx_word' id='word_1_703' title='bbox 2258 3050 2530 3102; x_wconf 86' lang='lat' dir='ltr'><strong>cousnrtio</strong></span> <span class='ocrx_word' id='word_1_704' title='bbox 2558 3051 2648 3104; x_wconf 91' lang='lat' dir='ltr'><strong>illo</strong></span> <span class='ocrx_word' id='word_1_705' title='bbox 2677 3054 2873 3107; x_wconf 70' lang='grc' dir='ltr'><strong>οςῐιιθειί</strong></span> <span class='ocrx_word' id='word_1_706' title='bbox 2901 3064 2956 3108; x_wconf 93' lang='lat' dir='ltr'><strong>et</strong></span> <span class='ocrx_word' id='word_1_707' title='bbox 2984 3056 3176 3110; x_wconf 87' lang='lat' dir='ltr'><strong>collato</strong></span> <span class='ocrx_word' id='word_1_708' title='bbox 3199 3056 3402 3114; x_wconf 89' lang='lat' dir='ltr'><strong>honore</strong></span> <span class='ocrx_word' id='word_1_709' title='bbox 3431 3061 3643 3131; x_wconf 88' lang='lat' dir='ltr'><strong>dignam</strong></span> <span class='ocrx_word' id='word_1_710' title='bbox 3676 3063 3840 3118; x_wconf 89' lang='lat' dir='ltr'><strong>ducas</strong></span> 
     </span>
    </p>
   </div>
   <div class='ocr_carea' id='block_1_92' title="bbox 2259 3141 3839 3214">
    <p class='ocr_par' dir='ltr' id='par_1_92' title="bbox 2259 3141 3839 3214">
     <span class='ocr_line' id='line_1_92' title="bbox 2259 3141 3839 3214; baseline 0.013 -24"><span class='ocrx_word' id='word_1_711' title='bbox 2259 3141 2417 3193; x_wconf 81' lang='lat' dir='ltr'><strong>vitam</strong></span> <span class='ocrx_word' id='word_1_712' title='bbox 2445 3151 2682 3211; x_wconf 91' lang='lat' dir='ltr'><strong>oportet;</strong></span> <span class='ocrx_word' id='word_1_713' title='bbox 2716 3145 2914 3199; x_wconf 91' lang='lat' dir='ltr'><strong>mundo</strong></span> <span class='ocrx_word' id='word_1_714' title='bbox 2954 3148 3268 3214; x_wconf 85' lang='lat' dir='ltr'><strong>cruciﬁxus,</strong></span> <span class='ocrx_word' id='word_1_715' title='bbox 3310 3161 3364 3206; x_wconf 92' lang='lat' dir='ltr'><strong>et</strong></span> <span class='ocrx_word' id='word_1_716' title='bbox 3405 3153 3660 3208; x_wconf 90' lang='lat' dir='ltr'><strong>mundum</strong></span> <span class='ocrx_word' id='word_1_717' title='bbox 3691 3156 3742 3209; x_wconf 92' lang='lat' dir='ltr'><strong>in</strong></span> <span class='ocrx_word' id='word_1_718' title='bbox 3788 3167 3839 3210; x_wconf 90' lang='lat' dir='ltr'><strong>te</strong></span> 
     </span>
    </p>
   </div>
   <div class='ocr_carea' id='block_1_93' title="bbox 2255 3232 3835 3308">
    <p class='ocr_par' dir='ltr' id='par_1_93' title="bbox 2255 3232 3835 3308">
     <span class='ocr_line' id='line_1_93' title="bbox 2255 3232 3835 3308; baseline 0.011 -24"><span class='ocrx_word' id='word_1_719' title='bbox 2255 3232 2594 3302; x_wconf 84' lang='lat' dir='ltr'><strong>cruciﬁgens,</strong></span> <span class='ocrx_word' id='word_1_720' title='bbox 2645 3249 2764 3289; x_wconf 92' lang='lat' dir='ltr'><strong>cum</strong></span> <span class='ocrx_word' id='word_1_721' title='bbox 2794 3237 2939 3290; x_wconf 90' lang='lat' dir='ltr'><strong>omni</strong></span> <span class='ocrx_word' id='word_1_722' title='bbox 2980 3237 3250 3308; x_wconf 88' lang='lat' dir='ltr'><strong>diligentia</strong></span> <span class='ocrx_word' id='word_1_723' title='bbox 3283 3243 3492 3297; x_wconf 69' lang='lat' dir='ltr'><strong>carleste</strong></span> <span class='ocrx_word' id='word_1_724' title='bbox 3538 3246 3835 3300; x_wconf 83' lang='lat' dir='ltr'><strong>institutum</strong></span> 
     </span>
    </p>
   </div>
   <div class='ocr_carea' id='block_1_94' title="bbox 2254 3323 3834 3400">
    <p class='ocr_par' dir='ltr' id='par_1_94' title="bbox 2254 3323 3834 3400">
     <span class='ocr_line' id='line_1_94' title="bbox 2254 3323 3834 3400; baseline 0.009 -24"><span class='ocrx_word' id='word_1_725' title='bbox 2254 3323 2477 3379; x_wconf 88' lang='lat' dir='ltr'><strong>exhibe:</strong></span> <span class='ocrx_word' id='word_1_726' title='bbox 2505 3341 2676 3395; x_wconf 86' lang='lat' dir='ltr'><strong>neque</strong></span> <span class='ocrx_word' id='word_1_727' title='bbox 2703 3328 2822 3398; x_wconf 89' lang='lat' dir='ltr'><strong>quia</strong></span> <span class='ocrx_word' id='word_1_728' title='bbox 2864 3345 3059 3400; x_wconf 89' lang='lat' dir='ltr'><strong>corpus</strong></span> <span class='ocrx_word' id='word_1_729' title='bbox 3086 3339 3230 3386; x_wconf 86' lang='lat' dir='ltr'><strong>tuum</strong></span> <span class='ocrx_word' id='word_1_730' title='bbox 3259 3334 3490 3390; x_wconf 91' lang='lat' dir='ltr'><strong>nondum</strong></span> <span class='ocrx_word' id='word_1_731' title='bbox 3524 3337 3834 3392; x_wconf 88' lang='lat' dir='ltr'><strong>translatqu</strong></span> 
     </span>
    </p>
   </div>
   <div class='ocr_carea' id='block_1_95' title="bbox 2254 3415 3836 3492">
    <p class='ocr_par' dir='ltr' id='par_1_95' title="bbox 2254 3415 3836 3492">
     <span class='ocr_line' id='line_1_95' title="bbox 2254 3415 3836 3492; baseline 0.011 -25"><span class='ocrx_word' id='word_1_732' title='bbox 2254 3423 2335 3468; x_wconf 89' lang='lat' dir='ltr'><strong>est</strong></span> <span class='ocrx_word' id='word_1_733' title='bbox 2375 3415 2424 3468; x_wconf 92' lang='lat' dir='ltr'><strong>in</strong></span> <span class='ocrx_word' id='word_1_734' title='bbox 2466 3417 2678 3483; x_wconf 80' lang='lat' dir='ltr'><strong>cadum,</strong></span> <span class='ocrx_word' id='word_1_735' title='bbox 2725 3429 2875 3487; x_wconf 88' lang='lat' dir='ltr'><strong>putes</strong></span> <span class='ocrx_word' id='word_1_736' title='bbox 2921 3430 2971 3476; x_wconf 90' lang='lat' dir='ltr'><strong>te</strong></span> <span class='ocrx_word' id='word_1_737' title='bbox 2997 3423 3193 3492; x_wconf 88' lang='lat' dir='ltr'><strong>aliquid</strong></span> <span class='ocrx_word' id='word_1_738' title='bbox 3216 3441 3334 3479; x_wconf 91' lang='lat' dir='ltr'><strong>cum</strong></span> <span class='ocrx_word' id='word_1_739' title='bbox 3369 3435 3506 3481; x_wconf 90' lang='lat' dir='ltr'><strong>terra</strong></span> <span class='ocrx_word' id='word_1_740' title='bbox 3547 3443 3836 3485; x_wconf 87' lang='lat' dir='ltr'><strong>commune</strong></span> 
     </span>
    </p>
   </div>
   <div class='ocr_carea' id='block_1_96' title="bbox 2255 3503 3836 3577">
    <p class='ocr_par' dir='ltr' id='par_1_96' title="bbox 2255 3503 3836 3577">
     <span class='ocr_line' id='line_1_96' title="bbox 2255 3503 3836 3577; baseline 0.011 -22"><span class='ocrx_word' id='word_1_741' title='bbox 2255 3503 2467 3560; x_wconf 88' lang='lat' dir='ltr'><strong>habere.</strong></span> <span class='ocrx_word' id='word_1_742' title='bbox 2493 3507 2662 3577; x_wconf 88' lang='lat' dir='ltr'><strong>Caput</strong></span> <span class='ocrx_word' id='word_1_743' title='bbox 2685 3512 2825 3564; x_wconf 90' lang='lat' dir='ltr'><strong>enim</strong></span> <span class='ocrx_word' id='word_1_744' title='bbox 2853 3522 2998 3566; x_wconf 88' lang='lat' dir='ltr'><strong>tuum</strong></span> <span class='ocrx_word' id='word_1_745' title='bbox 3022 3512 3185 3569; x_wconf 90' lang='lat' dir='ltr'><strong>habes</strong></span> <span class='ocrx_word' id='word_1_746' title='bbox 3209 3516 3259 3570; x_wconf 93' lang='lat' dir='ltr'><strong>in</strong></span> <span class='ocrx_word' id='word_1_747' title='bbox 3285 3517 3417 3572; x_wconf 73' lang='lat' dir='ltr'><strong>cado</strong></span> <span class='ocrx_word' id='word_1_748' title='bbox 3442 3518 3654 3573; x_wconf 91' lang='lat' dir='ltr'><strong>sedens.</strong></span> <span class='ocrx_word' id='word_1_749' title='bbox 3685 3521 3836 3574; x_wconf 84' lang='lat' dir='ltr'><strong>Ideo-</strong></span> 
     </span>
    </p>
   </div>
   <div class='ocr_carea' id='block_1_97' title="bbox 2251 3598 3830 3682">
    <p class='ocr_par' dir='ltr' id='par_1_97' title="bbox 2251 3598 3830 3682">
     <span class='ocr_line' id='line_1_97' title="bbox 2251 3598 3830 3682; baseline 0.012 -34"><span class='ocrx_word' id='word_1_750' title='bbox 2251 3613 2353 3666; x_wconf 87' lang='lat' dir='ltr'><strong>que</strong></span> <span class='ocrx_word' id='word_1_751' title='bbox 2381 3598 2634 3655; x_wconf 91' lang='lat' dir='ltr'><strong>Dominus</strong></span> <span class='ocrx_word' id='word_1_752' title='bbox 2659 3617 2776 3656; x_wconf 87' lang='lat' dir='ltr'><strong>cum</strong></span> <span class='ocrx_word' id='word_1_753' title='bbox 2810 3604 2955 3672; x_wconf 90' lang='lat' dir='ltr'><strong>prius</strong></span> <span class='ocrx_word' id='word_1_754' title='bbox 2986 3605 3088 3661; x_wconf 92' lang='lat' dir='ltr'><strong>huc</strong></span> <span class='ocrx_word' id='word_1_755' title='bbox 3114 3608 3367 3671; x_wconf 89' lang='lat' dir='ltr'><strong>venisset,</strong></span> <span class='ocrx_word' id='word_1_756' title='bbox 3398 3611 3722 3682; x_wconf 90' lang='lat' dir='ltr'><strong>angelosque</strong></span> <span class='ocrx_word' id='word_1_757' title='bbox 3742 3630 3830 3666; x_wconf 90' lang='lat' dir='ltr'><strong>se-</strong></span> 
     </span>
    </p>
   </div>
   <div class='ocr_carea' id='block_1_98' title="bbox 2252 3687 3826 3768">
    <p class='ocr_par' dir='ltr' id='par_1_98' title="bbox 2252 3687 3826 3768">
     <span class='ocr_line' id='line_1_98' title="bbox 2252 3687 3826 3768; baseline 0.011 -29"><span class='ocrx_word' id='word_1_758' title='bbox 2252 3702 2370 3741; x_wconf 92' lang='lat' dir='ltr'><strong>cum</strong></span> <span class='ocrx_word' id='word_1_759' title='bbox 2393 3689 2736 3758; x_wconf 85' lang='lat' dir='ltr'><strong>adduxisset,</strong></span> <span class='ocrx_word' id='word_1_760' title='bbox 2777 3702 2900 3748; x_wconf 89' lang='lat' dir='ltr'><strong>tuuc</strong></span> <span class='ocrx_word' id='word_1_761' title='bbox 2928 3705 2978 3750; x_wconf 90' lang='lat' dir='ltr'><strong>te</strong></span> <span class='ocrx_word' id='word_1_762' title='bbox 3002 3687 3276 3768; x_wconf 82' lang='lat' dir='ltr'><strong>assumpto</strong></span> <span class='ocrx_word' id='word_1_763' title='bbox 3316 3699 3438 3754; x_wconf 91' lang='lat' dir='ltr'><strong>illuc</strong></span> <span class='ocrx_word' id='word_1_764' title='bbox 3465 3701 3628 3765; x_wconf 90' lang='lat' dir='ltr'><strong>abiit,</strong></span> <span class='ocrx_word' id='word_1_765' title='bbox 3673 3713 3730 3756; x_wconf 95' lang='lat' dir='ltr'><strong>ut</strong></span> <span class='ocrx_word' id='word_1_766' title='bbox 3775 3715 3826 3758; x_wconf 87' lang='lat' dir='ltr'><strong>tu</strong></span> 
     </span>
    </p>
   </div>
   <div class='ocr_carea' id='block_1_99' title="bbox 2248 3782 3826 3860">
    <p class='ocr_par' dir='ltr' id='par_1_99' title="bbox 2248 3782 3826 3860">
     <span class='ocr_line' id='line_1_99' title="bbox 2248 3782 3826 3860; baseline 0.01 -28"><span class='ocrx_word' id='word_1_767' title='bbox 2248 3788 2532 3850; x_wconf 90' lang='lat' dir='ltr'><strong>antequam</strong></span> <span class='ocrx_word' id='word_1_768' title='bbox 2561 3782 2686 3836; x_wconf 90' lang='lat' dir='ltr'><strong>illuc</strong></span> <span class='ocrx_word' id='word_1_769' title='bbox 2710 3785 2968 3839; x_wconf 86' lang='lat' dir='ltr'><strong>ascendas</strong></span> <span class='ocrx_word' id='word_1_770' title='bbox 2989 3825 3003 3849; x_wconf 89' lang='lat'><strong>,</strong></span> <span class='ocrx_word' id='word_1_771' title='bbox 3048 3787 3254 3844; x_wconf 88' lang='lat' dir='ltr'><strong>ediscas</strong></span> <span class='ocrx_word' id='word_1_772' title='bbox 3283 3806 3440 3860; x_wconf 90' lang='lat' dir='ltr'><strong>posse</strong></span> <span class='ocrx_word' id='word_1_773' title='bbox 3469 3801 3518 3846; x_wconf 90' lang='lat' dir='ltr'><strong>te</strong></span> <span class='ocrx_word' id='word_1_774' title='bbox 3549 3801 3744 3847; x_wconf 89' lang='lat' dir='ltr'><strong>terram</strong></span> <span class='ocrx_word' id='word_1_775' title='bbox 3773 3804 3826 3849; x_wconf 90' lang='lat' dir='ltr'><strong>nt</strong></span> 
     </span>
    </p>
   </div>
   <div class='ocr_carea' id='block_1_100' title="bbox 2249 3873 3827 3953">
    <p class='ocr_par' dir='ltr' id='par_1_100' title="bbox 2249 3873 3827 3953">
     <span class='ocr_line' id='line_1_100' title="bbox 2249 3873 3827 3953; baseline 0.01 -28"><span class='ocrx_word' id='word_1_776' title='bbox 2249 3873 2437 3927; x_wconf 69' lang='lat' dir='ltr'><strong>cadum</strong></span> <span class='ocrx_word' id='word_1_777' title='bbox 2507 3874 2762 3930; x_wconf 90' lang='lat' dir='ltr'><strong>incolere.</strong></span> <span class='ocrx_word' id='word_1_778' title='bbox 2815 3877 3226 3934; x_wconf 73' lang='lat' dir='ltr'><strong>Perseveremus</strong></span> <span class='ocrx_word' id='word_1_779' title='bbox 3271 3883 3448 3953; x_wconf 90' lang='lat' dir='ltr'><strong>itaque</strong></span> <span class='ocrx_word' id='word_1_780' title='bbox 3497 3885 3827 3941; x_wconf 88' lang='lat' dir='ltr'><strong>nobilitatem</strong></span> 
     </span>
    </p>
   </div>
   <div class='ocr_carea' id='block_1_101' title="bbox 2249 3967 3828 4044">
    <p class='ocr_par' dir='ltr' id='par_1_101' title="bbox 2249 3967 3828 4044">
     <span class='ocr_line' id='line_1_101' title="bbox 2249 3967 3828 4044; baseline 0.011 -29"><span class='ocrx_word' id='word_1_781' title='bbox 2249 3976 2483 4027; x_wconf 80' lang='lat' dir='ltr'><strong>servare,</strong></span> <span class='ocrx_word' id='word_1_782' title='bbox 2512 3981 2668 4034; x_wconf 90' lang='lat' dir='ltr'><strong>quam</strong></span> <span class='ocrx_word' id='word_1_783' title='bbox 2697 3967 2764 4020; x_wconf 91' lang='lat' dir='ltr'><strong>ab</strong></span> <span class='ocrx_word' id='word_1_784' title='bbox 2791 3968 2940 4024; x_wconf 91' lang='lat' dir='ltr'><strong>initio</strong></span> <span class='ocrx_word' id='word_1_785' title='bbox 2968 3971 3318 4038; x_wconf 87' lang='lat' dir='ltr'><strong>suscepimus,</strong></span> <span class='ocrx_word' id='word_1_786' title='bbox 3352 3975 3659 4044; x_wconf 88' lang='lat' dir='ltr'><strong>regiamque</strong></span> <span class='ocrx_word' id='word_1_787' title='bbox 3685 3975 3828 4032; x_wconf 90' lang='lat' dir='ltr'><strong>illam</strong></span> 
     </span>
    </p>
   </div>
   <div class='ocr_carea' id='block_1_102' title="bbox 2247 4052 3828 4134">
    <p class='ocr_par' dir='ltr' id='par_1_102' title="bbox 2247 4052 3828 4134">
     <span class='ocr_line' id='line_1_102' title="bbox 2247 4052 3828 4134; baseline 0.012 -29"><span class='ocrx_word' id='word_1_788' title='bbox 2247 4052 2515 4108; x_wconf 60' lang='lat' dir='ltr'><strong>crelestem</strong></span> <span class='ocrx_word' id='word_1_789' title='bbox 2559 4056 2795 4125; x_wconf 90' lang='lat' dir='ltr'><strong>quotidie</strong></span> <span class='ocrx_word' id='word_1_790' title='bbox 2833 4074 3135 4126; x_wconf 72' lang='lat' dir='ltr'><strong>qumramus</strong></span> <span class='ocrx_word' id='word_1_791' title='bbox 3159 4103 3172 4125; x_wconf 92' lang='lat'><strong>,</strong></span> <span class='ocrx_word' id='word_1_792' title='bbox 3220 4077 3284 4118; x_wconf 91' lang='lat' dir='ltr'><strong>ac</strong></span> <span class='ocrx_word' id='word_1_793' title='bbox 3322 4065 3603 4134; x_wconf 86' lang='lat' dir='ltr'><strong>praesentia</strong></span> <span class='ocrx_word' id='word_1_794' title='bbox 3648 4072 3828 4125; x_wconf 88' lang='lat' dir='ltr'><strong>omnia</strong></span> 
     </span>
    </p>
   </div>
   <div class='ocr_carea' id='block_1_103' title="bbox 2249 4141 3828 4226">
    <p class='ocr_par' dir='ltr' id='par_1_103' title="bbox 2249 4141 3828 4226">
     <span class='ocr_line' id='line_1_103' title="bbox 2249 4141 3828 4226; baseline 0.014 -33"><span class='ocrx_word' id='word_1_795' title='bbox 2249 4141 2494 4196; x_wconf 89' lang='lat' dir='ltr'><strong>umbram</strong></span> <span class='ocrx_word' id='word_1_796' title='bbox 2540 4153 2595 4198; x_wconf 90' lang='lat' dir='ltr'><strong>et</strong></span> <span class='ocrx_word' id='word_1_797' title='bbox 2636 4148 2898 4201; x_wconf 88' lang='lat' dir='ltr'><strong>somnium</strong></span> <span class='ocrx_word' id='word_1_798' title='bbox 2927 4164 3045 4203; x_wconf 86' lang='lat' dir='ltr'><strong>esse</strong></span> <span class='ocrx_word' id='word_1_799' title='bbox 3078 4162 3343 4219; x_wconf 90' lang='lat' dir='ltr'><strong>putemus.</strong></span> <span class='ocrx_word' id='word_1_800' title='bbox 3388 4155 3574 4226; x_wconf 87' lang='lat' dir='ltr'><strong>Neque</strong></span> <span class='ocrx_word' id='word_1_801' title='bbox 3599 4159 3740 4213; x_wconf 92' lang='lat' dir='ltr'><strong>enim</strong></span> <span class='ocrx_word' id='word_1_802' title='bbox 3781 4161 3828 4216; x_wconf 91' lang='lat' dir='ltr'><strong>si</strong></span> 
     </span>
    </p>
   </div>
   <div class='ocr_carea' id='block_1_104' title="bbox 2245 4234 3830 4321">
    <p class='ocr_par' dir='ltr' id='par_1_104' title="bbox 2245 4234 3830 4321">
     <span class='ocr_line' id='line_1_104' title="bbox 2245 4234 3830 4321; baseline 0.015 -34"><span class='ocrx_word' id='word_1_803' title='bbox 2245 4234 2508 4304; x_wconf 90' lang='lat' dir='ltr'><strong>quispiam</strong></span> <span class='ocrx_word' id='word_1_804' title='bbox 2535 4253 2626 4293; x_wconf 89' lang='lat' dir='ltr'><strong>rex</strong></span> <span class='ocrx_word' id='word_1_805' title='bbox 2657 4249 2898 4298; x_wconf 89' lang='lat' dir='ltr'><strong>terrenus</strong></span> <span class='ocrx_word' id='word_1_806' title='bbox 2943 4252 2995 4298; x_wconf 88' lang='lat' dir='ltr'><strong>te</strong></span> <span class='ocrx_word' id='word_1_807' title='bbox 3024 4247 3324 4302; x_wconf 90' lang='lat' dir='ltr'><strong>mendicum</strong></span> <span class='ocrx_word' id='word_1_808' title='bbox 3352 4259 3403 4304; x_wconf 91' lang='lat' dir='ltr'><strong>et</strong></span> <span class='ocrx_word' id='word_1_809' title='bbox 3430 4265 3718 4321; x_wconf 87' lang='lat' dir='ltr'><strong>pauperem</strong></span> <span class='ocrx_word' id='word_1_810' title='bbox 3745 4271 3830 4310; x_wconf 92' lang='lat' dir='ltr'><strong>re-</strong></span> 
     </span>
    </p>
   </div>
   <div class='ocr_carea' id='block_1_105' title="bbox 2249 4327 3824 4414">
    <p class='ocr_par' dir='ltr' id='par_1_105' title="bbox 2249 4327 3824 4414">
     <span class='ocr_line' id='line_1_105' title="bbox 2249 4327 3824 4414; baseline 0.015 -38"><span class='ocrx_word' id='word_1_811' title='bbox 2249 4336 2405 4393; x_wconf 90' lang='lat' dir='ltr'><strong>pente</strong></span> <span class='ocrx_word' id='word_1_812' title='bbox 2432 4327 2482 4381; x_wconf 95' lang='lat' dir='ltr'><strong>in</strong></span> <span class='ocrx_word' id='word_1_813' title='bbox 2507 4329 2669 4382; x_wconf 85' lang='lat' dir='ltr'><strong>tilium</strong></span> <span class='ocrx_word' id='word_1_814' title='bbox 2696 4331 2998 4402; x_wconf 89' lang='lat' dir='ltr'><strong>adoptaret,</strong></span> <span class='ocrx_word' id='word_1_815' title='bbox 3026 4327 3290 4406; x_wconf 84' lang='lat' dir='ltr'><strong>tugurium</strong></span> <span class='ocrx_word' id='word_1_816' title='bbox 3320 4347 3466 4393; x_wconf 91' lang='lat' dir='ltr'><strong>tuum</strong></span> <span class='ocrx_word' id='word_1_817' title='bbox 3493 4340 3715 4414; x_wconf 86' lang='lat' dir='ltr'><strong>ejusque</strong></span> <span class='ocrx_word' id='word_1_818' title='bbox 3744 4348 3824 4399; x_wconf 89' lang='lat' dir='ltr'><strong>vi—</strong></span> 
     </span>
    </p>
   </div>
   <div class='ocr_carea' id='block_1_106' title="bbox 2247 4415 3822 4504">
    <p class='ocr_par' dir='ltr' id='par_1_106' title="bbox 2247 4415 3822 4504">
     <span class='ocr_line' id='line_1_106' title="bbox 2247 4415 3822 4504; baseline 0.013 -35"><span class='ocrx_word' id='word_1_819' title='bbox 2247 4415 2450 4472; x_wconf 88' lang='lat' dir='ltr'><strong>litatem</strong></span> <span class='ocrx_word' id='word_1_820' title='bbox 2508 4420 2645 4473; x_wconf 90' lang='lat' dir='ltr'><strong>ultra</strong></span> <span class='ocrx_word' id='word_1_821' title='bbox 2694 4424 3024 4493; x_wconf 89' lang='lat' dir='ltr'><strong>respiceres,</strong></span> <span class='ocrx_word' id='word_1_822' title='bbox 3069 4427 3276 4483; x_wconf 89' lang='lat' dir='ltr'><strong>etiamsi</strong></span> <span class='ocrx_word' id='word_1_823' title='bbox 3321 4430 3439 4486; x_wconf 75' lang='lat' dir='ltr'><strong>lucc</strong></span> <span class='ocrx_word' id='word_1_824' title='bbox 3489 4448 3593 4488; x_wconf 93' lang='lat' dir='ltr'><strong>non</strong></span> <span class='ocrx_word' id='word_1_825' title='bbox 3637 4435 3822 4504; x_wconf 80' lang='lat' dir='ltr'><strong>grandi</strong></span> 
     </span>
    </p>
   </div>
   <div class='ocr_carea' id='block_1_107' title="bbox 2246 4509 3816 4594">
    <p class='ocr_par' dir='ltr' id='par_1_107' title="bbox 2246 4509 3816 4594">
     <span class='ocr_line' id='line_1_107' title="bbox 2246 4509 3816 4594; baseline 0.011 -32"><span class='ocrx_word' id='word_1_826' title='bbox 2246 4509 2529 4567; x_wconf 79' lang='lat' dir='ltr'><strong>intervallo</strong></span> <span class='ocrx_word' id='word_1_827' title='bbox 2579 4525 2912 4584; x_wconf 80' lang='lat' dir='ltr'><strong>separantur.</strong></span> <span class='ocrx_word' id='word_1_828' title='bbox 2959 4516 3037 4571; x_wconf 91' lang='lat' dir='ltr'><strong>Ne</strong></span> <span class='ocrx_word' id='word_1_829' title='bbox 3083 4519 3261 4589; x_wconf 88' lang='lat' dir='ltr'><strong>itaque</strong></span> <span class='ocrx_word' id='word_1_830' title='bbox 3310 4523 3396 4577; x_wconf 91' lang='lat' dir='ltr'><strong>hic</strong></span> <span class='ocrx_word' id='word_1_831' title='bbox 3443 4525 3715 4594; x_wconf 91' lang='lat' dir='ltr'><strong>quidpiam</strong></span> <span class='ocrx_word' id='word_1_832' title='bbox 3761 4545 3816 4581; x_wconf 74' lang='lat' dir='ltr'><strong>ex</strong></span> 
     </span>
    </p>
   </div>
   <div class='ocr_carea' id='block_1_108' title="bbox 2243 4602 3822 4676">
    <p class='ocr_par' dir='ltr' id='par_1_108' title="bbox 2243 4602 3822 4676">
     <span class='ocr_line' id='line_1_108' title="bbox 2243 4602 3822 4676; baseline 0.009 -22"><span class='ocrx_word' id='word_1_833' title='bbox 2243 4602 2510 4670; x_wconf 91' lang='lat' dir='ltr'><strong>prioribus</strong></span> <span class='ocrx_word' id='word_1_834' title='bbox 2555 4603 2606 4657; x_wconf 91' lang='lat' dir='ltr'><strong>in</strong></span> <span class='ocrx_word' id='word_1_835' title='bbox 2649 4615 2824 4661; x_wconf 90' lang='lat' dir='ltr'><strong>mente</strong></span> <span class='ocrx_word' id='word_1_836' title='bbox 2871 4622 3095 4663; x_wconf 90' lang='lat' dir='ltr'><strong>verses:</strong></span> <span class='ocrx_word' id='word_1_837' title='bbox 3129 4626 3248 4664; x_wconf 89' lang='lat' dir='ltr'><strong>nam</strong></span> <span class='ocrx_word' id='word_1_838' title='bbox 3295 4611 3361 4665; x_wconf 85' lang='lat' dir='ltr'><strong>ad</strong></span> <span class='ocrx_word' id='word_1_839' title='bbox 3407 4613 3562 4676; x_wconf 73' lang='lat' dir='ltr'><strong>longe</strong></span> <span class='ocrx_word' id='word_1_840' title='bbox 3608 4617 3822 4670; x_wconf 89' lang='lat' dir='ltr'><strong>meliora</strong></span> 
     </span>
    </p>
   </div>
   <div class='ocr_carea' id='block_1_109' title="bbox 2245 4693 3823 4769">
    <p class='ocr_par' dir='ltr' id='par_1_109' title="bbox 2245 4693 3823 4769">
     <span class='ocr_line' id='line_1_109' title="bbox 2245 4693 3823 4769; baseline 0.006 -23"><span class='ocrx_word' id='word_1_841' title='bbox 2245 4701 2472 4748; x_wconf 90' lang='lat' dir='ltr'><strong>vocatus</strong></span> <span class='ocrx_word' id='word_1_842' title='bbox 2521 4709 2601 4748; x_wconf 92' lang='lat' dir='ltr'><strong>es.</strong></span> <span class='ocrx_word' id='word_1_843' title='bbox 2658 4693 2760 4759; x_wconf 87' lang='lat' dir='ltr'><strong>Qui</strong></span> <span class='ocrx_word' id='word_1_844' title='bbox 2787 4695 2931 4748; x_wconf 92' lang='lat' dir='ltr'><strong>enim</strong></span> <span class='ocrx_word' id='word_1_845' title='bbox 2975 4707 3153 4764; x_wconf 82' lang='lat' dir='ltr'><strong>vocat,</strong></span> <span class='ocrx_word' id='word_1_846' title='bbox 3187 4700 3503 4769; x_wconf 87' lang='lat' dir='ltr'><strong>angelorum</strong></span> <span class='ocrx_word' id='word_1_847' title='bbox 3561 4703 3823 4757; x_wconf 89' lang='lat' dir='ltr'><strong>Dominus</strong></span> 
     </span>
    </p>
   </div>
   <div class='ocr_carea' id='block_1_110' title="bbox 2242 4787 3826 4854">
    <p class='ocr_par' dir='ltr' id='par_1_110' title="bbox 2242 4787 3826 4854">
     <span class='ocr_line' id='line_1_110' title="bbox 2242 4787 3826 4854; baseline 0.005 -15"><span class='ocrx_word' id='word_1_848' title='bbox 2242 4794 2344 4849; x_wconf 88' lang='lat' dir='ltr'><strong>est,</strong></span> <span class='ocrx_word' id='word_1_849' title='bbox 2407 4787 2658 4854; x_wconf 90' lang='lat' dir='ltr'><strong>bonaque</strong></span> <span class='ocrx_word' id='word_1_850' title='bbox 2723 4787 2815 4840; x_wconf 88' lang='lat' dir='ltr'><strong>tibi</strong></span> <span class='ocrx_word' id='word_1_851' title='bbox 2880 4788 3078 4843; x_wconf 87' lang='lat' dir='ltr'><strong>collata</strong></span> <span class='ocrx_word' id='word_1_852' title='bbox 3149 4792 3414 4845; x_wconf 84' lang='lat' dir='ltr'><strong>rationem</strong></span> <span class='ocrx_word' id='word_1_853' title='bbox 3493 4809 3706 4847; x_wconf 90' lang='lat' dir='ltr'><strong>omnem</strong></span> <span class='ocrx_word' id='word_1_854' title='bbox 3775 4805 3826 4847; x_wconf 83' lang='lat' dir='ltr'><strong>et</strong></span> 
     </span>
    </p>
   </div>
   <div class='ocr_carea' id='block_1_111' title="bbox 2246 4877 3826 4946">
    <p class='ocr_par' dir='ltr' id='par_1_111' title="bbox 2246 4877 3826 4946">
     <span class='ocr_line' id='line_1_111' title="bbox 2246 4877 3826 4946; baseline 0.006 -15"><span class='ocrx_word' id='word_1_855' title='bbox 2246 4891 2476 4931; x_wconf 88' lang='lat' dir='ltr'><strong>mentem</strong></span> <span class='ocrx_word' id='word_1_856' title='bbox 2512 4888 2790 4946; x_wconf 77' lang='lat' dir='ltr'><strong>superant.</strong></span> <span class='ocrx_word' id='word_1_857' title='bbox 2849 4877 2967 4933; x_wconf 88' lang='lat' dir='ltr'><strong>Non</strong></span> <span class='ocrx_word' id='word_1_858' title='bbox 3000 4881 3144 4934; x_wconf 89' lang='lat' dir='ltr'><strong>enim</strong></span> <span class='ocrx_word' id='word_1_859' title='bbox 3175 4898 3202 4935; x_wconf 90' lang='lat' dir='ltr'><strong>a</strong></span> <span class='ocrx_word' id='word_1_860' title='bbox 3238 4892 3378 4936; x_wconf 91' lang='lat' dir='ltr'><strong>terra</strong></span> <span class='ocrx_word' id='word_1_861' title='bbox 3431 4884 3484 4937; x_wconf 92' lang='lat' dir='ltr'><strong>in</strong></span> <span class='ocrx_word' id='word_1_862' title='bbox 3546 4893 3740 4938; x_wconf 77' lang='lat' dir='ltr'><strong>terram</strong></span> <span class='ocrx_word' id='word_1_863' title='bbox 3777 4896 3826 4940; x_wconf 86' lang='lat' dir='ltr'><strong>te</strong></span> 
     </span>
    </p>
   </div>
   <div class='ocr_carea' id='block_1_112' title="bbox 2244 4967 3819 5041">
    <p class='ocr_par' dir='ltr' id='par_1_112' title="bbox 2244 4967 3819 5041">
     <span class='ocr_line' id='line_1_112' title="bbox 2244 4967 3819 5041; baseline 0.005 -21"><span class='ocrx_word' id='word_1_864' title='bbox 2244 4967 2532 5032; x_wconf 80' lang='lat' dir='ltr'><strong>transfert,</strong></span> <span class='ocrx_word' id='word_1_865' title='bbox 2582 4975 2641 5020; x_wconf 91' lang='lat' dir='ltr'><strong>ut</strong></span> <span class='ocrx_word' id='word_1_866' title='bbox 2677 4967 2766 5021; x_wconf 82' lang='lat' dir='ltr'><strong>Ille</strong></span> <span class='ocrx_word' id='word_1_867' title='bbox 2797 4983 2923 5035; x_wconf 88' lang='lat' dir='ltr'><strong>rex;</strong></span> <span class='ocrx_word' id='word_1_868' title='bbox 2967 4969 3061 5024; x_wconf 90' lang='lat' dir='ltr'><strong>sed</strong></span> <span class='ocrx_word' id='word_1_869' title='bbox 3107 4985 3137 5024; x_wconf 89' lang='lat' dir='ltr'><strong>a</strong></span> <span class='ocrx_word' id='word_1_870' title='bbox 3183 4979 3320 5026; x_wconf 92' lang='lat' dir='ltr'><strong>terra</strong></span> <span class='ocrx_word' id='word_1_871' title='bbox 3352 4973 3404 5026; x_wconf 93' lang='lat' dir='ltr'><strong>in</strong></span> <span class='ocrx_word' id='word_1_872' title='bbox 3434 4973 3646 5041; x_wconf 71' lang='lat' dir='ltr'><strong>cadum,</strong></span> <span class='ocrx_word' id='word_1_873' title='bbox 3692 4983 3747 5030; x_wconf 86' lang='lat' dir='ltr'><strong>et</strong></span> <span class='ocrx_word' id='word_1_874' title='bbox 3791 4992 3819 5028; x_wconf 89' lang='lat' dir='ltr'><strong>a</strong></span> 
     </span>
    </p>
   </div>
   <div class='ocr_carea' id='block_1_113' title="bbox 2244 5061 3824 5133">
    <p class='ocr_par' dir='ltr' id='par_1_113' title="bbox 2244 5061 3824 5133">
     <span class='ocr_line' id='line_1_113' title="bbox 2244 5061 3824 5133; baseline 0.006 -21"><span class='ocrx_word' id='word_1_875' title='bbox 2244 5061 2450 5114; x_wconf 90' lang='lat' dir='ltr'><strong>mortali</strong></span> <span class='ocrx_word' id='word_1_876' title='bbox 2485 5069 2669 5114; x_wconf 88' lang='lat' dir='ltr'><strong>natura</strong></span> <span class='ocrx_word' id='word_1_877' title='bbox 2714 5061 2764 5114; x_wconf 93' lang='lat' dir='ltr'><strong>iu</strong></span> <span class='ocrx_word' id='word_1_878' title='bbox 2814 5063 3036 5133; x_wconf 87' lang='lat' dir='ltr'><strong>gloriam</strong></span> <span class='ocrx_word' id='word_1_879' title='bbox 3084 5066 3436 5122; x_wconf 90' lang='lat' dir='ltr'><strong>immortalem</strong></span> <span class='ocrx_word' id='word_1_880' title='bbox 3485 5080 3538 5124; x_wconf 90' lang='lat' dir='ltr'><strong>et</strong></span> <span class='ocrx_word' id='word_1_881' title='bbox 3586 5069 3824 5124; x_wconf 72' lang='lat' dir='ltr'><strong>ineffabi-</strong></span> 
     </span>
    </p>
   </div>
   <div class='ocr_carea' id='block_1_114' title="bbox 2245 5153 3818 5231">
    <p class='ocr_par' dir='ltr' id='par_1_114' title="bbox 2245 5153 3818 5231">
     <span class='ocr_line' id='line_1_114' title="bbox 2245 5153 3818 5231; baseline 0.007 -26"><span class='ocrx_word' id='word_1_882' title='bbox 2245 5153 2371 5216; x_wconf 87' lang='lat' dir='ltr'><strong>lem,</strong></span> <span class='ocrx_word' id='word_1_883' title='bbox 2404 5169 2521 5222; x_wconf 73' lang='lat' dir='ltr'><strong>qure</strong></span> <span class='ocrx_word' id='word_1_884' title='bbox 2547 5163 2671 5208; x_wconf 90' lang='lat' dir='ltr'><strong>tunc</strong></span> <span class='ocrx_word' id='word_1_885' title='bbox 2697 5164 2898 5210; x_wconf 88' lang='lat' dir='ltr'><strong>tantum</strong></span> <span class='ocrx_word' id='word_1_886' title='bbox 2925 5157 3067 5213; x_wconf 89' lang='lat' dir='ltr'><strong>clare</strong></span> <span class='ocrx_word' id='word_1_887' title='bbox 3094 5162 3284 5228; x_wconf 89' lang='lat' dir='ltr'><strong>poterit</strong></span> <span class='ocrx_word' id='word_1_888' title='bbox 3311 5162 3558 5231; x_wconf 88' lang='lat' dir='ltr'><strong>perspici,</strong></span> <span class='ocrx_word' id='word_1_889' title='bbox 3586 5178 3705 5216; x_wconf 94' lang='lat' dir='ltr'><strong>cum</strong></span> <span class='ocrx_word' id='word_1_890' title='bbox 3734 5164 3818 5216; x_wconf 88' lang='lat' dir='ltr'><strong>illa</strong></span> 
     </span>
    </p>
   </div>
   <div class='ocr_carea' id='block_1_115' title="bbox 2246 5244 3821 5321">
    <p class='ocr_par' dir='ltr' id='par_1_115' title="bbox 2246 5244 3821 5321">
     <span class='ocr_line' id='line_1_115' title="bbox 2246 5244 3821 5321; baseline 0.008 -26"><span class='ocrx_word' id='word_1_891' title='bbox 2246 5244 2500 5298; x_wconf 74' lang='lat' dir='ltr'><strong>fruemur.</strong></span> <span class='ocrx_word' id='word_1_892' title='bbox 2545 5245 2691 5300; x_wconf 87' lang='lat' dir='ltr'><strong>Talia</strong></span> <span class='ocrx_word' id='word_1_893' title='bbox 2724 5257 2898 5304; x_wconf 89' lang='lat' dir='ltr'><strong>tamen</strong></span> <span class='ocrx_word' id='word_1_894' title='bbox 2928 5262 3348 5320; x_wconf 82' lang='lat' dir='ltr'><strong>consequuturus</strong></span> <span class='ocrx_word' id='word_1_895' title='bbox 3376 5251 3534 5313; x_wconf 91' lang='lat' dir='ltr'><strong>bona,</strong></span> <span class='ocrx_word' id='word_1_896' title='bbox 3569 5254 3821 5321; x_wconf 86' lang='lat' dir='ltr'><strong>pecunias</strong></span> 
     </span>
    </p>
   </div>
   <div class='ocr_carea' id='block_1_116' title="bbox 2245 5334 3824 5410">
    <p class='ocr_par' dir='ltr' id='par_1_116' title="bbox 2245 5334 3824 5410">
     <span class='ocr_line' id='line_1_116' title="bbox 2245 5334 3824 5410; baseline 0.006 -23"><span class='ocrx_word' id='word_1_897' title='bbox 2245 5334 2371 5387; x_wconf 91' lang='lat' dir='ltr'><strong>mihi</strong></span> <span class='ocrx_word' id='word_1_898' title='bbox 2403 5350 2830 5404; x_wconf 89' lang='lat' dir='ltr'><strong>commemoras,</strong></span> <span class='ocrx_word' id='word_1_899' title='bbox 2878 5347 3250 5410; x_wconf 84' lang='lat' dir='ltr'><strong>terrenamque</strong></span> <span class='ocrx_word' id='word_1_900' title='bbox 3293 5356 3534 5409; x_wconf 88' lang='lat' dir='ltr'><strong>pompam</strong></span> <span class='ocrx_word' id='word_1_901' title='bbox 3583 5342 3824 5396; x_wconf 74' lang='lat' dir='ltr'><strong>retines?</strong></span> 
     </span>
    </p>
   </div>
   <div class='ocr_carea' id='block_1_117' title="bbox 2246 5427 3816 5500">
    <p class='ocr_par' dir='ltr' id='par_1_117' title="bbox 2246 5427 3816 5500">
     <span class='ocr_line' id='line_1_117' title="bbox 2246 5427 3816 5500; baseline 0.004 -23"><span class='ocrx_word' id='word_1_902' title='bbox 2246 5440 2343 5479; x_wconf 89' lang='lat' dir='ltr'><strong>nec</strong></span> <span class='ocrx_word' id='word_1_903' title='bbox 2397 5435 2548 5494; x_wconf 89' lang='lat' dir='ltr'><strong>putas</strong></span> <span class='ocrx_word' id='word_1_904' title='bbox 2594 5427 2707 5483; x_wconf 70' lang='lat' dir='ltr'><strong>hmc</strong></span> <span class='ocrx_word' id='word_1_905' title='bbox 2745 5431 2918 5484; x_wconf 82' lang='lat' dir='ltr'><strong>‘omnia</strong></span> <span class='ocrx_word' id='word_1_906' title='bbox 2964 5447 3081 5500; x_wconf 74' lang='lat' dir='ltr'><strong>qua:</strong></span> <span class='ocrx_word' id='word_1_907' title='bbox 3122 5431 3220 5484; x_wconf 91' lang='lat' dir='ltr'><strong>sub</strong></span> <span class='ocrx_word' id='word_1_908' title='bbox 3263 5439 3533 5498; x_wconf 84' lang='lat' dir='ltr'><strong>aspectum</strong></span> <span class='ocrx_word' id='word_1_909' title='bbox 3585 5430 3816 5498; x_wconf 89' lang='lat' dir='ltr'><strong>eadunt,</strong></span> 
     </span>
    </p>
   </div>
   <div class='ocr_carea' id='block_1_118' title="bbox 2245 5515 3822 5590">
    <p class='ocr_par' dir='ltr' id='par_1_118' title="bbox 2245 5515 3822 5590">
     <span class='ocr_line' id='line_1_118' title="bbox 2245 5515 3822 5590; baseline 0.006 -21"><span class='ocrx_word' id='word_1_910' title='bbox 2245 5515 2610 5572; x_wconf 88' lang='lat' dir='ltr'><strong>meudicorum</strong></span> <span class='ocrx_word' id='word_1_911' title='bbox 2642 5521 2830 5589; x_wconf 89' lang='lat' dir='ltr'><strong>pannis</strong></span> <span class='ocrx_word' id='word_1_912' title='bbox 2857 5535 2976 5577; x_wconf 86' lang='lat' dir='ltr'><strong>esse</strong></span> <span class='ocrx_word' id='word_1_913' title='bbox 3005 5521 3227 5575; x_wconf 82' lang='lat' dir='ltr'><strong>viliora?</strong></span> <span class='ocrx_word' id='word_1_914' title='bbox 3261 5521 3331 5574; x_wconf 84' lang='lat' dir='ltr'><strong>Et</strong></span> <span class='ocrx_word' id='word_1_915' title='bbox 3369 5521 3639 5590; x_wconf 91' lang='lat' dir='ltr'><strong>quomodo</strong></span> <span class='ocrx_word' id='word_1_916' title='bbox 3674 5530 3822 5578; x_wconf 87' lang='lat' dir='ltr'><strong>tanto</strong></span> 
     </span>
    </p>
   </div>
   <div class='ocr_carea' id='block_1_119' title="bbox 2313 5671 3512 5738">
    <p class='ocr_par' dir='ltr' id='par_1_119' title="bbox 2313 5671 3512 5738">
     <span class='ocr_line' id='line_1_119' title="bbox 2313 5671 3512 5738; baseline 0.002 -18"><span class='ocrx_word' id='word_1_917' title='bbox 2313 5673 2329 5704; x_wconf 80' lang='grc' dir='ltr'><strong>ι</strong></span> <span class='ocrx_word' id='word_1_918' title='bbox 2365 5679 2509 5734; x_wconf 79' lang='lat' dir='ltr'><strong>Unus,</strong></span> <span class='ocrx_word' id='word_1_919' title='bbox 2534 5686 2627 5725; x_wconf 79' lang='lat' dir='ltr'><strong>non</strong></span> <span class='ocrx_word' id='word_1_920' title='bbox 2645 5677 2899 5738; x_wconf 70' lang='lat' dir='ltr'><strong>puritatem</strong></span> <span class='ocrx_word' id='word_1_921' title='bbox 2922 5671 3139 5737; x_wconf 80' lang='lat' dir='ltr'><strong>baptismi</strong></span> <span class='ocrx_word' id='word_1_922' title='bbox 3142 5685 3163 5736; x_wconf 76' lang='lat'><strong>,&#39;</strong></span> <span class='ocrx_word' id='word_1_923' title='bbox 3185 5673 3344 5724; x_wconf 88' lang='lat' dir='ltr'><strong>minus</strong></span> <span class='ocrx_word' id='word_1_924' title='bbox 3357 5680 3512 5725; x_wconf 85' lang='lat' dir='ltr'><strong>recte.</strong></span> 
     </span>
    </p>
   </div>
  </div>
