4084 6210
322 278 430 334 207

320 397 527 450 honore
556 388 748 461 dignus
775 383 1057 441 babearis"
1081 397 1239 451 quam
1264 380 1628 436 defensionem
1670 380 1909 451 proferre

329 482 547 555 possis?
591 482 699 536 imo
726 478 905 550 potius
941 489 1072 545 quas
1100 489 1283 544 poenas
1308 488 1413 527 non
1440 473 1557 527 lues
1578 514 1591 536 ,
1623 488 1743 527 cum
1790 481 1910 542 post

322 584 530 632 tantum
583 570 780 626 donum
826 568 891 622 ad
935 568 1166 637 priorem
1220 563 1476 617 vomitum
1524 563 1749 619 curras?
1792 562 1906 618 Non

324 663 470 719 enim
512 660 649 716 ultra
683 669 740 714 ut
787 660 984 721 homo,
1028 655 1122 709 sed
1168 663 1224 708 ut
1253 654 1390 708 filius
1440 653 1532 707 Dei
1565 664 1906 723 peccatorum

323 767 514 822 pmnas
542 750 731 817 dabis,
783 749 980 815 tibique
1013 745 1230 799 honoris
1274 742 1581 813 magnitudo
1623 742 1687 797 ad
1737 742 1908 812 majus

321 841 640 911 supplicium
670 839 808 891 viam
841 835 1067 907 parabit.
1114 833 1389 903 Siquidem
1436 847 1533 885 nos
1558 873 1572 896 ,
1627 842 1909 902 peccantes

320 947 532 999 servos,
564 940 617 986 et
640 930 776 985 filios
804 928 1175 997 delinquentes
1205 941 1310 979 non
1358 925 1469 994 pari
1515 925 1774 995 supplicio
1800 925 1912 993 ple-

317 1024 672 1087 ctimus,cum
701 1020 933 1075 maxime
958 1018 1029 1071 illi
1060 1032 1245 1086 magna
1271 1025 1389 1070 sunt
1417 1032 1447 1070 a
1478 1017 1629 1071 nobis
1653 1016 1907 1071 beneficia

320 1112 656 1183 consequuti.
685 1111 817 1165 Nam
846 1109 890 1163 si
917 1109 961 1161 is
983 1107 1073 1177 qui
1104 1105 1405 1176 paradisum
1433 1106 1483 1158 in
1512 1114 1710 1159 sortem
1752 1120 1907 1159 acce-

319 1212 491 1275 pt-rat,
528 1202 673 1274 quod
698 1201 864 1256 semel
906 1208 1267 1269 transgressus
1289 1206 1432 1253 esset
1456 1239 1467 1259 ,
1495 1207 1635 1251 tanta
1663 1206 1781 1265 post
1810 1198 1908 1250 ho-

318 1313 506 1351 norem
536 1294 758 1365 pertulit
786 1294 921 1347 mala
947 1310 961 1358 ;
994 1307 1091 1345 nos
1117 1291 1206 1360 qui
1234 1291 1422 1344 caelum
1450 1289 1755 1357 accepimus
1786 1331 1801 1352 ,
1830 1298 1911 1342 at-

319 1405 425 1459 que
454 1387 726 1458 Unigeniti
757 1384 1050 1440 coheredes
1078 1383 1197 1436 facti
1222 1398 1439 1445 sumus,
1470 1396 1626 1450 quam
1656 1381 1911 1448 impetra-

322 1479 499 1533 bimus
529 1477 735 1532 veniam
762 1518 776 1541 ,
804 1476 849 1529 si
870 1475 936 1528 ad
965 1482 1265 1543 serpentem
1309 1472 1491 1525 relicta
1511 1470 1753 1525 columba
1783 1486 1908 1523 cur—

322 1568 544 1622 ramus?
570 1565 684 1621 Non
713 1567 853 1619 enim
883 1564 1018 1617 ultra
1047 1563 1345 1616 audiemus.
1378 1560 1531 1614 Terra
1557 1577 1627 1624 es,
1654 1569 1699 1614 et
1726 1560 1777 1612 in
1800 1568 1905 1611 ter-

321 1676 435 1713 ram
457 1660 715 1713 reverteris
742 1656 891 1730 (Gen.
938 1657 993 1711 5.
1026 1653 1139 1725 l9),
1172 1668 1342 1723 neque
1389 1651 1688 1722 Operaberis
1726 1661 1910 1705 terram

322 1753 477 1825 (Gen.
508 1754 562 1807 4.
597 1751 703 1823 12)
730 1793 745 1819 ,
776 1749 858 1805 vel
884 1749 985 1804 alia
1014 1748 1139 1803 olim
1166 1747 1328 1810 dicta,
1363 1745 1455 1799 sed
1482 1745 1642 1813 longe
1672 1745 1757 1797 his
1790 1758 1910 1813 gra-

324 1845 473 1899 viora
500 1885 515 1909 ,
546 1845 791 1899 tenebras
817 1841 1114 1897 exleriorcs
1137 1879 1152 1903 ,
1193 1836 1405 1890 vincula
1437 1834 1753 1899 insolubilia,
1787 1849 1909 1887 ver-

321 1952 462 1991 mem
484 1949 832 1996 venenosum,
860 1930 1141 1986 stridorem
1162 1927 1428 1986 dentium;
1451 1934 1506 1978 ct
1530 1924 1647 1993 jure
1669 1924 1907 1994 quidem.

321 2030 421 2099 Qui
448 2030 589 2091 enim
618 2043 717 2083 nec
746 2035 867 2096 post
894 2032 1097 2078 tantum
1127 2020 1444 2075 beneficium
1474 2018 1664 2072 melior
1678 2015 1867 2070 'evadit
1889 2057 1907 2081 ,

316 2122 437 2191 jure
464 2130 730 2176 extremas
773 2126 827 2171 et
864 2115 1206 2186 gravissimas
1250 2124 1436 2180 ptenas
1475 2109 1640 2163 dabit.
1688 2108 1910 2176 Aperuit

321 2214 450 2267 olim
491 2221 546 2266 et
569 2210 761 2265 clausit
790 2208 978 2263 cadum
1008 2206 1169 2269 Elias,
1201 2202 1296 2258 sed
1328 2202 1400 2256 ita
1441 2208 1500 2254 ut
1537 2200 1766 2269 pluviam
1812 2208 1904 2253 aut

320 2303 626 2358 demitteret
669 2311 760 2354 aut
790 2299 1046 2352 retineret
1074 2294 1148 2367 (5.
1183 2293 1309 2364 Reg.
1345 2292 1436 2362 Π)
1464 2309 1478 2344 :
1507 2291 1599 2346 tibi
1629 2305 1757 2344 vero
1801 2304 1906 2343 non

320 2396 393 2449 ita
424 2393 614 2448 cmlum
655 2390 894 2461 aperitur
919 2430 935 2456 ,
966 2387 1059 2443 sed
1092 2394 1146 2440 ut
1175 2385 1299 2439 illuc
1327 2381 1615 2446 ascendas;
1661 2380 1910 2451 quodque

321 2486 493 2556 majus
530 2493 648 2551 est,
696 2498 801 2537 non
848 2491 905 2535 ut
949 2478 1211 2534 ascendas
1257 2484 1461 2530 tantum
1488 2516 1503 2541 ,
1536 2473 1630 2528 sed
1676 2482 1734 2526 ut
1774 2472 1909 2526 alios

320 2579 484 2633 etiam
514 2586 689 2631 tecum
716 2574 902 2637 ducas,
934 2572 978 2627 si
1011 2570 1168 2634 velis,
1203 2576 1401 2622 tantam
1427 2564 1522 2619 tibi
1564 2565 1615 2619 in
1644 2563 1755 2617 suis
1786 2579 1911 2616 om.-

319 2669 479 2723 nibus
503 2666 750 2721 fiduciam
794 2672 848 2719 et
888 2668 1204 2732 potestatem
1247 2657 1411 2712 dedit.
1443 2655 1703 2721 Quoniam
1749 2654 1910 2723 igitur

319 2759 392 2815 ibi
421 2759 612 2814 domus
638 2765 818 2810 nostra
847 2764 946 2818 cst,
980 2752 1087 2806 illic
1107 2748 1285 2805 omnia
1311 2748 1664 2816 deponamus,
1692 2754 1746 2800 et
1776 2743 1906 2797 nihil

322 2851 410 2906 hic
438 2851 823 2917 relinquamus,
858 2862 924 2900 ne
954 2844 1042 2899 illa
1064 2842 1372 2915 perdamus.
1404 2839 1500 2893 llic
1527 2840 1669 2894 enim
1697 2835 1905 2891 etiamsi

318 2943 527 2997 clavem
552 2940 807 2995 adhibeas
834 2980 848 3001 ,
879 2946 932 2990 et
960 2944 1141 3005 portas
1167 2942 1222 2988 et
1246 2943 1456 2997 vectes,
1486 2932 1530 2984 si
1555 2930 1702 2984 mille
1724 2943 1907 2982 servos

317 3034 476 3087 sistas
500 3074 514 3099 ,
562 3040 617 3084 et
652 3029 988 3083 insidiatores
1016 3039 1206 3081 omnes
1234 3023 1471 3077 declines
1490 3063 1505 3087 ,
1535 3022 1741 3076 etiamsi
1774 3021 1908 3074 invi~

317 3124 509 3177 dorum
539 3121 724 3176 oculos
752 3118 994 3187 effugias,
1023 3116 1123 3170 etsi
1153 3116 1343 3178 tineas,
1372 3113 1582 3168 etiamsi
1615 3112 1905 3181 perniciem

323 3228 481 3282 quam
510 3221 751 3266 vetustas
771 3208 928 3262 affert
955 3249 970 3272 ,
1003 3205 1142 3276 quod
1173 3216 1347 3259 tamen
1380 3203 1494 3257 fieri
1527 3202 1729 3272 nequit,
1758 3218 1904 3254 inor-

318 3314 427 3357 tem
455 3311 600 3356 certe
631 3314 735 3355 non
767 3298 988 3367 effugies
1012 3339 1026 3361 ,
1073 3311 1285 3365 unoque
1337 3294 1591 3363 temporis
1632 3301 1905 3346 momento

327 3394 443 3448 haec
470 3392 649 3446 omnia
695 3389 1002 3444 auferentur
1032 3405 1046 3442 :
1092 3401 1192 3441 nec
1224 3384 1383 3440 modo
1411 3384 1757 3444 auferentur,
1810 3383 1902 3437 sed

317 3487 479 3542 etiam
525 3500 667 3554 smpe
699 3484 750 3537 in
780 3497 968 3537 manus
997 3480 1335 3534 inimicorum
1370 3477 1662 3531 tradentur.
1691 3476 1746 3530 Si
1775 3491 1904 3530 vero

316 3580 371 3633 in
398 3577 615 3631 domum
656 3574 799 3629 illam
842 3573 1204 3631 transmittas,
1240 3568 1488 3622 omnibus
1536 3566 1617 3620 his
1658 3566 1903 3634 superior

315 3670 445 3723 eris.
486 3667 667 3736 Neque
692 3666 833 3721 enim
864 3664 1043 3718 claves
1068 3701 1082 3724 ,
1124 3660 1209 3714 vel
1250 3670 1451 3728 portas,
1486 3658 1566 3712 vel
1594 3667 1773 3711 vectes
1801 3655 1899 3709 ad-

318 3759 503 3813 bibere
532 3765 782 3826 oportet;
826 3769 993 3821 usque
1034 3752 1169 3806 adeo
1195 3750 1397 3804 munita
1436 3759 1519 3802 est
1560 3749 1647 3803 illa
1676 3748 1862 3801 civitas
1884 3789 1897 3812 ,

318 3861 425 3905 tam
458 3846 891 3917 inexpugnabilis
918 3845 1087 3907 locus,
1112 3850 1217 3896 tam
1244 3840 1550 3895 inaccessus
1573 3837 1898 3907 corruptioni

312 3953 368 3997 ct
394 3939 731 4010 malignitati.

382 4031 436 4086 5.
478 4032 670 4083 Annon
715 4034 968 4082 extrema:
1008 4022 1290 4077 dementiae
1316 4031 1433 4081 est,
1467 4020 1538 4073 ibi
1583 4021 1761 4074 omnia
1802 4033 1891 4073 ac-

312 4121 585 4175 cumulare
608 4121 696 4173 ubi
726 4117 970 4187 deposita
998 4122 1223 4184 pereunt
1260 4122 1313 4168 ct
1334 4121 1771 4182 corrumpuntur,
1804 4111 1895 4166 ubi

310 4230 442 4268 vero
487 4215 687 4266 intacta
736 4218 955 4265 manent
1001 4217 1056 4263 et
1080 4216 1376 4276 augentur,
1410 4205 1479 4259 ibi
1509 4220 1579 4259 ne
1622 4204 1894 4259 minimam

309 4322 495 4361 corum
529 4314 738 4375 partem
766 4304 1069 4371 deponere,
1099 4314 1219 4352 cum
1249 4298 1481 4351 maxime
1526 4297 1595 4351 ibi
1626 4297 1742 4351 sine
1787 4296 1893 4350 fine

310 4398 502 4451 victuri
558 4393 766 4448 simus?
811 4392 934 4445 lthO
975 4389 1203 4459 gentiles
1253 4386 1408 4439 fidem
1442 4394 1640 4456 negant
1686 4387 1751 4439 iis
1777 4400 1894 4453 qum

319 4488 549 4543 dicimus
582 4503 595 4539 :
626 4501 745 4538 nam
776 4499 841 4539 ex
892 4481 1077 4544 factis,
1112 4495 1217 4533 non
1248 4497 1313 4534 ex
1354 4477 1509 4531 dictis
1554 4476 1893 4531 demonstra-

1038 266 1094 322 S.
1136 266 1414 324 JOANNIS
1448 265 1925 327 CHRYSOSTOMI
1962 268 2279 329 ARCHIEP.
2320 273 2856 331 CONSTANTINOP.

3488 280 3596 335 208

2015 382 2217 439 tionem
2260 399 2290 438 a
2341 386 2496 441 nobis
2526 387 2745 457 exigunt
2778 405 2789 441 :
2817 404 2880 443 ae
2908 403 3029 443 cum
3082 390 3264 446 vident
3308 408 3408 449 nos
3452 396 3598 451 ardes

2014 483 2290 530 exstruere
2314 476 2648 546 splendidas,
2679 479 2864 535 hortos
2890 490 2945 535 et
2973 482 3161 537 balnea
3186 500 3377 552 parare
3398 529 3411 551 ,
3441 502 3596 558 agros

2016 581 2215 630 emere,
2248 567 2433 622 nolunt
2470 569 2697 625 credere
2743 586 2840 625 nos
2869 573 3166 641 profectum
3200 575 3251 630 in
3279 576 3441 630 aliam
3470 578 3593 632 civi-

2016 664 2177 711 tatem
2210 672 2420 727 parare.
2466 659 2597 715 Nam
2644 662 2687 716 si
2739 663 2808 716 ita
2851 672 3025 727 esset,
3060 666 3242 731 aiunt,
3270 668 3447 721 omnia
3481 684 3601 739 qua.-

2017 744 2105 801 hic
2130 745 2330 803 habent
2361 751 2412 803 in
2455 761 2732 821 argentum
2780 763 3137 820 commutata,
3187 758 3293 812 illic
3330 759 3601 828 deponere

2018 850 2431 906 praeverterent;
2478 844 2942 916 conjecturamque
2988 847 3189 903 ducunt
3229 864 3295 905 ex
3346 852 3446 917 iis,
3482 869 3615 923 qua).

2018 929 2105 985 hic
2133 931 2247 986 fieri
2293 934 2490 988 solent.
2518 934 2896 1003 Opulentiores
2920 939 3115 1009 quippe
3141 941 3384 997 videmus
3416 943 3467 997 in
3493 943 3599 998 illis

2016 1022 2250 1077 maxime
2270 1023 2490 1078 urbibus
2520 1024 2709 1080 domos
2728 1068 2743 1092 ,
2789 1042 2949 1098 agros
2968 1068 2983 1091 ,
3009 1030 3217 1100 aliaque
3241 1033 3418 1086 omnia
3447 1048 3597 1088 eom-

2018 1129 2207 1183 parare
2232 1153 2245 1178 ,
2274 1115 2326 1169 in
2349 1117 2540 1186 quibus
2584 1119 2742 1174 sedes
2771 1122 2989 1188 posituri
3024 1132 3149 1177 sunt
3176 1138 3190 1176 :
3221 1124 3316 1178 sed
3344 1140 3443 1178 nos
3465 1140 3599 1181 con-

2018 1214 2097 1261 tra
2122 1206 2365 1273 facimus,
2392 1221 2609 1275 terram,
2633 1228 2789 1282 quam
2821 1214 3099 1283 paulopost
3120 1216 3358 1271 relicturi
3387 1232 3596 1283 sumus,

2018 1312 2210 1366 magno
2233 1313 2353 1353 cum
2382 1300 2560 1354 studio
2584 1303 2920 1370 possidemus
2937 1346 2951 1368 ,
2981 1320 3081 1361 nec
3124 1308 3376 1374 pecunias
3402 1309 3561 1365 modo
3580 1350 3596 1374 ,

2017 1386 2111 1441 sed
2160 1390 2472 1458 sanguinem
2499 1394 2659 1446 etiam
2705 1410 2803 1462 pro
2833 1396 3014 1464 paucis
3060 1407 3220 1453 terra:
3244 1398 3520 1470 iugeribus
3546 1409 3600 1456 et

2016 1476 2263 1532 domibus
2289 1480 2593 1547 fundimus;
2624 1484 2690 1538 ad
2718 1486 2907 1540 caalum
2934 1503 3061 1542 vero
3084 1490 3500 1559 comparandum
3526 1505 3597 1547 ne

2017 1573 2283 1641 superflua
2333 1575 2550 1645 quidem
2597 1594 2821 1649 erogare
2874 1581 3149 1646 volumus,
3204 1584 3413 1639 etiamsi
3468 1585 3596 1640 illud

2018 1677 2187 1732 parvo
2215 1666 2387 1735 pretio
2416 1676 2625 1722 ematur
2649 1710 2663 1733 ,
2689 1678 2744 1724 et
2792 1671 2845 1724 in
2892 1672 3277 1740 sempiternum
3326 1676 3599 1744 possidea-

2019 1766 2121 1821 tur,
2148 1760 2193 1813 si
2214 1775 2476 1817 emamus.
2509 1762 2795 1832 Propterea
2823 1775 3094 1820 extremas
3117 1766 3363 1822 dabimus
3389 1786 3597 1839 pmnas,

2014 1865 2135 1905 cum
2163 1850 2288 1907 nudi
2317 1863 2370 1908 et
2392 1868 2651 1923 pauperes
2672 1871 2736 1910 eo
2765 1856 3127 1926 migrabimus;
3158 1858 3267 1913 imo
3292 1861 3470 1929 potius
3491 1877 3598 1917 non

2015 1942 2085 1997 ob
2112 1952 2476 2015 paupertatem
2507 1955 2765 2012 nostram,
2794 1947 2887 2002 sed
2916 1949 3057 2018 quod
3088 1949 3221 2005 alios
3249 1949 3301 2004 in
3330 1953 3467 2005 hanc
3495 1953 3599 2007 mi-

2014 2036 2206 2091 seriam
2236 2037 2648 2106 conjeccrintus,
2681 2038 2998 2093 intolerabili
3032 2041 3319 2095 calamitati
3346 2042 3599 2112 subjicie-

2016 2144 2155 2181 mur.
2184 2128 2314 2182 Nam
2360 2144 2481 2182 cum
2525 2130 2755 2199 gentiles
2800 2131 3015 2186 videant
3038 2131 3123 2187 his
3170 2134 3363 2189 studiis
3391 2135 3599 2192 deditos

2017 2220 2177 2275 tantis
2206 2219 2307 2274 frui
2338 2221 2608 2290 mysteriis
2637 2238 2651 2274 :
2683 2221 2852 2276 multo
2896 2224 3066 2294 magis
3092 2234 3148 2279 et
3195 2225 3292 2294 ipsi
3326 2229 3600 2295 praesenti-

2015 2310 2115 2364 bus
2141 2312 2300 2366 rebus
2339 2312 2670 2377 addicentur,
2721 2313 2989 2382 ingentem
3033 2315 3207 2384 ignem
3240 2330 3399 2385 supra
3444 2326 3599 2385 caput

2017 2412 2259 2458 nostrum
2287 2404 2705 2458 accumulantes.
2750 2403 2882 2459 Cum
2915 2407 3055 2459 enim
3084 2422 3205 2472 nos,
3240 2408 3329 2476 qui
3360 2423 3598 2476 pratsen-

2016 2492 2149 2547 tium
2173 2508 2351 2547 rerum
2395 2503 2765 2562 contemptum
2812 2494 2933 2549 illos
2958 2496 3151 2550 docere
3176 2497 3458 2563 debemus,
3488 2512 3600 2552 ma-

2020 2584 2165 2639 xime
2191 2584 2428 2638 omnium
2463 2584 2672 2639 illarum
2705 2586 2756 2639 in
2788 2586 2868 2641 eis
2892 2585 3237 2655 cupiditatem
3265 2589 3561 2643 excitemus
3582 2630 3597 2653 ,

2014 2674 2282 2742 quomodo
2325 2675 2550 2729 salutem
2594 2675 2845 2743 consequi
2891 2676 3200 2742 poterimus,
3246 2677 3337 2748 qui
3377 2678 3599 2732 aliorum

2018 2766 2269 2836 perniciei
2317 2782 2503 2836 paruas
2554 2769 2734 2823 subire
2763 2769 3092 2825 debeamus?
3120 2770 3235 2825 Non
3262 2772 3419 2827 audis
3448 2772 3600 2828 Chri-

2015 2866 2156 2909 stum
2181 2857 2449 2912 dicentcm
2469 2898 2483 2922 ,
2515 2873 2573 2913 se
2601 2875 2699 2928 pro
2727 2860 2840 2915 sale
2868 2870 2921 2915 et
2968 2862 3302 2931 lampadibus
3340 2879 3439 2919 nos
3471 2865 3601 2919 reli-

2015 2948 2197 3016 quisse
2227 2948 2280 3001 in
2331 2950 2433 3003 hoc
2479 2951 2678 3005 mundo
2699 2992 2714 3015 ,
2748 2961 2805 3005 ut
2834 2954 3107 3022 voluptate
3133 2954 3439 3011 difﬂuentes
3469 2972 3598 3011 con-

2015 3038 2340 3107 slringamus
2359 3082 2372 3103 ,
2402 3050 2455 3095 et
2488 3042 2725 3109 pecuniae
2756 3043 2946 3097 studiis
2989 3045 3368 3100 obtenebratos
3396 3047 3597 3103 illumio

2016 3130 2246 3184 nemus?
2277 3130 2330 3185 Si
2360 3145 2490 3201 ergo
2521 3132 2641 3186 illos
2667 3134 2835 3203 magis
2860 3134 2911 3188 in
2945 3137 3196 3191 tenebras
3224 3139 3599 3208 conjiciamus,

2015 3230 2069 3274 et
2096 3222 2372 3277 molliores
2398 3224 2706 3293 reddamus,
2735 3241 2857 3294 qua:
2888 3227 3041 3281 nobis
3085 3243 3209 3299 spes
3240 3230 3430 3285 salutis
3455 3232 3600 3286 erit?

2012 3311 2209 3366 Nulla:
2238 3313 2330 3367 sed
2377 3313 2644 3382 ejulantes
2684 3325 2740 3370 et
2776 3316 3025 3372 dentibus
3069 3318 3376 3386 stridentes,
3429 3321 3600 3391 ligatis

2014 3406 2238 3479 pedibus
2265 3407 2620 3476 manibusque
2647 3408 2699 3462 in
2729 3408 2991 3478 gehennae
3019 3410 3193 3472 ignem
3225 3414 3596 3481 eonjiciemur,

2011 3509 2291 3569 postquam
2314 3499 2619 3553 divitiarum
2641 3501 2946 3555 sollicitudo
2974 3516 3072 3555 nos
3093 3502 3251 3571 plane
3280 3504 3595 3560 confecerit.

2010 3593 2137 3647 Hmc
2178 3593 2357 3662 itaque
2385 3592 2681 3662 cogitantes
2704 3632 2719 3656 ,
2745 3594 2924 3646 omnia
2969 3594 3091 3648 talis
3133 3595 3357 3651 fallacia:
3388 3598 3597 3651 vincula

2010 3685 2310 3746 solvamus,
2349 3699 2416 3737 ne
2444 3684 2494 3736 in
2526 3683 2613 3736 illa
2639 3681 2939 3737 incidamus
2962 3700 3083 3754 quae
3110 3685 3217 3754 igni
3244 3686 3599 3755 inexstingui-

2010 3777 2100 3831 bili
2129 3792 2227 3833 nos
2255 3776 2507 3831 traditura
2530 3785 2672 3831 sunt.
2711 3773 2843 3829 Nam
2873 3778 2960 3847 qui
2991 3778 3191 3832 divitiis
3217 3779 3403 3843 servit,
3424 3789 3478 3834 et
3503 3795 3598 3834 ea-

2010 3871 2148 3926 tents
2174 3870 2280 3936 hic,
2297 3880 2353 3927 et
2379 3872 2585 3927 catenis
2611 3873 2719 3928 illic
2737 3881 2991 3942 perpetuo
3016 3871 3305 3926 adstrictus
3327 3871 3431 3926 erit
3459 3893 3473 3926 :
3503 3873 3594 3942 qui

2006 3973 2184 4019 autem
2230 3964 2300 4020 ab
2325 3964 2424 4019 hac
2462 3964 2754 4034 cupiditate
2794 3964 2929 4019 liber
2948 3971 3061 4027 est,
3096 3970 3321 4032 utraque
3350 3962 3597 4018 libertate

2009 4061 2241 4131 potietur
2268 4079 2282 4115 :
2311 4075 2467 4129 quam
2497 4069 2557 4115 ut
2587 4075 2683 4115 nos
2710 4075 2924 4131 quoque
2954 4074 3326 4129 assequamur,
3358 4058 3595 4112 contrito

2006 4152 2154 4222 gravi
2183 4152 2277 4207 illo
2302 4152 2540 4206 avaritia:
2563 4151 2692 4222 jugo
2713 4192 2727 4215 ,
2756 4151 2823 4205 ad
2853 4152 3043 4205 caelum
3090 4150 3343 4204 advolare
3364 4157 3592 4203 conten-

2004 4248 2229 4313 damus,
2281 4246 2452 4316 gratia
2504 4254 2559 4300 et
2609 4244 2936 4315 benignitate
2985 4244 3192 4297 Domini
3247 4242 3416 4297 nostri
3464 4240 3591 4295 Jesu

2003 4337 2199 4392 Christi
2219 4380 2234 4406 ,
2260 4338 2343 4392 cui
2366 4338 2532 4408 gloria
2564 4346 2615 4409 et
2644 4336 2924 4405 imperium
2951 4335 3005 4389 in
3033 4336 3227 4389 smcula
3250 4334 3589 4389 saeculorum.

2004 4431 2196 4483 Amen.

307 4596 3585 4646 ________________._______..______.______.___..___.

1662 4724 2010 4786 HOMILIA
2054 4722 2231 4783 XIII.

297 4883 429 4938 CAP.
459 4881 514 4935 ι.
542 4895 592 4932 v.
628 4880 677 4933 Ι.
711 4877 849 4931 Tum:
872 4876 1023 4931 Jews
1049 4875 1230 4928 ductus
1258 4882 1328 4927 est
1356 4871 1411 4925 in
1434 4869 1682 4924 desertum
1704 4885 1737 4921 a
1765 4866 1888 4936 Spi-

685 4972 786 5025 ritu
804 5012 819 5031 ,
847 4980 899 5022 ut
926 4978 1200 5023 tentaretur
1219 4983 1249 5019 α
1279 4963 1502 5019 diabolo.

367 5066 421 5119 1.
455 5062 557 5120 Cur
584 5062 815 5116 Christus
841 5060 1021 5114 tentari
1040 5069 1086 5112 et
1103 5058 1343 5129 jeiunare
1364 5054 1596 5110 voluerit.
1620 5051 1885 5107 Tentatio-

297 5158 375 5209 m’s
423 5159 645 5225 fructus.
678 5151 1077 5221 lntemperantia
1122 5150 1356 5204 vitiorum
1402 5146 1575 5200 radix.
1603 5143 1881 5205 —Tuuc;

296 5247 682 5318 quandonam?
711 5255 832 5316 post
870 5245 1189 5300 descensum
1236 5243 1383 5296 illum
1425 5240 1655 5310 Spiritus
1676 5239 1881 5302 sancti,

298 5352 419 5411 post
446 5357 632 5397 vocem
664 5341 808 5394 illam
840 5324 1074 5409 superne
1097 5337 1327 5390 delatam
1359 5343 1415 5389 et
1438 5333 1703 5388 dicentem
1734 5350 1747 5385 :
1782 5330 1883 5383 llic

294 5443 367 5487 est
396 5432 560 5487 Filius
586 5449 718 5487 mra:
748 5431 982 5495 dilectus,
1011 5430 1063 5482 in
1084 5445 1181 5499 quo
1210 5427 1333 5480 mihi
1354 5424 1640 5494 complacui
1661 5423 1877 5496 (Matth.

296 5526 350 5583 5.
386 5526 491 5588 l7).
520 5524 783 5592 Quodque
826 5523 1018 5577 mirum
1051 5528 1165 5583 cst,
1212 5534 1240 5572 a
1287 5518 1490 5588 Spiritu
1536 5524 1762 5570 sancto:
1796 5514 1879 5568 hic

294 5614 440 5669 enim
465 5615 637 5684 ipsum
692 5613 912 5667 adduxit
960 5611 1106 5665 illuc.
1136 5609 1269 5673 Quia
1312 5607 1454 5663 enim
1484 5604 1662 5659 omnia
1694 5602 1757 5658 ad
1787 5604 1878 5655 do-

292 5703 523 5763 ccndum
551 5718 648 5759 nos
674 5703 796 5758 fecit
822 5711 878 5758 et
903 5715 1093 5771 passus
1119 5707 1203 5754 est
1224 5738 1237 5763 ,
1267 5697 1395 5752 illuc
1415 5695 1645 5761 adduci,
1672 5703 1727 5750 et
1751 5710 1871 5750 cum

2001 4861 2219 4919 diabolo
2247 4874 2477 4930 pugnam
2503 4860 2843 4913 committere
2874 4856 3078 4921 voluit,
3120 4866 3178 4911 ut
3215 4855 3586 4925 unusquisque

1998 4955 2385 5025 baptizatortnn
2406 4993 2422 5019 ,
2454 4952 2498 5006 si
2548 4962 2669 5019 post
2709 4950 3031 5019 baptismum
3064 4948 3295 5017 majores
3316 4948 3583 5003 sustineat

1997 5047 2334 5109 tentationes,
2363 5059 2431 5098 ne
2479 5043 2754 5108 turbetur,
2786 5041 2938 5110 quasi
2982 5040 3308 5109 insperatam
3337 5053 3448 5093 rem
3481 5052 3579 5091 ex-

1996 5147 2196 5208 pertus,
2228 5136 2320 5191 sed
2350 5146 2561 5189 maneat
2604 5135 2810 5188 fortiter
2836 5132 3015 5186 omnia
3061 5130 3239 5185 ferens
3258 5172 3273 5195 ,
3301 5139 3486 5199 utpote
3518 5143 3579 5181 re

1992 5227 2282 5285 secundum
2309 5234 2507 5282 rectam
2536 5224 2729 5279 seriem
2757 5222 3054 5278 accidente.
3103 5220 3315 5276 Etenim
3344 5220 3465 5276 ideo
3490 5236 3579 5274 ar-

1992 5336 2075 5376 ma
2104 5320 2392 5388 accepisti;
2446 5333 2549 5371 non
2578 5327 2635 5370 ut
2681 5315 2888 5379 otieris,
2929 5313 3022 5369 sed
3070 5327 3292 5383 pugnes.
3337 5310 3461 5367 Ideo
3494 5312 3576 5365 in-

1988 5420 2240 5483 gruentes
2276 5410 2597 5464 tentaliones
2624 5422 2729 5461 non
2760 5405 2983 5475 impedit
3026 5405 3165 5459 Deus
3198 5420 3211 5458 :
3244 5402 3416 5472 primo
3457 5402 3575 5471 qui-

1986 5507 2109 5561 dem
2140 5514 2198 5559 ut
2221 5503 2399 5558 discas
2430 5511 2481 5557 te
2506 5501 2674 5556 multo
2698 5500 2971 5553 fortiorem
3012 5495 3243 5561 factum;
3273 5493 3469 5549 deinde
3509 5502 3571 5547 ut

1989 5598 2265 5653 moderate
2291 5595 2503 5665 sapias,
2553 5607 2729 5661 neque
2770 5590 3033 5645 donorum
3073 5583 3443 5657 magnitudine
3471 5598 3566 5637 cx-

1986 5691 2211 5759 tollaris,
2241 5703 2362 5745 cum
2386 5695 2436 5743 te
2466 5687 2790 5742 tentationes
2820 5682 3144 5752 reprimant;
3173 5678 3239 5735 ad
3271 5678 3385 5735 btcc
3415 5690 3566 5740 vero,
