4084 6210
558 229 663 283 207

560 340 974 409 ἀπολαύσωμεν.
1001 336 1269 392 Τοιούτων
1299 339 1478 393 τοίνυν
1505 341 1715 411 μέλλων
1740 342 1988 413 μετέχειν
2008 345 2146 412 ἀγα-

563 427 694 488 θῶν,
729 425 1022 496 χρημάτων
1051 440 1141 492 μοι
1175 424 1471 496 μέμνησαι,
1499 428 1593 480 καὶ
1621 431 1721 498 τῆς
1749 428 1983 482 ἐνταῦθα
2013 446 2146 498 φαν-

563 511 754 568 τασίας
781 507 976 578 ἀντέχῃ
1000 522 1014 570 ;
1040 505 1135 559 καὶ
1174 507 1238 558 οὐ
1275 507 1521 578 νομίζεις
1550 509 1766 563 ᾶπαντα
1789 510 1857 563 τά
1887 509 2143 582 ὁρώμενα

553 594 669 643 τῶν
705 590 796 643 τοῦ
839 588 1261 660 προσαιτοῦντος
1308 591 1515 661 ῥακίων
1559 592 1920 664 εὐτελέστερα
1963 589 2139 656 εῖναιξ

562 673 666 725 Καὶ
698 669 812 734 πῶς
867 671 1017 737 ἄξιος
1045 673 1263 744 φανήσῃ
1293 672 1496 744 ταύτης
1529 674 1627 742 τῆς
1659 674 1858 745 τιμῆς;
1901 676 2061 729 ποίαν
2084 675 2143 728 δὲ

558 757 699 818 ἕξεις
744 754 1043 824 ἀπολογίαν
1074 757 1268 816 εἰπεῖν,
1311 756 1511 826 μᾶλλον
1541 756 1599 809 δὲ
1643 759 1805 810 ποίαν
1848 759 1907 810 οὐ
1951 757 2142 823 δώσεις

554 836 729 908 δίκην,
760 839 900 910 μετά
926 839 1194 908 τοσαύτην
1209 839 1417 911 δωρεὰν
1440 840 1533 893 ἐπὶ
1548 831 1637 894 τὸν
1659 841 1922 913 πρότερον
1948 841 2140 912 ἐμετδν

552 921 800 990 τρέχων;
831 922 1030 974 Οὐκέτι
1062 921 1170 992 γάρ
1213 921 1288 984 ώς
1329 922 1614 994 ἄνθρωπος
1662 925 1866 988 ἁπλῶς,
1911 925 2026 979 ἀλλ’
2064 927 2141 988 ώς

552 1003 669 1067 υίὸς
702 1002 842 1057 Θεοῦ
881 1003 1143 1074 ἁμαρτὼν
1177 1005 1403 1076 κολάζῃ,
1461 1008 1554 1060 καὶ
1591 1008 1801 1076 γίνεταί
1836 1025 1916 1061 σοι
1947 1009 2007 1062 τὸ
2042 1010 2140 1080 τῆς

550 1087 721 1155 τιμῆς
751 1088 979 1157 μέγεθος
1021 1089 1230 1157 ἐφόδιον
1263 1091 1529 1161 τιμωρίας
1572 1092 1834 1161 μείζονος.
1881 1094 1990 1147 Καὶ
2030 1094 2139 1164 γὰρ

552 1169 646 1220 καὶ
665 1170 826 1238 ἡμεῖς
845 1173 942 1239 οὐχ
961 1171 1160 1240 ὁμοίως
1186 1171 1404 1236 δούλους
1421 1174 1856 1246 ἁμαρτάνοντας,
1880 1177 1974 1228 καὶ
1990 1176 2139 1238 υἰοῦς

551 1251 766 1305 τὺίαύτὸ
786 1252 1241 1323 πλημμελοῦντας
1270 1254 1570 1326 κολάζομεν
1597 1274 1612 1288 ο
1642 1258 1735 1311 καί¹
1756 1258 1992 1328 μάλιστα
2011 1259 2137 1311 ὅταν

553 1335 764 1404 μεγάλα
796 1336 924 1406 παρ’
957 1337 1116 1408 ἡμῶν
1143 1339 1568 1411 εὐεργετημένοι
1601 1342 1622 1373 ⁸
1653 1341 1912 1412 τύχωσιν.
1939 1343 2002 1394 ΕΞ
2030 1342 2138 1414 γάρ

547 1419 576 1469 ὀ
596 1419 924 1488 παράδεισον
937 1419 1118 1489 λαχὼν
1147 1419 1318 1491 [I66],
1333 1421 1422 1476 διά
1449 1423 1578 1492 μίαν
1601 1423 1884 1494 παρακοήν
1903 1423 2139 1477 τοσαῦτα

551 1501 690 1568 μετά
721 1502 820 1563 τὴν
853 1502 1016 1572 τιμὴν
1041 1502 1250 1572 ὑπέστη
1279 1504 1432 1557 δεινά
1449 1520 1463 1533 ⁸
1487 1505 1536 1557 οἰ
1565 1505 1656 1558 τὸν
1688 1506 1912 1577 οὐρανὸν
1935 1506 2138 1560 ἀπολα-

549 1582 734 1644 ϐόντες
767 1585 948 1653 ἡμεῖς,
982 1585 1080 1636 καὶ
1102 1583 1179 1654 τῷ
1202 1586 1498 1653 Μονογενεῖ
1527 1587 1806 1658 γενόμενοι
1834 1587 2039 1657 συγκλη
2050 1605 2139 1658 ρο-

547 1662 724 1732 νόμοι,
772 1665 895 1717 τίνα
937 1664 1129 1735 ἕξομεν
1179 1667 1530 1738 συγγνώμην,
1582 1669 1660 1739 τῷ
1697 1670 1817 1738 ὄφει
1861 1669 2000 1740 μετά
2041 1671 2140 1740 τὴν

548 1747 878 1818 περιστεράν
907 1749 1367 1820 προστρέχοντες;
1412 1751 1608 1804 Οὐκέτι
1643 1751 1772 1823 γὰρ,
1810 1751 1901 1819 Γῆ
1930 1753 2003 1818 εἴ,
2037 1754 2136 1806 καί

546 1829 636 1894 εις
657 1827 775 1897 γῆν
800 1830 1134 1898 ἀπελεύσῃ,
1160 1830 1272 1898 καὶ,
1303 1831 1480 1901 Ἐργᾷ
1503 1833 1619 1900 τὴν
1640 1833 1774 1902 γῆν,
1797 1835 1890 1888 καὶ
1913 1835 1978 1888 τά
2006 1835 2138 1905 πρό-

546 1926 682 1981 τερα
697 1911 1043 1982 ἀκουσόμεθα
1075 1916 1278 1975 ἐκεῖνα,
1310 1913 1447 1967 ἀλλά
1462 1915 1529 1969 τὰ
1551 1915 1730 1986 πολλῷ
1747 1916 1950 1970 τούτων
1976 1917 2132 1987 χαλε-

546 1993 788 2065 πώτερα.
821 1997 881 2048 τὸ
919 1997 1109 2059 σκότος
1145 1997 1205 2049 τὸ
1236 1995 1518 2072 ἐξώτερον,
1551 1999 1620 2051 τὰ
1646 1999 1822 2069 δεσμά
1847 1999 1917 2052 τά
1939 2001 2131 2065 ἄλυτα,

545 2077 635 2128 τὸν
659 2076 916 2147 σκώληκα
953 2080 1044 2131 τὸν
1077 2079 1302 2145 ἰοϐόλον,
1333 2080 1425 2133 τὸν
1454 2080 1698 2152 βρυγμὸν
1735 2081 1844 2135 τῶν
1871 2083 2127 2136 ὀδόντων·

545 2158 640 2210 καὶ
672 2159 818 2227 μάλα
849 2161 1092 2224 εἰκότως.
1144 2161 1202 2214 Ὀ
1248 2161 1358 2233 γὰρ
1389 2163 1522 2232 μηδὲ
1566 2163 1858 2236 εὐεργεσίᾳ
1895 2165 2132 2239 τοσαύτῃ

543 2242 830 2311 γενόμενος
859 2243 1104 2312 βελτίων,
1134 2245 1354 2309 δικαίως
1385 2247 1454 2300 ἂν
1471 2246 1569 2318 τὴν
1595 2248 1833 2318 ἐσχάτην
1853 2249 1948 2302 καὶ
1975 2250 2133 2319 χαλε-

540 2327 792 2397 πωτέραν
828 2325 938 2397 δῴη
977 2329 997 2358 ³
1028 2328 1204 2398 δίκην.
1248 2330 1465 2395 Ἤνοιξέ
1503 2335 1634 2384 ποτε
1665 2333 1759 2386 καὶ
1790 2333 2000 2386 ἔκλεισε
2039 2334 2130 2386 τὸν

539 2408 764 2476 οὐρανὸν
810 2409 1017 2474 Ἠλίας,
1060 2411 1176 2464 ἀλλ’
1221 2411 1360 2467 ὥστε
1415 2415 1568 2467 ὑετὸν
1611 2419 1958 2484 κατενεγκεῖν
1988 2416 2011 2448 ⁸
2035 2419 2130 2470 καὶ

537 2492 883 2546 ἀναστεῖλαι·
923 2495 1008 2547 σοὶ
1047 2495 1104 2548 δὲ
1151 2495 1250 2565 οὐχ
1278 2496 1453 2561 οὕτως
1498 2499 1774 2567 ἀνοίγεται
1813 2503 1841 2552 ό
1877 2500 2126 2572 οὐρανὸς,

537 2574 652 2629 ἀλλ’
689 2576 829 2629 ὥστε
855 2576 1122 2647 ἀναϐῆναί
1155 2580 1400 2632 σε-ἐκεῖο
1437 2581 1532 2633 καὶ
1574 2582 1635 2635 τὸ
1674 2583 1738 2653 δὴ
1775 2581 1978 2652 μεῖζον,
2030 2584 2128 2654 οὐχ

537 2658 676 2712 ὥστε
702 2660 988 2729 ἀναϐῆναι,
1023 2661 1138 2714 ἀλλ’
1166 2661 1306 2714 ὥστε
1331 2663 1425 2715 καὶ
1465 2664 1686 2734 ἐτέρους
1720 2667 2036 2734 ἀναγαγεῖν,
2077 2668 2125 2720 εἰ

540 2741 561 2772 ⁸
593 2740 945 2813 βουληθείης*
975 2743 1242 2815 τοσαύτην
1281 2762 1363 2798 σοι
1410 2748 1717 2816 παρρησίαν
1751 2754 1844 2801 καὶ
1877 2748 2125 2813 ἐξουσίαν

538 2827 596 2878 ἐν
619 2827 732 2888 τοῖς
759 2826 950 2879 ἑαυτοῦ
985 2827 1184 2880 ἔδωκεν
1211 2829 1432 2882 ἆπασιν.
1479 2830 1630 2883 Ἐπεὶ
1657 2827 1748 2884 οῦν
1769 2833 1887 2886 ἐκεῖ
1905 2833 2060 2904 ἡμῶν
2089 2836 2124 2906 ἡ

537 2907 702 2967 οἰκία,
744 2909 864 2961 ἐκεῖ
909 2909 1087 2962 πάντα
1130 2911 1485 2981 ἀποθώμεθα,
1539 2914 1634 2966 καὶ
1672 2914 1838 2984 μηδὲν
1893 2916 2125 2972 ἐνταῦθα

535 2989 926 3060 καταλίπωμεν
958 2993 1001 3057 ⁸,
1033 2992 1121 3046 ἴνα
1156 2993 1230 3064 μὴ
1261 2995 1399 3047 αύτά
1427 2995 1799 3066 ἀπολέσωμεν.
1859 2997 2123 3052 Ἐνταῦθα

540 3073 639 3142 μὲν
661 3072 770 3143 γὰρ
805 3074 907 3126 κᾶν
947 3074 1096 3128 κλεῖν
1127 3075 1342 3147 ἐπιθῇς,
1376 3078 1480 3131 κᾶν
1511 3077 1682 3149 θύρας
1728 3080 1823 3133 καὶ
1872 3081 2120 3151 μοχλοὺς,

536 3157 644 3209 κᾶν
690 3158 922 3227 μυρίους
951 3160 1255 3231 ἐπιστήσῃς
1291 3161 1530 3223 οἰκέτας,
1580 3162 1674 3214 καί
1721 3163 1937 3216 πάντων
1965 3182 2122 3235 περι-

535 3239 667 3311 γένῃ
704 3241 813 3294 τῶν
841 3240 1186 3310 κακούργων.
1217 3243 1321 3296 κάν
1345 3244 1363 3273 ⁷
1394 3244 1520 3306 τοὺς
1551 3243 1660 3296 τῶν
1694 3243 1979 3314 βασκάνων
2005 3247 2120 3302 δια-

536 3324 716 3395 φύγῃς
755 3324 1092 3393 ὀφθαλμοὺς,
1122 3325 1225 3379 κᾶν
1247 3327 1373 3390 τοὺς
1403 3327 1590 3396 σῆτας,
1614 3328 1718 3381 κᾶν
1750 3328 1848 3400 τὴν
1892 3330 2001 3383 ἀπὸ
2026 3331 2121 3385 τοῦ

535 3407 729 3477 χρόνου
754 3407 1047 3476 γινομένην
1078 3407 1377 3466 ἀπώλειαν.
1399 3409 1533 3480 ὅπερ
1560 3410 1846 3477 ἀδύνατον,
1874 3413 1964 3466 τὸν
1993 3413 2122 3481 γοῦν

536 3488 762 3544 θάνατον
791 3489 851 3542 οὐ
873 3489 1136 3562 διαφεύξῃ
1169 3491 1320 3555 ποτὲ,
1341 3491 1454 3544 ἀλλ’
1488 3492 1839 3567 ἀφαιρεθήσῃ
1865 3495 1884 3525 ⁸
1909 3494 2121 3548 ἅπαντα

533 3577 719 3630 ἐκεῖνα
769 3579 827 3630 ἐν
883 3579 982 3648 μιᾷ
1020 3576 1214 3648 καιροῦ
1262 3580 1402 3649 ῥοπῇ
1430 3595 1445 3608 ο
1500 3579 1594 3632 καὶ
1629 3581 1731 3633 οὐκ
1777 3582 2122 3657 ἀφαιρεθήσῃ

537 3659 719 3730 μόνον,
753 3659 889 3712 ἀλλά
916 3661 1010 3714 καὶ
1037 3661 1118 3723 εἰς
1150 3660 1249 3724 τάς
1283 3661 1392 3714 τῶν
1419 3661 1630 3733 ἐχθρῶν
1654 3662 1914 3727 πολλάκις
1939 3683 2117 3738 παραυ

535 3742 772 3812 πέμψεις
805 3747 1013 3814 χεῖρας.
1041 3745 1140 3798 Ἂν
1159 3744 1216 3798 δὲ
1254 3746 1333 3808 εἰς
1365 3746 1583 3815 ἐκείνην
1613 3748 1990 3822 παραπέμψῃς
2017 3751 2119 3819 τὴν

532 3825 733 3891 οἰκίαν,
761 3826 980 3878 πάντων
1004 3825 1276 3899 ἀνώτερος
1318 3829 1436 3899 ἔσῃ.
1471 3828 1608 3882 Οὔτε
1645 3831 1753 3902 γάρ
1785 3833 1954 3898 κλεῖν,
1993 3833 2118 3888 οὐτε

533 3909 701 3982 θύρας
725 3909 818 3962 κα)⁸
841 3909 1070 3980 μοχλοὺς
1102 3912 1370 3965 ἐπιθεῖναι
1389 3911 1472 3966 δεῖ
1495 3931 1508 3942 ο
1530 3913 1754 3986 τοιαύτη
1783 3917 1880 3986 τῆς
1911 3915 2120 3982 πόλεως

532 3993 747 4062 ἐκείνης
770 3995 802 4064 ή
824 3992 1053 4062 δύναμις
1076 4009 1090 4024 ο
1125 3994 1297 4058 οῦτως
1326 3996 1525 4049 ἄσυλον
1558 3996 1617 4049 τὸ
1647 3997 1842 4068 χωρίον
1869 3999 2008 4061 ἐστὶ,
2026 4001 2119 4054 καὶ

533 4076 709 4148 φθορᾷ
735 4078 830 4130 καὶ
855 4077 1088 4148 πονηρίᾳ
1111 4079 1256 4149 πάσῃ
1283 4079 1482 4133 ἄϐατον
1515 4080 1670 4133 τοῦτο
1701 4081 1972 4151 ὑφέστηκε
2000 4081 2042 4136 ⁵.

600 4167 662 4215 ε’.
687 4160 813 4223 Πῶς
844 4155 939 4212 οὖν
955 4161 1055 4214 οὐκ
1073 4162 1307 4231 ἐσχάτης
1326 4161 1530 4228 ἀνοίας,
1551 4163 1677 4216 ἔνθα
1698 4164 1796 4233 μὲν
1818 4165 2114 4221 ἀπόλλυται

530 4243 624 4296 καὶ
651 4241 1022 4313 διαφθείρεται
1050 4243 1117 4296 τά
1159 4243 1546 4313 ἀποτιθέμενα,
1581 4245 1842 4316 σωρεύειν
1871 4248 2105 4315 ἅπαντα,

531 4326 658 4379 ενθα
682 4325 740 4378 δὲ
774 4325 1028 4394 ἀνέπαφα
1077 4325 1250 4395 μένει,
1289 4327 1382 4380 καὶ
1407 4326 1578 4379 πλείω
1607 4328 1834 4396 γίνεται,
1877 4331 2112 4388 ἐνταῦθα

533 4408 669 4480 μηδέ
698 4409 760 4461 τὸ
781 4408 1067 4463 πολλοστὸν
1094 4409 1446 4464 ἀποτίθεσθαι
1478 4410 1663 4480 μέρος,
1692 4416 1786 4467 καὶ
1817 4415 1990 4470 ταῦτα
2021 4417 2112 4472 τὸν

529 4491 744 4544 ἅπαντα
767 4491 1056 4562 μέλλοντας
1073 4495 1189 4546 ἐκεῖ
1213 4493 1504 4564 βιώσεσθαι
1526 4490 1567 4528 ¹⁶
1590 4497 1808 4567 χρόνον;
1829 4499 1930 4552 Διά
1953 4500 2110 4554 τοῦτο

530 4573 626 4626 καὶ
652 4573 913 4652 Ἕλληνες
940 4573 1228 4628 ἀπιστοῦσι
1263 4579 1374 4640 τοῖς
1405 4578 1535 4649 παρ’
1573 4579 1728 4649 ἡμῶν
1759 4580 2072 4652 λεγομένοις
2092 4597 2106 4611 ⁸

526 4653 620 4724 ἀφ’
659 4648 736 4708 ὧν
780 4654 890 4725 γάρ
949 4655 1281 4725 πράττομεν,
1323 4659 1424 4710 οὐκ
1462 4648 1555 4727 ἀφ’
1590 4653 1666 4712 ὧν
1712 4648 1974 4730 λέγομεν,
2009 4663 2109 4734 τὴν

1712 225 1779 281 ΙΝ
1827 222 2246 284 ΜΔΤΤΗΑΞΒΜ
2293 226 2526 287 ΗΟΜΙΙ..
2558 231 2697 289 XIII.

3713 234 3823 293 2ﬂ8

2246 347 2378 418 παρ’
2397 346 2554 417 ἡμῶν
2576 346 2847 411 ἀπόδειξιν
2867 341 3162 418 λαμϐάνειν
3188 346 3428 400 ἐθέλουσι
3449 363 3462 378 ·
3490 347 3581 400 καὶ
3605 349 3823 404 ἐπειδὰν

2247 428 2430 482 ίδωσιν
2469 429 2648 493 οἰκίας
2677 431 3159 499 οἰκοδομουμένους
3196 428 3474 498 λαμπρὰς,
3515 429 3610 482 καλ⁵
3642 447 3820 500 παρα-

2243 509 2452 574 δείσους
2492 512 3000 578 κατασκευάζοντας
3043 513 3136 562 καὶ
3181 511 3378 581 λουτρά
3405 552 3418 575 ,
3469 515 3564 565 καὶ
3617 515 3823 584 ἀγροὺς

2244 595 2614 664 ὠνουμένους,
2660 594 2759 648 οὐκ
2809 594 3050 647 ἐθέλουσι
3099 594 3139 623 ¹¹
3184 593 3504 658 πιστεῦσαι,
3551 596 3632 647 ὃτι
3685 595 3830 666 πρὸρ

2243 678 2436 749 ἑτέραν
2482 676 3018 748 παρασκευαζόμεθα
3047 677 3088 708 ⁸³
3127 675 3332 738 πόλεως
3384 675 3708 746 ἀποδημίαν.
3758 678 3820 730 EI

2241 762 2350 834 γὰρ
2379 759 2536 814 τοῦτο
2565 757 2655 832 ἦν,
2689 763 2873 831 φησὶν,
2919 762 3132 815 ἅπαντα
3174 760 3242 814 τὰ
3284 759 3518 812 ἐνταῦθα
3549 761 3615 814 ἂν
3661 763 3824 832 ἐξαρ-

2240 844 2588 914 γυρίσαντες,
2631 846 2748 897 ἐκεῖ
2787 845 3160 914 προαπέθεντο
3183 860 3194 873 ·
3240 843 3334 896 καὶ
3380 841 3538 894 τοῦτο
3567 843 3675 894 ἀπὸ
3713 843 3820 896 τῶν

2243 926 2476 980 ἐνταῦθα
2527 927 2826 996 γινομένων
2874 925 3246 995 στοχάζονται.
3296 924 3408 976 Καὶ
3452 924 3561 994 γάρ
3607 924 3821 996 ὁρῶμεν

2241 1011 2366 1071 τοὺς
2400 1009 2604 1081 σφόδρα
2637 1009 2905 1079 εὐπόρους
2943 1010 2999 1060 ἐν
3032 1007 3270 1069 ἐκείναις
3305 1005 3540 1075 μάλιστα
3568 1009 3689 1069 ταῖς
3718 1007 3818 1060 πό-

2239 1091 2386 1144 λεσιν
2416 1093 2592 1154 οἰκίας
2633 1092 2728 1145 καὶ
2765 1092 2970 1162 ἀγροὺς
3006 1090 3101 1144 καὶ
3131 1090 3200 1142 τὰ
3233 1089 3369 1142 ἄλλα
3402 1089 3577 1141 πάντα
3620 1105 3821 1157 κεκτη-

2242 1173 2468 1242 μένους,
2532 1175 2590 1226 ἐν
2642 1169 2732 1236 αἷς
2781 1171 3076 1240 διατρίϐειν
3120 1171 3421 1240 μέλλουσιν.
3478 1169 3616 1223 Ἀλλ’
3658 1171 3818 1240 ἡμεῖς

2236 1255 2550 1308 τούναντίον
2579 1254 2843 1325 τωιοῦμεν
2861 1271 2874 1283 '
2915 1255 3008 1307 καὶ
3035 1253 3132 1324 τὴν
3165 1254 3261 1324 μέν
3287 1253 3328 1283 ¹³
3354 1255 3478 1324 γῆν,
3518 1254 3583 1324 ἢν
3625 1253 3818 1324 μικρὸν

2240 1337 2464 1408 ὕστερον
2484 1338 2704 1406 ἀφιέναι
2728 1337 3014 1408 μέλλομεν,
3042 1339 3180 1406 μετά
3207 1327 3408 1406 πολλῆς
3432 1334 3689 1405 κτώμεθα
3717 1335 3820 1404 τῆς

2241 1420 2508 1490 σπουδῆς,
2551 1420 2673 1489 οὐχὶ
2721 1420 2980 1489 χρήματα
3012 1417 3162 1490 [167]
3212 1419 3391 1488 μόνον,
3438 1417 3572 1471 ἀλλά
3625 1417 3719 1470 καὶ
3755 1417 3818 1470 τὸ

2237 1496 2378 1571 αἷμα
2398 1503 2530 1555 αὐτὸ
2557 1505 2870 1573 προϊέμενοι
2896 1501 3036 1572 ὑπὲρ
3057 1501 3306 1572 πλέθρων
3327 1501 3369 1531 ³⁸⁵
3389 1501 3481 1554 καὶ
3501 1503 3621 1570 οίκη
3633 1500 3818 1571 μάτων

2238 1585 2434 1654 ὀλίγων
2455 1602 2468 1615 ·
2500 1586 2640 1658 ὑπὲρ
2678 1585 2734 1637 δέ
2764 1584 2856 1636 τοῦ
2905 1583 2997 1636 τὸν
3024 1583 3252 1654 οὐρανὸν
3293 1583 3554 1653 πρίασθαι
3597 1583 3717 1636 οὐδὲ
3747 1582 3818 1639 τὰ

2239 1667 2472 1740 περιττά
2524 1669 2621 1739 τῆς
2670 1667 2862 1738 χρείας
2911 1665 3217 1736 ἀνεχόμεθα
3267 1666 3479 1730 δοῦναι,
3507 1665 3604 1718 καὶ
3643 1666 3816 1719 ταῦτα

2235 1750 2422 1820 ὀλίγης
2450 1750 2611 1803 αὐτὸν
2649 1749 2932 1818 μέλλοντες
2960 1747 3215 1801 ώνεῖσθαι
3247 1749 3428 1818 τιμῆς,
3462 1747 3557 1800 καὶ
3593 1748 3817 1802 διαπαν-

2233 1833 2325 1895 τὸς
2352 1832 2519 1903 ἐχειν,
2563 1831 2678 1900 εῖγε
2709 1832 2871 1884 αὑτὸν
2897 1829 3272 1901 ώνησαίμεθα.
3301 1831 3398 1883 Διά
3425 1848 3508 1884 τοι
3533 1830 3690 1884 τοῦτο
3715 1831 3815 1902 τήν

2233 1916 2468 1985 ἐσχάτην
2491 1913 2732 1983 δώσομεν
2763 1913 2938 1983 δίκην,
2957 1912 3154 1983 γυμνοὶ
3178 1912 3274 1965 καὶ
3304 1913 3533 1984 πένητες
3565 1911 3815 1978 ἀπιόντες

2231 1999 2367 2051 ἐκεῖ’
2393 1997 2590 2068 μᾶλλον
2611 1997 2668 2049 δέ
2685 1997 2782 2065 οὐχ
2801 1997 2939 2066 ὑπὲρ
2955 1997 3053 2066 τῆς
3076 1995 3353 2067 ἡμετέρας
3367 1995 3660 2066 πτωχείας,
3680 1995 3814 2048 ἀλλά

2232 2082 2325 2134 καὶ
2354 2081 2495 2152 ὑπὲρ
2532 2075 2608 2134 ὧν
2640 2080 2834 2143 ἀλλους
2863 2079 3137 2143 τοιούτους
3167 2079 3448 2150 ποιοῦμεν,
3477 2079 3577 2143 τὰς
3617 2079 3815 2150 ἀνηκέ-

2233 2181 2390 2227 στους
2408 2165 2824 2234 ὐποστησόμεθα
2843 2163 3148 2234 συμφοράς.
3165 2161 3333 2216 Ὀταν
3353 2163 3460 2234 γὰρ
3487 2161 3669 2216 ῐδωσιν
3684 2161 3814 2215 Ἔλ-

2228 2250 2388 2319 ληνες
2412 2250 2540 2319 περὶ
2566 2247 2740 2301 ταῦτα
2773 2247 3173 2310 σπουδάζοντας
3209 2247 3336 2310 τοὺς
3381 2246 3649 2300 τοσούτων
3675 2247 3813 2300 ἀπο·

2228 2331 2527 2394 λαύσαντας
2551 2332 2885 2402 μυστηρίων,
2921 2330 3102 2398 πολλῷ
3127 2329 3326 2400 μᾶλλον
3358 2330 3510 2382 αὐτοί⁸
3539 2329 3646 2382 τῶν
3679 2347 3815 2397 παρ-

2227 2415 2398 2467 όντων
2447 2414 2782 2480 ἀνθέξονται.
2825 2412 2986 2466 Ὅθεν
3032 2413 3167 2466 πολὺ
3205 2413 3249 2444 "
3293 2415 3386 2466 καὶ
3432 2410 3682 2465 ἐντεῦθεν
3717 2411 3812 2463 ἐπὶ

2227 2497 2324 2568 τὴν
2367 2498 2642 2568 ἡμετέραν
2686 2497 2930 2566 κεφαλὴν
2971 2497 3285 2568 σωρεύομεν
3334 2496 3463 2564 πῦρ.
3492 2496 3660 2548 Ὅταν
3699 2495 3814 2566 γὰρ

2227 2579 2278 2632 οἱ
2321 2579 2592 2632 διδάσκειν
2637 2580 2833 2643 αὐτοὺς
2867 2579 3174 2648 ὀφείλοντες
3219 2580 3496 2650 ύπερορᾷν
3534 2577 3644 2632 τῶν
3684 2595 3811 2646 φαι-

2227 2660 2467 2730 νομένων
2502 2661 2778 2721 ἀπάντων,
2810 2661 2962 2713 αὐτοὶ
2993 2661 3226 2731 μάλιστα
3263 2663 3478 2715 πάντων
3500 2659 3698 2723 αὐτοὺς
3726 2660 3808 2723 είς

2225 2741 2322 2813 τὴν
2348 2741 2550 2794 τούτων
2580 2742 2940 2812 ἐμϐάλλωμεν
2966 2743 3280 2814 ἐπιθυμίαν,
3311 2742 3441 2794 πότε
3467 2735 3810 2812 δυνησόμεθά

2228 2824 2488 2897 σωθῆναι,
2525 2825 2623 2896 τῆς
2664 2826 2867 2897 ἐτέρων
2899 2824 3169 2888 ἀπωλείας
3198 2825 3295 2889 τὰς
3325 2824 3554 2889 εὐθύνας
3583 2825 3811 2895 ὑπέχον-

2223 2925 2347 2974 τες;
2389 2910 2502 2962 Οὐκ
2548 2909 2767 2972 ἀκούεις
2812 2908 2906 2962 τοῦ
2954 2909 3190 2981 Χριστοῦ
3234 2909 3522 2978 λέγοντος,
3557 2909 3639 2961 ὄτι
3683 2906 3808 2961 ἀντὶ

2226 2992 2370 3046 ἀλῶν
2395 2993 2488 3044 καὶ
2511 2992 2805 3062 λαμπάδων
2827 2993 3037 3062 ἀφῆκεν
3053 2994 3200 3061 ἡμᾶς
3221 2987 3359 3045 εἶναι
3385 2993 3429 3023 ¹⁶
3443 2993 3500 3044 ἐν
3517 2990 3594 3062 τῷ
3616 2990 3808 3062 κόσμῳ

2221 3077 2419 3148 τούτῳ,
2463 3077 2550 3128 ἵνα
2589 3078 2683 3130 καὶ
2727 3078 2852 3138 τοὺς
2887 3076 3240 3148 διαρρέοντας
3284 3074 3390 3128 ὑπὸ
3428 3078 3637 3147 τρυφῆς
3671 3077 3806 3130 ἐπι-

2227 3163 2583 3231 σφίγγωμεν,
2633 3161 2727 3213 καὶ
2775 3159 2900 3222 τοὺς
2945 3163 3010 3230 τῇ
3076 3159 3317 3232 μερίμνῃ
3350 3159 3459 3213 τῶν
3505 3159 3808 3230 χρημάτων

2227 3244 2639 3313 ὲσκοτωμένους
2670 3241 3031 3312 φωτίζωμεν;
3060 3243 3230 3296 Ὅταν
3262 3237 3354 3296 οὖν
3383 3241 3476 3295 καὶ
3505 3243 3586 3306 εἰς
3615 3242 3807 3307 σκότος

2223 3327 2419 3390 αὐτοὺς
2453 3325 2810 3395 ἐμϐάλλωμεν
2855 3325 3059 3389 πλεῖον,
3099 3327 3195 3378 καὶ
3237 3327 3600 3396 χαυνοτέρους
3635 3325 3806 3381 ποιῶ-

2227 3426 2348 3478 μεν,
2378 3407 2460 3471 τίς
2487 3408 2639 3461 ἔσται
2671 3408 2944 3478 σωτηρίας
2982 3410 3113 3479 ἡμῖν
3144 3407 3332 3472 ἐλπίς;
3365 3409 3478 3461 Οὐκ
3521 3407 3668 3461 ἔστιν
3713 3409 3806 3461 ού-

2221 3491 2414 3564 δεμία·
2453 3491 2571 3544 ἀλλ’
2607 3491 2936 3560 οἰμώζοντες
2961 3532 2976 3556 ,
3011 3491 3103 3544 καὶ
3141 3492 3269 3556 τοὺς
3310 3491 3528 3554 ὀδόντας
3574 3490 3808 3562 βρύχον-

2220 3594 2329 3640 τες,
2350 3576 2444 3629 καὶ
2469 3573 2740 3645 δεδεμένοι
2771 3574 2936 3638 πόδας
2962 3575 3054 3628 καὶ
3073 3576 3259 3646 χεῖρας
3285 3577 3364 3638 εἰς
3379 3574 3441 3628 τὸ
3460 3573 3560 3645 τῆς
3579 3575 3808 3644 γεέννης

2219 3659 2630 3730 ἀπελευσόμεθα
2662 3656 2772 3729 πῦρ
2803 3657 2866 3724 ",
2905 3657 3043 3728 μετά
3075 3657 3136 3711 τὺ
3157 3656 3596 3731 κατεργασθῆναι
3621 3656 3806 3721 καλῶς

2218 3748 2338 3809 ταῖς
2379 3744 2474 3798 τοῦ
2520 3743 2749 3797 πλούτου
2797 3741 3064 3815 φροντίσι.
3104 3742 3272 3797 Ταῦτ’
3314 3739 3408 3798 οῦν
3453 3743 3804 3814 ἐννοήσαντες

2219 3832 2469 3899 ἅπαντα,
2501 3829 2572 3882 τά
2616 3828 2792 3899 δεσμά
2818 3827 3071 3899 λύσωμεν
3107 3827 3208 3898 τῆς
3249 3829 3506 3898 τοιαύτης
3551 3827 3804 3896 ἀπάτης,

2219 3915 2306 3966 ἵνα
2341 3912 2476 3984 μηδὲ
2513 3912 2594 3974 είς
2628 3913 2813 3963 ἐκεῖνα
2853 3909 3189 3979 ἐμπέσωμεν
3216 3909 3283 3962 τά
3323 3908 3401 3979 τῷ
3437 3910 3578 3980 πυρὶ
3617 3925 3798 3979 παρα-

2218 3997 2428 4050 διδόντα
2459 3995 2608 4065 ἡμᾶς
2630 3993 2708 4063 τῷ
2732 3991 3003 4061 ἀσϐέστῳ.
3044 3991 3105 4044 Ὀ
3136 3991 3235 4061 μὲν
3263 3992 3372 4061 γάρ
3405 3993 3651 4062 χρήμασι
3679 3991 3802 4044 δουο

2221 4078 2413 4143 λεύων,
2449 4076 2544 4130 καὶ
2579 4077 2700 4136 ταῖς
2746 4073 2978 4126 ἐνταῦθα
3020 4072 3243 4127 ἀλύσεσι
3277 4074 3372 4127 καὶ
3405 4076 3522 4136 ταῖς
3560 4075 3678 4127 ἐκεῖ
3724 4074 3805 4128 δι-

2220 4161 2434 4232 ηνεκῶς
2469 4159 2622 4211 ἔσται
2651 4156 2954 4220 ὑπεύθυνος
2972 4174 2985 4186 ’
3014 4159 3042 4210 ὁ
3069 4157 3122 4208 δέ
3147 4153 3352 4230 ταύτης
3383 4156 3803 4227 ἀπηλλαγμένος

2220 4245 2319 4314 τῆς
2362 4240 2678 4311 ἐπιθυμίας,
2716 4240 2980 4310 ἑκατέρας
3023 4240 3272 4307 τεύξεται
3307 4243 3406 4312 τῆς
3445 4238 3756 4312 ἐλευθερίας
3781 4257 3800 4272 ο

2216 4323 2285 4400 ἦς
2319 4327 2406 4380 ἵνα
2437 4325 2532 4378 καὶ
2559 4326 2720 4395 ἡμεῖς
2751 4322 3116 4394 ἐπιτύχωμεν,
3138 4324 3231 4378 τὸν
3263 4324 3498 4395 χαλεπὸν
3529 4325 3628 4394 τῆς
3652 4324 3802 4393 φιλο-

2217 4409 2528 4482 χρηματίας
2552 4406 2942 4478 συντρίψαντες
2970 4407 3152 4475 ζυγὸν,
3173 4407 3544 4479 πτερώσωμεν
3573 4407 3802 4471 ἐαυτοὺης

2217 4494 2354 4564 πρὸς
2383 4494 2472 4547 τὸν
2503 4491 2753 4562 οὐρανὸν,
2790 4492 2973 4562 χάριτι
3003 4493 3097 4544 καὶ
3133 4491 3514 4562 φιλανθρωπίᾳ
3545 4489 3639 4543 τοῦ
3682 4492 3797 4543 Κυ-

2217 4578 2335 4650 ρίου
2375 4575 2532 4648 ἡμῶν
2570 4573 2744 4645 Ἰησοῦ
2775 4573 3034 4644 Χριστοῦ,
3069 4569 3113 4640 ᾧ
3141 4575 3173 4643 ἡ
3207 4574 3331 4638 δόξα
3366 4575 3460 4627 καὶ
3492 4573 3552 4626 τὸ
3595 4575 3800 4646 κράτος

2215 4665 2292 4726 εἰς
2317 4663 2440 4725 τοὺς
2460 4659 2662 4722 αἰῶνας
2685 4658 2791 4711 τῶν
2817 4658 3048 4711 αἰώνων.
3091 4659 3283 4730 Ἀμήν.

579 4777 746 4848 ἐὐηρ
787 4779 1038 4849 ετημένοι
1061 4780 1125 4835 Α.
1154 4780 1270 4836 B.C
1312 4781 1754 4855 εὐεργετούμενοι
1777 4796 1830 4840 et
1850 4789 2187 4858 τυγχάνωσιν
2210 4789 2347 4843 ΕιΙιΙ.
2390 4787 2550 4858 ⁸δῴη
2589 4787 2680 4841 Sic
2711 4786 2772 4840 Ε.
2802 4785 2982 4840 creteri
3012 4785 3193 4838 δώσει.
3235 4785 3258 4817 θ
3279 4788 3618 4855 καταγαγεῖν
3643 4787 3708 4842 Α.
3729 4787 3792 4841 Β.

579 4889 586 4901 .
647 4792 784 4927 ’.εἰῖ
804 4846 896 4927 ἐάν
927 4848 1062 4927 ΕιιίιΙ,
1105 4851 1556 4927 σ-καταλείπωμεν
1574 4856 1630 4927 ΕΣ
1672 4857 1690 4886 ⁷
1714 4856 1836 4927 κᾶν]
1867 4859 1957 4910 καί
1988 4861 2047 4912 υ.
2077 4861 2133 4912 Ιθί.
2159 4859 2220 4914 F.
2259 4862 2280 4892 ⁸
2299 4786 2731 4927 ἀφαιρεθὴσεται
2753 4856 2879 4927 (bis)
2914 4857 3076 4910 idem.
3111 4857 3130 4888 ’
3149 4856 3455 4927 γὺφέστηκε]
3489 4857 3792 4927 καθέστηκε

647 4846 774 4929 ’.εει
804 4846 898 4929 Eii)
927 4848 1062 4929 Ecjtj.
1105 4846 1556 4929 ‘_xamls_£_1ri_op_.av
1574 4846 1634 4929 El
1672 4857 1690 4886 ⁷
1714 4856 1836 4929 κάν]
1867 4846 2047 4912 καίηυ.
2077 4861 2133 4912 Ιθὶ.
2159 4859 2220 4914 F.
2259 4862 2280 4892 ⁸
2299 4846 2530 4929 ἀφαιρὲθ

1943 4930 1981 4959 ¹¹
1999 4929 2323 4999 ἐθελήσουσι
2351 4926 2414 4999 Ἀ.
2440 4926 2503 4999 Β.
2528 4926 2810 4999 πιστεύειν

529 4919 589 4972 D.
615 4916 824 4990 πέφυκε
847 4916 908 4990 F_.
944 4920 1052 4990 vid.
1079 4920 1266 4974 adnol.
1329 4923 1372 4952 '°
1405 4916 1698 4990 βιώσασθαι
1728 4916 1860 4981 ΕιΙιί.

2546 4855 2731 4927 ήσεται
2753 4856 2884 4978 (bng
2914 4857 3076 4910 idem.
3111 4857 3130 4888 ’
3157 4856 3455 4937 ύφέστηκε]
3489 4857 3795 4928 καθέστηκε

2546 4926 2810 4978 πιστεύειν
2887 4927 2978 4978 (Id.
3064 4928 3107 4957 "
3132 4926 3222 4978 Sic
3256 4927 3314 4978 Β.
3358 4927 3420 4978 Ε.
3457 4928 3619 4978 vulgo
3649 4945 3793 4978 παο·

2887 4927 2978 4980 dd.
3064 4926 3222 4999 "Sic
3256 4927 3314 4999 β.
3358 4926 3793 4999 ιέὶίιῖυιιιοηῖτᾲρ·

525 4987 963 5072 εσκευασάμεθα.
993 4989 1035 5020 ⁸³
1055 4990 1150 5042 καὶ
1178 4989 1278 5076 τὴν
1303 4987 1425 5114 μέν]
1443 4995 1542 5060 τὴν
1569 4995 1667 5064 μὲν
1683 4996 1791 5083 γάρ
1809 4997 1876 5051 Α.
1892 4997 1952 5052 Β.
1973 4998 2034 5052 C.
2079 4999 2125 5030 ”
2143 4987 2416 5069 πλέθρων]
2436 4998 2562 5052 add.
2582 4997 2685 5066 γῆς
2707 4998 2770 5078 Α..
2796 4997 2855 5050 Β.
2875 5012 2997 5051 ηιοκ
3018 4995 3350 5068 πριάσασθαι
3375 4997 3507 5052 Edd.
3552 4987 3596 5029 ίδ
3620 4987 3788 5050 Ὀθὲν

526 5055 686 5114 πολυΙ
727 5058 819 5111 διο
837 5056 900 5111 Ε.
935 5059 1028 5111 καὶ
1061 5061 1193 5112 πολυ
1221 5061 1280 5114 Ι).
1358 5105 1361 5109 .
1399 5062 1533 5114 πολύ
1553 5065 1615 5114 Α.
1644 5066 1703 5114 Β-
1734 5068 1795 5114 (ι-
1816 5067 2150 5114 σωρεύομενῖ
2179 5067 2267 5114 Sir
2298 5071 2355 5114 E-
2393 5071 2542 5114 Arm.
2585 5080 2764 5114 mnu-ru
2798 5084 2921 5114 cum
2950 5066 3047 5114 Ge.
3073 5066 3426 5114 σωρεύοντες-
3507 5068 3550 5099 ⁸⁸
3567 5067 3680 5114 Οὐκ
3712 5065 3788 5114 οἱ.

526 5055 686 5126 πολύ]
727 5055 819 5111 δίο
837 5056 900 5111 Ε.
935 5059 1028 5111 καὶ
1061 5060 1193 5112 πολύ
1221 5055 1280 5114 Β.

1399 5062 1533 5139 πολύ
1734 5062 2127 5139 0.-σωρεύομεν

2228 5062 2356 5139 ip.
2390 5062 2542 5139 Arn}.
2583 5062 2764 5139 ρςἑιυισί
2798 5084 2927 5139 cum
2950 5062 3426 5139 (ἱείσωρεύψδτες.

3507 5068 3550 5099 ⁸⁸
3567 5067 3680 5119 Οὐκ
3712 5065 3790 5119 ol-

524 5125 618 5215 δας
635 5125 875 5215 ἀντὶ
906 5129 959 5182 ἀ.
1000 5147 1053 5182 κ.
1090 5129 1140 5183 λ.
1162 5132 1379 5215 ἀφῆκεν
1403 5134 1548 5215 ἡμᾶς
1567 5137 1595 5187 ὁ
1623 5135 1855 5215 ξίριστὸς
1881 5125 2321 5215 έῖνᾼαιἈὲΒηϐ.-
2365 5137 2540 5215 id);
2568 5125 3167 5215 ἀνάγκη-οἰμώζοντας,
3187 5138 3282 5192 καὶ
3321 5125 3440 5192 τξό.
3469 5136 3788 5209 βρύχοντας,

525 5199 615 5250 καὶ
637 5196 951 5266 δεδεμένους
979 5215 1039 5253 π.
1072 5217 1124 5253 κ.
1146 5196 1300 5271 χίείς
1330 5196 1504 5274 τὸτῆς
1532 5221 1586 5273 γ.
1614 5196 2038 5276 ἀποπέμπεσθαι
2071 5209 2127 5261 πῖ

2228 5227 2263 5261 ι.
2284 5209 2344 5264 Β.
2377 5208 2438 5262 C.
2467 5207 2573 5262 Pro
2603 5196 2836 5277 vul'gaiis
2858 5196 3010 5262 'SlaIll
3040 5196 3226 5262 Vei‘éa.

526 5440 666 5516 Τότε
701 5437 944 5516 ἀνήχθή
972 5443 1006 5496 δ
1037 5442 1292 5516 Ἰησοῦςμ
1305 5444 1393 5508 εἰς
1430 5443 1546 5516 τὴν
1580 5444 1806 5514 ἔρημον
1833 5445 1953 5501 ὑπὸ
1992 5377 2386 5514 ﬁgmenta.
2424 5445 2532 5498 Καὶ
2555 5445 2616 5498 τὸ
2635 5445 2698 5515 δή
2734 5445 3065 5516 θαυμαστὸν,
3095 5446 3177 5499 ὅτι
3208 5442 3314 5496 ὐπὸ
3341 5441 3435 5495 τοῦ
3466 5440 3790 5513 Πνεύματος

611 5513 976 5580 Πνεύματος,
998 5513 1394 5582 πειρασθῆναι
1422 5514 1540 5569 ὑπὸ
1572 5513 2008 5571 τούκδιαϐόλου.

591 5610 661 5658 α’.
694 5607 859 5660 Τότε’
893 5607 1058 5674 πότε;
1089 5609 1243 5661 Μετά
1271 5608 1368 5679 τῆν
1390 5608 1483 5662 τοῦ
1512 5610 1829 5683 Πνεύματος
1852 5613 2098 5676 κάθοδον,

528 5688 664 5758 μετά
693 5693 788 5759 τὴν
813 5691 994 5760 φωνὴν
1017 5691 1112 5762 τὴν
1129 5691 1335 5746 ἀνωθεν
1360 5693 1668 5764 ἐνεχθεῖσαν
1690 5697 1783 5750 καὶ
1803 5697 2070 5764 λέγουσαν
2085 5713 2100 5726 ·

539 5763 730 5836 Οὗτός
753 5772 923 5825 ἐστιν
948 5777 980 5827 ό
1018 5776 1148 5840 Υἱός
1172 5794 1291 5845 μου
1329 5778 1363 5830 ό
1397 5763 1722 5848 ἀγαπητὸς,
1753 5780 1821 5833 ἐν
1927 5779 2105 5847 ηὐδό-

601 5860 645 5892 ⁸¹⁵
673 5861 882 5930 ἐνάγειν
899 5865 963 5916 Α.

2205 5529 2300 5585 τοῦ
2327 5529 2484 5597 ἀγίου
2499 5546 2510 5559 ·
2529 5529 2688 5582 τοῦτο
2707 5529 2816 5600 γάρ
2836 5530 3000 5582 αὐτὸν
3021 5529 3243 5596 ἀνάγειν
3268 5526 3309 5556 ³⁸
3343 5525 3578 5581 ἐνταῦθά
3599 5543 3785 5596 φησιν.

2222 5613 2440 5682 Ἐπειδὴ
2473 5613 2582 5683 γὰρ
2613 5613 2792 5667 πάντα
2823 5613 2960 5682 πρὸς
3004 5609 3353 5663 διδασκαλίαν
3385 5610 3542 5680 ἡμῶν
3585 5609 3786 5680 ἔπρατ-

2209 5713 2268 5749 τε
2301 5698 2394 5749 καὶ
2422 5696 2712 5766 ὑπέμενεν,
2734 5696 2985 5764 ἀνέχεται
3019 5694 3113 5747 καὶ
3142 5694 3239 5763 τῆς
3270 5695 3446 5748 ἐκεῖσε
3471 5695 3786 5763 ἀναγωγῆς,

2213 5780 2307 5833 καὶ
2340 5779 2440 5849 τῆς
2479 5779 2614 5850 πρὸς
2644 5777 2734 5831 τὸν
2753 5777 2996 5830 διάϐολον
3022 5777 3198 5846 πάλης
3220 5795 3231 5807 ·
3267 5777 3351 5831 ἵνα
3375 5777 3528 5851 [I68]
3557 5777 3784 5839 ἕκαστος
