4084 6210
290 313 400 367 909

284 422 393 476 τῶν
432 422 874 494 βαπτιζομένων,
918 426 967 477 εἰ
1010 426 1149 496 μετά
1190 427 1248 478 τὸ
1285 425 1566 496 βάπτισμα
1604 427 1861 495 μείζονας

284 506 597 574 ὑπομείνειε
647 508 1024 575 πειρασμούς,
1060 508 1134 578 μὴ
1183 509 1549 579 ταράττηται,
1597 508 1672 573 ὡς
1716 510 1868 581 παρὰ

284 588 614 656 προσδοκίαν
665 587 759 640 τοῦ
806 588 1131 660 πράγματος
1173 591 1458 659 γινομένου
1482 631 1495 650 ,
1543 591 1681 645 ἀλλὰ
1731 593 1867 664 μένῃ

284 667 551 737 γενναίως
592 671 768 724 πάντα
798 672 998 741 φέρων,
1028 673 1105 736 ὡς
1137 673 1278 726 κατὰ
1314 673 1632 728 ἀκολουθίαν
1674 675 1866 729 τούτου

286 754 691 823 συμϐαίνοντος.
726 755 832 809 Kal
869 757 977 826 γάρ
1025 756 1113 810 διὰ
1138 756 1297 809 τοῦτο
1325 757 1515 819 ἔλαϐες
1560 757 1701 811 ὅπλα
1721 797 1736 822 ,
1768 761 1866 830 οὐχ

285 837 592 913 ἵναάργῇς.
615 837 727 889 ἀλλ’
758 836 843 891 ἵνα
870 838 1133 908 πολεμῇς.
1156 838 1253 891 Διά
1278 839 1436 891 τοῦτο
1464 839 1584 892 οὐδὲ
1615 840 1867 903 ἐπιόντας

286 920 486 973 κωλύει
533 921 659 982 τοὺς
708 922 1047 990 πειρασμούς
1093 925 1121 974 6
1158 922 1321 984 Θεός·
1372 922 1585 993 πρῶτον
1637 924 1735 992 μὲν
1779 924 1868 977 ἵνα

288 1002 467 1072 μάθῃς
508 1003 589 1056 ὄτι
631 1002 811 1074 πολλῷ
850 1003 1079 1072 γέγονας
1128 1005 1505 1076 ἰσχυρότερος·
1553 1005 1741 1059 ἔπειτα
1781 1006 1867 1059 ἵνα

289 1085 455 1156 μένῃς
487 1085 812 1156 μετριάζων,
849 1086 984 1155 μηδέ
1029 1087 1070 1118 ¹⁹
1104 1086 1181 1155 τῷ
1232 1087 1452 1155 μεγέθει
1494 1088 1603 1142 τῶν
1648 1089 1867 1161 δωρεῶν

285 1167 550 1237 ἐπαρθῇς,
581 1167 691 1220 τῶν
724 1168 1048 1238 πειρασμῶν
1082 1169 1389 1222 συστέλλειν
1421 1187 1479 1223 σε
1510 1170 1822 1240 δυναμένων
1842 1188 1857 1203 ·

285 1249 423 1319 πρὸς
450 1248 681 1311 τούτοις,
708 1250 795 1302 ἵνα
817 1253 845 1303 ό
867 1251 1099 1320 πονηρὸς
1128 1250 1335 1321 δαίμων
1360 1255 1583 1316 ἐκεῖνος,
1607 1255 1635 1307 ὁ
1662 1254 1799 1317 τέως
1820 1255 1866 1285 ¹⁰

286 1331 645 1401 ἀμφιϐάλλων
682 1333 809 1403 περὶ
833 1332 934 1399 τῆς
963 1333 1062 1401 σῆς
1090 1335 1463 1398 ἀποστάσεως,
1487 1335 1594 1388 ἀπὸ
1628 1339 1727 1407 τῆς
1756 1336 1867 1405 βα-

288 1416 450 1469 σάνου
477 1414 588 1467 τῶν
616 1416 934 1485 πειρασμῶν
957 1416 1368 1489 πληροφορηθῇ,
1391 1419 1471 1471 ὅτι
1501 1419 1681 1472 τέλεον
1704 1419 1865 1472 αὐτὸν

287 1497 670 1564 ἐγκαταλιπὼν
700 1499 971 1569 ἀπέστης’
1005 1500 1265 1571 τέταρτον
1288 1502 1355 1562 ²¹,
1397 1503 1483 1555 ἵνα
1521 1503 1868 1574 ἰσχυρότερος

285 1581 382 1632 καὶ
417 1580 634 1649 σιδήρου
669 1580 868 1644 παντὸς
905 1580 1267 1654 εὐτονώτερος
1316 1583 1489 1655 ταύτῃ
1528 1602 1869 1639 κατασκευα-

286 1662 449 1733 σθῇς·
494 1662 774 1731 πέμπτον,
815 1661 902 1715 ἴνα
932 1664 1207 1730 ἀπόδειξιν
1239 1665 1411 1739 λάϐῃς
1443 1670 1587 1737 σαφῆ
1631 1668 1738 1720 τῶν
1776 1688 1863 1722 πι-

288 1745 616 1799 στευθέντων
667 1762 748 1798 σοι
781 1745 1091 1817 θησαυρῶν.
1129 1748 1261 1800 Οὐδέ
1301 1748 1409 1818 γὰρ
1457 1749 1524 1801 ἂν
1565 1750 1797 1820 ἐπῆλθεν
1837 1753 1865 1803 ὁ

285 1828 549 1893 διάϐολος,
581 1831 629 1881 εί
662 1831 736 1900 μή
783 1848 844 1883 σε
891 1832 948 1882 ἐν
988 1831 1195 1899 μείζονι
1230 1832 1518 1901 γενόμενον
1561 1828 1668 1885 εἶδε
1711 1836 1866 1903 τιμῇ.

300 1912 577 1965 Ἐντεῦθεν
617 1912 748 1979 γοῦν
794 1912 889 1965 καὶ
933 1911 992 1976 ἐξ
1033 1914 1209 1984 ἀρχῆς
1241 1914 1513 1983 ἐπανέστη
1550 1914 1628 1984 τῷ
1678 1915 1867 1984 Ἀδὰμ,

289 1994 475 2063 ἐπειδὴ
508 1993 710 2063 πολλῆς
747 1992 909 2048 αὐτὸν
946 1992 1084 2048 εἶδεν
1135 1995 1518 2048 ἀπολαύσαντα
1555 1997 1654 2066 τῆς
1690 1997 1864 2061 ἀξίας.

289 2077 387 2128 Διά
420 2075 579 2129 τοῦτο
609 2078 952 2147 παρετάξατο
981 2079 1115 2149 πρὸς
1146 2079 1236 2131 τὸν
1282 2079 1424 2141 Ἰὼϐ,
1456 2080 1642 2150 ἐπειδὴ
1675 2098 1870 2149 στεφαο

288 2160 544 2230 νούμενον
572 2160 735 2213 αὐτὸν
764 2162 859 2214 καὶ
888 2162 1397 2233 ἀνακηρυττόμενον
1428 2163 1686 2216 ἐθεάσατο
1720 2166 1868 2236 παρὰ

285 2244 378 2298 τοῦ
408 2245 513 2298 τῶν
548 2244 683 2298 ὅλων
723 2246 877 2299 Θεοῦ.
925 2249 1033 2301 Kal
1078 2247 1193 2310 πῶς
1223 2243 1316 2301 οῦν
1356 2266 1519 2317 φησιν
1542 2266 1556 2281 ο
1590 2252 1863 2319 Εὔχεσθε

277 2328 365 2396 μὴ
395 2327 691 2381 εἰσελθεῖν
714 2331 800 2395 εἰς
826 2332 1196 2400 πειρασμόν;
1220 2332 1317 2384 Διὰ
1341 2330 1496 2383 τοῦτο
1520 2333 1618 2384 οὐκ
1646 2334 1863 2388 ἀνιόντα

283 2412 446 2464 αὑτὸν
481 2410 666 2473 ἁπλῶς
694 2411 933 2465 δείκνυσί
969 2430 1049 2466 σοι
1069 2413 1158 2466 τὸν
1186 2413 1415 2485 Ἰησοῦν,
1441 2415 1576 2469 ἀλλά
1602 2418 1645 2446 ’⁸
1671 2417 1869 2484 ἀναγό-

287 2511 445 2561 μενον
471 2493 611 2546 κατὰ
643 2493 734 2545 τὸν
775 2497 875 2564 τῆς
918 2496 1231 2565 οἰκονομίας
1273 2496 1449 2565 λόγον,
1501 2500 1867 2569 αἰνιττόμενος

279 2576 369 2630 διὰ
395 2575 619 2637 τούτων,
642 2576 722 2629 ὅτι
755 2576 853 2629 οὐκ
885 2577 1080 2641 αὐτοὺς
1113 2579 1387 2651 ἐπιπηδᾷν
1412 2581 1539 2652 χρὴ,
1570 2581 1686 2635 ἀλλ’
1716 2582 1867 2637 ἐλκο-

286 2660 479 2728 μένους
508 2660 729 2713 ἑστάναι
766 2661 1052 2727 γενναίως.
1090 2662 1200 2715 Kal
1232 2662 1334 2731 δρα
1367 2664 1468 2718 ποῦ
1499 2664 1678 2719 λαϐὼν
1707 2667 1867 2720 αὐτὸν

280 2743 340 2795 τὸ
382 2743 603 2811 Πνεῦμα
634 2743 942 2813 ἀνήγαγεν·
977 2745 1077 2796 οὐκ
1118 2746 1198 2808 εἰς
1231 2746 1383 2799 πόλιν
1422 2748 1516 2801 καὶ
1554 2750 1600 2780 ¹³
1640 2751 1864 2821 ἀγοράν,

279 2826 393 2880 ἀλλ’
421 2826 501 2888 εἰς
527 2826 754 2896 ἔρημον.
810 2827 1028 2897 Ἐπειδὴ
1058 2825 1167 2899 γάρ
1209 2829 1300 2882 τὸν
1339 2830 1585 2884 διάϐολον
1628 2834 1865 2888 ἐπισπά-

281 2908 479 2963 σασθαι
508 2908 780 2972 ἐϐούλετο,
810 2910 871 2962 οὐ
904 2909 993 2962 διὰ
1021 2911 1118 2979 τῆς
1161 2911 1354 2981 πείνης
1387 2913 1567 2981 μόνον,
1610 2915 1744 2969 ἀλλά
1774 2917 1868 2971 καὶ

277 2993 367 3045 διὰ
390 2990 484 3045 τοῦ
515 2993 684 3046 τόπου
706 2992 920 3044 δίδωσιν
943 2992 1091 3063 αὐτῷ
1118 2993 1308 3064 λαϐήν.
1336 2995 1468 3048 Τότε
1496 2996 1606 3066 γὰρ
1631 2998 1866 3067 μάλιστα

278 3075 574 3127 ἐπιτίθεται
617 3076 645 3127 6
689 3074 966 3138 διάϐολος,
998 3076 1127 3128 ὅταν
1164 3076 1248 3148 ἴδῃ
1308 3081 1728 3148 μεμονωμένους
1772 3081 1865 3134 καὶ

278 3160 398 3213 καθ’
429 3160 657 3222 ἐαυτοὺς
696 3159 874 3223 ὄντας.
914 3158 1070 3213 Οὕτω
1108 3161 1201 3214 καὶ
1241 3165 1304 3230 τῇ
1340 3164 1560 3229 γυναικὶ
1590 3165 1738 3235 παρᾶ
1767 3168 1864 3234 τὴν

276 3242 450 3313 ἀρχὴν
482 3242 706 3295 ὲπέθιετο
740 3242 806 3303 ’⁸,
856 3243 1023 3312 μόνην
1068 3244 1237 3311 αὐτὴν
1275 3245 1600 3313 ἀπολαϐὼν,
1639 3249 1733 3301 καὶ
1771 3248 1861 3302 τοῦ

276 3324 469 3393 ἀνδρὸς
512 3324 680 3393 χωρὶς
731 3319 896 3377 οὖσαν
938 3324 1134 3396 εὑρών.
1167 3327 1337 3381 Ὅταν
1377 3328 1476 3397 μὲν
1512 3330 1557 3360 ’³
1598 3331 1706 3401 γὰρ
1743 3332 1863 3401 μεθ’

277 3409 480 3477 ἐτέρων
506 3408 664 3470 ὄντας
696 3407 777 3478 ἴδῃ
814 3407 907 3461 καὶ
940 3412 1505 3481 συγκεκροτημένους,
1535 3414 1630 3483 οὐχ
1661 3415 1861 3484 ὁμοίως

277 3494 492 3564 θαρρεῖ,
529 3491 650 3544 οὐδὲ
691 3490 889 3546 ἔπεισι.
925 3493 1018 3547 Διὸ
1062 3494 1164 3565 χρὴ
1198 3496 1433 3564 μάλιστα
1464 3498 1557 3550 καὶ
1585 3498 1673 3551 διὰ
1703 3498 1862 3552 τοῦτο

280 3577 399 3644 μετ’
426 3574 671 3643 ἀλλήλων
712 3575 1075 3642 ἀγελάζεσθαι
1109 3578 1366 3648 συνεχῶς,
1397 3578 1537 3632 ὥστε
1578 3581 1651 3651 μὴ
1687 3583 1863 3651 εὐχει-

278 3656 483 3729 ρὼτους
509 3652 648 3710 εἶναι
674 3656 751 3727 τῷ
778 3657 1030 3729 διαϐόλῳ.
1071 3659 1261 3729 Εὑρὼν
1291 3662 1470 3714 τοίνυν
1508 3663 1670 3717 αὐτὸν
1705 3664 1761 3715 ἐν
1790 3666 1856 3733 τῇ

276 3741 491 3811 ἐρήμῳ,
515 3740 609 3792 καὶ
638 3740 827 3810 ἐρήμῳ
852 3740 1039 3811 ἀϐάτῳ
1071 3741 1089 3805 (
1103 3743 1183 3794 ὅτι
1212 3742 1320 3813 γάρ
1346 3744 1567 3813 τοιαύτη
1599 3747 1634 3816 ὴ
1658 3745 1860 3816 ἔρημος

273 3816 364 3891 ἦν,
395 3825 424 3875 6
444 3822 670 3891 Μάρκος
708 3822 972 3892 ἐδήλωσεν
997 3824 1186 3887 εἰπὼν,
1213 3825 1292 3878 ὅτι
1320 3826 1478 3880 Μετὰ
1504 3826 1623 3880 τῶν
1644 3830 1862 3895 θηρίων

272 3901 395 3972 ἥν)⁸
414 3906 513 3976 ὅρα
540 3904 657 3975 μεθ’
680 3907 811 3976 ὅσης
835 3908 1198 3978 προσέρχεται
1227 3910 1563 3979 κακουργίας
1586 3910 1679 3964 καὶ
1698 3929 1860 3983 πονη-

277 3988 418 4056 ρίας,
443 3988 534 4040 καὶ
559 3990 710 4041 ποῖον
745 3993 1059 4060 παρατηρεῐ
1088 3992 1299 4061 καιρόν.
1330 3991 1462 4044 Ούδέ
1495 3992 1604 4064 γὰρ
1636 3994 1857 4062 νηστεύ-

272 4083 419 4131 οντι,
459 4070 593 4122 ἀλλὰ
651 4072 905 4127 πεινῶντι
950 4073 1345 4143 προσέρχεταιο
1396 4075 1481 4126 ἴνα
1535 4076 1600 4127 σὺ
1649 4077 1854 4148 μάθῃς,

271 4150 519 4221 ὴλίκονή
567 4154 789 4223 νηστεία
833 4154 1026 4219 καλὸν,
1068 4156 1311 4219 καὶπῶς
1357 4157 1519 4210 ὅπλον
1554 4158 1670 4211 ἐστί
1716 4160 1859 4214 κατά

271 4235 363 4288 τοῦ
388 4235 634 4289 διαϐόλου
683 4239 960 4308 μέγιστον,
994 4239 1088 4291 καὶ
1128 4241 1208 4292 ὅτι
1251 4242 1388 4310 μετά
1432 4241 1492 4293 τὸ
1533 4240 1755 4312 λουτρὸν
1794 4244 1854 4297 οὐ

270 4321 446 4388 τρυφῇ
499 4319 594 4371 καὶ
643 4319 782 4392 μέθῃ
828 4320 922 4373 καὶ
966 4322 1216 4391 τραπέζῃ
1253 4321 1552 4393 πληθούσῃ,
1589 4323 1723 4377 ἀλλά
1761 4344 1855 4397 νη-

273 4401 426 4471 στεία
461 4403 751 4473 προσέχειν
785 4402 884 4455 δεῖ.
920 4403 1019 4455 Διά
1063 4403 1171 4472 γὰρ
1203 4404 1359 4457 τοῦτο
1399 4407 1491 4457 καὶ
1535 4407 1694 4470 αὐτὸς
1735 4410 1855 4478 ἐνή-

271 4500 515 4545 στευσεν.
552 4484 652 4537 οὐκ
697 4484 744 4517 ¹⁶
780 4485 942 4548 αὐτὸς
986 4484 1188 4555 ταύτης
1239 4485 1510 4554 δεόμενος,
1559 4489 1675 4541 ἀλλ’
1707 4491 1858 4559 ἡμᾶς

272 4565 562 4620 παιδεύων.
600 4567 817 4638 Ἐπειδὴ
844 4567 951 4638 γὰρ
996 4566 1064 4620 τὰ
1100 4568 1473 4638 ἁμαρτήματα
1508 4572 1577 4624 τὰ
1624 4571 1730 4641 πρὸ
1761 4571 1855 4624 τοῦ

270 4649 494 4721 λουτροῦ
528 4652 588 4704 τὸ
630 4652 826 4722 γαστρὶ
869 4650 1140 4704 δουλεύειν
1184 4653 1477 4722 εἰσήγαγεν
1503 4670 1516 4684 ο
1561 4656 1749 4726 ὥσπερ
1790 4655 1855 4708 ἂν

270 4736 323 4789 ετ
352 4754 434 4799 τις
454 4735 711 4789 νοσοῦντα
733 4735 862 4806 ὑγιῆ
894 4736 1146 4805 ποιήσας,
1170 4735 1379 4788 κελεύοι
1405 4738 1477 4807 μὴ
1502 4737 1651 4810 [169]
1681 4740 1853 4791 ποιεῖν

269 4819 473 4879 ἐκεῖνα,
507 4818 568 4882 ἐξ
596 4811 670 4872 ὧν
699 4821 732 4889 ή
758 4819 915 4882 νόσος
943 4818 1165 4886 γέγονεν
1185 4834 1200 4850 ο
1232 4818 1373 4871 οὑτω
1398 4820 1459 4891 δὴ
1496 4821 1591 4873 καὶ
1617 4819 1851 4879 ἐνταῦθα

268 4902 363 4953 καλ¹
388 4902 431 4932 ’⁷
461 4902 622 4965 αὐτὸς
650 4900 786 4971 μετὰ
812 4901 872 4954 τὸ
900 4900 1122 4972 λουτρὸν
1149 4902 1401 4973 νηστείαν
1429 4904 1707 4973 εἰσήγαγε.
1739 4905 1846 4957 Kal

268 4984 376 5054 γὰρ
405 4983 616 5036 καὶτὸν
660 4984 830 5053 Ἀδὰμ
869 4985 902 5055 ἡ
949 4985 1189 5055 ἀκρασία
1221 4988 1319 5056 τῆς
1342 4988 1578 5057 γαστρὸς
1626 4988 1844 5051 ἐξέϐαλε

266 5066 360 5119 τοῦ
396 5066 760 5136 παραδείσου,
800 5067 894 5119 καὶ
937 5067 1027 5121 τὸν
1062 5067 1446 5138 κατακλυσμὸν
1478 5070 1567 5123 τὸν
1614 5071 1704 5122 ἐπί
1752 5071 1845 5123 τοῦ

265 5150 392 5203 Νῶε
441 5148 581 5221 αῦτη
624 5150 922 5221 πεποίηκε,
956 5151 1048 5204 καὶ
1084 5153 1211 5215 τοὺς
1256 5152 1502 5223 Σοδόμων
1548 5156 1846 5224 κεραυνοὺς

266 5232 405 5302 αῦτη
439 5234 772 5305 κατήγαγεν.
800 5236 862 5288 Εἰ
892 5234 999 5307 γὰρ
1040 5236 1132 5289 καὶ
1162 5237 1417 5304 πορνείας
1468 5236 1720 5307 ἔγκλημα
1754 5232 1842 5307 ἦν,

263 5316 377 5369 ἀλλ’
409 5317 557 5387 ὅμως
604 5316 873 5388 ἑκατέρας
907 5319 1003 5383 τῆς
1061 5318 1391 5388 κολάσεωςὴ
1439 5318 1563 5389 ῥίζα
1596 5318 1845 5373 ἐντεῦθεν

265 5399 405 5469 ἐφύη
421 5416 435 5431 ο
459 5401 596 5472 ὅπερ
619 5400 714 5455 καὶ
733 5403 761 5455 6
786 5401 1041 5473 Ἰεζεκιὴλ
1065 5402 1432 5470 αἰνιττόμενος
1452 5402 1605 5469 ἔλεγε
1633 5419 1645 5431 ·
1671 5402 1847 5467 Πλὴν

264 5482 439 5537 τοῦτο
471 5482 537 5536 τό
582 5485 861 5554 ἁνόμημα
899 5485 1197 5550 Σοδόμων,
1244 5482 1331 5535 ὅτι
1359 5483 1429 5536 ἐν
1469 5485 1845 5552 ὑπερηφανίᾳ

991 312 1052 367 S.
1091 309 1375 365 JOANMS
1413 307 1903 366 CHRYSOSTOMI
1935 311 2259 368 ARCHIEP.
2300 307 2851 366 CONSTANTINOP.

3444 299 3550 355 210

1971 428 2070 482 καὶ
2129 429 2201 481 ἐν
2228 428 2276 460 ’³
2320 424 2647 495 πλησμονῇ
2694 423 2928 491 ἄρτων,
2977 420 3082 474 καί
3133 416 3203 471 ἐν·
3244 413 3555 479 εὑθηνίαις

1966 508 2347 563 ἑσπατάλων.
2384 508 2542 562 Οῦτω
2568 507 2662 561 καὶ
2700 505 2943 558 Ἰουδαῖοι
2984 502 3054 555 τὰ
3088 500 3319 571 μέγιστα
3363 495 3549 566 εἰργά-

1969 608 2129 645 σαντο
2157 592 2322 654 κακὰ,
2352 591 2460 644 ἀπὸ
2490 592 2589 660 τῆς
2621 588 2791 657 μέθης
2826 586 2922 640 καὶ
2948 584 3046 656 τῆς
3070 581 3283 653 τρυφῆς
3311 579 3405 632 ἐπὶ
3445 579 3546 647 τὴν

1967 675 2196 744 ἀνομίαν
2225 674 2590 740 ἐξοκείλαντες
2603 712 2617 725 .
2732 728 2739 733 ,

2040 755 2106 827 β’.
2140 756 2238 810 Διά
2265 757 2328 827 δὴ
2361 756 2518 809 τοῦτο
2542 755 2637 808 καὶ
2663 752 2825 817 αὐτὸς
2862 749 3111 822 νηστεύει
3136 745 3548 815 τεσσαράκοντα

1971 838 2218 909 ἡμέρας,
2251 840 2383 909 ἡμῖν
2436 838 2505 890 τὰ
2556 838 2823 908 φάρμακα
2863 834 2964 902 τῆς
3007 830 3279 900 σωτηρίας
3311 827 3545 890 δεικνὺς,

1969 923 2064 975 καί⁷
2106 922 2166 974 οὐ
2218 922 2545 992 προέρχεται
2580 921 2917 990 περαιτέρω,
2962 915 3102 968 ὥστε
3147 914 3220 985 μὴ
3268 911 3429 965 πάλιν
3477 912 3546 979 τῇ

1965 1004 2240 1075 ὑπερϐολῇ
2270 1005 2365 1057 τοῦ
2407 1002 2681 1073 θαύματος
2711 1000 3075 1069 άπιστηθῆναι
3100 996 3202 1065 τῆς
3232 992 3546 1063 οἰκονομίας

1967 1090 2064 1159 τὴν
2091 1088 2367 1157 ἀλήθειαν.
2400 1088 2512 1139 Νῦν
2548 1087 2646 1158 μὲν
2680 1086 2789 1155 γάρ
2815 1085 2915 1137 οὐκ
2946 1083 3012 1136 ἂν
3041 1084 3085 1114 ³⁸
3117 1078 3273 1133 τοῦτο
3302 1077 3538 1146 ἐγένετο,

1966 1171 2153 1231 ἐπειδὴ
2181 1171 2277 1223 καὶ
2314 1171 2552 1239 Μωύσῆς
2583 1169 2677 1223 καὶ
2709 1168 2894 1230 Ἠλίας
2928 1164 3289 1237 προλαϐόντες
3319 1164 3396 1224 εἰς
3425 1176 3550 1213 τοσο

1973 1254 2131 1308 οῦτον
2182 1254 2411 1324 ἴσχυσαν
2461 1253 2697 1319 ἐξελθεῖν
2740 1253 2947 1322 μῆκος,
2990 1251 3058 1319 τῇ
3098 1247 3193 1301 τοῦ
3240 1245 3373 1300 Θεοῦ
3416 1261 3551 1313 κραο

1971 1342 2277 1410 ταιούμενοι
2303 1340 2345 1371 ⁸ο
2367 1339 2611 1408 δυνάμει.
2644 1339 2707 1391 Εἰ
2736 1337 2789 1390 δὲ
2824 1334 3131 1406 περαιτέρω
3162 1331 3394 1401 προέϐη,
3422 1328 3549 1381 πολι

1968 1422 2082 1487 λοῖς
2133 1422 2198 1477 ἂν
2244 1424 2337 1476 καὶ
2385 1421 2632 1476 ἐντεῦθεν
2679 1423 2905 1483 ἄπιστος
2952 1418 3127 1482 ἔδοξεν
3173 1413 3312 1470 εἶναι
3362 1415 3396 1485 ἠ
3449 1413 3551 1483 τῆς

1972 1507 2173 1576 σαρκὸς
2219 1506 2502 1576 ἀνάληψις.
2549 1505 2867 1576 Νηστεύσας
2910 1503 3091 1556 τοίνυν
3137 1498 3550 1569 τεσσαράκοντα

1969 1590 2073 1660 ἠμέ
2085 1608 2183 1658 ρας
2226 1592 2318 1643 καὶ
2363 1588 2561 1653 νύκτας
2590 1588 2877 1651 τοσαύτας,
2919 1586 3215 1651 ”Υστερον
3241 1583 3544 1637 ἐπείνασε’

1970 1673 2139 1741 λαϐὴν
2165 1671 2311 1743 αὐτῷ
2344 1673 2596 1743 παρέχων
2622 1673 2700 1735 εἰς
2719 1671 2779 1724 τὸ
2809 1666 3143 1740 προσελθεῖν,
3183 1666 3269 1718 ἵνα
3302 1663 3549 1733 συμπλαο

1972 1755 2087 1817 κείς
2110 1753 2253 1825 δείξῃ
2280 1755 2395 1816 πῦς
2417 1754 2499 1806 δεῖ
2525 1753 2896 1825 περιγίνεσθαι
2917 1753 2959 1783 ³¹
2986 1749 3080 1803 καὶ
3105 1750 3280 1818 νικᾷν.
3304 1746 3460 1799 Οὖτω
3482 1744 3547 1815 δὴ

1972 1837 2065 1888 καὶ
2099 1835 2332 1907 ἀθληταὶ
2365 1836 2605 1889 ποιοῦσι·
2637 1836 2765 1899 τοὺς
2786 1835 2894 1906 γάρ
2920 1832 3168 1907 μαθητὰς
3191 1832 3315 1894 τοὺς
3338 1830 3549 1883 ἑαυτῶν

1970 1918 2311 1972 διδάσκοντες
2339 1918 2708 1988 περιγίνεσθαι
2745 1918 2839 1971 καὶ
2866 1918 3041 1987 νικᾷν,
3074 1914 3289 1975 ἐκόντες
3329 1914 3386 1964 ἐν
3429 1914 3548 1975 ταῖς

1970 2000 2331 2071 παλαίστραις
2361 2001 2762 2070 συμπλέκονται
2788 1999 3014 2070 ἑτέροις,
3045 2000 3100 2051 ἐν
3126 2000 3237 2059 τοῖς
3264 1995 3372 2049 τῶν
3398 1996 3547 2048 ἀντι-

1972 2083 2158 2135 πάλων
2198 2083 2411 2153 σώμασι
2442 2084 2770 2153 παρέχοντες
2790 2083 2998 2149 τρύτοις
3028 2081 3253 2151 θεωρεῖν
3286 2079 3379 2131 καὶ
3421 2095 3548 2132 παιο

1969 2165 2218 2218 δεύεσθαι
2248 2166 2345 2234 τῆς
2368 2167 2525 2235 νίκης
2552 2167 2643 2219 τὸν
2683 2166 2902 2236 τρόπον.
2937 2166 3003 2218 ’Ὀ
3032 2165 3094 2234 δὴ
3129 2164 3223 2215 καὶ
3263 2163 3384 2215 τότε
3423 2161 3547 2229 ἐγέ-

1970 2265 2109 2301 νετο.
2144 2249 2359 2319 Ἐπειδὴ
2387 2249 2494 2317 γὰρ
2529 2248 2777 2303 ἐϐούλετο
2820 2248 2981 2302 αὐτὸν
3028 2244 3433 2299 ἐπισπάσασθαι
3468 2245 3549 2306 εἰς

1970 2329 2148 2389 τοῦτο.
2183 2332 2276 2384 καὶ
2324 2332 2384 2384 τὸ
2423 2335 2613 2403 πεινῆν
2644 2331 2791 2400 αὐτῷ
2835 2329 3135 2399 κατάδηλον
3167 2329 3411 2397 ἐποίησε,
3452 2326 3547 2379 καὶ

1971 2414 2333 2484 προσελθόντα
2374 2414 2612 2479 ἐδέξατο,
2648 2416 2743 2466 καὶ
2784 2414 3099 2482 δεξάμενος,
3135 2411 3282 2476 ἅπαξ
3325 2410 3421 2463 καὶ
3466 2409 3549 2471 δίς

1971 2498 2063 2551 καὶ
2100 2499 2218 2567 τρὶς
2249 2496 2410 2551 αὐτὸν
2452 2497 2753 2569 κατέρραξε
2779 2499 2822 2529 ³²
2854 2497 2969 2566 μετ’
2997 2495 3246 2559 εὐκολίας
3273 2494 3371 2563 τῆς
3398 2491 3549 2562 αὐτῷ

1970 2580 2373 2650 προσηκούσης.
2411 2581 2549 2632 Ἀλλ’
2571 2580 2657 2634 ἴνα
2694 2581 2769 2650 μὴ
2807 2579 3236 2651 παρατρέχοντες
3263 2578 3362 2639 τὰς
3391 2576 3551 2638 νίκας

1968 2664 2191 2729 ταύτας,
2230 2663 2619 2733 λυμαινώμεθα
2656 2664 2808 2733 ὑμῶν
2853 2663 2952 2732 ’τὴν
2988 2661 3276 2731 ὠφέλειαν,
3307 2659 3414 2713 ἀπὸ
3450 2658 3550 2728 τῆς

1971 2746 2197 2817 πρώτης
2246 2747 2544 2818 ἀρξάμενοι
2582 2746 2885 2816 προσϐολῆς
2921 2746 3158 2816 ἑκάστην
3212 2744 3349 2814 μετά
3390 2743 3548 2812 ἀκρι-

1970 2829 2029 2881 ϐε
2039 2829 2122 2892 ίας
2148 2829 2508 2900 ἐξετάσωμεν.
2528 2829 2744 2899 Ἐπειδὴ
2761 2830 2870 2900 γάρ
2891 2829 3164 2890 ἐπείνασε,
3180 2826 3332 2897 φησὶ,
3355 2828 3548 2893 Προσ-

1970 2911 2162 2965 ελθὼν
2195 2916 2228 2967 ὁ
2269 2911 2555 2980 πειράζων
2599 2914 2769 2965 εἶπεν
2818 2912 3009 2978 αὐτῷ’
3054 2912 3123 2963 Εἰ
3162 2910 3294 2975 mc
3336 2903 3395 2962 εἷ
3440 2905 3548 2959 τοῦ

1973 2994 2157 3059 Θεοῦ,
2203 2997 2333 3049 εἰπὲ
2374 2998 2474 3051 ἵνα
2525 2999 2579 3049 οἰ
2627 2997 2783 3050 λίθοι
2826 2990 2989 3049 οὗτοι
3035 2994 3198 3061 ἄρτοι
3242 2991 3545 3061 γένωνται.

1986 3076 2201 3148 Ἐπειδὴ
2234 3078 2343 3149 γὰρ
2386 3080 2584 3150 ἤκουσε
2622 3078 2806 3147 φωνῆς
2847 3076 3051 3131 ἄνωθεν
3100 3074 3407 3148 φερομένης
3453 3072 3549 3125 καὶ

1972 3160 2267 3231 λεγούσηςο
2317 3160 2502 3228 Οὗτός
2544 3163 2714 3216 ἐστιν
2758 3165 2789 3215 ό
2834 3163 2960 3228 Υἱός
2990 3178 3106 3229 μου
3142 3163 3175 3213 ό
3200 3157 3547 3226 ἀγαπητός⁹

1972 3244 2170 3314 ἤκουσε
2199 3245 2253 3298 δὲ
2286 3247 2377 3298 καὶ
2425 3246 2671 3300 Ἰωάννου
2708 3244 2942 3297 τοσαῦτα
2981 3243 3110 3314 περὶ⁸
3149 3240 3313 3296 αὐτοῦ
3344 3256 3549 3310 μαρτυ-

1976 3327 2226 3396 ροῦντος,
2271 3322 2388 3380 εἶτα
2442 3322 2551 3381 εἶδε
2581 3325 2888 3380 πεινῶνταο
2924 3327 2982 3377 ἐν
3024 3323 3305 3396 ἀμηχανία
3355 3321 3549 3375 λοιπὸν

1968 3406 2058 3482 ἦν,
2098 3410 2192 3463 καὶ
2226 3410 2349 3464 οὐτε
2378 3411 2460 3464 ὅτι
2500 3410 2783 3481 ἄνθρωπος
2824 3404 2891 3480 ἦν
2919 3407 3073 3478 ψιλὸς
3104 3406 3394 3461 πιστεῦσαι
3421 3404 3549 3476 ὴδύο

1970 3512 2119 3556 νατο,
2170 3495 2258 3548 διὰ
2297 3498 2365 3550 τὰ
2414 3496 2542 3566 περὶ
2574 3494 2738 3549 αὐτοῦ
2769 3495 3060 3565 λεχθέντα·
3113 3494 3219 3547 οὐδ’
3264 3488 3331 3546 αὖ
3385 3491 3548 3547 πάλιν

1971 3577 2397 3647 παραδέξασθαι,
2427 3578 2508 3631 ὃτι
2542 3578 2670 3640 Υἰδς
2695 3573 2763 3648 ἦν
2799 3577 2892 3630 τοῦ
2922 3576 3079 3639 Θεοῦ,
3106 3576 3194 3629 διὰ
3226 3576 3287 3629 τὸ
3327 3574 3546 3646 βλέπειν

1968 3660 2128 3713 αὐτὸν
2149 3660 2436 3714 πεινῶντα.
2466 3660 2628 3714 Ὅθεν
2656 3661 2712 3713 ἐν
2738 3660 3017 3730 ἀμηχανίᾳ
3037 3659 3344 3728 γενόμενος,
3369 3660 3544 3729 ἀμφι-

1969 3744 2153 3807 ϐόλους
2187 3744 2377 3812 ἀφίησι
2402 3744 2603 3813 φωνάς.
2640 3744 2746 3796 Καὶ
2775 3743 2963 3813 ὥσπερ
2999 3742 3076 3812 τῷ
3108 3742 3281 3813 Ἀδὰμ
3317 3740 3547 3813 προσελ-

1968 3825 2075 3877 θὼν
2107 3826 2257 3897 παρά
2280 3827 2377 3898 τὴν
2411 3826 2606 3897 ἀρχὴν,
2635 3826 2856 3879 πλάττει
2890 3824 2958 3878 τὰ
2996 3825 3070 3897 μὴ
3097 3826 3247 3887 ὄντα,
3274 3827 3359 3879 ἵνα
3395 3826 3542 3898 μάθῃ

1967 3909 2033 3960 τά
2057 3908 2185 3961 ὄντα
2205 3922 2218 3936 ·
2252 3908 2395 3962 οὔτω
2434 3909 2499 3980 δὴ
2537 3909 2631 3962 xal
2664 3908 2918 3973 ἐνταῦθα,
2949 3908 3049 3961 οὐκ
3086 3907 3242 3970 εἰδὼς
3271 3909 3455 3977 σαφῶς
3485 3908 3546 3960 τὸ

1967 3990 2275 4063 ἀπόρρητον
2310 3992 2407 4062 τῆς
2454 3992 2763 4061 οἰκονομίας
2794 3992 3122 4062 μυστήριον,
3156 3992 3252 4045 καὶ
3278 3992 3363 4054 τίς
3412 3990 3544 4044 ποτέ

1968 4073 2115 4126 ἐστιν
2136 4078 2164 4127 ὁ
2192 4074 2402 4145 παρὼν,
2419 4075 2582 4144 ἐτερα
2606 4076 2875 4144 ἐπιχειρεῖ
2902 4074 3121 4127 πλέκειν
3142 4074 3352 4139 δίκτυα,
3376 4074 3443 4126 δι’
3468 4091 3545 4126 ων

1966 4156 2101 4227 ᾣετο
2149 4158 2389 4211 εἴσεσθαι
2427 4157 2487 4210 τὸ
2528 4158 2908 4227 κεκρυμμένον
2943 4158 3037 4210 καὶ
3085 4156 3312 4224 ἀσαφές.
3350 4157 3459 4209 Kal
3490 4157 3545 4209 τί

1965 4256 2129 4309 φησιν
2150 4258 2163 4305 ;
2197 4240 2262 4293 Εἰ
2290 4241 2423 4307 Υἱὸς
2451 4237 2627 4294 εἰτοῦ
2652 4239 2822 4302 Θεοῦ,
2849 4239 2979 4293 εἰπὲ
3003 4240 3103 4293 ἵνα
3125 4242 3179 4292 οἰ
3200 4240 3356 4293 λίθοι
3377 4234 3545 4294 οὗτοι

1967 4321 2116 4395 [170]
2149 4323 2314 4391 ἄρτοι
2347 4324 2651 4393 γένωνται.
2691 4324 2804 4376 Οὐκ
2852 4319 3024 4385 εἶπεν,
3083 4321 3299 4392 Ἐπειδὴ
3329 4323 3540 4391 πεινᾷς,

1963 4405 2099 4468 ἀλλ’,
2124 4409 2191 4460 Εἰ
2230 4407 2361 4471 Υἱὸς
2406 4403 2464 4459 εἰ
2512 4406 2619 4460 τοῦ
2667 4405 2840 4459 Θεοῦ’
2888 4405 3125 4474 νομίζων
3180 4404 3536 4459 ὑποκλέπτειν

1956 4489 2117 4542 αὐτὸν
2152 4493 2261 4552 τοῖς
2308 4490 2622 4559 ἐγκωμίοις.
2651 4488 2741 4542 Διὸ
2778 4489 2871 4541 καὶ
2902 4489 3000 4557 τὴν
3034 4490 3223 4540 πεῖναν
3262 4488 3531 4557 ἐσίγησεν.

1958 4571 2043 4623 ἵνα
2068 4570 2142 4642 μὴ
2183 4571 2308 4642 δόξῃ
2342 4571 2634 4641 προφέρειν
2657 4571 2701 4602 ³³
2725 4570 2872 4639 αὐτῴ
2910 4569 3065 4623 τοῦτο
3105 4572 3195 4623 καὶ
3239 4569 3516 4632 ὀνειδίζειν

1959 4656 2034 4707 Οὐ
2076 4655 2185 4725 γάρ
2227 4653 2379 4717 εἰδὼς
2406 4653 2514 4706 τῶν
2560 4654 3025 4724 οἰκονομουμένων
3064 4654 3125 4707 τὸ
3174 4656 3422 4725 μέγεθος,
3454 4655 3529 4707 αἰ·

1959 4738 2121 4808 σχρδν
2165 4737 2313 4806 αὐτῷ
2363 4737 2519 4790 τοῦτο
2574 4737 2820 4807 ἐνόμιζεν
2876 4735 3033 4791 εἶναι.
3085 4737 3175 4789 Διὸ
3231 4736 3520 4791 κολακεύω·

1957 4822 2119 4875 αὐτὸν
2154 4820 2421 4882 ὑπούλως,
2454 4820 2555 4889 τῆς
2591 4821 2747 4884 ἀξίας
2784 4822 3057 4892 μέμνηται
3102 4820 3288 4891 μόνης.
3332 4821 3399 4873 Τί
3443 4815 3529 4875 οῦι

1954 4906 1983 4956 6
2008 4904 2274 4973 Χριστός;
2314 4902 2418 4955 Τὸν
2455 4902 2621 4971 τῦφον
2655 4902 2819 4956 αὐτοῦ
2864 4903 3160 4974 καθαιρῶν,
3203 4904 3295 4956 καὶ
3324 4902 3538 4968 δεικνὺς

1954 4988 2055 5040 οὐκ
2082 4986 2342 5057 αἰσχύνης
2375 4986 2522 5050 ἀξιον
2561 4986 2623 5039 δν
2656 4986 2717 5039 τὸ
2748 4987 2981 5058 συμϐάν,
3008 4986 3128 5039 οὐδέ
3176 4984 3392 5052 ἀνάξιον
3434 4987 3537 5057 τῆς

1957 5069 2121 5122 αὐτοῦ
2163 5070 2370 5137 σοφίας,
2398 5070 2535 5140 ὅπερ
2564 5068 2876 5122 κολακεύων
2904 5069 3065 5122 αὑτὸν
3098 5070 3303 5133 ἐκεῖνος
3334 5071 3533 5123 ἀπεσε-

1953 5168 2108 5221 γησε,
2147 5151 2305 5205 τοῦτο
2352 5154 2430 5216 εἰς
2472 5153 2635 5222 μέσον
2685 5152 2848 5214 αὐτὸς
2893 5153 3157 5223 προφέρει
3190 5152 3285 5219 καὶ
3329 5153 3531 5223 τίθησι,

1952 5234 2156 5303 λέγων·
2205 5237 2326 5289 οὐκ
2374 5236 2466 5288 ἐπ’
2515 5236 2672 5304 ἄρτῳ
2704 5237 2868 5306 μόνῳ
2916 5235 3153 5302 ζήσεται
3197 5236 3527 5305 ἄνθρωπος.

1956 5319 2117 5372 Ὅθεν
2137 5319 2361 5390 ἄρχεται
2385 5319 2492 5371 ἀπὸ
2511 5319 2558 5350 ³⁸
2589 5319 2689 5388 τῆς
2717 5318 2858 5373 κατὰ
2875 5318 2972 5389 τὴν
2997 5320 3239 5391 γαστέρα
3263 5320 3529 5390 ἀνάγκης.

1953 5402 2025 5455 Σὺ
2053 5402 2111 5454 δέ
2143 5419 2231 5472 μοι
2265 5402 2455 5456 σκόπει
2494 5402 2587 5456 τοῦ
2624 5401 2863 5474 πονηροῦ
2897 5402 3150 5471 δαίμονος
3184 5404 3393 5457 ἐκείνου
3432 5405 3528 5474 τὴν

1951 5486 2325 5557 κακουργίαν,
2366 5486 2460 5539 καὶ
2492 5486 2653 5539 πόθεν
2696 5487 2923 5557 ἄρχεται
2952 5482 3061 5538 τῶν
3112 5485 3523 5558 παλαισμάτων,

336 5585 377 5663 ξ’
403 5586 561 5663 μηδέ]
585 5589 677 5641 καὶ
700 5589 918 5663 μηδέ
1022 5587 1083 5641 F.
1140 5585 1527 5663 ':6_‘§éw_;_]-&te
1552 5587 1626 5663 ῶς
1640 5586 1859 5663 [ῥίον.

1969 5589 2035 5663 τὸ
2058 5590 2319 5663 τέταρτον
2334 5590 2469 5663 Εάιί.
2528 5591 2573 5663 δ’
2594 5588 2762 5663 ἀλλά]
2781 5590 2914 5663 ⁸ιιιίιί.
2940 5588 3119 5663 καί,
3137 5588 3197 5663 Ε.
3228 5589 3291 5644 F.
3343 5591 3388 5623 ”
3409 5592 3527 5663 acan

263 5654 354 5743 κάξ
374 5654 620 5743 εἰςειήμ.
645 5654 797 5743 ρέείς
813 5659 909 5743 τὴν
935 5657 1296 5743 ἕρημονΑΕόᾳ.
1352 5654 1688 5743 ’δ’ἐπετίθεεξρ
1714 5657 1802 5743 an
1844 5661 1860 5690 ¹

1966 5654 2376 5743 'Ev‘othEzF.“
2489 5659 2613 5743 οὐκ]
2646 5654 2839 5730 οὐχ’ὡς
2866 5658 2962 5743 Ep.
3027 5659 3069 5689 ’7
3106 5659 3330 5743 καίριιι.
3371 5656 3519 5743 ᾼ..Βξ

260 5726 314 5799 '_"_
340 5725 396 5773 ὲν
424 5726 633 5799 o_m.__(2_.
663 5726 800 5780 E.F.
834 5725 1050 5799 ἐνίοὶιιε
1076 5726 1349 5799 εὐθηνίαις
1385 5742 1495 5799 om,
1540 5725 1600 5799 Ε.
1636 5725 1721 5799 Ε.
1758 5729 1802 5759 ’9
1837 5747 1860 5782 ο

1966 5727 2034 5799 iv]
2059 5730 2211 5783 οὐδέν
2234 5730 2296 5784 Α.
2333 5732 2377 5762 ³ο
2409 5729 2500 5785 Sic
2529 5725 2644 5783 ΕΣ(
2670 5725 3090 5799 κραταιούμενοι
3115 5728 3272 5787 MSS.
3307 5734 3518 5784 mulli.»

261 5793 488 5879 5302(4).
529 5794 701 5879 νιιὶιεο
718 5798 1101 5879 κρατούμενοι.
1144 5793 1854 5879 ..τίετεριγενὲξτθαιλίιίδκ.

2068 5810 2133 5879 Et
2156 5816 2238 5879 pr.
2401 5793 2770 5879 ξ’κατέρρηξε
2787 5793 3072 5879 μὴπολν
3092 5801 3523 5879 προφέρειηβίε

259 5862 325 5913 Α.
356 5860 413 5914 Β.

496 5899 509 5913 .
530 5862 691 5931 vulgo
718 5862 1063 5940 προσ-φέρειν.
1131 5868 1187 5940 3³
1204 5862 1362 5940 Ὅθεν
1386 5862 1601 5940 ἐκεῖνος
1622 5862 1846 5936 ἄρχεται

1966 5871 2047 5923 LE.
2068 5862 2178 5923 Kal
2212 5870 2373 5923 πόθεν
2394 5862 2652 5940 ἄρχεταὶξ
2699 5862 2833 5922 Ἃπό
2856 5868 2919 5924 F.
2957 5867 3045 5921 lla
3065 5862 3443 5928 nillil-eiubu'il
3486 5889 3520 5924 α

264 5932 577 5987 πρεεδιίιαιε
610 5932 805 5987 ventris
846 5932 1088 6005 incipere.
1119 5936 1213 5992 GC.
1244 5937 1558 5990 Clausulam
1589 5932 1727 5990 δίιιιέ
1753 5954 1858 6005 qua

1966 5942 2221 5996 nolcslam
2260 5932 2599 6012 ρτωιυὶιῇἱδίῑ
2626 5941 2776 5994 Arn).
