4084 6210
345 274 451 332 209

346 403 403 444 ut
428 389 694 460 malignus
716 386 804 443 ille
823 384 1051 446 dmmon,
1071 397 1137 437 an
1159 381 1228 437 ab
1243 395 1302 436 se
1321 378 1632 435 discesseris
1651 373 1921 434 dubitans,

348 479 702 534 teutationum
729 479 1089 548 experimento
1114 475 1311 530 certior
1338 473 1447 537 flat,
1479 481 1531 526 te
1561 471 1677 541 ipso
1708 483 1924 539 prorsus

347 569 540 624 relicto
570 568 909 630 abscessisse;
934 573 1126 635 quarto
1153 573 1211 618 ut
1235 563 1422 617 fortior
1449 572 1503 617 et
1532 566 1646 631 ipso
1675 562 1814 615 ferro
1836 575 1926 614 so-

350 659 508 714 lidior
548 659 624 714 sic
661 657 890 722 evadas;
919 657 1106 726 quinto
1131 665 1188 710 ut
1214 654 1447 710 thesauri
1477 654 1570 708 tibi
1599 652 1783 708 crediti
1807 666 1926 707 cer-

354 761 462 806 tum
495 751 687 806 habeas
715 759 1115 820 argumentum.
1162 746 1346 816 Neque
1373 746 1514 801 enim
1542 755 1594 800 te
1639 744 1924 800 invasisset

351 842 616 904 diabolus,
649 840 749 895 nisi
783 848 834 895 te
877 841 930 894 in
957 838 1159 908 majore
1191 839 1419 907 positum
1448 836 1652 892 honore
1678 835 1918 890 vidisset.

349 933 458 987 "ac
483 933 549 987 de
572 947 730 987 causa
757 933 902 988 enim
929 931 998 984 ab
1039 931 1194 984 initio
1222 930 1510 984 insurrexit
1537 929 1590 982 in
1620 928 1880 982 Adamum
1903 967 1918 991 ,

345 1025 465 1093 quia
493 1024 656 1078 multa
683 1023 832 1078 illum
854 1021 958 1076 frui
982 1020 1192 1075 videbat
1215 1020 1488 1090 dignitate.
1515 1019 1638 1074 Ideo
1658 1028 1711 1074 et
1734 1026 1918 1072 contra

343 1115 536 1170 Jobum
566 1116 740 1170 aciem
767 1114 1047 1174 instruxit,
1075 1113 1197 1184 quia
1239 1113 1388 1166 illuni
1428 1121 1740 1166 coronatum
1772 1107 1919 1164 etab

343 1208 712 1261 universorum
749 1206 857 1261 Deo
895 1205 1219 1260 celebratum
1261 1203 1492 1258 videbat.
1530 1204 1596 1257 Et
1623 1219 1720 1257 cur
1749 1202 1914 1268 dicit,

348 1295 507 1349 Orate
531 1312 594 1350 ne
619 1296 813 1349 intretis
850 1296 904 1349 in
929 1295 1248 1348 tentationem
1277 1292 1489 1363 (Matth.
1518 1295 1608 1348 26.
1639 1294 1761 1362 41)?
1790 1293 1920 1346 Pro-

347 1398 528 1456 pterea
555 1386 739 1443 Jesum
770 1402 875 1440 non
905 1387 1044 1440 ultro
1069 1396 1284 1441 euntem
1325 1385 1577 1450 exhibet,
1607 1385 1702 1441 sed
1747 1383 1920 1439 addu-

345 1487 488 1533 ctum
531 1477 826 1533 secundum
852 1479 1167 1534 teconomia:
1195 1479 1453 1531 rationem
1497 1495 1510 1531 :
1540 1476 1882 1530 subindicans
1901 1516 1916 1540 ,

345 1585 451 1626 non
476 1569 819 1626 iusiliendum
841 1584 984 1632 esse,
1007 1567 1102 1624 sed
1125 1568 1172 1621 si
1202 1567 1547 1630 adducamur,
1573 1566 1779 1620 fortiter
1800 1579 1920 1620 esse

344 1660 612 1715 standum.
659 1660 724 1713 Et
765 1657 1044 1714 considera
1075 1671 1182 1725 quo
1225 1657 1372 1711 illum
1418 1657 1647 1726 Spiritus
1672 1656 1914 1719 duxerit;

344 1765 451 1803 non
481 1751 530 1802 iu
563 1749 773 1812 urbem,
806 1763 904 1802 uec
943 1748 999 1803 in
1026 1747 1220 1811 forum,
1261 1747 1355 1802 sed
1387 1748 1442 1800 in
1465 1747 1755 1801 desertum.
1784 1746 1916 1812 Quia

344 1841 486 1896 enim
517 1840 786 1893 diabolum
815 1841 988 1909 ipsum
1013 1839 1226 1894 volebat
1252 1837 1469 1892 allicere
1493 1877 1508 1902 ,
1539 1851 1642 1890 non
1674 1852 1739 1890 ex
1776 1835 1916 1890 fame

345 1943 546 1987 tantum
571 1973 587 1995 ,
631 1933 724 1986 sed
751 1933 910 1986 etiam
935 1947 1000 1986 ex
1045 1931 1164 1985 loco
1187 1929 1523 1986 occasionem
1553 1928 1627 1981 illi
1670 1927 1911 1997 pra-buit.

342 2025 495 2079 Tunc
518 2026 660 2078 enim
686 2023 917 2078 maxime
941 2021 1179 2076 diabolus
1207 2022 1427 2091 ingruit,
1457 2035 1577 2075 cum
1607 2019 1748 2073 solos
1775 2017 1915 2074 videt

342 2132 405 2170 ac
451 2116 676 2170 seorsitu
718 2125 958 2185 agentes.
1002 2114 1089 2170 Sic
1115 2114 1390 2168 mulierem
1435 2112 1586 2167 initio
1628 2126 1915 2182 aggressus

341 2215 454 2269 est,
485 2207 652 2260 solam
695 2207 902 2272 adiens,
928 2207 1146 2260 absente
1176 2205 1310 2258 viro.
1352 2203 1484 2258 Cum
1520 2204 1662 2258 enim
1706 2203 1914 2272 aliquos

340 2297 498 2350 simul
542 2305 596 2351 et
641 2305 989 2366 congregatos
1036 2296 1210 2361 videt,
1264 2309 1368 2348 uou
1423 2294 1585 2348 audet
1639 2292 1907 2347 invadere.

338 2385 461 2440 Ideo
486 2394 697 2455 Oportet
717 2386 817 2441 hac
843 2386 1070 2440 maxime
1095 2385 1162 2440 de
1184 2400 1341 2439 causa
1366 2385 1670 2454 frequenter
1691 2398 1914 2452 congre-

335 2477 486 2545 gari,
533 2491 601 2532 ne
642 2475 857 2531 diabolo
884 2485 1039 2545 captu
1085 2475 1272 2530 faciles
1311 2476 1500 2530 simus.
1550 2473 1754 2528 Invenit
1782 2488 1911 2542 ergo

333 2568 482 2624 illum
525 2567 769 2624 diabolus
815 2569 872 2622 in
920 2568 1172 2634 deserto,
1215 2575 1270 2623 et
1314 2566 1368 2620 in
1414 2565 1698 2622 solitudine
1746 2563 1907 2618 invia.

332 2662 483 2728 Quod
506 2661 648 2716 enim
673 2661 792 2715 talis
816 2673 960 2716 esset
986 2659 1222 2714 solitudo
1240 2698 1254 2720 ,
1282 2658 1490 2713 Marcus
1531 2655 1796 2727 significat
1826 2655 1911 2708 bis

332 2754 507 2809 verbis
538 2770 552 2806 :
581 2751 708 2807 Erat
737 2769 848 2806 cum
872 2751 1038 2806 bestiis
1061 2751 1248 2823 (Marc.
1271 2751 1323 2804 1.
1353 2751 1463 2818 15).
1488 2747 1766 2818 Perpende
1785 2761 1907 2801 cum

330 2855 525 2915 quanta
557 2843 764 2898 vafritie
790 2853 846 2899 et
894 2843 1128 2912 nequitia
1159 2841 1401 2906 accedat,
1434 2849 1489 2894 et
1516 2837 1657 2908 quod
1691 2848 1904 2906 tempus

329 2941 594 2994 observet.
619 2937 734 2992 Non
757 2937 898 2992 enim
915 2938 1246 3006 jejuuantem
1267 2935 1410 3000 adit,
1433 2933 1526 2988 sed
1547 2933 1902 2988 esurientem:

331 3043 387 3086 ut
411 3033 586 3088 discas
609 3039 864 3101 quantum
896 3030 1091 3085 bouum
1137 3031 1205 3083 sit
1234 3027 1515 3098 jejunium,
1546 3037 1906 3096 quantumque

328 3126 398 3178 sit
426 3133 610 3177 contra
651 3123 920 3177 diabolum
954 3122 1151 3185 telum;
1181 3130 1238 3175 et
1272 3119 1414 3189 quod
1446 3128 1564 3186 post
1588 3118 1903 3186 baptismum

329 3235 436 3273 non
467 3217 704 3281 deliciis,
739 3231 846 3270 non
873 3215 1156 3278 ebrietati,
1185 3228 1291 3267 non
1322 3226 1522 3267 mensa:
1541 3251 1557 3275 ,
1584 3209 1678 3266 sed
1698 3209 1905 3280 jejunio

331 3326 493 3381 opera
525 3311 595 3364 sit
618 3308 815 3363 danda.
851 3308 1144 3376 PrOptcrea
1173 3306 1314 3362 enim
1360 3306 1448 3360 ille
1479 3304 1766 3374 jejunavit,
1798 3318 1903 3356 non

327 3402 470 3472 quod
515 3401 720 3472 jcjunio
764 3415 898 3470 opus
953 3399 1202 3458 haberet.
1255 3397 1350 3452 sed
1405 3405 1462 3452 ut
1511 3411 1611 3450 nos
1647 3395 1901 3450 erudiret.

327 3495 461 3562 Quia
486 3503 700 3564 peccata
719 3501 845 3548 ante
867 3493 1132 3546 lavacrum
1149 3491 1350 3546 ventris
1375 3488 1590 3559 crapula
1619 3487 1904 3542 intulerat:

327 3586 779 3657 quemadmodum
808 3587 852 3640 si
879 3585 1000 3656 quis
1041 3593 1299 3654 aegrotum
1337 3583 1403 3636 ad
1446 3582 1726 3636 sanitatem
1755 3579 1822 3634 ab
1846 3593 1908 3633 se

328 3678 606 3733 reductum
630 3677 816 3746 jubeat
840 3691 945 3731 non
977 3676 1066 3730 illa
1102 3675 1279 3729 facere
1309 3672 1451 3728 unde
1478 3671 1698 3726 morbus
1728 3669 1906 3723 illatus

326 3781 410 3825 est
435 3788 450 3824 :
477 3772 554 3824 sic
579 3780 634 3826 et
664 3770 755 3824 ille
787 3778 909 3838 post
937 3769 1203 3823 lavacrum
1232 3767 1438 3821 induxit
1458 3765 1745 3835 jejunium.
1771 3761 1906 3816 Nam

327 3876 380 3919 et
411 3863 669 3918 Adamum
698 3859 1103 3930 intemperantia
1133 3860 1333 3913 ventris
1361 3874 1426 3912 ex
1455 3855 1698 3927 paradiso
1723 3853 1903 3922 ejecit,

329 3964 384 4012 et
402 3955 658 4011 diluvium
687 3961 924 4021 tempore
961 3951 1089 4006 Noa:
1120 3949 1360 4013 induxit,
1391 3957 1548 4018 atque
1578 3948 1630 4002 in
1659 3944 1907 4001 Sodomi-

330 4058 412 4104 tas
442 4047 657 4101 fulmina
692 4045 931 4099 immisit.
961 4042 1180 4097 Etiamsi
1203 4041 1346 4095 enim
1372 4040 1652 4108 utrobique
1679 4035 1908 4090 fomica-

331 4140 491 4195 tionis
517 4140 720 4192 crimen
752 4144 866 4191 erat
883 4177 900 4201 ,
927 4143 1162 4188 attamen
1187 4133 1457 4199 utriusque
1482 4127 1726 4198 supplicii
1757 4125 1906 4180 radix

331 4231 457 4288 inde
502 4231 698 4302 prodiit
745 4227 932 4296 :quod
977 4234 1033 4281 et
1079 4223 1321 4280 Ezechiel
1368 4221 1606 4276 indicans
1649 4217 1902 4273 dicebat:

340 4324 692 4379 Verumtamen
733 4323 826 4374 hoc
857 4327 962 4374 erat
993 4326 1250 4388 peccatum
1275 4313 1648 4375 Sodomorum,
1668 4309 1906 4378 quoniam

329 4416 384 4467 in
413 4413 648 4483 superbia
686 4422 732 4465 et
775 4412 828 4464 in
869 4410 1129 4463 saturitate
1167 4421 1388 4475 panum,
1415 4412 1464 4456 et
1501 4403 1557 4454 in
1597 4399 1906 4454 abundantia

331 4504 650 4562 lasciviebant
675 4503 885 4574 (Ezeclt.
912 4502 996 4557 16.
1020 4498 1132 4572 49).
1156 4499 1243 4554 Sic
1269 4505 1322 4552 et
1339 4495 1510 4552 .Iudtei
1526 4495 1752 4549 maxima
1781 4507 1903 4562 per-

329 4605 608 4667 petraruut
651 4595 788 4650 mala
812 4633 828 4659 ,
872 4594 942 4648 ab
982 4591 1237 4648 ebrietate
1257 4599 1306 4644 et
1334 4587 1572 4644 ciborum
1597 4584 1801 4642 deliciis
1849 4582 1907 4638 in

327 4690 662 4760 iniquitatem
694 4685 1068 4757 impiugeutes.

400 4780 458 4836 2.
502 4780 625 4835 Ideo
651 4789 707 4835 et
735 4779 848 4848 ipse
868 4777 1074 4847 jejunat
1107 4773 1448 4845 quadraginta
1478 4770 1688 4835 diebus,
1720 4766 1905 4823 salutis

327 4873 488 4928 nobis
513 4872 750 4928 remedia
800 4869 1089 4926 ostendens
1111 4907 1128 4940 ,
1154 4882 1327 4936 neque
1373 4865 1597 4919 ulterius
1623 4861 1903 4932 procedit,

324 4981 396 5022 ne
439 4965 510 5021 ob
551 4978 830 5021 excessum
893 4959 1163 5024 miraculi,
1209 4955 1521 5013 oeconomiae
1560 4955 1753 5008 veritas
1797 4966 1904 5006 non

323 5057 660 5116 crederetur.
689 5055 843 5121 Nunc
867 5052 1008 5108 enitn
1037 5049 1254 5104 minime
1280 5045 1410 5102 illud
1432 5043 1742 5108 timendum,
1767 5057 1904 5112 quo-

327 5152 471 5207 niam
502 5149 710 5220 Moyses
735 5155 790 5202 et
815 5143 962 5198 Elias
995 5141 1092 5196 Dei
1118 5137 1348 5209 potentia
1375 5136 1488 5190 fulti
1511 5175 1526 5201 ,
1554 5133 1617 5188 ad
1651 5133 1792 5186 illam
1819 5131 1904 5201 je-

322 5244 459 5316 jttnii
498 5241 899 5299 diuturnitatem
924 5235 1223 5305 pertingere
1271 5236 1573 5300 potuerunt.
1622 5223 1678 5282 Si
1727 5233 1902 5278 autem

325 5335 552 5391 ulterius
581 5343 896 5403 progressus
922 5326 1125 5389 fuisset,
1160 5323 1282 5378 hinc
1311 5318 1552 5392 plurimis
1581 5316 1906 5372 incredibilis

324 5429 440 5483 visa
471 5420 661 5481 fuisset
684 5421 861 5478 carnis
880 5417 1194 5488 assumptio.
1229 5413 1287 5468 2.
1317 5411 1444 5468 Cum
1471 5410 1752 5482 jejunassct
1773 5420 1901 5477 ergo

323 5509 664 5590 quadraginta
690 5512 865 5568 diebus
889 5519 933 5565 et
962 5506 1299 5578 quadraginta
1319 5501 1565 5564 noctibus,
1588 5509 1759 5568 postea
1784 5513 1904 5551 esit-

323 5608 412 5661 riit
443 5621 457 5661 :
487 5605 820 5662 occasionem
851 5598 1136 5656 accedendi
1165 5593 1377 5650 diabolo
1399 5589 1642 5660 przebcus
1662 5629 1676 5651 ,
1703 5596 1760 5642 ut
1784 5601 1906 5642 cou-

325 5713 542 5770 gressus
588 5695 895 5754 ostenderet
923 5733 937 5760 ,
964 5687 1230 5762 quomodo
1251 5691 1520 5757 oporteret
1559 5693 1813 5751 superare
1840 5695 1903 5736 ac

1476 265 1540 320 IN
1577 251 1982 318 MATTIUEUM
2022 251 2247 312 IIOMIL.
2279 258 2410 319 XIII.

2031 377 2266 432 vincere.
2314 380 2403 435 Sic
2447 391 2502 436 et
2547 383 2762 438 athleta:
2823 381 3062 443 faciunt:
3096 403 3216 443 nam
3273 396 3332 442 ut
3367 387 3606 458 discipuo

2031 471 2111 525 los
2153 485 2278 527 suos
2323 471 2552 528 doceant
2573 475 2841 542 quomodo
2881 477 3094 532 vincere
3137 487 3422 548 oporteat,
3468 479 3607 533 ultro

2030 577 2150 616 cutu
2192 564 2309 618 aliis
2350 564 2402 618 iu
2449 565 2696 634 palaestra
2742 580 2800 619 se
2841 567 3203 637 complicant,
3249 571 3302 623 in
3349 568 3608 624 adversa-

2028 657 2229 712 riorum
2283 659 2602 727 corporibus
2650 659 3010 728 spectaculum
3076 659 3204 728 ipsis
3248 660 3606 722 exhibentes,

2029 761 2086 803 ut
2137 751 2379 807 vincendi
2439 752 2654 805 modum
2725 752 2982 805 ediscant.
3041 751 3191 820 Quod
3254 762 3377 806 tunc
3435 754 3608 808 etiam

2030 840 2226 895 factum
2254 851 2352 894 est.
2378 840 2512 908 Quia
2556 843 2698 894 enim
2747 842 3021 895 diabolum
3064 843 3280 896 volebat
3328 842 3394 896 ad
3433 855 3607 897 certa-

2028 933 2456 995 meuattrahere.
2506 933 2698 987 famem
2727 944 2908 987 notam
2938 935 3037 1003 ipsi
3063 933 3208 998 fecit,
3257 935 3606 989 accedentem

2030 1026 2269 1095 excepit,
2301 1035 2692 1094 exceptumque
2719 1025 2908 1090 semel,
2937 1026 3018 1080 bis
3047 1035 3101 1079 et
3122 1035 3222 1090 ter,
3274 1028 3443 1095 ipsum
3483 1042 3604 1080 cum

2027 1116 2279 1170 facilitate
2325 1115 2422 1170 sibi
2451 1125 2787 1183 competente
2814 1118 3114 1183 prostravit.
3141 1116 3244 1170 Sed
3292 1131 3360 1169 nc
3402 1116 3497 1169 has
3527 1117 3608 1168 vi-

2025 1209 2222 1262 ctorias
2265 1215 2735 1275 praetereurreutes
2756 1248 2770 1270 ,
2801 1207 3009 1260 utilitati
3060 1216 3251 1261 vestrae
3280 1205 3479 1276 aliquid
3506 1206 3604 1260 de-

2027 1298 2319 1363 trahamus,
2348 1313 2376 1351 a
2407 1297 2578 1367 primo
2620 1313 2909 1367 congressu
2934 1298 3043 1351 orsi
3069 1337 3085 1363 ,
3139 1297 3379 1367 singulos
3407 1297 3604 1352 deinde

2024 1399 2272 1444 accurate
2293 1390 2652 1458 exploremus.
2678 1389 2936 1456 Quoniam
2963 1377 3184 1455 esuriit,
3205 1389 3312 1444 ait:
3353 1390 3407 1446 5.
3449 1390 3603 1443 Acce-

2025 1481 2149 1534 dens
2175 1490 2390 1533 tentator
2416 1480 2543 1532 dixit
2569 1480 2614 1532 ri
2633 1495 2653 1533 :
2692 1480 2752 1533 Si
2787 1479 2949 1532 Filias
2977 1478 3074 1533 Dei
3097 1495 3178 1542 es,
3208 1478 3292 1532 dic
3331 1489 3384 1532 at
3407 1479 3603 1548 lapides

2023 1573 2107 1627 isti
2129 1589 2281 1642 panes
2302 1573 2447 1640 ant.
2492 1571 2621 1638 Quia
2666 1572 2809 1625 enim
2852 1571 3092 1624 audierat
3120 1586 3305 1626 vocem
3361 1572 3429 1626 de
3466 1573 3601 1625 caelo

2023 1663 2321 1718 dicentem:
2355 1661 2454 1716 Hic
2479 1673 2549 1715 est
2579 1661 2625 1714 F
2627 1660 2743 1714 ilius
2759 1679 2898 1716 meus
2915 1663 3127 1716 dilectus
3151 1662 3359 1734 (Matth.
3385 1665 3436 1717 5.
3459 1665 3546 1733 i7)
3579 1679 3602 1730 ;

2021 1753 2262 1806 audierat
2294 1753 2417 1805 item
2447 1751 2706 1805 Joannem
2741 1760 2882 1804 tanta
2913 1751 2982 1806 de
3016 1751 3132 1820 ipso
3180 1751 3593 1819 testificantem;

2019 1841 2316 1911 deindeque
2341 1841 2472 1895 vidit
2521 1841 2668 1894 illum
2715 1842 3076 1894 esurientem:
3107 1841 3344 1896 incertus
3384 1841 3599 1896 demum

2019 1945 2167 1997 erat;
2195 1947 2365 2002 neque
2394 1933 2536 1986 enim
2563 1931 2735 2000 ipsum
2764 1931 3032 1984 hominem
3085 1946 3208 1985 esse
3261 1947 3450 2000 purum
3475 1947 3595 1986 cre-

2018 2025 2146 2079 dere
2173 2033 2398 2093 poterat,
2448 2022 2517 2076 ob
2537 2037 2598 2076 ea
2621 2037 2738 2090 qua:
2766 2021 2833 2075 de
2856 2021 2949 2074 illo
2975 2021 3116 2074 dicta
3151 2021 3394 2086 fuerant,
3420 2036 3598 2090 neque

2017 2132 2138 2171 eum
2156 2116 2345 2170 FiIium
2375 2115 2466 2170 Dei
2494 2114 2794 2179 admittere,
2815 2113 2954 2181 quod
2973 2113 3176 2168 videret
3197 2113 3345 2166 illum
3366 2114 3594 2167 esurire.

2017 2207 2352 2277 Quapmpter
2402 2205 2592 2259 dubius
2631 2204 2814 2268 animi,
2857 2203 3045 2257 dubias
3071 2204 3265 2256 emittit
3295 2218 3473 2258 voces.
3516 2203 3596 2258 Ac

2016 2298 2464 2368 quemadmodum
2491 2297 2698 2350 Atlamo
2726 2298 2775 2349 in
2801 2295 3064 2364 principio
3087 2296 3299 2350 obviam
3331 2296 3552 2351 veniens
3573 2336 3592 2362 ,

2016 2406 2137 2460 qua:
2165 2405 2270 2444 nou
2302 2399 2458 2444 erant
2484 2389 2651 2458 fingit,
2682 2398 2737 2441 ut
2757 2404 2876 2457 qua:
2905 2396 3059 2440 erant
3091 2387 3386 2442 edisceret:
3421 2388 3490 2440 ita
3536 2396 3593 2442 et

2016 2496 2171 2546 nunc,
2192 2496 2311 2535 cum
2352 2496 2455 2534 non
2473 2480 2614 2534 clare
2634 2486 2981 2546 cognosceret
3004 2492 3254 2532 arcanum
3277 2477 3593 2532 oeconomia:

2016 2573 2352 2644 mysterium,
2386 2585 2483 2624 nec
2508 2572 2628 2638 quis
2669 2577 2813 2623 esset
2866 2570 2952 2622 ille
2985 2577 3111 2622 tunc
3165 2583 3400 2637 praesens
3424 2609 3438 2632 ,
3486 2569 3590 2622 alia

2017 2673 2232 2718 nectere
2258 2664 2389 2716 retia
2422 2650 2657 2721 molitur,
2683 2661 2834 2728 queis
2859 2658 3095 2728 putabat,
3119 2659 3172 2713 id
3199 2660 3338 2728 quod
3366 2660 3597 2714 abscon-

2014 2754 2182 2808 ditum
2215 2752 2608 2819 obscurumque
2658 2759 2773 2804 erat
2809 2766 2868 2803 se
2897 2749 3103 2803 discere
3150 2751 3326 2817 posse.
3385 2748 3589 2817 Ecquid

2015 2845 2126 2900 ait?
2155 2845 2216 2898 Si
2246 2844 2294 2897 F
2297 2845 2418 2899 ilius
2453 2844 2550 2896 Dei
2571 2843 2743 2908 es,dic
2778 2852 2831 2894 ut
2870 2840 3066 2910 lapides
3100 2842 3184 2894 isti
3235 2857 3388 2904 panes
3438 2842 3585 2910 ant.

2010 2935 2126 2990 Non
2153 2935 2305 2998 dixit,
2328 2932 2586 3000 Quoniam
2614 2931 2820 2995 esuris;
2844 2930 2960 2994 sed,
2989 2929 3052 2986 Si
3073 2929 3240 2983 Filius
3259 2929 3354 2983 Dei
3383 2946 3434 2984 es
3451 2947 3469 2982 :
3495 2945 3593 2999 pu-

2017 3035 2132 3080 tans
2158 3041 2216 3079 se
2245 3039 2404 3094 posse
2427 3023 2574 3077 illum
2599 3022 2871 3092 pellicere.
2916 3019 3042 3074 Ideo
3063 3020 3261 3076 famem
3286 3020 3470 3085 tacuit,
3518 3037 3591 3076 nc

2010 3119 2278 3172 videretur
2307 3116 2434 3170 illud
2467 3116 2563 3184 ipsi
2591 3115 2828 3184 proferre
2848 3122 2902 3168 ut
2928 3112 3294 3182 exprobraret.
3316 3110 3448 3166 Cum
3478 3128 3590 3165 non

2011 3217 2192 3264 nosset
2229 3208 2372 3262 enim
2429 3197 2608 3262 rerum
2653 3220 2772 3275 qua:
2800 3204 3249 3273 dispensabantur
3268 3203 3592 3271 magnitudi-

2011 3319 2152 3364 nem,
2187 3300 2236 3354 id
2261 3300 2334 3354 illi
2366 3299 2562 3368 probro
2583 3297 2696 3352 fore
2723 3297 2940 3366 putabat
2969 3304 3332 3365 :quapropter
3364 3293 3590 3348 adulan-

2012 3396 2080 3449 tis
2105 3409 2258 3448 more
2283 3392 2509 3459 subdole
2547 3391 2858 3460 dignitatem
2916 3389 3034 3455 ejus
3081 3387 3248 3441 solam
3300 3394 3584 3441 memorat.

2011 3486 2147 3555 Quid
2192 3485 2350 3555 igitur
2371 3482 2652 3538 Christus?
2670 3479 2890 3535 Fastum
2904 3479 3021 3549 ejus
3041 3478 3343 3548 deprimens
3363 3517 3380 3540 ,
3407 3486 3588 3531 osten-

2010 3580 2248 3649 densque
2275 3591 2373 3631 nec
2397 3573 2712 3645 probrosum
2745 3571 2798 3626 id
2829 3585 2951 3625 esse
2985 3568 3124 3639 quod
3155 3568 3454 3630 acciderat,
3488 3581 3589 3620 nec

2016 3669 2276 3742 sapientia
2305 3682 2400 3722 sua
2430 3665 2726 3734 indiguttm,
2750 3660 2893 3731 quod
2915 3661 3002 3715 ille
3024 3658 3293 3713 adulando
3312 3664 3588 3723 tacuerat,

2015 3763 2115 3816 hoc
2141 3762 2192 3815 in
2217 3759 2450 3815 medium
2475 3755 2680 3828 profert
2703 3769 2765 3809 ac
2793 3753 2956 3808 dicit:
2988 3753 3043 3806 4.
3073 3749 3192 3805 Non
3218 3751 3271 3804 in
3300 3749 3409 3804 solo
3455 3765 3589 3819 pane

2013 3857 2136 3910 vivet
2157 3854 2325 3908 homo.
2372 3851 2464 3905 Sic
2486 3865 2514 3902 a
2542 3847 2860 3902 necessitate
2889 3843 3090 3898 ventris
3118 3840 3320 3910 incipit.
3347 3839 3428 3893 Tn
3457 3853 3592 3892 vero

2011 3946 2143 4001 mihi
2169 3940 2388 4011 maligni
2411 3938 2672 3993 daemonis
2692 3935 2979 3990 versutiam
3022 3930 3290 4001 perpende
3313 3970 3331 3995 ,
3360 3938 3414 3983 et
3443 3928 3608 3990 unde

2013 4049 2286 4096 certamen
2318 4032 2555 4100 incipiat,
2604 4036 2658 4082 et
2681 4024 2948 4096 quomodo
2975 4037 3084 4077 sua:
3115 4036 3218 4074 non
3244 4019 3591 4074 obliviscatur

2014 4131 2164 4184 artis.
2191 4125 2272 4180 Ab
2299 4124 2364 4177 iis
2385 4121 2530 4175 enim
2552 4117 2705 4187 queis
2735 4114 2960 4183 prituum
2993 4110 3264 4164 hominem
3284 4108 3587 4177 dejecerat,

2012 4237 2076 4277 ae
2100 4218 2365 4275 sexcentis
2391 4214 2544 4268 malis
2573 4188 3057 4269 circumdederat,
3093 4203 3159 4257 ab
3187 4201 3372 4255 iisdem
3402 4199 3588 4254 dolutn

2013 4312 2197 4374 acetit,
2227 4309 2293 4364 de
2319 4304 2519 4361 ventris
2545 4297 2946 4369 intemperantia
2975 4295 3182 4363 loquor.
3206 4291 3398 4347 Multos
3424 4290 3592 4346 etiam

2021 4419 2163 4460 nunc
2191 4402 2382 4457 stultos
2405 4396 2592 4452 audire
2613 4403 2714 4458 est,
2747 4392 2833 4461 qui
2855 4389 3033 4443 dicunt
3055 4392 3305 4440 sexcenta
3331 4397 3423 4452 per
3451 4396 3586 4435 vcn-

2022 4509 2153 4551 trem
2181 4492 2318 4547 mala
2345 4489 2486 4545 illata
2509 4500 2648 4540 esse.
2676 4481 3010 4537 AtCItristus
3059 4473 3348 4530 ostendens
3394 4474 3596 4526 virtute

2014 4585 2296 4659 praeditum
2322 4596 2424 4636 non
2449 4593 2604 4649 posse
2631 4569 3024 4644 Itactyranuide
3059 4564 3305 4635 compelli
3350 4562 3594 4659 adque:-

2017 4653 2140 4735 dam
2190 4684 2374 4732 contra
2402 4673 2649 4726 decorem
2680 4661 3026 4722 admittenda,
3054 4668 3106 4712 et
3131 4656 3316 4718 esurit,
3343 4662 3395 4707 et
3416 4653 3592 4722 jussui

2016 4787 2119 4826 non
2149 4776 2316 4838 paret,
2338 4765 2537 4819 docens
2570 4761 2620 4814 in
2665 4758 2811 4812 nullo
2827 4752 3048 4822 obsequi
3076 4747 3284 4803 diabolo
3307 4759 3402 4799 nos
3432 4757 3593 4838 opor-

2015 4833 2161 4919 tere;
2179 4861 2310 4929 Quia
2332 4857 2474 4913 enim
2503 4853 2704 4922 primus
2730 4847 2890 4900 homo
2917 4843 3018 4897 hoc
3044 4849 3196 4911 pacto
3226 4839 3389 4892 Deum
3417 4833 3589 4888 offen-

2015 4957 2169 5011 derat
2198 4925 2369 5022 legem
2415 4953 2796 5012 transgressus,
2845 4952 2906 4991 ex
2939 4930 3230 4989 abundanti
3284 4938 3338 4984 te
3385 4925 3591 4990 docet,

2016 5046 2222 5104 etiamsi
2248 5019 2322 5108 id,
2345 5038 2484 5111 quod
2509 5036 2597 5091 ille
2619 5033 2790 5103 jubet,
2814 5027 3169 5098 transgressio
3193 5038 3296 5078 non
3322 5022 3412 5088 sit,
3435 5035 3502 5074 ne
3517 5019 3582 5072 sit

2018 5141 2178 5196 etiam
2209 5129 2684 5203 obtemperandum
2706 5139 2846 5180 esse.
2881 5117 3086 5191 Ecquid
3114 5116 3596 5203 transgressionem

2017 5229 2176 5286 dico?
2205 5227 2315 5282 Etsi
2338 5199 2462 5293 quid
2492 5219 2620 5273 utile
2647 5216 2826 5270 dicant
2849 5211 3152 5274 daemones,
3185 5206 3388 5276 inquit,
3421 5216 3487 5255 ne
3515 5199 3595 5293 sic

2014 5337 2226 5396 quoque
2256 5289 2646 5372 illis-attendas.
2699 5306 2790 5362 Sic
2836 5304 2978 5360 enim
3011 5303 3100 5357 ille
3130 5300 3411 5396 da'tuouas
3451 5289 3596 5396 qullli

2015 5380 2203 5474 vetuit.
2234 5406 2591 5482 praedicantes
2618 5401 2792 5470 ipsum
2816 5410 2937 5451 esse
2985 5394 3079 5450 Dei
3116 5391 3305 5482 Filiutu
3348 5380 3596 5479 (Lucet.

2017 5506 2139 5575 55).
2197 5477 2398 5558 Paulus
2443 5496 2570 5550 item
2617 5491 2846 5560 idipsum
2917 5487 3213 5544 clamantes
3263 5477 3592 5540 increpavit,

2119 5682 2322 5736 Unus,et
2351 5673 2594 5725 sexcentos
2618 5663 2737 5716 alios
2755 5653 3015 5712 innumeris
3035 5648 3172 5700 malis
3196 5639 3592 5696 circumdederat.
