4084 6210
451 310 549 366 ειι

448 420 659 481 etiamsi
696 418 768 482 id,
810 415 951 489 quod
1007 412 1293 475 dicebant,
1344 408 1476 463 utile
1519 413 1701 471 esset;
1751 404 1845 459 sed
1903 403 2021 457 illos

451 515 620 586 magis
681 510 949 581 magisque
995 502 1329 571 deprimens,
1358 511 1651 565 eormnque
1680 505 1869 549 contra
1923 506 2024 547 nos

453 604 671 659 insidias
696 603 998 658 obstruens.
1025 598 1181 651 etiam
1205 609 1327 648 cum
1356 591 1604 646 salutaria
1626 589 1869 659 dogmata
1892 601 2030 657 pra:-

454 697 716 757 dicarent,
745 689 1107 762 propulsabat,
1136 701 1321 741 eorum
1351 683 1633 736 obstruens
1659 694 1773 743 ora,
1794 680 2030 749 ipsisque

440 784 726 857 ,silentium
757 784 1027 848 imperans
1058 778 1193 847 (Act.
1224 775 1309 829 l6.
1340 773 1450 840 18).
1480 771 1682 825 Idcirco
1729 784 1900 838 neque
1944 767 2032 821 hic

455 874 697 927 Christus
735 871 890 924 dictis
931 866 1160 922 annuit:
1200 864 1291 918 sed
1316 862 1441 932 quid
1490 860 1645 914 ait“!
1678 858 1798 912 Non
1840 858 1893 911 in
1923 857 2033 911 solo

455 981 585 1034 pane
612 964 736 1016 vivet
772 961 940 1014 homo.
963 956 1115 1023 Quod
1138 969 1267 1009 vero
1283 953 1427 1015 dicit,
1458 949 1755 1019 bujusmodi
1784 957 1896 1002 est:
1931 947 2034 1000 Po-

456 1065 561 1110 test
584 1055 721 1108 Deus
745 1051 906 1106 etiam
950 1047 1117 1101 verbo
1147 1044 1472 1099 esurientem
1523 1040 1687 1102 alere,
1734 1052 1802 1090 ex
1853 1036 2033 1090 Veteri

458 1148 736 1216 Scriptura
768 1140 1131 1197 testimonittm
1173 1136 1423 1197 all‘erens,
1452 1148 1516 1187 ac
1549 1132 1771 1195 docens,
1794 1128 2036 1198 quamvis

463 1241 783 1300 esuriamus,
817 1234 1059 1304 quamvis
1084 1229 1227 1283 aliud
1256 1226 1526 1298 quidpiam
1557 1224 1853 1294 patiamur,
1879 1236 2037 1273 nutu-

458 1330 615 1402 quam
646 1343 675 1381 a
704 1327 929 1381 Domino
953 1319 1313 1377 absistendum
1336 1331 1475 1371 esse.

532 1421 586 1474 ὅ.
617 1416 770 1485 Quod
810 1415 855 1470 si
899 1415 1015 1484 quis
1040 1411 1266 1474 dixerit,
1312 1408 1472 1463 Certe
1513 1402 1862 1473 oportebatid
1887 1400 2038 1456 exhi-

461 1512 624 1567 bere:
654 1506 992 1577 respondebo
1028 1503 1126 1572 ipsi
1149 1501 1319 1565 ,Cur,
1366 1506 1420 1553 et
1446 1512 1547 1566 qua
1572 1496 1639 1549 de
1672 1496 1876 1549 causa?
1924 1491 2039 1546 Non

462 1603 628 1667 enim,
672 1609 729 1654 ut
753 1598 1014 1661 crederet,
1058 1592 1110 1647 id
1156 1591 1246 1646 ille
1273 1588 1521 1652 dicebat;
1569 1584 1662 1639 sed
1690 1592 1750 1638 ut
1777 1591 2037 1653 quantum

463 1692 812 1763 cpinabatur,
885 1688 954 1743 de
1018 1682 1391 1740 incredulitate
1448 1679 1618 1748 ipsum
1675 1675 2038 1729 convinceret.

463 1761 903 1851 Quandoquidem
947 1776 1150 1846 primos
1170 1772 1416 1827 homines
1445 1770 1523 1822 sic
1576 1764 1818 1833 decepit,
1861 1772 1915 1817 et
1951 1761 2044 1815 de-

466 1873 782 1931 monstravit
809 1871 952 1939 ipsos
975 1882 1083 1921 non
1112 1864 1337 1918 multum
1357 1861 1468 1914 Deo
1495 1857 1736 1911 credere.
1756 1854 1890 1908 Nam
1918 1868 2047 1907 con-

469 1967 625 2022 traria
658 1964 722 2018 iis
747 1979 865 2034 qua:
898 1960 1038 2015 Deus
1073 1958 1281 2011 dixerat
1299 1954 1415 2023 ipse
1445 1950 1749 2020 pollicitus,
1779 1946 1923 2000 inani
1947 1958 2042 2000 eos

469 2071 564 2126 spe
594 2053 806 2115 inllans,
840 2059 999 2118 atque
1042 2048 1095 2101 in
1123 2043 1550 2100 incredulitatem
1594 2039 1884 2105 conjiciens
1908 2076 1924 2099 ,
1968 2035 2047 2089 sic

468 2148 628 2201 etiam
656 2160 718 2197 cx
762 2142 823 2196 iis
853 2155 970 2212 qua:
999 2136 1346 2209 possidebant
1392 2131 1546 2186 bonis
1576 2129 1793 2197 dejccit.
1847 2126 2043 2181 Verum

469 2234 714 2292 Christus
743 2248 863 2287 sese
888 2236 1169 2292 monstrat,
1190 2240 1364 2293 neque
1393 2222 1626 2284 diabolo,
1657 2214 2047 2287 nequeJudzeis

471 2328 656 2383 eadem
686 2340 803 2393 quae
824 2321 1064 2377 diabolus
1080 2315 1430 2373 sentientibus
1455 2313 1932 2379 obtemperantem,
1953 2320 2049 2360 nos

472 2418 669 2486 ubique
695 2416 916 2476 docens,
951 2408 1161 2465 etiamsi
1181 2405 1448 2478 possimus
1472 2401 1668 2471 aliquid
1696 2398 1931 2469 operari,
1965 2396 2048 2448 ni-

474 2508 549 2562 hil
576 2516 752 2561 tamcn
785 2513 988 2558 temere
1012 2508 1068 2554 et
1088 2499 1204 2552 sine
1230 2510 1387 2550 causa
1408 2491 1712 2546 faciendum
1740 2504 1861 2543 esse
1885 2528 1899 2551 ,
1942 2488 2050 2541 imo

476 2612 578 2653 nec
601 2597 644 2650 si
670 2593 958 2649 necessitas
983 2592 1163 2653 instet,
1180 2585 1392 2641 diabolo
1411 2597 1532 2638 esse
1552 2577 2047 2649 obtemperandum.

474 2688 611 2758 Quid
637 2688 811 2756 agitur
838 2679 1200 2739 exsecrandus
1227 2678 1318 2732 ille
1332 2677 1506 2731 victus
1533 2673 1659 2728 fecit
1683 2674 1706 2726 ’ἒ
1760 2672 2049 2739 Postquam

476 2780 701 2837 suadere
728 2793 833 2832 non
864 2782 1117 2847 potuerat
1141 2779 1199 2826 ut
1222 2771 1429 2839 jussum
1455 2771 1859 2835 exsequeretur,
1890 2762 2052 2815 etiam

478 2884 622 2928 tanta
648 2873 881 2925 instante
906 2868 1070 2929 fame,
1103 2864 1174 2918 ad
1197 2861 1339 2917 aliud
1364 2856 1841 2930 proceditdicens:
1890 2852 1943 2907 6.
1991 2851 2051 2905 Si

477 2965 647 3019 Filius
672 2961 768 3016 Dei
796 2977 867 3026 es,
896 2960 1037 3012 mitte
1066 2967 1113 3010 te
1144 2955 1399 3009 deorsum.
1451 2950 1713 3017 Scriptum
1758 2956 1831 3000 est
1872 2945 2004 2998 enim
2029 2958 2047 2996 :

482 3053 733 3121 Quoniam
776 3048 967 3119 angelis
1014 3045 1120 3100 suis
1160 3041 1419 3096 mandavit
1470 3039 1534 3091 de
1561 3048 1638 3101 te,
1668 3047 1713 3089 et
1741 3038 1795 3088 in
1823 3035 2054 3087 manibus

480 3138 653 3197 tallent
675 3151 721 3195 te
758 3139 920 3209 (Psal.
950 3134 1179 3202 90.“).
1230 3133 1339 3187 Cur
1394 3128 1621 3199 singulis
1668 3126 2051 3181 tentationibus

485 3233 589 3287 hoc
613 3228 910 3304 prtemittit,
936 3226 996 3282 Si
1029 3224 1195 3279 Filius
1226 3221 1321 3276 Dei
1342 3221 1439 3275 es?
1483 3218 1635 3285 Quod
1662 3218 1772 3287 jam
1800 3217 1947 3286 prius
1976 3216 2054 3271 fe-

480 3333 646 3388 cerat,
665 3320 718 3375 id
732 3322 799 3374 'et
817 3333 957 3375 nunc
982 3318 1129 3372 facit.
1154 3314 1304 3370 Sicut
1329 3312 1471 3366 enim
1493 3320 1619 3364 tunc
1652 3309 1766 3363 Deo
1794 3304 2053 3361 detrahe-

482 3413 575 3467 bat
599 3412 683 3467 his
707 3410 904 3475 verbis,
951 3410 1273 3477 Quacumque
1298 3404 1381 3458 die
1425 3400 1739 3457 comederitis
1760 3440 1776 3465 ,
1828 3398 2057 3468 aperien-

484 3517 570 3560 tur
616 3505 747 3559 oculi
787 3503 933 3556 vestri
975 3496 1129 3570 (Gen.
1156 3499 1209 3554 3.
1240 3497 1346 3566 5);
1396 3495 1480 3549 his
1536 3492 1823 3547 ostendere
1874 3490 2058 3544 volens

483 3599 631 3664 ipsos
673 3594 925 3663 deceptos
954 3608 1017 3647 ac
1041 3592 1256 3645 delusus
1302 3587 1496 3649 fuisse,
1539 3583 1776 3652 nihilque
1816 3579 2057 3636 benelicii

484 3687 794 3756 accepisse:
823 3685 893 3738 ita
947 3692 1001 3737 et
1026 3681 1114 3735 hic
1146 3680 1376 3749 idipsum
1420 3674 1763 3730 subindicans
1801 3672 1875 3725 ait
1920 3687 1935 3724 :
1986 3669 2063 3724 'l‘e

485 3779 682 3833 frustra
710 3774 879 3828 ﬁlium
905 3770 1115 3825 vocavit
1138 3809 1153 3834 ,
1184 3782 1248 3822 ac
1292 3768 1434 3821 dono
1464 3774 1514 3818 te
1544 3763 1728 3817 fefellit
1760 3783 1772 3818 :
1824 3769 1970 3815 certe
2017 3759 2061 3812 si

486 3882 595 3923 non
630 3866 700 3921 ita
730 3880 790 3921 se
816 3878 901 3918 res
923 3861 1136 3926 habeat,
1166 3856 1422 3913 ostendas
1456 3854 1612 3910 nobis
1638 3861 1854 3924 oportet
1903 3864 1954 3905 te
1980 3862 2061 3904 ta-

485 3959 593 4014 lem
643 3956 840 4011 habcre
893 3961 1233 4023 potestatem.
1265 3946 1466 4002 Deinde
1494 3987 1509 4012 ,
1531 3944 1787 4015 quoniam
1816 3958 1881 3997 ex
1912 3941 2061 3997 Scri-

487 4051 657 4122 pturis
686 4050 855 4117 ipsum
891 4046 1192 4115 alloquutus
1214 4051 1361 4106 erat,
1388 4040 1503 4110 ipse
1534 4052 1745 4108 quoque
1795 4035 2065 4106 praphette

489 4142 847 4198 testimonium
874 4138 1050 4193 affert.

559 4234 805 4289 Diabolus
822 4249 908 4299 per
933 4231 1224 4301 patientiam
1242 4236 1525 4297 superatur.
1540 4252 1613 4265 ——
1630 4222 1737 4277 Cur
1763 4236 1891 4292 ergo
1915 4220 2071 4274 Chri-

491 4335 605 4380 stus
652 4338 755 4376 non
798 4321 1129 4388 indignatus,
1162 4334 1266 4371 non
1294 4324 1636 4383 exasperatus
1664 4322 1746 4366 est
1768 4354 1783 4378 ,
1816 4311 1909 4366 sed
1947 4326 2069 4365 cum

492 4410 899 4471 mansuetudine
928 4408 1088 4462 multa
1120 4420 1304 4461 rursus
1325 4420 1391 4459 ex
1432 4404 1721 4472 Scripturis
1749 4403 1919 4469 ipsum
1941 4401 2071 4454 allo-

493 4504 693 4575 quitur,
724 4501 946 4555 dicens:
970 4498 1023 4551 7.
1056 4496 1175 4550 Non
1204 4494 1413 4548 tentabis
1443 4493 1716 4546 Dominum
1743 4491 1903 4545 Deum
1931 4502 2070 4542 tuum

496 4594 672 4667 (Deut.
702 4595 755 4648 6.
782 4590 906 4664 16)?
937 4590 1005 4645 Ut
1032 4603 1128 4641 nos
1162 4587 1373 4650 doceat,
1406 4600 1511 4638 non
1534 4598 1628 4652 per
1650 4582 1819 4651 signa,
1852 4580 1946 4635 sed
1980 4596 2073 4650 per

494 4686 804 4759 patientiam
836 4678 1195 4752 superandum
1222 4677 1493 4731 diabolum
1520 4688 1659 4737 esse,
1693 4673 1927 4741 nihilque
1950 4688 2069 4725 om-

496 4780 624 4833 n'ino
666 4778 732 4832 ad
762 4774 1170 4831 ostentationem
1200 4784 1321 4824 esse
1348 4765 1689 4822 ’faciendum.
1742 4762 1867 4833 Ejus
1916 4777 2075 4831 porro

498 4869 776 4923 stultltiam
807 4866 887 4920 vel
909 4866 975 4919 ab
1001 4880 1065 4919 eo
1094 4861 1232 4933 quod
1259 4860 1434 4913 attulit
1465 4855 1767 4912 testimonio
1784 4852 2070 4923 perpende.

496 4958 627 5013 Nam
653 4956 950 5012 testimonia
977 4969 1005 5007 a
1027 4954 1249 5007 Domino
1276 4950 1432 5004 allata
1465 4948 1623 5003 ambo
1653 4943 1940 4998 admodum
1980 4958 2079 5013 0p-

498 5058 725 5119 portune
744 5046 976 5101 adhibita
1004 5054 1159 5110 sunt;
1183 5058 1300 5114 qua:
1326 5049 1503 5096 autem
1529 5040 1707 5094 abillo
1730 5046 2075 5105 usurpantur,

500 5151 701 5195 temere
727 5142 781 5193 et
805 5138 981 5207 inepte
1008 5135 1367 5205 proferuntur,
1397 5147 1495 5186 nec
1520 5130 1584 5183 ad
1610 5144 1723 5184 rem
1750 5127 2072 5197 propositam

500 5230 902 5286 accommodata
931 5238 1072 5283 sunt.
1098 5227 1281 5296 Neque
1304 5226 1446 5279 enim
1478 5222 1605 5276 illud
1626 5262 1642 5288 ,
1682 5220 1940 5289 Scriptum
1969 5225 2076 5284 est,

504 5322 710 5392 Angelis
735 5321 839 5374 suis
868 5318 1121 5371 ntandauit
1162 5316 1225 5367 de
1270 5325 1338 5381 te,
1376 5313 1564 5369 suadet
1587 5326 1706 5366 sese
1751 5308 2075 5379 praecipitem

503 5415 633 5470 dare
663 5430 678 5468 :
710 5411 943 5481 alioquin
968 5422 1097 5464 vero
1124 5422 1229 5461 non
1250 5406 1317 5461 de
1348 5405 1576 5459 Domino
1601 5402 1702 5457 hoc
1739 5401 1950 5455 dicitur.
1980 5402 2077 5454 At-

508 5519 684 5563 tamen
713 5506 814 5561 ltoc
840 5505 929 5559 ille
973 5515 1079 5556 non
1105 5498 1317 5563 refellit,
1349 5496 1449 5551 etsi
1474 5493 1856 5550 contumeliose
1899 5490 2083 5545 diabo-

511 5599 595 5653 lus
619 5599 759 5653 dicto
783 5612 908 5650 usus
926 5593 1132 5658 fuisset,
1158 5589 1414 5657 valdeque
1435 5585 1702 5640 contrario
1719 5600 1898 5641 sensu.
1916 5582 2083 5638 Nemo

571 5712 589 5742 ⁸
624 5717 767 5769 Unus,
791 5710 876 5760 sed
899 5706 1034 5759 illum
1055 5703 1246 5770 placide
1266 5696 1533 5762 redarguit,
1557 5696 1739 5746 dicens.

1180 299 1238 355 S.
1277 294 1556 354 JOANNIS
1592 287 2065 348 CllRYSOSTOMl
2104 287 2416 345 ARClllEP.
2464 283 2999 342 CONSTANTINOP.

3604 285 3714 340 21?.

2135 402 2277 455 enim
2307 417 2337 456 a
2368 400 2502 455 Filio
2533 402 2626 456 Dei
2660 401 2762 455 hoc
2790 401 2952 469 petit,
2980 397 3072 455 sed
3092 396 3289 454 diaboli
3322 404 3377 452 et
3406 396 3717 456 daemonum

2133 494 2416 547 consilium
2432 500 2513 548 est
2533 507 2590 547 se
2616 492 2870 547 deorsum
2898 491 3108 545 mittere
3133 506 3146 543 :
3177 489 3269 544 Dei
3296 504 3447 556 vero,
3476 490 3720 559 iacentes

2134 587 2361 655 erigere.
2389 584 2520 639 Nam
2552 586 2597 639 si
2631 584 2919 654 potentiam
2945 582 3229 638 ostendere
3268 592 3574 651 Oporteret,
3608 599 3719 640 non

2135 677 2209 730 sei
2218 690 2368 744 psum
2399 676 2681 740 mittendo,
2702 674 2786 729 vel
2808 673 3206 744 praecipitando,
3226 673 3319 727 sed
3337 673 3474 729 alios
3497 688 3717 730 servano

2135 768 2227 831 do,
2258 767 2307 821 id
2331 767 2563 821 fecisset.
2604 765 2848 835 Seipsnm
2875 767 3016 821 enim
3050 766 3101 819 in
3141 774 3409 834 prterupta
3433 776 3487 820 et
3528 768 3717 836 przeci-

2137 858 2265 927 pitia
2307 858 2537 923 mittere,
2566 857 2632 910 ad
2659 857 2852 911 diaboli
2886 856 3201 926 phalangem
3229 858 3478 925 pertinet.
3504 858 3595 915 Sic
3626 860 3724 930 igi-

2138 956 2226 1001 tur
2279 947 2371 1002 ille
2400 948 2650 1002 seductor
2675 946 2871 1016 ubique
2899 961 3059 1016 agere
3087 946 3238 1001 solet.
3272 947 3381 1002 Sed
3420 947 3503 1003 his
3540 950 3719 1019 dictis,

2138 1038 2383 1093 Christus
2408 1053 2515 1093 non
2540 1053 2598 1093 se
2625 1048 2800 1091 tamen
2828 1039 3047 1102 revelat,
3074 1037 3167 1093 sed
3188 1040 3339 1109 quasi
3370 1039 3529 1095 homo
3556 1043 3605 1096 ei
3637 1044 3726 1097 in-

2143 1129 2295 1183 terim
2321 1129 2570 1199 loquitur.
2600 1129 2731 1184 Nam
2749 1129 2886 1197 quod
2916 1129 3065 1194 dixit,
3100 1128 3220 1183 Non
3244 1131 3297 1183 in
3316 1132 3425 1185 solo
3454 1149 3585 1201 pane
3598 1135 3725 1187 vivet

2142 1222 2312 1285 homo,
2343 1230 2500 1290 atque
2523 1221 2672 1285 illud,
2695 1219 2815 1273 Non
2837 1221 3047 1273 tentabis
3075 1220 3345 1274 Dominum
3371 1220 3530 1275 Deum
3558 1234 3722 1287 tuum,

2144 1327 2250 1364 non
2280 1324 2400 1366 sese
2425 1312 2711 1365 admodum
2764 1310 3149 1365 manifestantis
3192 1321 3329 1375 erat,
3367 1313 3460 1367 sed
3494 1328 3616 1369 sese
3657 1331 3724 1371 ex

2144 1409 2456 1454 caeterorum
2486 1400 2759 1455 hominum
2786 1415 3008 1455 numero
3033 1401 3377 1456 declarantis.
3405 1403 3484 1457 Ne
3512 1405 3726 1461 mireris

2145 1505 2305 1558 porro
2331 1491 2374 1543 si
2403 1490 2678 1545 Christum
2705 1492 3003 1560 alloquens,
3035 1506 3095 1546 se
3119 1492 3320 1546 circum
3350 1510 3493 1563 sa'pe
3529 1506 3726 1550 vertat.

2145 1580 2603 1649 Quemadmodum
2634 1583 2777 1635 enim
2808 1582 3034 1651 pugiles,
3078 1598 3201 1637 cum
3235 1584 3408 1638 letalia
3457 1588 3731 1657 accipiunt

2145 1672 2369 1726 vulnera
2392 1714 2407 1737 ,
2439 1672 2753 1741 sanguinem
2812 1674 3340 1741 circumetnittenles,
3372 1686 3426 1731 et
3468 1681 3731 1749 vertigine

2147 1762 2286 1830 capti
2312 1762 2760 1817 circumferuntur
2788 1777 2803 1817 :
2835 1763 2913 1818 sic
2941 1773 2997 1819 et
3025 1765 3117 1819 ille
3153 1780 3185 1819 a
3214 1767 3381 1835 prima
3412 1777 3467 1821 et
3495 1772 3729 1827 secunda

2151 1852 2301 1921 plaga
2324 1852 2723 1918 obtenebratus,
2751 1867 2870 1922 qua:
2898 1854 2953 1907 in
2998 1866 3230 1909 mentem
3261 1857 3482 1912 veniunt
3528 1860 3732 1931 simpli-

2149 1948 2281 2001 citer
2311 1948 2509 2015 profert
2533 1987 2549 2013 ,
2576 1956 2629 2002 et
2663 1947 2731 2001 ad
2760 1948 2975 2002 tertium
3005 1962 3350 2018 congressum
3381 1953 3645 2020 procedit.
3673 1957 3731 2008 8.

2150 2036 2220 2090 Et
2235 2046 2492 2103 assumpto
2512 2054 2570 2091 eo
2594 2039 2647 2090 in
2672 2047 2887 2091 montem
2915 2038 3166 2092 excelsum
3191 2081 3207 2104 ,
3235 2041 3452 2094 ostendit
3490 2043 3535 2095 ei
3561 2046 3735 2097 omnia

2149 2145 2305 2198 regna
2326 2129 2341 2158 ⁸
2363 2144 2378 2193 ;
2401 2128 2452 2182 9.
2478 2138 2524 2181 et
2541 2129 2670 2181 dixit
2697 2144 2716 2181 :
2737 2127 2863 2181 Haec
2885 2131 3055 2182 omnia
3080 2129 3167 2183 tibi
3187 2130 3317 2184 dabo
3341 2133 3386 2184 si
3403 2133 3587 2186 cadens
3608 2136 3738 2187 ado-

2150 2219 2337 2271 raveris
2366 2234 2462 2271 me.
2487 2218 2571 2272 10.
2596 2218 2738 2271 Tunc
2761 2219 2882 2271 dicit
2910 2220 2955 2271 ei
2984 2235 3003 2273 :
3042 2218 3182 2273 Vade
3222 2230 3355 2275 retro
3395 2238 3491 2285 me,
3531 2235 3733 2276 satana.

2154 2310 2411 2377 Scriptum
2430 2320 2501 2362 est
2521 2310 2652 2363 enim
2675 2326 2694 2363 :
2720 2308 2993 2363 Dominum
3026 2311 3187 2365 Deum
3217 2323 3356 2366 tuum
3385 2315 3621 2368 adorabis
3639 2358 3655 2379 ,
3688 2328 3741 2369 et

2152 2403 2227 2455 illi
2256 2402 2350 2455 soli
2379 2402 2561 2455 servies
2582 2400 2757 2473 (Deut.
2776 2402 2828 2455 6.
2856 2403 2964 2471 l5).
2989 2403 3122 2469 Quia
3153 2405 3294 2457 enim
3315 2406 3427 2473 jam
3446 2406 3495 2460 in
3522 2407 3738 2461 Patrem

2153 2496 2324 2565 ipsum
2355 2503 2705 2564 peccaverat,
2758 2497 2932 2549 omnia
2961 2511 3081 2564 qua:
3125 2498 3265 2551 illius
3294 2505 3447 2552 erant
3482 2513 3574 2553 sua
3614 2514 3742 2554 esse

2153 2589 2357 2653 dicens,
2389 2595 2444 2642 et
2479 2600 2539 2641 se
2568 2586 2727 2641 deum
2759 2586 2993 2655 profiteri
3019 2588 3299 2653 studebat,
3331 2598 3389 2643 ut
3433 2600 3739 2647 creatorem

2156 2681 2412 2746 universi,
2447 2694 2573 2736 tunc
2620 2681 2950 2749 increpavit;
3008 2697 3181 2751 neque
3209 2697 3330 2736 cum
3374 2684 3739 2751 vehementia,

2155 2773 2247 2827 sed
2277 2772 2590 2842 simpliciter
2614 2787 2627 2824 :
2667 2770 2807 2825 Vade
2832 2782 2963 2825 retro
2990 2789 3086 2837 me,
3130 2782 3330 2826 satana.
3350 2775 3503 2841 Quod
3530 2775 3742 2845 jussum

2157 2864 2323 2932 magis
2362 2872 2515 2927 erat,
2570 2877 2729 2931 quam
2784 2863 3097 2931 increpatio.
3141 2863 3306 2919 Simul
3340 2866 3536 2937 quippe
3580 2867 3739 2931 dixit,

2166 2953 2324 3017 Vade,
2351 2963 2406 3008 et
2433 2955 2630 3024 fugavit
2655 2956 2819 3009 illum.
2844 2954 3026 3025 Neque
3040 2955 3181 3009 enim
3204 2956 3335 3009 alias
3362 2957 3459 3025 ipsi
3492 2960 3746 3014 tentatio-

2158 3060 2254 3100 nes
2283 3045 2491 3100 obtulit.

2227 3140 2279 3192 4.
2309 3137 2579 3204 Quomodo
2601 3138 2827 3192 Christus
2852 3155 3047 3192 omnem
3072 3141 3391 3195 tentationem
3418 3158 3744 3197 consumma-

2160 3230 2302 3283 verit.
2330 3229 2519 3282 Contra
2545 3228 2760 3283 habendi
2780 3230 3197 3299 cupiditatem.—-
3218 3232 3285 3286 Et
3307 3234 3609 3302 quomodo,
3655 3237 3743 3289 in-

2160 3321 2329 3390 quies.
2362 3320 2531 3374 Lucas
2555 3320 2650 3385 ait,
2679 3321 2850 3390 ipsum
2872 3337 3085 3376 omnem
3118 3325 3464 3379 tentationem
3492 3342 3746 3382 consum-

2162 3412 2392 3466 mavisse
2418 3411 2568 3480 (Luc.
2602 3413 2656 3467 4.
2686 3412 2822 3483 l5)?
2856 3412 3076 3467 Videtur
3116 3415 3246 3469 mihi
3277 3426 3335 3469 ut
3359 3418 3529 3485 capita
3572 3426 3748 3473 tenta-

2164 3505 2365 3558 tionum
2385 3502 2606 3568 diceret,
2624 3517 2811 3558 omnes
2837 3503 3056 3570 dixisse,
3079 3506 3228 3575 quasi
3249 3506 3370 3560 aliis
3392 3508 3492 3562 hoc
3520 3525 3748 3564 numero

2162 3596 2581 3665 Comprehensis.
2610 3594 2740 3649 Nam
2765 3595 2877 3649 haec
2898 3596 3057 3660 mala,
3079 3596 3353 3652 innumera
3380 3599 3481 3652 alia
3509 3602 3751 3671 comiilc-

2163 3697 2399 3753 ctuntur,
2420 3687 2591 3742 ventri
2615 3687 2837 3751 servire,
2860 3686 2926 3741 ad
2949 3702 3138 3741 vanam
3162 3689 3384 3759 gloriam
3412 3690 3536 3759 quid
3563 3707 3746 3761 agere,

2166 3780 2364 3833 furioso
2401 3778 2740 3848 pecuniarum
2784 3792 2967 3833 amore
3012 3779 3202 3833 teneri.
3251 3778 3403 3845 Quod
3430 3794 3551 3834 cum
3580 3782 3752 3838 sciret

2167 3871 2461 3926 sceleratus
2511 3870 2627 3935 ille,
2678 3869 2926 3925 omnibus
2968 3870 3335 3936 valentiorem,
3391 3873 3750 3930 insatiabilem

2169 3963 2397 4018 habendi
2423 3962 2789 4032 cupiditatem,
2811 3963 3050 4016 ultimam
3081 3964 3283 4032 posuit;
3317 3963 3365 4017 id
3389 3964 3501 4033 jam
3534 3975 3660 4021 ante
3693 3978 3753 4023 et

2167 4069 2197 4107 a
2229 4054 2487 4124 principio
2524 4053 2843 4123 parturiens,
2891 4053 2985 4107 sed
3030 4063 3354 4122 postrcnmm
3384 4069 3627 4121 servans,
3661 4067 3753 4111 ut-

2171 4155 2293 4215 pote
2322 4145 2544 4198 validius
2578 4143 2808 4199 czeteris.
2855 4143 2981 4198 Haec
3004 4144 3202 4213 quippe
3247 4145 3412 4215 ipsius
3441 4148 3755 4203 certaminis

2172 4238 2253 4291 lex
2280 4245 2383 4303 est,
2429 4246 2485 4289 ut
2511 4251 2631 4306 qua:
2651 4234 2897 4290 videntur
2931 4234 2997 4289 ad
3043 4236 3488 4304 supplantandum
3518 4240 3752 4309 aptiora,

2170 4339 2439 4399 postrema
2463 4329 2669 4383 all‘erat.
2701 4327 2853 4393 Quod
2883 4327 3043 4382 etiam
3079 4327 3219 4381 circa
3248 4326 3440 4382 Jobum
3486 4328 3634 4385 fecit.
3663 4331 3721 4385 ld
3746 4360 3753 4366 -

2171 4420 2314 4473 circo
2339 4418 2426 4472 hic
2454 4433 2608 4472 orsus
2628 4418 2695 4472 ab
2722 4418 2786 4472 iis
2813 4433 2930 4487 qua:
2962 4417 3274 4473 videbantur
3295 4419 3590 4476 infirmiora
3607 4437 3753 4489 esse,

2174 4509 2239 4563 ad
2269 4508 2530 4562 valentius
2553 4508 2813 4577 procedit.
2860 4507 3140 4576 Quomodo
3183 4520 3360 4566 autem
3404 4511 3506 4567 hoc
3553 4515 3755 4570 malum

2173 4600 2389 4655 vincere
2416 4600 2662 4668 oportet?
2693 4598 2759 4653 Ut
2781 4598 3027 4654 Christus
3045 4599 3246 4667 docuit,
3274 4600 3340 4656 ad
3368 4602 3538 4657 Deum
3568 4605 3759 4661 confu-

2175 4691 2367 4761 giendo
2412 4707 2428 4745 :
2478 4692 2549 4745 ita
2576 4700 2633 4745 ιιι
2660 4706 2760 4747 nec
2804 4693 2941 4746 fame
2968 4692 3333 4760 concidamus,
3374 4696 3658 4753 credentes
3706 4702 3760 4756 ei

2176 4785 2264 4855 qui
2297 4792 2471 4853 potest
2499 4784 2658 4837 etiam
2688 4783 2848 4839 verbo
2871 4798 3108 4853 pascere,
3145 4800 3243 4840 nec
3276 4786 3326 4839 in
3349 4786 3504 4843 bonis
3531 4805 3651 4859 qua:
3670 4804 3763 4845 ac-

2178 4882 2437 4953 cepimus,
2464 4881 2704 4936 datorem
2731 4892 3015 4949 tentemus;
3050 4883 3145 4939 sed
3172 4898 3402 4954 superna
3430 4885 3602 4954 gloria
3629 4898 3760 4941 con-

2181 4974 2332 5039 tenti,
2366 4974 2610 5028 humanae
2632 4975 2829 5029 nullam
2861 4976 3149 5032 habeamus
3170 4977 3454 5041 rationem,
3483 4986 3540 5032 et
3566 4978 3763 5047 ubique

2179 5065 2321 5133 quod
2348 5066 2671 5135 superﬂuum
2691 5075 2792 5129 est,
2813 5066 3191 5135 despiciamus.
3216 5066 3355 5121 Nihil
3380 5067 3523 5121 enim
3548 5067 3619 5121 ita
3645 5066 3761 5122 dia-

2183 5156 2306 5210 bolo
2335 5156 2604 5212 subditum
2642 5156 2838 5223 reddit,
2867 5166 2924 5212 ut
2954 5158 3268 5213 insatiabilis
3295 5158 3525 5213 habendi
3553 5158 3766 5227 cupidi-

2184 5258 2287 5314 tas,
2322 5257 2376 5303 et
2399 5248 2641 5302 avaritia.
2675 5248 2837 5318 idque
2863 5265 2928 5304 ex
2957 5249 3021 5304 iis
3044 5266 3164 5320 qua:
3193 5264 3336 5304 nunc
3358 5250 3613 5304 eveniunt
3643 5265 3766 5303 cer-

2183 5353 2316 5394 nere
2370 5347 2472 5393 est.
2513 5337 2651 5393 Sunt
2692 5339 2834 5393 enim
2883 5339 2974 5408 qui
3026 5340 3249 5397 dicant:
3282 5339 3408 5394 Haec
3450 5340 3630 5395 orunia
3673 5340 3769 5394 tibi

2183 5428 2467 5495 dabimus,
2522 5429 2567 5484 si
2623 5429 2819 5484 cadens
2876 5429 3183 5485 adoraveris
3211 5446 3225 5483 :
3255 5430 3499 5484 homines
3550 5430 3769 5500 quidem

2186 5530 2397 5585 natura,
2429 5520 2525 5576 sed
2566 5520 2919 5577 instrumenta
2948 5522 3143 5578 diaboli
3170 5521 3365 5578 effecti.
3401 5521 3534 5577 Nam
3562 5532 3620 5577 et
3644 5531 3776 5577 tunc

2188 5631 2703 5757 géﬁtelfuivoccs,
2728 5631 2889 5684 omnia
2908 5644 3075 5697 regna,
3099 5632 3293 5695 quidam
3312 5631 3509 5693 addunt,
3533 5631 3704 5683 muti
3723 5639 3774 5685 et
