4084 6210
321 281 427 340 215

325 414 428 453 ιιοιι
461 411 557 468 per
585 409 645 451 se
665 394 860 456 solum,
887 388 979 444 sed
999 401 1090 457 per
1109 385 1208 440 alia
1235 382 1473 455 qumdam
1493 383 1663 452 ipsum
1691 393 1898 449 aggres-

323 503 415 543 sos
459 496 542 541 est
574 504 587 538 :
619 485 756 555 quod
794 480 1069 536 declarans
1091 476 1260 531 Lucas
1301 475 1507 528 dicebat
1538 491 1551 524 :
1582 473 1660 524 Ad
1707 482 1900 537 tempus

326 578 555 631 discessit
584 577 644 630 ab
669 575 754 628 illo
785 575 801 640 (
818 572 941 624 Luc.
965 572 1020 623 4.
1050 568 1182 638 15);
1214 566 1492 621 declarans
1519 563 1691 632 ipsmn
1720 570 1898 629 postea

325 686 450 724 cum
475 670 699 738 propriis
723 667 818 719 sibi
851 662 1218 717 instrumentis
1243 658 1550 714 accessisse.
1589 657 1670 710 ll.
1703 653 1770 707 Et
1791 669 1900 706 cccc

326 762 498 830 angeli
520 767 844 817 accesserunt,
879 765 926 809 et
956 751 1308 807 ministrabant
1346 750 1409 802 ei.
1437 746 1569 801 Cum
1597 745 1737 800 cnim
1781 759 1897 798 con-

331 853 500 907 flictus
547 859 693 911 erat,
735 864 836 901 non
892 847 1016 899 sivit
1053 845 1174 898 illos
1205 857 1499 911 apparere,
1547 855 1612 892 ne
1639 853 1758 891 mox
1812 851 1898 890 ca-

329 942 571 1012 piendum
610 939 1053 1010 perterrefaceret
1082 953 1097 988 :
1129 942 1406 1003 postquam
1438 941 1614 986 auten.
1639 931 1782 984 illum
1807 943 1902 997 per

324 1043 510 1088 cuncta
551 1032 870 1094 confutavit,
913 1040 964 1083 et
995 1027 1211 1098 fugavit,
1248 1035 1372 1080 tunc
1397 1033 1653 1094 apparent
1690 1023 1762 1076 illi
1796 1038 1810 1075 :
1845 1031 1901 1074 ut

317 1119 496 1172 discas
512 1129 561 1172 te
579 1128 1108 1188 quoque,postquaut
1123 1119 1186 1170 ad
1204 1118 1507 1185 exemplum
1525 1117 1643 1185 ejus
1661 1116 1902 1178 viceris‘,

317 1211 384 1263 ab
397 1209 989 1276 angelisexcipiemlnm
1005 1223 1123 1262 esse
1137 1208 1603 1277 plaudentibus,ac
1617 1224 1709 1276 per
1725 1206 1905 1261 omnia

319 1301 669 1370 stipantibus.
692 1300 780 1355 Sic
805 1301 947 1354 enim
971 1311 1021 1354 et
1039 1299 1304 1354 Lazarum
1333 1309 1456 1370 post
1485 1299 1756 1354 fornacem
1781 1314 1903 1368 pauo

321 1394 730 1464 pertatis,famis
746 1404 795 1447 et
808 1395 1267 1462 angustiagangeli
1285 1393 1616 1462 excipientes
1628 1392 1900 1446 abierunt.

321 1485 616 1554 Siquidem,
650 1483 830 1552 utjatn
858 1481 989 1547 dixi,
1021 1480 1183 1532 multa
1207 1477 1454 1532 Christus
1479 1490 1618 1530 nunc
1646 1473 1897 1538 ostendit,

321 1578 515 1647 quibus
547 1592 646 1630 nos
677 1576 933 1629 fruemur.
972 1571 1108 1638 Quia
1139 1571 1296 1639 igitur
1323 1567 1441 1621 haec
1481 1567 1657 1620 omnia
1686 1573 1902 1634 preptcr

322 1678 374 1722 te
398 1666 530 1721 facta
562 1663 876 1730 sunt,_hanc
928 1661 1136 1714 imitare
1161 1699 1176 1725 ,
1208 1666 1263 1712 et
1306 1657 1556 1712 aanutlare
1602 1656 1897 1709 victoriam.

324 1756 457 1810 Etsi
496 1756 616 1824 quis
646 1723 876 1807 ex‘tllius
910 1749 1174 1805 dremonis
1205 1748 1458 1802 ministris
1504 1757 1554 1799 te
1593 1745 1766 1811 adeat,
1811 1746 1898 1814 qui

325 1847 446 1900 talia
465 1847 652 1914 sapiat,
680 1843 1007 1912 exprobrans
1037 1840 1127 1894 tibi
1151 1855 1212 1893 ac
1241 1837 1462 1893 dicens:
1487 1836 1743 1890 Mirabilis
1789 1851 1898 1888 ma-

321 1950 564 2006 gnusque
595 1949 674 1998 es,
725 1941 960 1986 montem
990 1929 1218 1984 transfer
1248 1947 1260 1982 :
1292 1942 1358 1982 ne
1386 1926 1634 1988 turberis,
1677 1941 1746 1980 ne
1785 1941 1899 1978 mo-

325 2028 527 2092 vearis;
559 2025 650 2080 sed
670 2041 790 2080 cum
812 2021 1213 2078 mansuetudine
1235 2017 1516 2088 reSponde,
1538 2027 1592 2070 ut
1617 2017 1894 2070 Dominum

321 2118 514 2173 audisti
545 2117 806 2172 dicentem
842 2135 853 2168 :
887 2114 1005 2168 Non
1024 2112 1232 2168 tentabis
1251 2109 1524 2164 Dominum
1547 2108 1706 2162 Deum
1733 2117 1894 2160 tuum.

321 2210 416 2264 Sin
437 2209 523 2263 ille
551 2209 772 2278 gloriam
816 2205 1208 2275 potentiamque
1237 2200 1464 2254 offerens
1487 2209 1646 2268 atque
1671 2198 1895 2250 immen-

317 2317 434 2356 sam
461 2302 565 2356 vim
594 2301 925 2361 divitiarum,
955 2297 1182 2350 adorare
1212 2303 1261 2348 te
1299 2293 1482 2362 jubeat
1506 2333 1518 2355 ,
1552 2301 1630 2344 sta
1665 2290 1893 2344 fortiter.

317 2395 431 2450 Non
455 2394 596 2450 enim
619 2403 804 2450 contra
830 2404 1165 2446 communem
1199 2386 1475 2440 Dominum
1514 2395 1749 2438 nostrum
1782 2398 1896 2434 om-

317 2488 464 2543 nium
509 2496 708 2540 tantum
741 2486 839 2539 hoc
869 2483 991 2539 fecit
1029 2480 1307 2543 diabolus;
1355 2478 1448 2532 sed
1475 2478 1635 2531 etiam
1660 2475 1896 2544 quotidie

315 2580 368 2634 in
412 2577 648 2647 singulos
677 2576 792 2645 ejus
823 2589 1008 2629 servos
1032 2573 1127 2626 bas
1157 2571 1407 2625 admovet
1449 2566 1757 2629 machinas;
1788 2581 1896 2619 non

315 2679 518 2726 tantum
538 2671 591 2724 in
621 2669 910 2730 montibus,
933 2670 984 2720 in
1007 2665 1255 2729 desertis,
1275 2661 1366 2716 sed
1381 2661 1538 2716 etiam
1570 2660 1622 2713 in
1653 2661 1892 2725 urbibus,

313 2765 365 2816 in
396 2762 550 2826 foris,
581 2762 632 2814 in
664 2758 1045 2822 tribunalibus;
1087 2769 1256 2824 neque
1287 2767 1384 2822 per
1412 2765 1470 2805 se
1508 2754 1678 2808 solum
1723 2754 1813 2806 sed
1843 2759 1896 2804 ct

311 2867 406 2924 per
422 2853 671 2910 homines
695 2861 954 2921 cognatos
975 2857 1208 2903 nostros.
1227 2844 1360 2912 Quid
1389 2845 1539 2916 igitur
1555 2843 1894 2898 faciendum?

309 2945 426 3003 Non
457 2941 788 3000 credendum
818 2942 866 2996 ei
894 2983 908 3003 ,
941 2953 1202 3010 auresque
1232 2947 1354 2992 sunt
1380 2935 1740 3001 obstruendte,
1765 2932 1894 2988 adu-

310 3041 555 3110 latorque
598 3035 723 3093 odio
766 3034 1044 3089 habendus
1077 3050 1091 3086 :
1125 3040 1179 3086 et
1223 3047 1343 3086 cum
1378 3029 1579 3098 majora
1614 3028 1890 3097 promittit,

309 3145 423 3187 tum
457 3130 621 3200 magis
651 3127 889 3182 aversari
918 3141 1039 3179 eum
1069 3130 1299 3193 Oportet.
1329 3119 1602 3191 Siquidem
1633 3126 1686 3173 et
1727 3117 1888 3171 Evam

307 3240 432 3278 cum
462 3237 556 3291 spe
584 3220 788 3290 majore
812 3216 1024 3284 extulit,
1058 3224 1184 3270 tunc
1201 3213 1415 3282 dejecit,
1437 3211 1770 3278 maximaque
1793 3208 1888 3278 ipsi

309 3315 489 3370 intulit
520 3313 679 3368 mala.
713 3311 891 3365 Hostis
922 3309 1115 3378 quippe
1141 3317 1220 3360 est
1266 3303 1628 3366 inexorabilis,
1662 3301 1888 3356 bellum-

307 3424 414 3476 que
441 3416 624 3461 contra
654 3420 751 3458 nos
780 3402 1016 3471 suscepit
1037 3398 1390 3468 implacabile.
1411 3383 1533 3450 Nec
1567 3397 1635 3448 ita
1665 3409 1761 3448 nos
1805 3409 1889 3448 sa-

307 3501 403 3556 lnti
437 3507 634 3553 nostra:
668 3495 967 3560 studemus,
998 3502 1055 3548 ut
1083 3493 1172 3547 ille
1202 3501 1394 3545 nostra:
1426 3488 1697 3559 perniciei.
1735 3488 1888 3540 Aver-

305 3607 487 3647 semur
529 3591 704 3659 itaque
755 3587 927 3650 illum,
981 3601 1085 3639 non
1119 3583 1294 3638 verbis
1327 3592 1564 3644 tantum,
1609 3579 1699 3633 sed
1728 3578 1885 3632 etiam

304 3681 591 3752 operibus;
648 3694 752 3732 non
793 3685 971 3732 mente
1015 3676 1225 3737 solum,
1255 3672 1347 3727 sed
1395 3671 1617 3733 actibus,
1651 3669 1886 3738 nihilque

302 3773 445 3842 quod
477 3771 576 3840 ipsi
620 3771 866 3840 placitura
893 3767 962 3821 sit
992 3765 1244 3820 faciamus
1278 3781 1290 3816 :
1321 3763 1397 3816 sic
1424 3761 1600 3815 omnia
1633 3775 1749 3828 quae
1780 3759 1887 3813 Dro

303 3865 496 3934 placita
529 3871 650 3916 sunt
680 3860 954 3915 faciemus.
983 3856 1113 3910 Nam
1143 3854 1305 3908 multa
1335 3852 1420 3906 ille
1446 3851 1745 3920 pollicetur,
1780 3865 1884 3902 non

306 3970 365 4016 ut
393 3960 522 4022 det,
554 3956 647 4012 sed
681 3966 738 4009 ut
767 3952 1013 4022 accipiat.
1041 3948 1120 4003 Ex
1151 3947 1334 4017 rapina
1365 3942 1664 4014 pollicetur,
1694 3952 1750 3994 ut
1792 3956 1886 3993 au-

303 4052 442 4106 ferat
468 4062 687 4118 regnnm
718 4042 1083 4112 etjustitiam;
1117 4038 1396 4092 thesauros
1427 4034 1479 4088 in
1513 4043 1653 4088 terra
1678 4047 1771 4086 ceu
1803 4032 1884 4084 la-

304 4155 474 4214 queos
501 4138 723 4194 tendens
755 4145 914 4204 atque
945 4145 1158 4193 casses,
1207 4136 1265 4182 ut
1301 4136 1354 4182 et
1385 4125 1466 4178 his
1506 4132 1560 4178 et
1588 4121 1885 4177 caelestibus

303 4213 479 4304 privet
533 4228 845 4284 thesauris:
879 4224 990 4278 vult
1042 4236 1140 4276 nos
1187 4220 1270 4274 hic
1324 4218 1609 4280 ditescere,
1661 4229 1729 4267 ne
1784 4213 1886 4265 illic

303 4326 648 4378 ditcscanms.
685 4321 776 4375 Sin
807 4334 908 4372 non
945 4318 1110 4388 possit
1153 4327 1249 4367 nos
1297 4326 1390 4382 per
1437 4309 1647 4364 divitias
1687 4307 1752 4360 ab
1800 4305 1883 4358 illa

304 4426 454 4473 sorte
480 4415 700 4485 ejicere,
729 4413 973 4476 alteram,
1004 4424 1096 4478 per
1117 4411 1482 4476 paupertatem
1511 4414 1716 4469 nempe,
1751 4399 1884 4450 viam

303 4509 445 4566 init:
479 4506 619 4578 quod
652 4506 702 4558 in
734 4503 836 4559 Joh
882 4502 1024 4556 fecit.
1072 4501 1206 4552 Cum
1245 4496 1432 4551 viderit
1465 4491 1605 4547 enim
1659 4488 1788 4543 nihil
1835 4488 1882 4540 ci

305 4599 554 4656 nocuisse
597 4597 806 4652 divitias
832 4635 847 4656 ,
878 4608 972 4662 per
1000 4596 1362 4662 paupertatem
1392 4585 1521 4640 retia
1554 4581 1738 4642 nectit,
1788 4578 1887 4632 hac

304 4694 388 4747 \‘ia
443 4704 666 4761 sperans
713 4702 772 4742 se
814 4684 1088 4740 victoriam
1134 4686 1526 4749 reportaturum
1588 4687 1705 4727 esse
1739 4691 1751 4725 :
1782 4687 1885 4740 quo

304 4783 430 4855 quid
473 4782 688 4836 stultius
713 4794 832 4834 esse
876 4773 1081 4846 possit?
1112 4773 1212 4840 Qui
1255 4771 1397 4825 enim
1443 4765 1654 4821 divitias
1686 4775 1887 4838 tempe-

303 4887 489 4932 ranter
516 4875 654 4930 ferre
683 4870 872 4943 potuit,
907 4867 1073 4921 multo
1104 4863 1270 4933 magis
1293 4869 1654 4932 paupertatem
1681 4855 1885 4911 fortiter

289 4949 442 5023 feret
463 4982 477 5020 :
505 4973 559 5020 et
579 4965 664 5036 qui
687 4967 980 5033 prmsentes
1000 4957 1210 5010 divitias
1229 4969 1332 5007 non
1355 4949 1676 5019 concupivit,
1696 4947 1881 5001 absen-

309 5071 390 5113 tes
419 5072 526 5111 non
557 5062 780 5124 quaeret,
810 5045 1260 5124 quemadmodum
1315 5057 1488 5110 neque
1531 5040 1716 5094 beatus
1761 5037 1884 5098 ille;

302 5151 402 5208 sed
443 5165 510 5206 ex
552 5155 864 5219 paupertate
903 5154 1114 5196 rursum
1148 5135 1476 5208 splendidior
1520 5131 1741 5188 effectus
1781 5138 1882 5184 est.

303 5246 437 5303 Nam
465 5242 677 5299 divitias
701 5237 915 5312 quidem
943 5234 1153 5288 auferre
1175 5230 1343 5302 p0tuit
1370 5227 1633 5296 malignus
1662 5221 1888 5312 illegdm-

302 5352 467 5400 tuon;
507 5309 782 5388 caritatem
810 5341 938 5383 vero
972 5337 1097 5395 erga
1142 5323 1307 5376 Deum
1340 5333 1444 5372 non
1489 5313 1648 5370 modo
1676 5309 1888 5366 auferre

303 5445 412 5483 non
441 5425 642 5496 potuit,
677 5422 769 5477 sed
801 5421 959 5477 etiam
994 5412 1366 5471 ferventiorem
1399 5405 1654 5467 reddidit,
1688 5403 1889 5472 ipsum-

304 5535 411 5592 que
438 5492 691 5574 nudatutn
712 5511 976 5573 omnibus,
1005 5505 1241 5578 pluribus
1267 5499 1469 5556 curavit
1493 5494 1774 5567 splendere
1794 5492 1892 5546 bo-

360 5640 377 5671 ι
410 5631 683 5696 Legeratin
697 5631 862 5679 Greco
871 5626 974 5695 itait’
988 5613 1590 5696 éxetvmvilontegilconius
1603 5609 1880 5696 Latiasque

300 5668 1252 5762 ιείικίιῖιὲιῗτιῖξιῇξέἶιιξῖηιῖῖιιᾷὲᾲῥιρίνίδ.
1294 5671 1490 5728 Videsis
1519 5685 1630 5735 qua
1670 5668 1722 5719 in
1753 5668 1884 5718 hunc

302 5742 474 5812 iJE-‘iixi
488 5742 684 5806 notavit
719 5742 1000 5802 Fridericns
1032 5742 1189 5797 Fie‘td.

1467 266 1528 319 IN
1570 259 1974 320 M.\TT|11EU3I
2017 261 2243 318 llOMll..
2289 263 2420 317 Xlll.

3481 255 3586 312 ιιι

2007 379 2122 445 nis;
2173 379 2398 449 ideoque
2444 379 2571 448 quid
2611 379 2815 433 consilii
2862 386 3076 444 caperet
3129 374 3416 429 nesciebat.
3472 375 3592 444 Quo

2008 473 2184 542 plures
2210 473 2351 526 enim
2385 470 2653 540 infligebat
2681 471 2876 540 plagas,
2919 486 2984 525 eo
3010 467 3356 526 valentiorem
3398 485 3586 525 cerne,-

2007 563 2114 617 bat.
2149 561 2379 631 ideoque
2407 561 2654 613 omnibus
2682 559 2898 614 tentatis
2925 568 2978 612 et
3008 557 3277 622 adhibitis,
3301 560 3421 629 quia
3449 560 3583 612 nihil

2006 656 2173 724 magis
2197 654 2522 724 proficiebat,
2553 653 2620 707 ad
2647 663 2796 706 vetus
2829 650 2953 705 illud
2975 651 3134 705 telum
3153 652 3338 714 currit,
3364 667 3582 704 uxorein

2005 763 2226 818 nempe,
2271 756 2324 801 ct
2353 755 2620 814 assumpta
2655 744 3001 815 providentia:
3042 742 3206 806 larva,
3256 743 3585 796 calamitates

2005 838 2120 908 ejus
2144 836 2519 891 miserabiliter
2546 845 2597 889 et
2637 835 2834 904 tragice
2877 832 3150 896 describit,
3189 840 3244 886 et
3284 832 3497 885 simulat
3526 847 3585 884 se

2006 929 2364 1000 perniciosum
2414 926 2539 980 illud
2583 925 2716 979 dare
2744 924 3064 988 consilium,
3113 932 3171 976 ut
3226 923 3313 976 ille
3354 937 3383 975 a
3431 923 3583 976 malis

2004 1035 2223 1090 prorsus
2250 1018 2521 1072 liberetur.
2555 1016 2659 1071 Sed
2690 1031 2864 1085 neque
2891 1015 2960 1068 ita
2994 1013 3305 1084 praevaluit:
3335 1013 3416 1067 vir
3442 1013 3583 1066 enim

2006 1113 2093 1166 ille
2115 1109 2457 1165 admirandus
2480 1108 2593 1178 ejus
2613 1123 2789 1162 escam
2811 1104 3205 1169 animadvertit,
3225 1118 3288 1158 ac
3313 1119 3432 1159 cum
3459 1101 3586 1156 mul-

2007 1214 2055 1260 ta
2083 1202 2360 1272 prudentia
2385 1202 2556 1267 uxori,
2583 1201 2697 1271 ejus
2726 1214 2885 1253 suasu
2914 1198 3171 1269 loquenti,
3204 1213 3264 1252 os
3293 1195 3582 1251 obstruxit.

2075 1296 2127 1349 5.
2162 1293 2218 1348 id
2245 1292 2386 1363 quod
2418 1292 2580 1347 etiam
2610 1307 2706 1345 nos
2731 1290 2905 1345 facere
2928 1289 3204 1353 convenit;
3234 1286 3440 1342 etiamsi
3477 1288 3584 1339 fra-

2006 1385 2119 1449 tris,
2153 1384 2360 1441 etiamsi
2403 1383 2592 1448 amici,
2623 1384 2722 1437 etsi
2767 1383 2948 1436 uxoris
2977 1380 3056 1435 vel
3085 1380 3308 1434 alterius
3333 1379 3585 1448 cujusque

2006 1490 2286 1546 personam
2312 1475 2556 1539 inducns,
2584 1488 2688 1527 non
2718 1472 3057 1540 congruentia
3090 1471 3354 1540 loquatur,
3388 1485 3490 1522 non
3518 1484 3583 1524 ex

2006 1583 2232 1638 persooa
2286 1565 2553 1636 loquentis
2591 1565 2872 1618 consilium
2914 1565 3188 1632 excipere,
3229 1562 3323 1617 sed
3375 1563 3580 1616 ratione

2006 1661 2289 1732 perniciosi
2315 1658 2527 1714 consilii
2573 1656 2687 1710 haec
2731 1655 2996 1709 dicentem
3040 1655 3272 1707 aversari
3305 1653 3582 1708 debemus.

2004 1752 2276 1822 Siquidem
2310 1766 2452 1806 nunc
2497 1749 2658 1803 etiam
2687 1747 2884 1802 similia
2917 1747 3076 1799 multa
3112 1744 3255 1810 facit,
3287 1755 3586 1801 etcommt-

2001 1842 2284 1898 serationis
2305 1842 2503 1895 larvam
2523 1838 2774 1898 assumit;
2805 1853 2867 1891 ac
2892 1836 3013 1890 dum
3042 1835 3335 1892 benevolus
3358 1837 3585 1902 videtur,

2005 1934 2301 2003 perniciosa
2337 1941 2390 1985 et
2435 1931 2622 2000 quovis
2651 1941 2856 1982 veneno
2882 1927 3143 1982 deteriora
3187 1929 3356 1982 fundit
3398 1927 3585 1983 verba.

2000 2025 2132 2079 Nam
2172 2023 2237 2077 ad
2291 2032 2667 2077 nocumentum
2698 2019 2937 2084 adulari,
2991 2019 3223 2083 diaboli;
3265 2019 3332 2072 ad
3387 2020 3581 2075 bonum

2003 2114 2358 2187 prmstandum
2381 2114 2674 2181 corripere,
2704 2113 2793 2167 Dei
2813 2124 2912 2166 est.
2945 2111 3020 2166 Ne
3041 2111 3219 2180 itaque
3235 2111 3579 2181 decipiamur,

2003 2222 2172 2274 neque
2206 2221 2298 2272 per
2330 2219 2544 2258 omnem
2576 2205 2788 2257 modum
2821 2202 3154 2272 tranquillam
3185 2211 3451 2256 sectemur
3493 2204 3576 2254 vi-

2002 2307 2128 2351 tam.
2162 2295 2326 2363 Quem
2353 2298 2491 2351 enim
2521 2295 2686 2365 diligit
2715 2295 2848 2348 Deus
2873 2335 2888 2360 ,
2922 2294 3133 2364 castigat
3173 2291 3351 2362 (Prov.
3379 2294 3433 2348 5.
3470 2293 3580 2362 12),

2001 2390 2188 2461 inquit.
2219 2389 2349 2445 Cum
2373 2391 2549 2458 itaque
2581 2385 2820 2457 improbe
2848 2385 3082 2439 viventes
3113 2385 3271 2438 rebus
3314 2385 3582 2453 prosperis

1998 2481 2255 2545 fruimur,
2317 2489 2442 2533 tunc
2484 2477 2712 2552 maxime
2760 2475 3033 2530 doleamus
3067 2493 3078 2526 :
3114 2482 3390 2543 peceatttes
3439 2475 3580 2527 enim

2001 2590 2208 2644 semper
2236 2574 2425 2626 timere
2455 2577 2699 2640 oportet:
2729 2577 2834 2620 tum
2864 2582 2990 2621 vero
3020 2566 3249 2620 maxime
3277 2581 3398 2620 cum
3431 2566 3580 2620 triste

2002 2669 2130 2721 nihil
2171 2665 2419 2736 patimur.
2467 2660 2688 2729 Quando
2719 2659 2860 2713 enim
2890 2673 2986 2727 per
3028 2667 3202 2726 partes
3232 2657 3365 2710 Deus
3397 2671 3580 2725 ρωιιειε

1997 2760 2178 2828 exigit,
2209 2756 2458 2809 leviorem
2503 2762 2652 2823 parat
2677 2749 2998 2811 vindictam;
3032 2746 3242 2817 quando
3266 2757 3439 2799 autem
3466 2761 3582 2800 sce-

1999 2851 2106 2904 lcra
2130 2845 2331 2918 singula
2349 2845 2452 2900 fert
2475 2845 2751 2914 patienter,
2769 2841 2818 2894 in
2843 2853 3084 2909 magnam
3111 2851 3208 2891 nos
3237 2836 3286 2889 in
3316 2837 3379 2890 iis
3401 2852 3583 2905 perse-

1997 2949 2244 2997 verantes
2275 2945 2510 2993 reservat
2541 2934 2814 2990 ultionem.
2845 2931 2976 2985 Nam
3006 2929 3049 2984 si
3081 2929 3257 2998 probis
3281 2943 3514 2984 nece5sat
3531 2928 3577 2982 ia

1995 3044 2078 3090 est
2104 3031 2321 3087 afﬂictio
2343 3071 2358 3096 ,
2387 3029 2553 3084 multo
2598 3027 2764 3096 magis
2793 3022 3153 3093 peccantibus.
3185 3020 3318 3075 Vide
3350 3036 3576 3087 namque

1995 3133 2244 3197 quantam
2277 3121 2364 3176 Dei
2397 3119 2704 3190 patientiam
2732 3125 2990 3185 expertus
3017 3114 3240 3177 Pharao,
3277 3123 3575 3168 extremum

1993 3218 2222 3286 denique
2254 3231 2348 3286 pro
2376 3212 2623 3266 euntibus
2654 3211 2749 3264 luit
2777 3205 3114 3277 supplicium;
3139 3212 3266 3273 quot
3293 3204 3572 3256 criminum

1994 3325 2118 3366 rcus
2142 3303 2628 3362 Nabuchodonosor
2649 3340 2664 3366 ,
2718 3298 2955 3352 omnium
2988 3293 3196 3349 tandem
3230 3308 3412 3362 pinnas
3442 3293 3570 3353 luit;

1994 3404 2141 3457 dives
2180 3401 2303 3453 item
2345 3397 2466 3466 quia
2512 3393 2642 3446 nihil
2688 3391 2771 3444 hic
2802 3403 3160 3442 aerumnarum
3196 3400 3379 3455 passus
3426 3395 3570 3447 erat,

1994 3493 2111 3548 ideo
2141 3490 2367 3544 maxime
2418 3487 2576 3538 miser
2604 3483 2735 3546 fuit;
2761 3480 2882 3549 quia
2909 3481 2958 3532 in
3002 3479 3097 3531 hac
3121 3479 3223 3530 vita
3261 3475 3534 3530 dcliciatus
3555 3518 3570 3540 ,

1993 3585 2118 3641 illuc
2140 3582 2268 3636 abiit
2290 3579 2522 3633 omnium
2556 3589 2740 3644 paruas
2764 3573 3004 3636 daturus,
3038 3569 3122 3624 ubi
3155 3569 3348 3622 nullam
3377 3569 3427 3621 in
3461 3584 3574 3620 tua-

1994 3678 2057 3731 lis
2084 3672 2497 3729 consolationem
2523 3667 2754 3737 reperire
2781 3674 2915 3720 erat.
2946 3664 3192 3718 Attamen
3219 3660 3431 3731 quidam
3449 3669 3572 3714 sunt

1991 3771 2062 3824 ita
2097 3765 2266 3836 frigidi
2298 3774 2351 3818 et
2379 3762 2546 3834 stulti,
2571 3767 2625 3812 ιιι
2655 3758 2932 3828 praesentia
2956 3763 3157 3808 tantum
3187 3767 3398 3821 semper
3422 3767 3565 3820 qum-

1991 3870 2128 3920 rant,
2148 3867 2200 3912 et
2219 3856 2332 3909 lucc
2355 3850 2573 3906 ridicula
2596 3849 2752 3903 verba
2782 3848 3074 3916 proferant:
3100 3844 3311 3896 Interim
3331 3857 3567 3912 prmseu-

1993 3954 2130 4007 tibus
2159 3949 2302 4004 fruar
2324 3945 2588 4007 omnibus;
2610 3950 2734 3994 tunc
2751 3939 2817 3993 de
2844 3937 3060 3992 incertis
3081 3931 3421 4003 prospiciam;
3442 3945 3572 3985 ven-

1991 4045 2057 4099 tri
2085 4039 2388 4110 indulgebo,
2418 4032 2774 4102 voluptatibus
2797 4027 3058 4091 serviam,
3091 4024 3279 4078 abutar
3321 4022 3571 4090 praesenti

1991 4138 2116 4190 vita.
2176 4135 2249 4188 Da
2304 4130 2431 4184 mihi
2491 4125 2803 4180 hodiernum
2835 4120 2998 4182 diem,
3047 4127 3100 4170 et
3138 4115 3322 4184 accipe
3381 4114 3570 4168 crasti-

1994 4241 2138 4281 num.
2180 4223 2224 4278 Ο
2263 4223 2530 4289 ingentem
2584 4211 2896 4270 stultitiam!
2945 4209 2999 4264 in
3043 4224 3152 4279 quo
3201 4207 3270 4262 ab
3317 4205 3479 4261 hircis
3520 4215 3574 4261 et

1994 4318 2165 4390 porcis
2204 4312 2455 4370 diﬂ‘erunt
2491 4309 2577 4380 qtti
2625 4307 2746 4361 talia
2783 4302 3106 4375 loquuntur?
3158 4301 3288 4356 Nam
3344 4299 3390 4354 si
3437 4313 3572 4365 eos,

1991 4411 2077 4480 qui
2117 4407 2180 4462 ad
2230 4418 2450 4460 uxorem
2501 4399 2724 4470 proximi
2753 4398 2831 4453 sui
2861 4396 3127 4459 hinninnt,
3162 4409 3266 4448 non
3295 4393 3419 4446 sinit
3447 4406 3574 4461 pro-

1994 4503 2150 4572 pheta
2197 4496 2442 4553 homines
2469 4491 2704 4562 reputari
2735 4488 2864 4560 (Jer.
2897 4489 2949 4544 5.
2974 4487 3028 4554 8)
3053 4529 3066 4548 .
3108 4486 3228 4557 quis
3267 4499 3364 4539 nos
3389 4484 3573 4552 culpa-

1993 4593 2066 4646 bit
2095 4592 2137 4644 si
2165 4590 2265 4644 hos
2293 4587 2493 4652 hircos,
2522 4597 2714 4653 porcos
2741 4591 2794 4637 et
2843 4579 3006 4634 asinis
3035 4575 3427 4645 insipientiores
3455 4587 3574 4628 esse

1990 4683 2377 4744 existimemus,
2427 4677 2514 4748 qui
2559 4676 2781 4730 clariora
2811 4674 2904 4733 iis,
2948 4687 3065 4739 qua:
3097 4668 3263 4721 oculis
3307 4665 3571 4728 videntur,

1993 4776 2192 4830 incerta
2224 4786 2342 4827 esse
2371 4765 2677 4838 putant?Si
2703 4766 2843 4820 enim
2878 4761 3002 4816 nulli
3036 4760 3122 4813 alii
3154 4757 3347 4821 credis,
3372 4755 3575 4809 dtemo-

1993 4866 2146 4921 nibus
2181 4863 2368 4918 saltem
2397 4859 2546 4912 adsta
2581 4857 2705 4910 dum
2743 4855 3118 4912 verberantur;
3157 4849 3221 4903 iis
3244 4847 3446 4902 scilicet
3482 4845 3573 4914 qui

1993 4960 2045 5014 in
2079 4954 2367 5027 perniciem
2399 4960 2632 5006 nostram
2673 4947 2799 5000 nihil
2829 4961 2932 4999 non
2961 4943 3144 4998 dicunt
3182 4949 3236 4994 et
3261 4946 3440 5008 agunt.
3465 4937 3572 4992 Ne-

1991 5066 2094 5120 que
2122 5046 2261 5102 enim
2292 5044 2395 5097 hoc
2436 5046 2722 5108 negaturus
2756 5052 2834 5100 es,
2863 5036 3006 5105 ipsos
3059 5043 3251 5100 nempe
3288 5027 3420 5083 nihil
3466 5042 3570 5082 non

1992 5155 2148 5212 agere
2176 5151 2232 5192 ut
2253 5133 2512 5191 desidiam
2542 5141 2776 5186 nostram
2805 5137 3049 5197 augeant,
3077 5125 3336 5196 gehenna:
3369 5128 3570 5174 metum

1992 5233 2256 5294 auferant,
2290 5226 2630 5293 efficiamque
2660 5231 2716 5276 ut
2765 5220 2942 5274 futuro
2963 5217 3163 5289 judicio
3208 5213 3367 5269 fidem
3406 5225 3566 5278 nege—

1994 5340 2130 5379 mus.
2181 5323 2429 5375 Attamen
2459 5317 2548 5386 qui
2578 5316 2692 5369 hmc
2735 5311 2971 5382 cupiunt,
3010 5309 3299 5362 clamantes
3351 5311 3406 5356 et
3450 5299 3569 5352 ulu-

1993 5415 2163 5468 lantes
2207 5424 2349 5478 saepe
2374 5451 2389 5473 ,
2421 5415 2681 5462 tormenta
2731 5402 2836 5458 illic
2881 5401 3110 5455 adhibita
3138 5391 3569 5467 praidicant(a).

1993 5504 2145 5560 Unde
2187 5501 2348 5572 igitur
2392 5499 2508 5553 haec
2539 5495 2741 5562 dicunt,
2799 5505 2852 5548 et
2877 5501 3058 5548 contra
3103 5503 3261 5559 quam
3289 5484 3466 5538 volunt
3496 5483 3566 5536 lt)

2055 5637 2129 5700 (α)
2163 5645 2274 5696 quae
2307 5635 2382 5684 hic
2413 5633 2477 5682 de
2509 5628 2818 5700 daemoniacis
2847 5627 3097 5682 dicuntur,
3139 5619 3402 5670 observatu
3421 5610 3569 5675 digna

1996 5697 2126 5749 sunt'.
2797 5697 2810 5704 '
