4084 6210
500 286 605 341 215

498 396 770 469 quuntur?
814 394 926 448 Non
980 391 1079 448 alia
1137 392 1202 445 de
1246 404 1444 453 causa,
1496 383 1654 457 quam
1702 383 1841 454 quod
1897 380 2081 452 majori

497 494 738 548 cruciatu
782 497 1057 560 cogantur.
1089 485 1270 555 Neque
1300 482 1440 537 enim
1490 480 1689 535 vellent
1717 487 1908 547 sponte
1956 491 2085 529 con-

500 587 681 651 titcri,
727 585 809 639 vel
859 598 921 637 se
972 596 1001 634 a
1052 578 1275 634 mortuis
1329 574 1632 631 hominibus
1683 569 1959 640 torqueri,
2000 566 2085 623 vel

496 694 556 733 se
602 676 821 731 omnino
851 688 1012 745 grave
1041 669 1312 740 quidpiam
1345 670 1473 737 pati.
1502 664 1615 733 Qua
1655 677 1783 731 ergo
1827 660 1895 715 de
1925 671 2085 714 causa

500 775 612 825 tunc
659 784 688 824 a
720 784 805 823 me
842 766 981 822 dicta
1035 764 1198 820 sunt?
1238 762 1372 830 Quia
1418 760 1711 823 dtetnones,
1760 754 1850 824 qui
1899 751 2085 806 nolunt

495 862 640 919 credi
689 860 1009 933 gehennam,
1060 868 1233 911 tamen
1287 853 1585 924 gehennam
1632 848 1993 905 conﬁtentur:
2029 853 2085 900 tu

496 969 623 1009 vero
669 953 758 1025 qui
805 962 950 1006 tanto
981 948 1215 1019 dignaris
1263 946 1485 1007 honore,
1518 944 1712 1013 quique
1741 937 2082 995 incffahilium

495 1060 720 1102 consors
762 1058 821 1098 es
858 1041 1271 1113 mysteriorum,
1330 1052 1428 1091 nec
1498 1035 1616 1088 illos
1662 1032 1918 1096 imitaris,
1990 1028 2084 1083 sed

496 1138 660 1193 etiam
712 1135 816 1191 illis
860 1132 1096 1190 deterior
1140 1130 1308 1185 factus
1356 1144 1433 1183 es.
1487 1126 1699 1195 Ecquis,
1734 1124 1959 1194 inquies,
2017 1121 2086 1175 ab

498 1230 707 1285 in'ferno
750 1228 915 1290 venit,
966 1234 1021 1280 et
1064 1224 1179 1279 haec
1224 1220 1526 1277 nuntiavit?
1572 1217 1677 1273 Sed
1729 1226 1782 1271 et
1827 1215 1895 1270 de
1938 1214 2085 1269 caelis

492 1322 618 1392 quis
663 1320 825 1385 venit,
854 1317 1096 1386 dixitque
1145 1317 1311 1370 Deum
1349 1329 1468 1370 esse.
1515 1312 1603 1381 qui
1635 1310 1813 1365 omnia
1843 1306 2085 1363 creavit?

498 1408 651 1478 Quod
702 1420 878 1465 autem
938 1408 1170 1463 animam
1224 1406 1511 1460 habeamus
1550 1402 1692 1457 unde
1735 1400 1908 1470 palam
1959 1398 2086 1452 est?

499 1503 555 1558 Si
587 1503 729 1557 enim
773 1502 859 1556 illa
909 1501 1081 1554 solum
1122 1513 1242 1569 quae
1290 1496 1389 1552 sub
1428 1505 1701 1564 aspectum
1732 1492 1930 1548 cadunt
1963 1505 2084 1545 cre-

499 1596 707 1649 diturus
746 1609 825 1658 es,
877 1607 941 1647 ac
963 1592 1030 1647 de
1062 1593 1190 1655 Deo,
1223 1590 1291 1645 de
1337 1589 1560 1660 angelis,
1614 1587 1679 1642 de
1719 1594 1897 1641 mente
1942 1583 2086 1640 etde

499 1688 673 1742 anima
703 1686 933 1751 dubitas,
963 1685 1041 1740 sic
1084 1684 1173 1738 tibi
1199 1683 1379 1738 omnia
1410 1681 1646 1735 veritatis
1686 1680 1933 1751 dogmata
1965 1693 2087 1748 pes-

499 1786 617 1825 sum
718 1770 890 1827 ibttnt.
937 1769 1097 1838 Atqui
1126 1769 1171 1823 si
1217 1768 1317 1823 sub
1358 1782 1573 1822 sensum
1605 1766 1918 1820 cadentibus
1967 1774 2083 1818 tan-

502 1872 611 1916 tum
654 1863 733 1915 vis
753 1861 993 1926 credere,
1023 1858 1377 1914 invisibilibus
1401 1858 1569 1928 magis
1596 1872 1755 1928 quam
1789 1855 2086 1911 visibilibus

499 1953 688 2008 credas
728 1962 955 2022 oportet.
985 1951 1137 2020 Quod
1176 1952 1219 2007 si
1252 1951 1567 2021 stupendum
1601 1950 1841 2005 videatur
1866 1950 1917 2003 id
1947 1948 2087 2019 quod

500 2044 629 2109 dixi,
660 2052 891 2099 attamen
919 2058 1101 2098 verum
1142 2052 1197 2097 et
1236 2042 1375 2112 apud
1410 2052 1586 2096 tuente
1612 2041 1866 2111 praeditos
1888 2042 1940 2095 in
1956 2054 2089 2096 con-

500 2135 645 2191 fesso
662 2146 763 2191 est.
786 2135 935 2192 Oculi
955 2137 1095 2190 cnim
1124 2151 1265 2206 saepe
1290 2135 1563 2199 falluntur,
1587 2150 1692 2189 non
1727 2136 1777 2189 in
1811 2134 2087 2190 invisibili-

501 2227 600 2283 bus
616 2237 819 2283 tantum
842 2227 982 2299 (hth
998 2231 1195 2299 quippe
1223 2242 1328 2282 non
1351 2230 1592 2297 norunt),
1614 2228 1709 2283 sed
1728 2229 1779 2283 in
1802 2228 1906 2282 illis
1926 2228 2084 2283 etiam

499 2336 621 2389 quae
674 2336 896 2375 cernere
956 2320 1055 2374 sibi
1110 2319 1395 2386 videntur;
1447 2319 1694 2374 obstante
1742 2320 1943 2375 scilicet
1996 2329 2089 2374 aut

500 2407 788 2473 distantia,
842 2415 934 2460 aut
980 2421 1141 2473 aere,
1198 2415 1289 2461 aut
1337 2416 1517 2461 mente
1567 2407 1675 2460 alio
1706 2406 1943 2471 intenta,
1996 2414 2089 2461 aut

503 2500 605 2563 ira,
653 2506 743 2551 aut
792 2497 1181 2563 sollicitudine,
1220 2507 1312 2550 aut
1355 2497 1620 2552 sexcentis
1668 2497 1789 2551 aliis
1846 2496 2089 2552 obicibus

500 2588 898 2642 accurationem
952 2587 1261 2642 tollentibus
1317 2605 1329 2640 :
1393 2588 1585 2642 animae
1648 2597 1823 2642 autem
1882 2587 2087 2658 cogita-

501 2679 611 2744 tio,
657 2679 700 2732 si
752 2677 1049 2733 divinarum
1100 2676 1495 2747 Scripturarum
1548 2680 1663 2732 luce
1708 2678 2086 2748 perfundatur,

499 2772 797 2827 accuratius
817 2786 887 2828 ac
930 2771 1128 2827 certius
1177 2786 1355 2827 rerum
1396 2772 1651 2842 judicium
1693 2771 1847 2827 feret.
1893 2772 1970 2828 Ne
1988 2774 2088 2828 ita-

498 2879 603 2933 que
626 2878 721 2917 nos
748 2864 893 2933 ipsos
915 2863 1103 2920 frustra
1127 2864 1473 2935 decipiamus,
1490 2880 1623 2921 neve
1644 2875 1835 2935 praeter
1854 2866 1976 2919 vitre
2005 2880 2089 2921 se-

496 2956 716 3026 gnitiem
737 2956 1039 3025 huiusmodi
1058 2956 1394 3027 dogmatibus
1411 2967 1636 3026 partam,
1669 2956 1826 3010 etiam
1847 2972 1942 3025 pro
1961 2957 2090 3026 ipsis

498 3047 836 3119 dogmatibus
862 3048 1163 3117 graviorem
1196 3047 1348 3101 nobis
1377 3048 1484 3102 vim
1514 3046 1649 3117 ignis
1669 3046 2084 3102 accumuletnns.

498 3140 659 3195 Certe
690 3139 737 3195 si
777 3140 1035 3211 judicium
1093 3156 1197 3194 non
1241 3150 1357 3207 est,
1406 3155 1579 3211 neque
1616 3154 1802 3209 pmnas
1845 3139 2089 3195 dabimus

501 3235 786 3301 sceleu'um,
821 3251 994 3307 neque
1022 3236 1261 3291 laborum
1279 3236 1496 3306 prmmia
1517 3251 1931 3308 consequemur.
1961 3237 2091 3293 Per-

502 3326 740 3394 pendite,
768 3341 970 3395 qumso,
994 3342 1101 3397 quo
1131 3326 1348 3381 tendant
1368 3326 1712 3396 hlaSphcmite
1735 3340 1944 3394 vestrae,
1968 3344 2087 3383 cum

502 3416 695 3483 dicitis,
731 3417 900 3473 Deum
926 3417 1149 3488 justum,
1175 3419 1376 3483 mitem,
1411 3428 1486 3472 tot
1524 3418 1734 3475 labores
1760 3420 2090 3491 sudoresque

504 3507 800 3578 despicere.
836 3509 903 3564 Et
927 3509 1196 3581 quomodo
1226 3510 1339 3565 haec
1366 3512 1556 3566 rationi
1588 3527 1823 3567 consona
1852 3512 2089 3568 fuerint?

578 3599 961 3655 Dentomlratur
1006 3604 1282 3656 mercedem
1333 3603 1502 3664 virtuti
1549 3613 1595 3657 et
1642 3604 1759 3658 vitio
1798 3621 1996 3675 poenam
2037 3605 2091 3659 in

502 3691 663 3743 altera
691 3691 791 3745 vita
818 3695 1079 3746 reservari.
1120 3724 1189 3733 —-
1231 3694 1339 3748 Etsi
1370 3695 1512 3749 enim
1552 3710 1657 3748 non
1699 3695 1914 3751 aliunde
1937 3738 1951 3761 ,
1979 3696 2089 3750 sal-

505 3793 608 3838 tem
646 3798 713 3838 ex
746 3782 811 3836 iis
839 3800 955 3852 qua:
982 3784 1033 3838 in
1060 3783 1221 3839 domo
1251 3794 1338 3839 tua
1383 3794 1642 3854 geruntur
1686 3785 1802 3841 haec
1832 3786 2047 3855 explora
2070 3827 2086 3853 ,

502 3884 557 3928 et
586 3885 707 3929 tunc
727 3890 886 3945 quam
918 3875 1144 3930 absurda
1178 3877 1291 3931 haec
1310 3877 1415 3930 sint
1443 3876 1832 3946 deprehendes.
1867 3876 2087 3932 Etiamsi

501 3968 644 4022 enim
674 3967 961 4023 admodum
989 3967 1310 4022 inhumanus
1338 3968 1411 4021 sis
1442 3983 1503 4022 ac
1522 3966 1757 4023 crudelis
1783 4010 1796 4034 ,
1833 3969 1938 4022 itno
1961 3967 2090 4038 ipsis

502 4060 633 4116 feris
658 4061 960 4128 immanior,
989 4062 1159 4117 nolles
1183 4072 1328 4117 certe
1356 4076 1567 4116 servum
1598 4072 1746 4116 tuum
1768 4061 2087 4117 benevolum

502 4154 595 4206 tibi
620 4154 851 4209 moriens
873 4154 987 4210 sine
1026 4154 1248 4224 przrmio
1273 4153 1571 4224 relinquere
1589 4194 1605 4219 ,
1629 4152 1723 4209 sed
1762 4162 1817 4209 et
1846 4153 2090 4209 libertate

502 4246 671 4301 donas
690 4288 707 4312 ,
732 4256 785 4301 et
806 4247 1042 4316 pecunia:
1063 4262 1283 4301 munere
1310 4263 1322 4309 ;
1354 4256 1407 4300 et
1435 4247 1557 4317 quia
1584 4255 1635 4300 ttt
1664 4246 1929 4303 decedens
1959 4246 2089 4302 nihil

504 4350 656 4410 potes
687 4339 822 4393 ultra
862 4339 960 4403 ipsi
988 4340 1232 4394 conferre
1253 4339 1375 4393 boni
1399 4382 1412 4405 ,
1464 4339 1514 4393 id
1541 4338 1679 4408 apud
1715 4338 1942 4395 heredes
1970 4350 2090 4395 tuos

502 4445 681 4492 curas,
708 4444 903 4500 rogans
926 4429 1163 4499 nihilque
1193 4446 1298 4485 non
1325 4445 1509 4499 agens,
1540 4438 1595 4483 ut
1613 4446 1679 4485 ne
1705 4431 1791 4487 ille
1814 4432 1929 4487 sine
1955 4448 2090 4487 mer-

502 4521 634 4577 cede
656 4530 887 4577 maneat.
912 4521 1069 4591 Atqui
1096 4521 1139 4577 si
1172 4530 1225 4575 ttt
1256 4536 1483 4591 nequam
1507 4522 1665 4576 ltomo
1686 4563 1702 4591 ,
1729 4523 1799 4577 ita
1829 4523 2092 4579 humanus

502 4612 868 4683 benignusque
888 4626 947 4667 es
974 4626 1101 4684 erga
1141 4611 1426 4676 famulum,
1457 4628 1523 4666 an
1565 4613 1823 4668 immensa
1871 4614 1963 4669 Dei
1991 4615 2087 4669 bo-

502 4705 670 4770 nitas,
718 4704 1000 4761 iuefl‘abilis
1041 4703 1376 4775 benignitas,
1408 4712 1550 4758 tanta
1582 4704 1666 4758 illa
1699 4706 2050 4761 mansuetudo
2073 4749 2087 4774 ,

504 4796 730 4851 famulos
773 4810 929 4860 suos,
965 4796 1211 4861 Petrum,
1247 4794 1485 4862 Paulum,
1531 4794 1787 4849 Jacobum
1832 4806 1884 4851 et
1929 4796 2089 4851 Joan-

505 4902 664 4951 nem,
710 4887 944 4957 quotidie
992 4900 1207 4958 propter
1263 4888 1411 4943 illum
1466 4888 1798 4955 esurientes,
1844 4888 2090 4955 vinctos,

505 4978 801 5047 llagellatos
820 5023 834 5047 ,
868 4980 1116 5036 ﬂuctibus
1141 4982 1446 5048 demersos,
1481 4982 1605 5038 feris
1632 4982 1872 5052 obiectos
1891 5025 1905 5050 ,
1935 4985 2090 5038 morti

507 5072 762 5138 traditos,
789 5073 999 5145 aliaque
1030 5074 1303 5131 innumera
1332 5092 1539 5147 passos,
1564 5076 1905 5132 incoronatos
1937 5077 2093 5131 relin-

506 5164 675 5234 quet?
705 5165 1036 5236 Agonotlteta
1066 5182 1194 5225 sane
1219 5169 1473 5224 victorem
1500 5171 1551 5225 in
1581 5169 1872 5242 Olympicis
1903 5172 2094 5240 praedi-

507 5267 594 5311 cat
616 5267 670 5312 et
690 5268 943 5323 coronat,
979 5257 1139 5319 herus
1165 5274 1375 5315 servum
1398 5303 1413 5327 ,
1446 5277 1538 5317 rex
1580 5262 1799 5317 militem
1828 5262 2051 5317 honorat
2078 5304 2091 5325 ,

508 5360 564 5405 et
588 5351 814 5422 quisque
839 5349 1052 5406 demum
1077 5351 1221 5406 illum
1249 5354 1338 5423 qui
1364 5354 1466 5409 sibi
1496 5355 1875 5411 ministraverit
1904 5356 2095 5425 quibus

511 5454 689 5515 potest
718 5444 870 5500 bonis
901 5455 1205 5501 remunerat
1235 5464 1249 5501 :
1279 5446 1523 5517 Deosque
1552 5448 1726 5514 solus,
1770 5458 1889 5519 post
1920 5457 2096 5503 tantos

510 5536 736 5592 sudores
764 5546 817 5591 et
856 5536 1093 5604 labores,
1138 5552 1239 5593 nec
1279 5554 1498 5607 parvum
1529 5554 1629 5595 nec
1677 5556 1924 5611 magnum
1970 5541 2096 5610 ipsis

510 5626 707 5682 bonum
750 5628 990 5697 confert,
1020 5630 1114 5687 sed
1155 5631 1282 5701 justi
1326 5631 1400 5686 illi
1440 5646 1502 5687 ac
1528 5632 1599 5702 pii
1632 5632 1767 5700 viri,
1796 5634 1885 5703 qui
1937 5648 2097 5690 omne

515 5721 719 5777 virtutis
757 5737 925 5793 genus
984 5723 1260 5792 adierunt,
1313 5724 1499 5780 eadem
1548 5735 1704 5781 erunt
1750 5725 2093 5795 conditione,

1210 277 1275 331 S.
1316 272 1589 331 IOA’NNIS
1626 266 2103 327 CllliYSOS’lOMl
2145 268 2459 325 AliClliEP.
2502 267 3055 328 CONSTANTINOP.

3660 268 3769 322 2M

2190 400 2296 453 qua
2349 386 2569 451 moechi,
2616 384 2930 454 parricidae,
2992 382 3277 439 homicidae
3322 382 3773 452 tumulorumque

2190 475 2555 531 effossores’?
2587 476 2765 547 Ecqua
2798 477 2924 531 insit
2950 477 3002 531 in
3047 478 3129 532 ltis
3169 477 3341 531 ratio?
3377 476 3432 529 Si
3463 476 3773 530 enimnihil

2194 571 2331 626 ultra
2349 581 2433 626 est
2455 580 2573 640 post
2606 572 2905 627 discessum
2924 588 2989 627 ex
3020 572 3120 627 hac
3152 573 3283 631 vita.
3305 571 3416 626 etsi
3455 578 3642 625 nostra
3662 571 3776 625 sint

2193 666 2475 733 pra-sentis
2492 665 2615 720 vita:
2628 666 2890 721 limitibus
2908 666 3339 734 circun‘tscripta,
3367 666 3418 718 in
3434 666 3625 719 eodem
3643 673 3780 720 sunt

2190 753 2330 799 statu
2354 754 2408 799 et
2439 745 2566 799 hiet
2590 744 2662 799 illi
2689 762 2703 807 ;
2736 746 2840 799 into
2866 761 2970 801 non
3008 745 3197 800 eodem
3239 747 3290 800 in
3318 754 3477 800 statu.
3519 745 3578 801 Si
3606 747 3782 812 enim,

2190 838 2476 893 secundum
2510 849 2560 893 te
2580 879 2594 902 ,
2649 839 2868 908 posthac
2897 837 3084 893 eodem
3114 839 3165 892 in
3205 847 3345 893 statu
3374 838 3481 893 sint
3510 855 3525 893 :
3554 847 3611 894 at
3646 838 3736 893 hic
3761 877 3783 906 ,

2192 932 2261 984 illi
2295 933 2345 985 in
2376 932 2775 1002 tranquillitate,
2798 933 2848 985 lti
2874 933 2925 986 itt
2954 931 3215 1000 supplicio
3243 938 3354 985 toto
3382 940 3625 1001 tempore
3652 947 3781 986 ver-

2190 1022 2285 1075 sati
2312 1032 2453 1076 sunt.
2486 1024 2679 1092 Ecquis
2708 1036 2961 1096 tyrannus
2988 1024 3266 1089 immanis,
3313 1023 3433 1093 quis
3462 1023 3626 1078 homo
3649 1039 3781 1078 cru-

2190 1114 2323 1169 delis
2352 1124 2405 1170 et
2427 1116 2743 1169 inhumanus
2766 1129 2951 1168 servos
2980 1114 3327 1184 subditosque
3351 1128 3481 1169 suos
3507 1117 3585 1168 sic
3610 1130 3784 1169 exce-

2192 1208 2309 1277 pit?
2340 1208 2520 1262 Viden‘
2565 1209 2829 1279 ingentem
2877 1208 3255 1263 absurditatem
3281 1246 3296 1270 ,
3329 1216 3383 1262 et
3422 1208 3510 1277 qui
3559 1207 3680 1261 linis
3710 1209 3781 1261 sit

2192 1300 2311 1355 talis
2338 1299 2639 1354 ratiocinii?
2666 1299 2846 1369 Itaque
2866 1300 2910 1354 si
2940 1298 3084 1353 nullo
3110 1299 3234 1363 alio,
3263 1298 3367 1352 hoc
3393 1299 3582 1353 saltem
3608 1300 3778 1353 ratio-

2189 1391 2330 1445 cinio
2357 1391 2623 1456 eruditus,
2673 1391 2809 1445 hanc
2847 1391 3133 1460 pessimam
3179 1390 3485 1459 opinionem
3518 1390 3780 1458 repudia,

2191 1483 2309 1552 fuge
2334 1482 2586 1536 malitiam
2608 1523 2622 1547 ,
2648 1489 2702 1536 et
2726 1481 2937 1536 labores
2965 1497 3059 1551 pro
3085 1481 3278 1536 virtute
3301 1483 3509 1552 suscipe
3531 1522 3545 1544 ,
3570 1492 3622 1536 et
3654 1490 3783 1535 tunc

2190 1575 2326 1629 scies
2354 1585 2531 1628 nostra
2557 1590 2660 1627 non
2683 1588 2803 1630 esse
2831 1575 3108 1643 praesentis
3128 1575 3248 1628 vitae
3273 1573 3529 1628 limitibus
3553 1576 3785 1629 circurn-

2191 1666 2409 1734 scripta.
2464 1664 2518 1720 Si
2566 1665 2685 1735 quis
2739 1674 2916 1720 autem
2968 1674 3171 1735 quterat
3211 1680 3241 1719 a
3288 1673 3381 1739 te”:
3413 1664 3610 1735 Ecquis
3654 1666 3783 1721 inde

2193 1758 2408 1811 veniens
2434 1756 2518 1811 illa
2541 1756 2841 1812 nuntiavit?
2886 1756 3151 1825 reSponde
3189 1756 3263 1812 illi
3296 1776 3308 1812 :
3342 1756 3513 1812 Homo
3560 1756 3777 1828 quidem

2192 1850 2402 1904 nullus:
2436 1864 2558 1903 nam
2595 1849 2640 1904 si
2669 1848 2829 1904 homo
2871 1856 3045 1915 esset,
3090 1864 3195 1902 non
3226 1848 3300 1902 illi
3327 1847 3589 1903 creditum
3635 1863 3782 1918 smpe

2192 1941 2397 2010 fuisset,
2430 1950 2611 2013 utpote
2644 1942 2735 2013 qui
2763 1957 2850 1997 res
2875 1948 3221 2012 exaggeraret
3260 1941 3719 2011 amplificaretque
3764 1959 3778 1995 :

2192 2034 2501 2103 angelorum
2531 2048 2658 2088 vero
2685 2033 2943 2088 Dominus
2971 2034 3058 2087 illa
3080 2033 3257 2088 omnia
3282 2041 3530 2087 accurate
3557 2032 3781 2086 nuntia-

2192 2125 2285 2178 vit.
2338 2123 2477 2192 Quid
2528 2139 2655 2195 ergo
2685 2139 2818 2195 opus
2842 2123 3090 2192 homine,
3133 2138 3254 2179 cum
3305 2122 3349 2177 is
3379 2122 3468 2193 qui
3515 2138 3703 2192 pinnas
3749 2137 3781 2177 a

2192 2214 2347 2270 nobis
2393 2225 2676 2270 exacturus
2710 2223 2828 2279 est,
2858 2213 3092 2285 quotidie
3135 2214 3331 2270 clamet
3368 2228 3429 2269 se
3476 2214 3784 2284 gehennam

2191 2306 2460 2376 paravisse
2481 2347 2496 2371 ,
2526 2314 2579 2361 et
2608 2320 2828 2375 regnum
2877 2319 3254 2360 concessurum
3284 2319 3435 2373 esse,
3479 2305 3786 2376 horumque

2192 2400 2345 2454 nobis
2365 2408 2671 2469 argumenta
2698 2399 2841 2452 clara
2871 2398 3148 2468 praebeat?
3197 2396 3328 2452 Nam
3356 2396 3401 2452 si
3435 2413 3539 2452 non
3564 2396 3782 2465 judica-

2193 2500 2342 2547 turus
2365 2498 2527 2555 esset,
2551 2506 2619 2546 ne
2647 2489 2732 2545 hic
2759 2489 2970 2560 quidem
2995 2504 3243 2559 umquam
3273 2503 3458 2559 ptenas
3487 2488 3781 2557 exegisset.

2193 2584 2402 2640 Etenim
2431 2583 2481 2639 id
2503 2598 2714 2654 quoque
2741 2582 3006 2652 quomodo
3034 2597 3153 2637 cum
3176 2583 3382 2637 ratione
3402 2590 3680 2647 consonet,
3711 2596 3779 2635 ex

2192 2678 2506 2734 facinorosis
2531 2678 2665 2733 alios
2694 2676 2902 2747 puniri,
2934 2676 3068 2730 alios
3098 2675 3361 2729 minime?
3396 2674 3527 2729 Nam
3557 2675 3602 2729 si
3639 2675 3783 2730 Deus

2193 2784 2448 2841 personas
2470 2784 2579 2824 non
2601 2768 2813 2837 accipit,
2838 2765 2980 2837 quod
3007 2781 3191 2820 verum
3218 2774 3366 2820 certe
3396 2772 3497 2830 est,
3521 2779 3617 2818 cur
3638 2765 3784 2820 hune

2195 2863 2333 2917 ultus
2359 2871 2441 2916 est
2464 2902 2479 2927 ,
2512 2860 2655 2915 hunc
2690 2859 2907 2929 impune
2934 2857 3083 2913 abire
3112 2856 3273 2912 sivit?
3302 2856 3413 2913 Hoc
3440 2857 3584 2913 enim
3612 2856 3784 2927 majo-

2194 2970 2306 3010 rem
2351 2969 2508 3023 quam
2553 2967 2711 3023 supra
2757 2952 2896 3007 dicta
2933 2949 3298 3005 difficultatem
3344 2957 3542 3005 movet.
3586 2948 3692 3005 Sed
3734 2951 3781 3004 si

2193 3047 2333 3103 bono
2363 3063 2449 3102 me
2487 3047 2663 3100 animo
2693 3045 2878 3100 audire
2905 3044 3179 3099 volueritis
3199 3084 3213 3108 ,
3247 3042 3384 3098 hanc
3412 3058 3625 3115 quoque
3669 3043 3783 3099 sol-

2194 3156 2379 3195 vemus
2429 3139 2797 3210 quaestionem.
2830 3138 3084 3205 Qua-nam
3115 3152 3241 3207 ergo
3271 3137 3465 3191 solutio
3502 3138 3628 3192 est?
3669 3136 3785 3192 Nee

2193 3233 2261 3289 ab
2310 3233 2556 3288 omnibus
2603 3233 2687 3287 ltic
2717 3248 2901 3304 poenas
2939 3232 3140 3302 exigit,
3168 3247 3235 3286 ne
3276 3231 3340 3286 de
3383 3232 3785 3287 resurrectione

2193 3327 2444 3396 desperes
2470 3335 2522 3380 et
2547 3323 2612 3380 de
2640 3324 2817 3379 futuro
2838 3323 3060 3394 judicio,
3081 3323 3229 3393 quasi
3258 3336 3445 3376 omnes
3472 3322 3561 3377 hic
3587 3336 3779 3391 partas

2193 3418 2437 3474 dederint
2462 3436 2474 3471 :
2506 3432 2677 3485 neque
2698 3430 2884 3470 omnes
2916 3414 3133 3484 impune
3159 3413 3286 3468 sinit
3311 3412 3493 3479 abire;
3526 3427 3595 3467 ne
3622 3422 3779 3483 putes

2193 3509 2369 3563 omnia
2417 3509 2532 3563 sine
2575 3506 2683 3562 ulla
2731 3505 3062 3577 providentia
3088 3503 3203 3576 geri
3237 3520 3251 3555 :
3289 3503 3382 3558 sed
3422 3512 3477 3557 et
3506 3503 3696 3573 punit,
3725 3511 3781 3557 et

2194 3619 2299 3659 non
2324 3604 2491 3674 punit.
2521 3602 2655 3658 Cum
2690 3602 2835 3671 punit
2861 3612 3040 3655 autent
3062 3641 3076 3664 ,
3106 3598 3377 3666 ostendit,
3410 3612 3470 3653 se
3512 3597 3673 3652 etiam
3712 3596 3784 3651 ab

2194 3696 2297 3753 illis
2321 3697 2412 3768 qui
2456 3695 2542 3753 hic
2572 3696 2711 3767 plexi
2741 3704 2861 3749 sunt
2891 3709 3076 3761 poenas
3119 3692 3227 3748 illic
3272 3700 3580 3747 exacturum
3624 3705 3783 3757 esse;

2193 3805 2314 3845 cum
2342 3804 2472 3845 vero
2504 3805 2607 3845 non
2639 3789 2826 3859 punit,
2857 3798 2907 3842 te
2943 3786 3007 3841 ad
3039 3784 3362 3842 credendum
3404 3784 3636 3848 inducit,
3662 3799 3785 3839 esse

2194 3890 2316 3952 post
2365 3895 2643 3936 excessum
2687 3896 2749 3934 ex
2797 3880 2895 3934 hac
2922 3881 3024 3933 vita
3050 3877 3281 3933 tribunal
3324 3875 3671 3933 horrendum.
3724 3874 3783 3930 Si

2192 3988 2354 4044 porro
2380 3972 2554 4043 priora
2583 3970 2801 4026 omnino
2843 3970 3131 4041 negligeret
3152 4011 3167 4036 ,
3208 3968 3383 4022 nullos
3413 3967 3500 4022 hic
3526 3967 3741 4037 puniret
3766 4008 3785 4034 ,

2195 4065 2370 4121 nullos
2410 4064 2684 4120 beneficiis
2720 4063 2959 4118 afficeret
2991 4081 3004 4117 :
3045 4076 3183 4117 nunc
3222 4069 3398 4115 autem
3436 4060 3584 4115 vides
3632 4060 3787 4116 illum

2195 4167 2413 4229 propter
2439 4165 2489 4212 te
2513 4164 2569 4211 et
2593 4156 2781 4211 crelum
2807 4154 3115 4211 extendisse
3133 4196 3149 4222 ,
3173 4163 3224 4209 et
3256 4154 3421 4209 solem
3450 4152 3787 4221 accendisse,

2195 4258 2250 4305 ct
2284 4258 2477 4306 terram
2509 4248 2759 4304 fundasse
2778 4290 2793 4315 ,
2823 4257 2876 4304 et
2905 4263 3050 4302 mare
3078 4246 3277 4303 fudisse
3303 4288 3317 4313 ,
3345 4256 3399 4302 et
3440 4261 3621 4301 aerem
3652 4261 3789 4316 pan-

2194 4341 2337 4398 disse
2357 4383 2372 4407 ,
2399 4351 2453 4397 et
2481 4341 2619 4396 luna:
2639 4355 2827 4396 cursus
2856 4339 3204 4409 disposuisse,
3246 4348 3299 4393 et
3340 4337 3466 4392 anni
3496 4345 3792 4406 tempesta-

2200 4433 2339 4489 tibus
2394 4434 2643 4488 immotas
2696 4433 2945 4487 Statuisse
2997 4431 3176 4501 leges,
3242 4438 3545 4500 czeteraque
3604 4428 3789 4484 omnia

2198 4526 2363 4596 ipsius
2385 4534 2514 4579 nutu
2540 4532 2786 4580 accurate
2810 4540 3027 4579 cursum
3061 4539 3212 4579 suum
3244 4521 3520 4593 perficere.
3544 4522 3614 4575 At
3642 4522 3789 4576 enim

2197 4627 2381 4674 natura
2402 4625 2601 4683 nostra,
2628 4627 2814 4671 natura
2837 4631 3046 4686 quoque
3074 4612 3543 4678 irrationabiliutn,
3564 4626 3792 4683 serpen-

2200 4712 2369 4776 tium,
2430 4708 2799 4780 gradentiutn,
2845 4708 3170 4771 volantium,
3224 4705 3554 4771 natantium,
3600 4720 3789 4759 eorum

2196 4819 2317 4874 quae
2339 4803 2389 4857 in
2415 4803 2614 4872 stagnis
2639 4844 2652 4867 ,
2681 4803 2728 4855 itt
2772 4801 3003 4856 fo:tttbus
3027 4840 3041 4866 ,
3062 4800 3118 4856 in
3155 4799 3481 4867 fluminibus,
3511 4798 3563 4852 in
3593 4796 3791 4853 monti-

2199 4896 2333 4958 bus,
2368 4910 2420 4948 tn
2449 4894 2672 4949 .ttltibus
2693 4936 2708 4962 ,
2756 4893 2807 4948 in
2837 4892 3084 4948 domibus
3110 4935 3124 4961 ,
3176 4893 3227 4946 in
3264 4906 3388 4946 aere
3412 4932 3426 4957 ,
3457 4890 3510 4944 in
3549 4890 3755 4959 campis
3775 4930 3791 4957 ,

2202 4990 2395 5059 planta:
2414 5030 2429 5054 ,
2471 4989 2674 5043 semina
2691 5029 2706 5053 ,
2733 4986 2953 5042 arbores
2979 5002 3072 5041 seu
3103 4986 3379 5041 silvestres
3397 5025 3412 5051 ,
3441 4999 3537 5039 seu
3564 4984 3746 5038 sativa:
3770 5022 3784 5045 ,

2201 5086 2485 5140 fructuosae
2506 5083 2592 5139 vel
2609 5081 2971 5149 infructuosae,
2991 5081 3168 5136 omnia
3191 5080 3401 5135 demum
3424 5078 3491 5133 ab
3517 5075 3781 5133 indefessa

2205 5177 2291 5231 illa
2318 5191 2478 5230 manu
2501 5184 2643 5230 mota
2674 5175 2834 5229 vitam
2878 5181 3114 5229 nostram
3146 5174 3352 5237 fovent,
3404 5186 3511 5226 non
3540 5171 3605 5225 ad
3639 5184 3795 5225 usum

2201 5276 2431 5335 tantum,
2459 5268 2553 5324 sed
2579 5268 2737 5322 etiam
2765 5266 2831 5323 ad
2860 5267 3232 5322 liberalitatem
3258 5264 3618 5321 exercendam
3646 5272 3700 5317 ct
3726 5263 3791 5317 ad

2204 5359 2513 5415 famulatum
2557 5360 2909 5415 ministerium
2934 5374 3089 5415 suum
3117 5357 3272 5413 nobis
3301 5357 3615 5428 prwbctttia.
3647 5355 3793 5410 Tan-

2206 5459 2315 5505 tum
2344 5452 2523 5521 itaque
2541 5450 2727 5506 videns
2755 5464 2932 5505 rerum
2956 5448 3196 5504 ordinem
3223 5448 3323 5504 etsi
3351 5447 3596 5518 exiguam
3620 5446 3796 5503 ςυιιιιιι

2203 5543 2319 5611 ejus
2365 5553 2567 5612 partem
2615 5540 2909 5598 referamus
2932 5582 2948 5609 ,
2977 5541 3156 5597 dicere
3195 5540 3360 5597 audes
3384 5581 3401 5607 ,
3431 5553 3554 5595 eum
3584 5537 3677 5610 qui
3726 5544 3808 5595 tot

2207 5644 2457 5705 tantaque
2511 5644 2725 5706 pr0pter
2755 5644 2806 5691 te
2829 5640 3080 5705 Operatus
3106 5643 3207 5703 est,
3241 5635 3295 5691 in
3316 5632 3572 5693 extremis
3602 5641 3655 5688 te
3702 5648 3804 5688 ne-

2271 5736 2288 5769 ο
2326 5734 2441 5798 Alii,
2492 5748 2839 5802 murorumque
2881 5735 3147 5801 eﬂ‘ossorea.
