4084 6210
321 291 430 351 217

310 425 606 491 glecturum
635 439 758 480 esse
781 463 794 488 ,
815 431 866 479 et
892 438 1012 479 cum
1037 423 1204 477 asinis
1229 430 1282 477 et
1307 421 1481 493 porcis
1507 431 1772 476 mortuum
1803 420 1887 476 di-

305 517 598 572 missurum
641 517 938 585 jacentem;
970 530 1032 570 ac
1061 525 1338 585 postquam
1367 522 1418 568 te
1445 522 1591 568 tanto
1619 514 1887 583 religionis

304 607 457 663 dono
482 608 776 673 honoravit,
803 625 909 677 quo
935 618 987 664 te
1007 607 1210 674 angelis
1238 605 1494 676 aequalem
1519 604 1662 670 fecit,
1691 614 1742 659 te
1768 615 1888 674 pust

313 708 592 754 sexcentos
636 699 844 753 labores
889 708 943 754 et
974 699 1196 754 sudores
1237 696 1654 766 despectorum?
1686 695 1885 764 Ecquid

316 786 511 842 rationi.
533 789 702 842 minus
745 787 1084 842 Consonum?
1115 787 1239 841 llaec
1282 787 1510 857 quippe,
1537 785 1636 840 etsi
1687 800 1785 839 nos
1810 793 1887 839 ta-

312 893 551 941 ceamus,
591 877 794 947 lapides
822 879 1160 945 clamabunt,
1204 878 1273 932 ita
1303 886 1427 932 sunt
1463 877 1603 932 clara
1631 884 1686 930 et
1716 876 1886 930 mani-

311 969 458 1032 festa,
493 969 663 1038 magis
687 984 847 1039 quam
881 970 978 1039 ipsi
1005 969 1208 1024 solares
1245 968 1397 1023 radii.
1428 969 1554 1023 Haec
1584 968 1744 1038 igitur
1771 983 1887 1022 ont-

307 1062 389 1111 nia
416 1059 708 1126 cogitantes
725 1101 738 1122 ,
771 1068 824 1114 et
852 1062 902 1114 in
929 1061 1121 1114 animis
1148 1061 1347 1115 nostris
1375 1069 1518 1115 certa
1541 1067 1838 1114 statuentes
1860 1101 1875 1125 ,

311 1162 501 1214 netnpe
532 1157 653 1215 post
676 1148 951 1205 decessum
981 1151 1170 1206 exhac
1207 1152 1336 1218 vita,
1371 1167 1468 1206 nos
1494 1151 1882 1205 horrendotri-

303 1237 487 1294 bonali
530 1241 797 1298 sistendos
821 1259 940 1298 esse
959 1285 974 1308 ,
1006 1245 1263 1300 rationem
1295 1243 1596 1300 reddituros
1625 1242 1690 1298 de
1718 1243 1885 1313 gestis

1453 305 1515 360 h\'
1556 306 1969 362 ΜΛΤΤΠᾸΞΗΜ·
2001 306 2224 362 1803111..
2271 307 2387 362 XIV

3474 325 3577 381 2η

1995 423 2266 489 omnibus,
2300 440 2484 494 pinnas
2507 427 2724 486 daturos
2743 473 2757 495 ,
2783 442 2839 488 et
2867 436 3120 496 ultionem
3150 453 3498 513 experturos,
3527 450 3573 505 si

1996 513 2049 566 in
2076 516 2306 583 peccatis
2336 532 2677 585 maneamus;
2705 533 2888 577 contra
2916 542 3043 582 vero
3067 533 3281 588 coronis
3309 543 3364 589 et
3388 536 3573 592 inell'a-

1995 602 2186 659 bilibus
2218 606 2371 660 bonis
2415 607 2720 677 donandus,
2743 614 2786 667 si
2818 629 2979 684 parvo
3005 627 3245 690 tempore
3271 625 3424 680 nobis
3449 628 3578 698 ipsis

1993 697 2267 751 attendere
2297 699 2620 755 voluerimus
2641 720 2654 768 ;
2673 718 2858 759 eorum
2889 708 2977 776 qui
3002 707 3084 764 his
3107 714 3370 769 contraria
3396 697 3576 774 dicere

1991 788 2189 843 audent
2232 792 2692 850 oraobstruamus
2716 839 2730 862 ,
2763 808 2817 852 et
2849 799 2948 869 ipsi
2974 804 3214 858 veritatis
3238 806 3376 861 viam
3407 809 3573 880 eliga-

1994 893 2113 934 mus
2132 922 2147 947 ,
2180 889 2237 936 ut
2261 898 2380 937 cum
2411 884 2601 941 fiducia
2622 891 2944 958 competenti
2971 892 3037 947 ad
3071 896 3302 950 tribunal
3333 899 3462 954 illud
3485 915 3574 957 ac-

1991 971 2270 1040 cedentes,
2311 975 2448 1030 bona
2472 977 2626 1033 nobis
2655 981 2916 1048 promissa
2941 998 3330 1056 consequamur
3353 1032 3367 1057 ,
3400 993 3567 1062 gratia

1991 1072 2044 1116 et
2073 1062 2396 1134 benignitate
2423 1066 2636 1121 Domini
2662 1072 2827 1125 nostri
2865 1071 2992 1128 Jesu
3030 1073 3261 1144 Christi,
3293 1080 3376 1133 cui
3407 1080 3574 1150 gloria

1989 1162 2042 1206 ct
2074 1153 2353 1222 imperium
2376 1197 2390 1222 ,
2424 1173 2564 1211 nunc
2599 1168 2662 1213 et
2681 1175 2923 1232 semper,
2954 1172 3026 1218 et:
3046 1166 3098 1220 in
3126 1168 3319 1223 saecula
3341 1172 3574 1226 saeculi»

1992 1257 2132 1296 rum.
2170 1247 2364 1300 Amen.

1639 1443 1989 1506 HOMILIA
2035 1444 2214 1507 XIV.

303 1565 435 1622 Car.
471 1568 525 1623 Δ.
578 1569 752 1626 v.12.
802 1569 927 1624 Cum
974 1571 1193 1624 audisset
1241 1569 1421 1635 Jesus,
1470 1569 1604 1638 quod
1659 1566 1885 1620 Joannes

510 1659 725 1714 traditus
753 1669 896 1724 esset,
925 1662 1124 1715 secessit
1150 1662 1202 1714 in
1229 1659 1494 1714 Galilaeam
1511 1702 1526 1728 ,
1559 1670 1666 1716 etc.

374 1748 424 1801 1-
465 1748 574 1802 Cur
603 1765 815 1805 rursum
841 1752 1105 1806 secessit?
1147 1751 1211 1807 Ut
1239 1766 1337 1805 nos
1366 1753 1584 1808 doceret
1604 1793 1617 1815 ,
1657 1768 1723 1807 ne
1746 1751 1884 1806 ultro

301 1839 624 1896 tcntationes
650 1840 902 1896 adeamus
920 1885 935 1909 ,
960 1843 1052 1897 sed
1080 1844 1331 1899 cedamus
1362 1845 1536 1913 potius
1561 1860 1623 1898 ac
1645 1845 1883 1900 decline-

299 1943 440 1984 mus.
469 1928 650 2002 Neque
676 1933 819 1988 enim
843 1935 1045 1988 crimen
1077 1943 1190 2000 est,
1222 1952 1326 1991 non
1355 1951 1476 1991 sese
1505 1937 1556 1990 in
1584 1937 1878 2006 periculum

297 2021 597 2089 conjicere,
647 2023 742 2079 sed
791 2026 842 2080 in
873 2027 1110 2096 periculo
1157 2044 1261 2083 non
1305 2028 1514 2084 fortiter
1555 2040 1721 2086 stare.
1770 2032 1882 2088 Hoc

301 2111 458 2182 igitur
483 2111 679 2169 docens
698 2155 714 2182 ,
745 2123 799 2170 et
817 2115 1048 2172 Judaicae
1074 2119 1282 2174 invidize
1315 2121 1528 2188 paulum
1556 2122 1878 2189 concedens,

300 2201 501 2257 secedit
530 2204 582 2258 in
608 2205 940 2275 Capernaum
958 2249 974 2274 ,
998 2209 1152 2264 simul
1176 2211 1506 2281 prophetiam
1533 2213 1760 2284 implens
1782 2256 1794 2279 ,
1825 2225 1878 2271 et

298 2293 545 2352 doctores
573 2297 718 2354 orbis
757 2300 908 2370 quasi
944 2302 1150 2372 piscatu
1192 2319 1384 2374 capere
1422 2304 1681 2361 festinans
1711 2326 1722 2360 :
1755 2309 1876 2378 quia

299 2385 372 2440 ibi
421 2387 579 2443 sedes
626 2388 897 2446 habebant
934 2407 1028 2448 sua
1071 2403 1281 2451 utentes
1303 2405 1436 2451 arte.
1468 2397 1549 2452 Tu
1576 2413 1705 2453 vero
1749 2399 1877 2453 mihi

295 2478 598 2548 perpendes
624 2482 804 2547 velim,
833 2485 1105 2555 quomodo
1131 2497 1314 2556 gentes
1342 2489 1602 2556 aditurus,
1627 2506 1657 2545 a
1680 2492 1878 2548 Judaeis

297 2581 508 2637 semper
533 2571 843 2628 occasiones
871 2575 1114 2643 accipiat.
1143 2575 1278 2631 Nam
1306 2578 1391 2633 hic
1418 2579 1713 2636 Prodromo
1744 2582 1873 2637 iusi-

297 2657 413 2715 dias
460 2671 727 2718 struentes
756 2706 772 2732 ,
828 2676 1147 2738 captumque
1197 2672 1398 2726 carceri
1463 2674 1826 2743 mancipantes
1857 2717 1875 2743 ,

297 2751 467 2818 ipsum
501 2752 552 2806 in
582 2751 855 2810 Galilaeam
878 2758 1117 2826 gentium
1142 2761 1487 2829 compellunt.
1517 2762 1670 2830 Quod
1695 2774 1878 2820 autem

294 2857 394 2897 nec
437 2841 714 2900 Judaicam
752 2854 966 2916 gentem
1011 2865 1076 2903 ex
1120 2859 1268 2920 parte
1315 2865 1726 2920 commemoret,
1779 2873 1878 2914 nec

294 2946 484 2988 omnes
510 2933 810 2992 subindicet
841 2937 1040 3005 tribus,
1067 2939 1186 2996 vide
1215 2945 1480 3010 quomodo
1525 2947 1696 3000 locum
1731 2949 1875 3003 illum

291 3021 582 3094 distinguat
609 3025 864 3094 prapheta
897 3029 978 3082 his
1006 3031 1180 3086 verbis
1208 3048 1224 3086 :
1259 3034 1341 3089 l5.
1378 3034 1531 3089 Terra
1570 3037 1802 3092 Zabuton
1830 3050 1877 3094 et

293 3123 427 3166 terra
455 3111 812 3182 Nephthalim,
838 3119 917 3173 via
946 3121 1101 3175 maris
1141 3131 1281 3179 trans
1323 3124 1603 3182 Iordanem
1623 3169 1637 3192 ,
1663 3129 1877 3186 Catilina

290 3205 564 3274 gentium:
600 3206 687 3263 16.
724 3211 943 3280 populus
987 3214 1072 3280 qui
1113 3216 1311 3270 sedebat
1355 3218 1407 3272 in
1451 3222 1664 3277 tenebris
1695 3265 1712 3290 ,
1752 3225 1876 3278 vidit

291 3295 452 3351 lucem
479 3314 714 3370 magnam
743 3300 764 3374 (
779 3299 901 3358 lsai.
933 3304 986 3359 9.
1022 3306 1070 3359 1.
1090 3306 1144 3376 2)
1176 3327 1186 3360 :
1221 3309 1472 3365 tenebras
1500 3311 1584 3367 hic
1612 3330 1716 3369 non
1746 3331 1874 3371 seno

291 3391 420 3446 siles
444 3391 558 3447 illas
588 3409 803 3463 vocans,
824 3397 916 3452 sed
938 3413 1173 3454 errorem
1205 3402 1652 3476 impietatemque.
1677 3409 1875 3474 Quam-

292 3481 478 3537 obrem
525 3483 702 3540 intulit
750 3509 762 3540 ;
814 3487 1168 3545 llabitantibus
1231 3493 1282 3546 in
1354 3496 1556 3567 regione
1597 3508 1644 3552 et
1697 3501 1874 3556 umbra

289 3574 465 3627 mortis
484 3617 500 3642 ,
521 3575 610 3630 tua:
635 3587 745 3631 orta
773 3590 844 3633 est
872 3582 961 3635 eis.
988 3580 1056 3638 Ut
1080 3584 1224 3638 enim
1247 3585 1479 3642 disceres
1499 3629 1512 3654 ,
1537 3605 1660 3646 eum
1701 3608 1873 3664 neque

287 3663 358 3720 de
387 3665 537 3732 luce,
570 3683 740 3738 neque
770 3669 836 3725 de
879 3672 1109 3728 tenebris
1156 3677 1440 3734 sensilibus
1472 3680 1647 3750 loqui,
1695 3683 1868 3741 lucem

286 3771 622 3826 memorans,
645 3775 750 3815 non
783 3762 1092 3831 simpliciter
1120 3766 1292 3822 lucem
1324 3773 1548 3837 vocavit,
1571 3775 1666 3829 sed
1696 3776 1867 3832 lucem

287 3863 558 3918 magnam,
583 3865 744 3919 quam
773 3853 899 3908 alihi
933 3870 1110 3910 veram
1139 3860 1399 3928 appellat;
1431 3862 1498 3918 de
1526 3866 1758 3922 tenebris
1784 3883 1870 3922 au-

283 3945 394 3992 tem
418 3938 574 3994 verba
599 3938 800 3997 faciens
827 3984 842 4010 ,
892 3944 1134 4000 umbram
1165 3952 1352 4004 mortis
1397 3956 1623 4011 vocavit.
1667 3957 1869 4015 Deinde

281 4029 575 4086 ostendens
599 4048 704 4088 non
733 4033 874 4102 ipsos
902 4047 1203 4107 qumrentes
1253 4041 1548 4111 invenisse,
1579 4047 1670 4103 sed
1699 4049 1867 4106 Deum

283 4119 416 4189 ipsis
455 4135 684 4191 superne
722 4127 1033 4194 apparuisse
1053 4168 1068 4194 ,
1099 4129 1214 4183 ait:
1245 4130 1358 4186 Lux
1388 4144 1500 4187 orta
1523 4148 1596 4190 est
1625 4138 1695 4191 eis
1717 4178 1733 4204 ,
1767 4138 1868 4194 hoc

282 4218 400 4275 est,
433 4209 543 4281 ipsa
571 4212 658 4268 lux
685 4224 800 4270 orta
828 4225 910 4270 est
929 4228 983 4272 et
1010 4219 1216 4275 refulsit
1246 4238 1259 4274 :
1291 4239 1394 4278 non
1428 4224 1526 4295 ipsi
1563 4226 1768 4296 priores
1797 4231 1863 4285 ad

283 4301 460 4358 lucem
488 4316 850 4362 accnrrerunt.
883 4309 1090 4366 Etenim
1129 4323 1251 4369 ante
1274 4314 1472 4372 Christi
1496 4318 1781 4376 adventum
1813 4323 1862 4377 in

281 4397 538 4452 extremis
579 4397 695 4454 sitae
736 4415 826 4455 res
850 4401 1124 4459 hominum
1150 4419 1321 4464 erant.
1351 4408 1536 4481 Neque
1563 4413 1704 4466 enim
1748 4430 1864 4469 am-

277 4484 534 4543 bulabant
570 4489 624 4544 in
661 4491 928 4562 tenebris,
959 4495 1052 4550 sed
1078 4497 1332 4554 sedebant
1373 4500 1426 4556 in
1470 4504 1701 4559 tenebris
1736 4504 1810 4578 (a)
1847 4525 1860 4560 :

276 4574 422 4644 quod
448 4577 656 4648 signum
686 4590 800 4636 erat
824 4582 968 4652 ipsos
993 4601 1093 4641 nec
1117 4601 1362 4657 sperasse
1384 4592 1596 4662 quidem
1639 4609 1698 4650 se
1724 4574 1859 4662 Iibe-

275 4665 486 4734 randos
505 4683 627 4726 esse
659 4689 674 4727 :
703 4673 852 4742 quasi
895 4676 1038 4734 enim
1080 4681 1379 4750 nescirent,
1425 4701 1531 4755 quo
1563 4689 1852 4756 proceden-

275 4757 407 4814 dum
428 4769 588 4829 esset,
612 4762 692 4818 sic
710 4779 740 4818 a
765 4767 997 4824 tenebris
1025 4774 1393 4843 comprehensi
1424 4779 1701 4848 sedebant,
1735 4798 1857 4838 cum

271 4864 349 4905 ne
378 4858 520 4906 stare
549 4854 759 4926 quidem
789 4870 1026 4926 possent.

348 4940 451 4996 Cur
473 4942 698 5002 Joannes
722 4957 837 5003 ante
853 4949 1106 5008 Christum
1125 4957 1433 5024 ’nwdicaoit.
1456 4964 1632 5018 «17.
1658 4965 1859 5025 Exinde

263 5035 424 5104 coepit
465 5035 616 5092 Iesus
652 5041 931 5110 pradicare
967 5053 1015 5097 et
1052 5045 1216 5100 dicere
1245 5063 1264 5101 :
1294 5049 1648 5109 Paenitentiam
1685 5060 1852 5129 agite,

260 5127 696 5198 apprOpinquavit
724 5133 856 5186 enim
893 5149 1103 5204 regnum
1136 5137 1393 5194 caelorum.
1429 5141 1658 5212 Exinde,
1688 5127 1856 5218 quan-

257 5217 466 5272 donam
489 5219 514 5274 ?
541 5221 615 5276 Ex
641 5238 746 5293 quo
772 5223 1002 5282 Joannes
1034 5229 1087 5286 in
1114 5243 1380 5287 carcerem
1414 5242 1590 5293 trusus
1618 5249 1718 5295 est.
1746 5242 1854 5298 Cur

255 5320 449 5366 autem
480 5328 584 5369 non
615 5331 644 5370 a
673 5319 930 5389 principio
971 5323 1276 5391 prtetlicavit
1312 5327 1455 5382 illis?
1483 5341 1536 5386 et
1564 5335 1688 5403 quid
1719 5352 1852 5406 opus

329 5466 403 5529 (a)
435 5466 582 5532 Atqui
633 5473 682 5523 in
727 5475 962 5526 liebraico
1008 5477 1187 5543 legitur
1230 5494 1242 5528 :
1281 5487 1448 5564 ἸτυΠέ
1476 5466 1679 5545 0935.11
1701 5500 1846 5560 D'Ji'l,

1998 1573 2112 1618 erat
2136 1565 2359 1635 Joanne,
2389 1586 2508 1626 cum
2537 1589 2758 1644 operum
2792 1581 3088 1636 testimonia
3119 1585 3288 1654 ipsum
3322 1590 3580 1659 pra'dica-

1993 1664 2110 1709 rent
2133 1655 2156 1708 ?
2183 1657 2249 1712 Ut
2284 1659 2406 1716 inde
2431 1664 2590 1718 etiam
2619 1666 2793 1722 discas
2823 1669 2937 1739 ejus
2965 1670 3296 1744 dignitatem,
3323 1655 3575 1747 quoniam

1992 1749 2438 1816 quemadmodum
2465 1755 2641 1821 Pater,
2672 1759 2786 1828 ipse
2812 1777 3023 1832 quoque
3054 1767 3338 1835 prophetas
3377 1770 3536 1829 habet
3561 1792 3574 1826 :

1991 1840 2131 1909 quod
2160 1850 2210 1896 et
2240 1842 2522 1902 Zacharias
2549 1848 2757 1906 dicebat
2789 1871 2801 1906 :
2833 1853 2896 1907 Et
2921 1864 2996 1923 tu,
3029 1875 3172 1927 puer,
3202 1861 3462 1935 Propheta
3488 1868 3578 1922 Alt-

1990 1932 2171 1986 tissimi
2194 1936 2444 1992 vocaberis
2468 1938 2614 2009 (Luc.
2651 1945 2697 1998 1.
2729 1945 2816 2016 76)
2842 1963 2856 2008 ;
2888 1958 2940 2002 et
2980 1957 3034 2003 ut
3066 1953 3264 2007 nullam
3293 1932 3574 2028 impuden.

1991 2022 2130 2080 tibus
2161 2024 2357 2084 Judaiis
2398 2045 2582 2086 ansam
2630 2035 2952 2107 relinqueret
2987 2059 2999 2094 :
3032 2045 3174 2112 quod
3217 2047 3328 2116 ipse
3365 2022 3576 2122 quoque

1991 2115 2239 2171 indicavit
2261 2119 2478 2176 dicens:
2518 2122 2662 2179 Venit
2689 2125 2914 2185 Joannes
2942 2149 3099 2202 neque
3128 2115 3458 2206 manducetis,
3490 2161 3576 2196 ne.

1987 2220 2082 2273 que
2118 2205 2285 2262 bibens
2305 2250 2318 2273 ,
2347 2221 2393 2264 et
2423 2214 2595 2268 dicunt
2623 2232 2642 2270 :
2669 2215 2988 2276 Damonium
3027 2225 3192 2281 habet.
3234 2228 3376 2284 Venit
3409 2231 3573 2288 Filius

1987 2297 2203 2354 hominis
2223 2304 2533 2361 manducans
2556 2316 2601 2361 et
2624 2308 2818 2378 bibens,
2842 2321 2888 2367 et
2913 2315 3086 2370 dicunt
3114 2333 3132 2371 :
3158 2317 3290 2375 Ecce
3317 2325 3464 2378 homo
3487 2343 3574 2380 vo-

1986 2405 2082 2444 rax
2102 2401 2146 2445 et
2169 2394 2271 2447 vini
2295 2405 2512 2466 potator,
2543 2401 2924 2469 publicanorum
2944 2418 2991 2462 et
3015 2421 3333 2478 peccatorum
3357 2419 3569 2473 amicus.

1986 2477 2052 2532 Et
2083 2483 2366 2552 justiﬁcata
2392 2497 2464 2543 est
2490 2492 2739 2559 sapientia
2768 2513 2809 2550 a.
2824 2496 2945 2562 [iliis
2972 2477 3076 2554 suis
3107 2500 3328 2570 (Matth.
3362 2508 3446 2561 Η.
3484 2510 3571 2566 i8.

1985 2569 2112 2641 i9).
2159 2574 2407 2646 Alioquin
2456 2585 2812 2640 necessarium
2857 2596 3006 2655 erat,
3053 2569 3206 2648 utea
3247 2612 3363 2666 quae
3401 2600 3570 2668 ipsum

1985 2665 2296 2731 Spectabant
2315 2711 2330 2734 ,
2359 2671 2425 2726 ab
2452 2672 2555 2728 alio
2592 2675 2739 2744 prius
2776 2679 3114 2750 dicerentur,
3148 2665 3306 2756 quam
3335 2665 3572 2762 ali—ipso.

1987 2750 2042 2806 Si
2087 2755 2229 2810 enim
2277 2770 2396 2828 post
2436 2770 2512 2816 tot
2553 2772 2802 2836 tantaque
2841 2750 3232 2831 testimoniafet
3259 2750 3570 2850 argumenta

1985 2845 2233 2904 dicebant
2262 2870 2274 2904 :
2309 2851 2381 2905 Tu
2413 2855 2746 2913 testimonium
2780 2861 3008 2929 perhibes
3033 2866 3096 2919 de
3120 2868 3277 2939 teipse
3300 2845 3571 2935 ,vtestimo'

1985 2937 2124 2990 nium
2151 2949 2287 2996 tuum
2317 2960 2416 2998 non
2441 2955 2516 2999 est
2540 2963 2709 3002 verum
2742 2948 2918 3021 (Joan.
2948 2953 3002 3009 8.
3034 2954 3124 3028 15)
3147 2974 3164 3010 ~:
3199 2959 3243 3012 si
3271 2960 3396 3014 nihil
3426 2965 3570 3032 prius

1985 3027 2206 3084 dixisset
2229 3030 2484 3100 Joannes,
2515 3047 2565 3090 et
2596 3039 2709 3107 ipse
2739 3040 2791 3096 in
2823 3044 3056 3100 medium
3096 3027 3568 3123 progressus,‘pri-

1986 3135 2102 3173 mus
2129 3121 2194 3175 de
2221 3138 2278 3178 se
2307 3127 2666 3184 teStimonium
2697 3132 3075 3202 perhibuisset,
3095 3138 3222 3207 quid
3249 3157 3353 3197 non
3377 3121 3578 3202 dic—turi.

1982 3212 2174 3264 erant?
2202 3212 2488 3284 Propterea
2521 3235 2690 3290 neque
2718 3223 3026 3292 praedicavit
3053 3237 3177 3285 ante
3204 3230 3372 3298 illum,
3397 3250 3569 3306 neque

1981 3301 2126 3371 signa
2150 3304 2335 3371 edidit,
2361 3306 2532 3362 donec
2557 3310 2609 3364 in
2635 3326 2906 3371 carcerem
2938 3316 3025 3372 ille
3051 3319 3370 3388 truderetur,
3400 3341 3467 3378 ne
3482 3301 3568 3391 sic

1982 3392 2263 3449 multitudo
2308 3397 2639 3456 scinderetur
2677 3403 2728 3457 in
2770 3416 2968 3474 partes.
3014 3408 3218 3468 Idcirco
3255 3415 3457 3470 nullum
3490 3419 3566 3471 si-

1978 3499 2139 3554 gnum
2176 3487 2298 3541 fecit
2333 3489 2564 3547 Joannes
2590 3537 2604 3560 ,
2633 3503 2690 3550 ut
2718 3495 2818 3553 hac
2843 3499 3050 3557 ratione
3079 3505 3468 3564 multitudinem
3497 3511 3564 3566 ad

1978 3575 2156 3632 Jesutn
2184 3579 2453 3650 alliceret,
2483 3585 2607 3642 dum
2635 3589 2888 3645 miracula
2926 3593 2992 3648 ad
3031 3594 3202 3666 ipsum
3245 3600 3449 3655 turbam
3479 3612 3564 3656 at-

1978 3667 2267 3726 traherent.
2299 3671 2356 3727 Si
2386 3676 2526 3730 enim
2575 3688 2696 3748 post
2731 3689 2805 3736 tot
2835 3691 3203 3756 tantarumque
3230 3704 3408 3744 rerum
3450 3693 3563 3747 dis-

1978 3763 2339 3829 pensationem
2362 3808 2376 3831 ,
2408 3776 2460 3821 et
2489 3783 2612 3824 ante
2640 3779 2692 3825 et
2724 3781 3003 3844 postquam
3027 3775 3262 3834 Joannes
3291 3782 3343 3835 in
3383 3797 3562 3840 carce-

1975 3867 2087 3907 rem
2113 3862 2290 3912 trusus
2317 3867 2420 3924 est,
2446 3859 2689 3931 discipuli
2717 3863 2938 3921 Joannis
2965 3867 3156 3924 invidia
3185 3871 3412 3941 quadam
3435 3889 3562 3946 erga

1973 3941 2153 3998 Jesum
2193 3946 2320 4000 moti
2366 3949 2714 4017 videbantur;
2745 3955 2788 4007 si
2819 3956 2972 4010 multi
3001 3972 3162 4026 porro
3197 3976 3303 4016 non
3343 3961 3516 4032 ipsum
3542 4007 3558 4030 ,

1983 4025 2075 4078 sed
2103 4024 2365 4084 Joannem
2382 4031 2660 4092 Christum
2691 4055 2814 4097 esse
2837 4024 3247 4109 arbitrabantur
3277 4074 3294 4110 :
3334 4024 3379 4113 si
3411 4024 3564 4122 nihil.

1981 4115 2174 4171 horum
2208 4119 2408 4176 factum
2431 4137 2596 4191 esset,
2618 4131 2748 4198 quid
2767 4149 2875 4190 non
2909 4148 3228 4200 eventurum
3245 4160 3362 4204 erat
3383 4153 3406 4206 ?
3430 4151 3558 4212 Ideo

1980 4209 2262 4268 Matthmus
2279 4215 2549 4285 signiﬁcat
2564 4221 2741 4292 ipsum
2770 4243 2834 4283 eo
2848 4237 3090 4302 tempore
3113 4241 3407 4307 praedicare
3435 4209 3552 4306 cce,-

1979 4303 2142 4370 pisse,
2160 4315 2213 4359 et
2228 4307 2381 4364 initio
2400 4311 2634 4382 idipsum
2652 4319 2839 4377 docuit
2863 4326 3007 4396 quod
3027 4303 3266 4391 Joannes
3293 4303 3556 4406 praedica-

1979 4405 2146 4463 verat,
2173 4414 2273 4454 nec
2302 4404 2599 4476 quidquam
2634 4411 2701 4466 de
2725 4415 2906 4486 seipso
2942 4419 2995 4474 in
3035 4439 3133 4478 sua
3165 4404 3554 4496 prazdicatione

1976 4484 2230 4554 loquitur.
2308 4489 2441 4548 Nam
2469 4501 2764 4568 optandum
2795 4484 2912 4564 erat
2943 4523 3001 4567 ut
3031 4484 3180 4571 illud.
3204 4484 3418 4576 interim
3454 4484 3553 4582 ad:

1973 4577 2296 4648 mitteretur,
2328 4588 2768 4661 quandoquidem
2796 4601 3036 4659 nondum
3062 4619 3453 4677 congruentem
3480 4617 3555 4673 de.

1971 4666 2086 4738 ipso
2118 4673 2386 4732 habebant
2416 4682 2746 4750 opinionem.

2034 4762 2089 4816 9..
2137 4762 2365 4837 Ideoque
2407 4770 2458 4824 in
2506 4773 2764 4842 principio
2807 4776 2938 4830 nihil
2979 4780 3261 4836 molestum
3298 4793 3355 4838 et
3389 4801 3557 4858 grave

1963 4851 2128 4921 dixit,
2159 4865 2216 4910 ut
2242 4857 2364 4924 ille,
2396 4874 2501 4914 non
2525 4863 2790 4930 securim,
2824 4881 2930 4920 non
2958 4867 3155 4938 lignum
3181 4880 3412 4942 sectum,
3445 4893 3552 4936 non

1960 4947 2336 5015 ventilabrum,
2365 4954 2652 5010 areamvel
2693 4954 2868 5025 ignem
2908 4958 3392 5034 inexstinguibilem
3433 4987 3550 5028 me-

1962 5037 2216 5104 moravit;
2241 5040 2335 5095 sed
2355 5056 2384 5094 a
2411 5042 2560 5096 bonis
2583 5059 2757 5113 orsus,
2781 5047 2941 5108 cados
2963 5064 3222 5110 memorat
3247 5065 3303 5112 et
3326 5074 3550 5130 regnum
3575 5107 3581 5112 .

1963 5126 2066 5180 illic
2094 5140 2332 5200 paratum
2361 5132 2716 5189 audientibus.
2749 5137 2833 5193 18.
2863 5139 2929 5194 Et
2955 5142 3218 5202 ambulans
3235 5126 3551 5219 juxta—mare

1961 5216 2188 5273 Galiltea:
2206 5261 2220 5282 ,
2255 5221 2374 5277 vidit
2402 5222 2530 5278 duos
2565 5225 2746 5292 fratres
2765 5269 2780 5294 ,
2804 5227 3078 5291 Simonem
3105 5237 3191 5305 qui
3217 5216 3546 5310 cognomina-

1958 5307 2106 5362 batur
2134 5309 2315 5366 Petrus
2335 5355 2348 5378 ,
2387 5323 2431 5367 et
2467 5316 2719 5372 Andream
2748 5325 2959 5392 ﬁ‘atrem
2988 5327 3130 5396 ejus,
3161 5307 3411 5388 mittentes
3446 5343 3549 5387 rete

1960 5403 2010 5456 in
2041 5420 2178 5458 mare
2205 5420 2224 5459 :
2250 5417 2390 5460 erant
2420 5409 2550 5467 enim
2579 5413 2874 5483 piscatores,
2908 5417 2995 5474 19.
3027 5429 3076 5474 et
3098 5423 3170 5476 ait
3195 5423 3300 5477 illis
3325 5440 3344 5478 :
3376 5423 3548 5479 Venite

1960 5507 2070 5563 post
2100 5489 2193 5558 ine,
2229 5508 2274 5550 et
2305 5499 2488 5566 faciam
2519 5519 2601 5557 vos
2631 5506 2904 5575 piscatores
2933 5511 3209 5570 hominum.
3237 5515 3326 5570 20.
3362 5516 3433 5569 Ηὶ
3453 5533 3544 5570 nu-

245 5567 312 5638 ει
339 5557 712 5638 Vulgari-arcete
737 5569 885 5616 vertit
909 5582 921 5616 :
945 5570 1150 5638 Populus
1167 5573 1248 5637 qui
1265 5557 1536 5629 ambulabat
1559 5557 1849 5638 intenebris.

245 5622 290 5690 ν
301 5622 458 5701 erum
471 5622 860 5701 Chrysostomus,
877 5622 1274 5686 conci'onatOr'um
1284 5622 1616 5699 ‘tiidr'éi'v'érii;
1629 5622 1852 5701 ut"

232 5688 446 5803 Iug.“
470 5684 694 5749 discutit,
721 5695 771 5739 et
804 5684 860 5741 ad
885 5684 1228 5756 argumentum
1241 5684 1388 5751 suum

263 5758 277 5782 Ι
349 5780 370 5798 ,-

263 5758 370 5798 Ιὲ-ῐι,

1960 5593 2054 5636 tem
2091 5584 2278 5639 relictis
2319 5590 2500 5645 retibus
2525 5633 2538 5657 ,
2569 5597 2764 5665 sequuti
2793 5609 2907 5652 sunt
2935 5617 3068 5655 eum.
3109 5604 3268 5672 Atqui
3307 5603 3539 5660 Joannes

1958 5678 2030 5731 ait
2071 5693 2163 5733 eos
2201 5681 2316 5744 alio
2361 5687 2519 5739 modo
2559 5688 2719 5745 fuisse
2761 5701 2973 5748 vocatos
3007 5712 3018 5745 :
3050 5695 3188 5750 unde
3221 5697 3392 5764 palam
3421 5711 3542 5763 est,

1960 5774 2092 5829 hanc
2118 5776 2401 5834 secundum
2443 5780 2603 5836 fuisse
2635 5787 3008 5842 vocntioncm»:
3041 5786 3374 5860 idipsumque
3400 5808 3579 5862 smptu

3859 6113 4082 6178 Α...)
