4084 6210
515 312 620 367 219

516 420 700 477 videre
725 427 826 474 est.
854 416 927 472 lbi
957 429 1183 485 namque
1216 412 1427 479 dicitur,
1456 429 1576 468 cum
1608 414 1839 468 nandum
1866 413 2096 469 Joannes

513 511 786 581 conjectus
828 510 1015 563 luisset
1053 508 1106 562 in
1146 520 1450 570 carcerem,
1484 506 1627 575 ipsos
1654 506 1980 570 accessisse;
2014 505 2099 561 hic

514 618 663 668 vero,
687 612 962 672 postquam
982 598 1254 667 coniectus
1277 596 1467 651 fuerat.
1489 596 1601 652 lllic
1622 598 1862 651 Andreas
1880 598 2100 653 vocabat

514 696 767 753 l’ctrum;
809 692 893 746 hic
932 689 1118 744 ambos
1152 688 1327 744 Jesus.
1366 688 1433 742 Et
1469 688 1700 743 Joannes
1729 688 1941 756 quidem
1980 691 2095 745 ait:

524 783 558 836 ν
565 784 707 838 idem
735 782 886 836 Jesus
919 781 1177 836 Simonem
1206 782 1497 844 venientem,
1529 782 1656 835 dixit
1681 796 1701 834 :
1730 780 1806 834 Tu
1834 798 1885 834 es
1919 781 2096 836 Simon

509 878 648 944 ﬁlius
685 875 835 929 J0me
856 890 876 939 ;
916 885 969 928 tu
1006 873 1260 928 vocaberis
1298 873 1527 942 Cephea,
1568 874 1703 942 quod
1744 874 2098 942 interpretatur

510 965 693 1020 Petrus
718 965 895 1038 (Joan.
928 966 978 1019 l.
1004 966 1116 1035 49.).
1142 964 1419 1018 Mattbmns
1442 980 1567 1019 vero
1591 965 1682 1025 ait,
1706 965 1814 1032 jam
1836 964 1913 1019 sic
1934 963 2095 1020 fuisse

507 1066 752 1111 vocatum
785 1075 797 1110 :
840 1055 1049 1118 Videas,
1079 1056 1266 1125 inquit,
1301 1056 1581 1119 Simonem,
1605 1056 1690 1123 qui
1719 1054 1973 1109 dicebatur
1996 1054 2097 1109 Pe-

510 1157 637 1202 trus.
666 1148 770 1202 Sed
793 1148 953 1201 etiam
976 1162 1004 1200 a
1029 1147 1167 1212 loco,
1190 1162 1255 1200 ex
1279 1161 1384 1215 quo
1404 1146 1575 1200 vocati
1599 1156 1743 1209 sunt,
1769 1145 1908 1215 quod
1932 1147 2092 1201 etiam

507 1239 631 1291 alibi
664 1253 807 1306 saepe
847 1236 1028 1290 videre
1053 1245 1135 1290 est
1164 1252 1177 1287 :
1209 1236 1333 1288 hinc
1361 1235 1523 1304 liquet
1548 1236 1707 1289 etiam
1730 1277 1745 1301 ,
1774 1236 1913 1304 quod
1943 1235 2094 1291 facile

506 1322 777 1388 obediant,
802 1332 855 1376 et
880 1322 1057 1376 omnia
1086 1322 1389 1392 relinquant
1415 1340 1429 1386 ;
1454 1321 1563 1391 jam
1589 1322 1729 1376 enim
1759 1322 1922 1391 probe
1950 1326 2093 1392 prius

507 1416 699 1470 eruditi
742 1416 971 1469 fuerant.
1016 1414 1127 1469 lllic
1156 1416 1296 1469 enim
1338 1414 1618 1468 exhibetur
1644 1414 1884 1467 Andreas
1915 1416 1963 1467 in
1992 1414 2091 1468 do-

506 1524 650 1561 mnm
682 1508 921 1571 veniens,
951 1520 1003 1561 et
1034 1507 1197 1560 multa
1227 1506 1482 1569 audiens;
1513 1505 1597 1559 hic
1634 1516 1832 1571 autem,
1864 1521 1968 1559 uno
1994 1523 2082 1559 aus

505 1599 617 1653 (lito
637 1598 822 1663 verbo,
854 1598 1029 1651 statim
1059 1598 1267 1666 sequuti
1296 1606 1438 1649 sunt.
1470 1595 1765 1650 Verisimile
1791 1596 1983 1667 quippe
2009 1607 2090 1651 est

504 1692 622 1744 illos
640 1706 757 1744 cum
781 1706 809 1742 a
839 1688 1098 1759 principio
1124 1689 1331 1758 sequuti
1365 1686 1608 1752 fuissent,
1633 1688 1880 1741 dimissos
1907 1698 2087 1757 postea

504 1785 704 1849 fuisse;
744 1800 865 1839 cum
913 1792 1090 1837 autem
1133 1782 1389 1835 vidissent
1427 1781 1682 1835 Joannem
1725 1782 1777 1833 in
1817 1796 2085 1839 carcerem

505 1892 709 1934 trusum
741 1878 905 1932 fuisse
930 1919 944 1941 ,
979 1878 1121 1943 ipsos
1150 1885 1274 1928 tunc
1306 1875 1591 1929 recessisse
1612 1916 1625 1939 ,
1659 1883 1817 1943 atque
1841 1874 1905 1928 ad
1938 1890 2085 1928 suam

503 1978 672 2024 artem
700 1967 941 2023 rediisse.
965 1965 1055 2021 Sic
1080 1965 1259 2035 itaque
1286 1965 1403 2018 illos
1432 1966 1696 2033 piscantes
1723 1965 1943 2019 invenit.
1969 1965 2087 2034 Ipse

502 2074 631 2116 vero
659 2074 833 2129 neque
868 2059 986 2112 illos
1012 2071 1133 2112 cum
1163 2055 1311 2111 abire
1351 2055 1545 2109 vellent
1591 2055 1741 2108 initio
1784 2056 2083 2123 prohibuit,

504 2165 677 2221 neque
716 2165 837 2205 cum
883 2148 1227 2203 recessissent
1267 2161 1433 2216 usque
1462 2146 1512 2198 in
1542 2146 1696 2199 linem
1724 2146 1959 2211 dimisit;
1992 2146 2083 2199 sed

502 2252 780 2313 postquam
820 2239 1075 2295 recedere
1104 2239 1350 2303 sivisset,
1381 2238 1529 2291 venit
1565 2252 1776 2291 rursum
1818 2239 1959 2307 ipsos
1999 2254 2084 2291 rc-

500 2337 761 2406 petiturus
794 2355 807 2390 :
833 2334 921 2403 qui
949 2332 1192 2402 egregius
1218 2341 1299 2386 est
1328 2331 1638 2400 piscationis
1665 2331 1873 2385 modus.

570 2426 771 2483 Christo
798 2427 1072 2479 sine'mora
1102 2422 1563 2489 obtemperantium.
1594 2453 1666 2460 -—
1696 2421 1968 2490 Perpende
1995 2438 2081 2476 au-

500 2529 608 2575 tem
638 2519 844 2573 illorum
871 2531 924 2572 et
949 2517 1103 2570 fidem
1128 2527 1179 2570 et
1200 2515 1575 2570 obedientiam.
1607 2515 1810 2569 Etenim
1835 2515 1885 2569 iu
1910 2515 2085 2569 medio

499 2626 666 2681 opere
694 2610 862 2677 (scitis
886 2619 1062 2663 autem
1092 2623 1248 2677 quam
1276 2606 1425 2659 avida
1454 2622 1539 2660 res
1570 2606 1637 2659 sit
1665 2606 1908 2675 piscatio)
1938 2607 2083 2661 illum

497 2701 771 2773 iubentem
802 2700 1078 2754 audientes
1100 2742 1114 2764 ,
1142 2713 1245 2752 non
1274 2698 1627 2763 distulerunt,
1652 2713 1825 2768 neque
1854 2708 2084 2756 cunctatt

497 2804 656 2848 sunt:
682 2810 787 2847 non
810 2792 1079 2857 dixerunt,
1107 2791 1324 2846 Reversi
1351 2789 1591 2855 domum,
1618 2791 1941 2859 propinquos
1963 2791 2085 2843 allo-

496 2898 725 2954 quemur
753 2899 768 2937 :
800 2884 892 2938 sed
931 2883 1129 2938 relictis
1171 2882 1417 2935 omnibus
1459 2882 1666 2950 sequuti
1705 2890 1860 2947 sunt,
1891 2898 2080 2951 quem-

495 2973 781 3029 admodum
817 2983 870 3027 et
909 2973 1131 3027 Elismus
1173 2973 1296 3026 fecit
1331 2986 1452 3026 cum
1497 2970 1634 3025 Elia.
1672 2972 1852 3026 Talem
1890 2974 2084 3042 quippe

496 3065 740 3121 Christus
767 3064 1123 3120 obedientiam
1149 3063 1340 3133 quaerit
1375 3076 1405 3115 a
1448 3062 1600 3118 nobis
1624 3106 1638 3129 ,
1666 3064 1735 3117 ita
1778 3076 1833 3118 ut
1867 3080 1932 3117 ne
1964 3081 2079 3118 mo-

496 3170 679 3214 mento
713 3156 928 3229 quidem
962 3157 1218 3225 temporis
1257 3154 1564 3210 differamus
1585 3197 1599 3221 ,
1629 3156 1836 3210 etiamsi
1864 3157 1987 3225 quid
2015 3174 2079 3211 ex

497 3247 783 3304 admodum
824 3247 1146 3303 necessariis
1186 3261 1373 3315 urgere
1402 3245 1660 3300 videatur.
1691 3245 1891 3301 Idcirco
1922 3248 2080 3301 alium

495 3340 798 3396 venientem
840 3349 894 3393 et
938 3346 1209 3408 rogantem
1247 3338 1344 3391 sibi
1384 3338 1567 3392 liceret
1610 3339 1837 3408 sepelire
1878 3349 2077 3408 patrem

495 3445 673 3490 suum.
701 3444 768 3485 ne
795 3429 922 3483 illud
952 3429 1162 3497 quidem
1184 3427 1358 3484 facere
1387 3429 1644 3498 permisit.
1668 3430 1973 3493 ostendens,
1999 3446 2083 3485 se-

494 3521 690 3593 quendi
737 3519 1004 3575 Christum
1049 3518 1282 3574 officium
1328 3535 1447 3575 esse
1491 3522 1738 3574 omnibus
1781 3520 2083 3576 anteferen-

494 3616 619 3671 dum
648 3614 855 3684 (Mattlt.
887 3614 941 3672 8.
971 3615 1033 3669 ‘21
1067 3613 1182 3685 22).
1212 3614 1266 3669 Si
1298 3631 1423 3668 vero
1449 3614 1648 3669 dixeris
1680 3632 1693 3668 :
1726 3614 1948 3668 Maxima
1969 3623 2085 3668 erat

497 3708 780 3777 promissio
812 3726 825 3762 :
856 3706 977 3761 ideo
1007 3707 1236 3761 maxime
1262 3706 1427 3760 miror
1453 3706 1592 3765 illos.
1618 3705 1758 3775 quod
1797 3722 1916 3770 cmn
1951 3722 2081 3759 non-

495 3799 619 3854 dum
660 3798 869 3868 signum
907 3796 1199 3862 vidissent,
1233 3806 1391 3850 tanta!
1430 3797 1767 3866 promissioni
1797 3797 1953 3851 fidem
1984 3797 2079 3850 ha-

495 3890 746 3954 buerint,
773 3899 827 3943 et
851 3890 1029 3944 omnia
1070 3890 1466 3959 postposuerint
1494 3900 1550 3943 ut
1578 3889 1848 3943 Christum
1889 3903 2081 3959 seque—

495 3992 684 4038 rentur
712 4000 724 4034 :
752 3997 872 4037 nam
902 3981 1248 4037 crediderunt
1276 3996 1334 4035 se
1366 3996 1522 4050 posse
1550 3996 1644 4051 per
1667 3981 1853 4036 eadem
1885 3983 2040 4035 verba
2064 4025 2077 4048 ,

493 4076 647 4148 queis
682 4076 819 4146 capti
866 4075 1108 4143 fuerant,
1154 4076 1288 4132 alios
1333 4077 1545 4146 piscari.
1589 4076 1684 4132 llis
1729 4078 1904 4148 itaque
1952 4078 2078 4133 illud

495 4169 739 4240 promisit
771 4187 784 4223 :
811 4167 1014 4223 Jacobo
1049 4178 1223 4223 autem
1251 4176 1307 4225 et
1335 4167 1528 4223 Joanni
1560 4168 1691 4222 nihil
1725 4170 1898 4225 simile
1925 4170 2077 4224 dixit.

492 4261 624 4314 Nam
656 4262 892 4330 priorum
926 4259 1271 4328 obsequentia
1304 4260 1385 4313 his
1414 4260 1550 4313 viam
1580 4262 1803 4330 paravit.
1836 4262 2079 4332 Alioquin

494 4366 623 4406 vero
643 4351 752 4418 jam
779 4350 1002 4419 plurima
1028 4349 1095 4403 de
1125 4350 1241 4419 ipso
1267 4350 1562 4405 audierant.
1588 4351 1721 4406 Vide
1745 4368 1903 4423 porro
1923 4368 2078 4423 quam

494 4453 741 4498 accurate
785 4440 938 4495 nobis
978 4440 1186 4494 illorum
1229 4451 1592 4510 paupertatem
1623 4443 1837 4499 indicet.
1883 4444 2083 4498 lnvcnit

494 4532 637 4589 enim
668 4532 790 4588 illos
816 4530 1119 4587 reﬁcientes
1152 4532 1287 4586 retia
1329 4548 1442 4586 sua.
1474 4533 1641 4588 Tanta
1685 4545 1800 4589 erat
1837 4546 2041 4605 egestas
2062 4578 2075 4601 ,

493 4632 555 4680 ut
582 4633 761 4681 vetera
788 4630 1172 4689 restaurarent,
1204 4622 1343 4693 quod
1375 4639 1477 4676 non
1506 4633 1725 4693 possent
1751 4624 1849 4677 alia
1880 4642 2075 4680 emere.

491 4718 603 4774 Nec
641 4717 861 4772 minima
901 4714 1112 4770 interim
1157 4715 1271 4769 lucc
1306 4722 1389 4770 est
1429 4715 1636 4768 virtutis
1666 4715 2078 4780 demonSIratio,

494 4820 858 4882 paupertatem
892 4810 962 4864 ita
1006 4808 1161 4863 facile
1197 4807 1337 4863 ferre
1362 4849 1377 4872 ,
1404 4822 1470 4861 ex
1509 4807 1668 4873 justis
1707 4806 1972 4861 laboribus
2004 4811 2079 4861 vi-

492 4913 636 4959 ctum
661 4916 868 4971 parare,
895 4909 1075 4955 mutua
1101 4900 1324 4955 invicem
1351 4900 1570 4954 caritate
1591 4900 1854 4963 connecti,
1880 4910 2079 4968 patrem

492 5007 674 5047 secum
702 4990 919 5058 habere,
944 4991 1148 5060 ipsique
1174 4989 1436 5044 famulari.
1466 4988 1752 5059 Postquam
1780 4989 1936 5058 igitur
1963 4990 2082 5045 illos

496 5085 733 5154 piscatus
758 5084 963 5147 fuisset,
988 5092 1111 5137 tunc
1136 5085 1298 5152 coepit
1324 5080 1428 5135 illis
1456 5082 1808 5152 przcsentibus
1829 5082 2080 5136 miracula

494 5176 657 5232 edere
681 5219 696 5243 ,
727 5190 927 5247 perque
955 5191 1015 5229 ea
1046 5191 1164 5245 qum
1193 5190 1221 5228 a
1249 5175 1452 5229 Joanne
1475 5173 1541 5229 de
1573 5175 1685 5242 ipso
1715 5174 1849 5229 dicta
1878 5176 2085 5230 [iterant

495 5265 868 5321 conﬁrmabat.
899 5266 1204 5336 Synagogas
1231 5280 1391 5333 porro
1422 5265 1811 5333 frequentabat,
1845 5264 1967 5319 hinc.
1991 5265 2084 5321 Ju-

496 5360 643 5414 dzeos
673 5358 871 5413 docens
896 5372 954 5411 se
984 5372 1086 5409 non
1118 5370 1236 5409 esse
1264 5356 1372 5409 Deo
1396 5355 1785 5421 adversarium,
1815 5358 1896 5411 vel
1926 5358 2084 5411 sedu-

497 5464 723 5518 Ctorcm,
747 5452 838 5507 sed
861 5468 981 5506 cum
1012 5450 1168 5505 l‘atre
1189 5451 1607 5505 consentientem
1630 5450 1926 5507 advenisse.
1949 5453 2081 5508 Cum

497 5559 674 5599 autem
704 5545 755 5599 in
786 5543 920 5599 locis
953 5551 1279 5610 versaretur,
1304 5557 1408 5595 non
1440 5540 1598 5596 modo
1625 5541 1965 5613 pra'dicabat,
1989 5545 2081 5600 sed

499 5637 661 5692 ctiam
692 5638 840 5705 signa
872 5635 1081 5691 edi-bal.
1201 5624 1207 5629 ’

570 5727 625 5784 3.
658 5727 860 5799 Ubique
888 5729 1049 5792 etaim,
1084 5727 1127 5784 si
1152 5724 1364 5799 quando
1386 5740 1472 5784 res
1503 5724 1714 5783 insolita
1737 5739 1789 5787 ct
1811 5729 2076 5802 inopinata

1328 299 1385 356 S.
1413 300 1687 356 JOANMS
1724 299 2195 358 CHRYSOSTOMI
2235 302 2547 361 ARCIIIEP.
2588 300 3117 367 CONSTANTINOP.

3692 318 3799 376 2‘20

2205 415 2442 481 accidat,
2475 419 2520 473 si
2562 435 2757 477 novum
2796 423 3077 480 inducatur
3114 426 3235 480 vita:
3276 427 3571 482 institutum
3597 471 3611 491 ,
3644 432 3797 501 signa

2206 507 2339 562 solet
2372 508 2507 563 Deus
2535 509 2709 567 facere
2729 555 2745 578 ,
2776 516 3025 582 potentiae
3054 530 3167 571 suae
3199 518 3425 587 pignora.
3457 522 3702 583 praebens
3730 527 3799 578 iis

2203 597 2292 665 qui
2333 599 2476 669 leges
2505 604 2800 672 suscepturi
2831 615 2972 658 sunt.
3014 605 3101 661 Sic
3140 608 3316 676 itaque
3357 624 3477 664 cum
3521 612 3797 668 hominem

2204 688 2436 745 facturus
2463 700 2617 756 erat,
2652 693 2902 747 mundum
2944 704 3110 750 totum
3145 699 3344 752 creavit
3367 740 3381 760 ,
3415 710 3647 771 tuncque
3687 704 3793 771 ipsi

2203 778 2370 849 legem
2416 782 2556 837 illam
2582 785 2598 815 ¹
2638 787 2688 838 in
2734 786 2976 854 paradiso
3013 789 3179 843 dedit.
3218 791 3281 844 Et
3321 807 3441 845 cum
3485 793 3612 848 Noae
3647 795 3803 866 leges

2203 872 2469 938 positurus
2498 884 2631 939 erat,
2661 891 2848 945 magna
2882 895 3088 933 rursum
3120 881 3362 936 exhibuit
3392 885 3664 950 miracula,
3697 906 3801 956 per

2201 977 2319 1031 qua:
2350 972 2511 1018 totam
2541 971 2855 1023 restauravit
2878 982 3197 1038 creaturam,
3222 984 3274 1028 et
3302 974 3334 1029 b
3376 978 3629 1033 rrcndum
3660 980 3794 1036 illud

2200 1055 2416 1124 pelagus
2447 1072 2539 1126 per
2563 1074 2761 1115 annum
2793 1071 2958 1117 totum
2995 1064 3235 1123 obtinere
3263 1071 3504 1136 curavit,
3539 1088 3635 1142 per
3661 1092 3786 1144 qm

2198 1144 2360 1198 etiam
2404 1146 2606 1214 justum
2661 1151 2807 1205 illum
2865 1153 2915 1207 in
2969 1163 3110 1209 tanta
3166 1165 3482 1227 tempestate
3528 1168 3788 1223 servavit.

2199 1236 2427 1291 Abrahae
2456 1256 2666 1306 quoque
2697 1246 2861 1298 multa
2907 1246 3056 1316 signa
3097 1250 3379 1316 praestitit;
3411 1255 3556 1308 verbi
3588 1270 3747 1313 causa
3770 1300 3786 1323 ,

2201 1330 2473 1385 victoriam
2504 1332 2554 1386 in
2583 1334 2744 1401 bello,
2777 1337 2981 1406 plagam
3011 1340 3272 1395 Pharaoni
3306 1344 3617 1413 immissam,
3645 1365 3673 1403 a
3702 1367 3787 1419 pe-

2197 1420 2375 1473 riculis
2411 1424 2756 1492 ereptionem.
2792 1427 3032 1499 Cumque
3074 1432 3272 1486 Judaeis
3311 1435 3455 1503 leges
3489 1447 3785 1497 statuturos

2194 1520 2355 1574 eSset,
2388 1511 2637 1565 miracula
2668 1515 2751 1566 illa
2786 1514 2929 1581 fecit,
2959 1526 3012 1571 ιιι
3039 1521 3275 1590 prodigia
3319 1540 3527 1595 magna,
3558 1536 3782 1595 tuncun

2196 1598 2365 1669 legem
2398 1601 2561 1655 dedit.
2594 1604 2663 1657 lta
2698 1615 2747 1658 et
2776 1622 2915 1661 nunc
2943 1611 3211 1665 excelsum
3248 1616 3532 1684 quodpiam
3565 1618 3783 1674 institu-

2196 1701 2303 1745 tum
2349 1694 2696 1761 inducturus,
2730 1713 2898 1768 eaque
2931 1701 3169 1756 dicturus
3210 1704 3311 1758 illis
3338 1721 3456 1776 qua:
3491 1725 3781 1781 numquam

2193 1787 2506 1852 audierant,
2532 1790 2848 1844 mirabilium
2872 1794 3181 1860 opera'ione
3202 1795 3338 1851 dicta
3360 1813 3452 1851 sua
3473 1802 3777 1857 confirmat.

2194 1876 2453 1943 Quoniam
2480 1880 2621 1932 enim
2652 1895 2868 1950 regnum
2899 1882 3045 1939 illud.
3070 1886 3209 1953 quod
3240 1888 3645 1955 pra-dicabatur,
3670 1909 3779 1946 non

2191 1968 2513 2035 apparebat,
2552 1984 2619 2024 ex
2660 1971 2724 2024 iis
2761 1988 2881 2041 quae
2926 1974 3026 2027 sub
3072 1987 3343 2046 aSpcetum
3393 1981 3683 2047 edebant,
3733 1988 3782 2039 id

2191 2059 2328 2127 quod
2368 2060 2634 2114 occultum
2670 2073 2784 2116 erat
2824 2063 3156 2120 manifestum
3204 2070 3345 2124 fecit.
3379 2070 3447 2125 Et
3488 2074 3610 2128 vide
3651 2077 3784 2131 mihi

2191 2159 2446 2218 quantum
2490 2152 2756 2221 superﬂua
2798 2156 2927 2209 vitet
2964 2160 3285 2227 evangelisna
3313 2203 3327 2221 ,
3364 2164 3635 2232 quomodo
3673 2183 3783 2221 non

2191 2240 2430 2310 singulos
2474 2255 2659 2297 eorum
2704 2245 2792 2314 qui
2840 2248 3009 2300 sanati
3054 2260 3176 2302 sunt
3223 2266 3643 2318 commemoret,
3687 2261 3785 2313 sed

2192 2332 2337 2386 brevi
2360 2348 2606 2388 sermone
2629 2334 2904 2390 innumera
2927 2336 3071 2406 signa
3098 2351 3489 2407 praetercurrat.
3513 2344 3643 2398 Nam
3666 2348 3745 2400 ait
3768 2368 3782 2404 :

2191 2422 2280 2476 24.
2319 2421 2616 2477 Obtulerunt
2638 2426 2688 2505 rei
2719 2442 2889 2481 omnes
2919 2429 3049 2481 male
3078 2429 3308 2483 habentes
3334 2434 3483 2486 variis
3514 2436 3781 2505 languori-

2191 2514 2280 2566 bus
2301 2555 2316 2580 ,
2341 2523 2386 2567 et
2419 2516 2675 2570 tormentis
2700 2528 2955 2587 correptos
2973 2560 2987 2583 ,
3018 2520 3268 2573 dwmouiu
3291 2523 3526 2578 [iubentes
3543 2568 3556 2586 ,
3588 2526 3781 2582 lunati-

2188 2623 2292 2670 cos,
2313 2608 2637 2678 paralyticos,
2660 2618 2705 2662 et
2721 2612 2915 2663 sanavit
2936 2627 3039 2669 eos.
3062 2611 3257 2667 Verum
3278 2615 3345 2669 ab
3368 2616 3455 2669 illo
3474 2617 3779 2687 inquiritur,

2188 2713 2284 2751 cur
2310 2713 2339 2751 a
2367 2698 2512 2752 nullo
2538 2713 2721 2754 eorum
2753 2700 2910 2755 iidem
2938 2704 3148 2772 exegit?
3175 2703 3357 2774 Neque
3383 2709 3522 2761 enim
3545 2708 3701 2775 dixit,
3731 2710 3781 2765 id

2186 2789 2328 2859 quod
2372 2799 2554 2858 postea
2595 2790 2794 2847 dixisse
2830 2802 3080 2848 narratur
3110 2813 3121 2848 :
3148 2795 3377 2851 (Inditis
3408 2814 3493 2854 me
3536 2799 3660 2853 illud
3705 2801 3784 2855 la-

2184 2896 2310 2935 cere
2349 2895 2504 2951 posse
2532 2880 2757 2954 (Matth.
2787 2882 2840 2938 9.
2881 2883 3031 2956 28)?
3066 2887 3187 2955 quia
3228 2888 3461 2943 nondum
3506 2894 3784 2959 potestatis

2187 2990 2297 3029 sua:
2320 2975 2637 3030 documenta
2666 2976 2905 3031 dederat.
2933 2978 3179 3047 Alioquin
3210 2996 3336 3035 vero
3361 2997 3424 3036 ex
3455 2999 3521 3037 eo
3543 2984 3683 3053 quod
3712 2987 3778 3040 ad

2190 3083 2310 3120 cum
2342 3068 2695 3132 accederent,
2726 3067 2968 3139 aliosque
2996 3070 3339 3135 inducerent,
3375 3090 3476 3127 non
3512 3075 3776 3130 modicam

2187 3157 2511 3211 exhibebant
2547 3157 2725 3213 ﬁdem.
2770 3158 2900 3213 Nam
2942 3175 3005 3214 ex
3047 3161 3335 3232 longinquo
3374 3181 3545 3233 a'gros
3580 3166 3779 3223 an‘ere-

2188 3249 2348 3312 baut,
2380 3263 2483 3302 non
2511 3248 2750 3313 allaturi,
2785 3251 2884 3304 nisi
2917 3266 3159 3320 magnam
3188 3252 3255 3308 de
3287 3254 3374 3308 illo
3403 3258 3782 3327 conevpissent

2186 3340 2510 3409 Opinionem.
2537 3340 2606 3393 Et
2628 3355 2724 3396 nos
2748 3356 2958 3411 quoque
2979 3343 3125 3397 illum
3153 3360 3438 3415 sequamur
3463 3365 3476 3399 :
3503 3363 3623 3403 nam
3649 3352 3781 3403 mul-

2192 3433 2258 3486 tis
2282 3431 2445 3486 animi
2473 3431 2674 3487 morbis
2699 3432 3023 3499 laboramus,
3056 3446 3109 3489 et
3138 3435 3233 3489 hos
3260 3436 3349 3492 ille
3378 3440 3643 3509 prmciptte
3668 3444 3783 3497 vult

2186 3540 2395 3579 curare.
2426 3524 2549 3580 ldeo
2572 3526 2712 3580 enim
2745 3525 2831 3580 illa
2866 3527 2999 3580 mala
3026 3538 3197 3595 curat,
3229 3538 3285 3583 ut
3311 3530 3425 3585 hac
3451 3534 3681 3602 expellat
3714 3552 3779 3590 ex

2185 3616 2464 3669 animabus
2492 3616 2708 3671 nostris.
2736 3616 3065 3671 Acccdamus
3095 3618 3252 3689 igitur
3274 3620 3339 3675 ad
3370 3637 3514 3681 eum.
3542 3622 3782 3695 nihilque

2185 3708 2437 3763 sceculare
2466 3717 2707 3777 petamus
2727 3751 2741 3772 ,
2771 3709 2863 3763 sed
2890 3710 3256 3766 remissionem
3288 3725 3625 3782 peccatorum
3660 3735 3672 3771 :
3698 3727 3779 3772 et-

2186 3802 2328 3855 enim
2354 3801 2513 3855 etiam
2541 3816 2681 3855 nunc
2702 3801 2809 3865 dat,
2836 3802 2879 3855 si
2901 3801 3181 3871 diligenter
3200 3819 3435 3873 agamus.
3459 3806 3608 3861 Tunc
3629 3810 3775 3863 enim

2188 3890 2239 3944 in
2282 3890 2489 3962 Syriam
2531 3890 2645 3959 ejus
2686 3892 2821 3945 fama
2852 3891 3088 3956 volarat;
3124 3908 3263 3947 nunc
3296 3910 3425 3948 vero
3469 3912 3564 3965 per
3606 3907 3777 3953 totum

2185 3983 2388 4037 orbem.
2425 3983 2490 4036 Et
2529 3982 2600 4036 illi
2637 3982 2848 4052 quidem
2879 3982 3154 4038 audientes
3177 4027 3191 4049 ,
3221 3985 3393 4054 ipsum
3424 3986 3781 4045 da-moniacos

2185 4075 2477 4139 curavisse,
2508 4074 2900 4129 concurrebant
2932 4090 2944 4125 :
2976 4084 3029 4127 tu
3054 4091 3180 4130 vero
3208 4077 3374 4130 multo
3403 4079 3656 4146 majorem
3684 4098 3781 4150 po.

2187 4167 2389 4221 tcSIatis
2436 4167 2599 4234 ipsius
2638 4166 3019 4234 experientiam
3062 4175 3246 4221 nactus
3283 4185 3386 4223 non
3428 4172 3635 4242 surgis,
3670 4190 3778 4227 non

2184 4258 2388 4312 curris?
2413 4257 2516 4312 Sed
2548 4257 2619 4311 illi
2646 4256 2857 4326 quidem
2882 4266 2933 4310 et
2961 4258 3185 4326 patriam
3218 4258 3548 4327 reliquerunt
3573 4272 3627 4316 et
3651 4265 3782 4317 ami-

2184 4364 2276 4403 cos
2306 4360 2359 4403 et
2390 4358 2677 4419 cognatos;
2706 4357 2759 4401 tu
2789 4363 2915 4402 vero
2942 4364 3007 4402 ne
3046 4348 3208 4404 domo
3245 4350 3455 4419 quidem
3480 4353 3629 4407 exire
3659 4369 3781 4409 sns-

2188 4441 2327 4495 tines
2346 4482 2360 4502 ,
2388 4451 2446 4494 ut
2473 4441 2695 4494 accedas
2719 4481 2733 4503 ,
2761 4449 2814 4493 et
2840 4440 2994 4509 longe
3020 4440 3235 4495 meliora
3261 4444 3643 4512 consequaris?
3665 4445 3783 4500 lmo

2187 4547 2290 4585 non
2322 4531 2421 4585 hoc
2446 4546 2473 4583 a
2503 4542 2555 4585 te
2597 4530 2960 4600 postulamus;
2991 4530 3082 4585 scd
3123 4532 3312 4585 malam
3354 4534 3525 4587 solum
3567 4535 3783 4603 depone

2185 4620 2653 4683 consuetudinem,
2694 4630 2747 4674 et
2780 4621 2921 4675 domi
2966 4636 3188 4676 manens
3230 4639 3349 4676 cum
3401 4625 3503 4677 tuis
3548 4626 3780 4680 salutem

2187 4712 2337 4766 facile
2376 4711 2628 4780 consequi
2668 4711 2884 4779 poteris.
2914 4710 3029 4765 Jam
3063 4728 3189 4766 vero
3219 4713 3261 4766 si
3303 4714 3491 4767 morbo
3517 4731 3783 4784 corporeo

2187 4803 2492 4857 laboremus
2512 4843 2525 4865 ,
2558 4801 2734 4854 omnia
2776 4801 2994 4856 iacimus
3014 4844 3027 4868 ,
3059 4804 3237 4856 omnia
3277 4820 3557 4859 movemus
3579 4850 3593 4871 ,
3629 4816 3685 4860 ut
3715 4810 3786 4863 ab

2187 4895 2275 4949 illa
2304 4894 2543 4949 molestia
2570 4908 2819 4948 eruamur
2843 4912 2856 4949 :
2879 4894 3053 4948 anima
3079 4910 3206 4949 vero
3228 4906 3409 4951 nostra
3440 4898 3581 4953 male
3603 4913 3665 4955 se
3690 4900 3787 4952 lia-

2187 4986 2346 5040 beate
2367 5027 2381 5053 ,
2414 4994 2731 5039 cunctamur
2765 4993 2819 5040 et
2859 4985 3170 5056 refugimus.
3208 4986 3332 5042 ldao
3371 5004 3544 5059 neque
3575 4990 3644 5044 ab
3679 4992 3787 5045 illis

2187 5077 2515 5142 liberamur;
2561 5077 2809 5146 quoniam
2852 5094 2971 5148 qua?
3012 5081 3306 5134 necessaria
3354 5092 3511 5148 sunt,
3555 5084 3787 5139 minoris

2188 5172 2441 5225 momenti
2471 5170 2709 5233 facimus,
2739 5186 2856 5241 quae
2880 5187 3009 5227 vero
3039 5174 3259 5227 minoris
3287 5177 3565 5239 momenti,
3593 5193 3779 5231 περι-ευ

2187 5263 2325 5315 saria
2369 5261 2614 5315 ducimus
2646 5281 2659 5317 :
2692 5270 2745 5317 et
2790 5262 3051 5317 malorum
3095 5262 3240 5318 fonte
3276 5264 3499 5319 dimisso
3526 5307 3540 5329 ,
3584 5268 3788 5321 rivulos

2192 5368 2415 5424 purgare
2441 5353 2703 5409 volumus.
2727 5353 2878 5421 Quod
2909 5355 3049 5409 enim
3079 5355 3387 5411 morborum
3411 5360 3656 5428 corpOris
3678 5362 3788 5413 ani.

2190 5461 2289 5499 tua:
2319 5444 2617 5515 malignitas
2646 5461 2807 5501 causa
2838 5445 2928 5511 sit,
2958 5447 3283 5520 paralyticos
3312 5449 3398 5504 ille
3426 5450 3640 5521 triginta
3660 5463 3789 5505 orto

2189 5552 2452 5591 annorum
2486 5537 2679 5607 (Joan.
2712 5537 2814 5608 5),
2852 5538 2941 5593 ille
2975 5539 3112 5593 alius
3151 5555 3248 5608 per
3285 5549 3484 5595 tectum
3517 5542 3790 5599 demissus

2189 5627 2351 5699 (Luc.
2380 5628 2725 5701 5).anteillos
2755 5644 2882 5685 vero
2906 5629 3035 5686 Cain
3063 5631 3451 5686 demonstravit
3483 5650 3499 5688 :
3524 5647 3785 5704 sazpeque

2258 5741 2271 5771 ι
2309 5739 2498 5798 Quidam
2517 5745 2644 5798 Mss.,
2671 5746 2871 5802 tuncque
2890 5740 2982 5802 ipsi
3004 5743 3234 5792 mundum
3258 5742 3418 5803 illam;
3443 5746 3603 5796 minus
3614 5748 3775 5793 recte.
