4084 6210
361 410 416 462 δέ
449 404 626 475 ψυχῆς
679 401 836 474 ήμῶν
892 402 1075 464 κακῶς
1105 397 1472 469 διακειμένης,
1524 392 1787 475 μέλλομεν
1841 395 1936 475 καὶ

363 473 723 558 ἀναδυόμεθα.
757 485 854 539 Διά
876 485 1030 537 τοῦτο
1058 483 1177 537 οὐδὲ
1210 481 1430 535 ἐκείνων
1457 473 1934 558 ἀπαλλασσόμεθα·

363 557 653 643 ἐπειδητά
686 569 784 640 μὲν
813 570 1086 635 ἀναγκαῖα
1129 567 1264 635 ἡμῖν
1314 562 1567 632 πάρεργα
1598 559 1828 643 γίνεται,
1871 557 1938 643 τά

361 656 416 708 δὲ
443 639 695 725 πάρεργα
733 651 1002 715 ἀναγκαῖα
1023 664 1035 677 ·
1093 649 1187 701 καὶ
1231 647 1330 717 τὴν
1364 643 1545 713 πηγὴν
1593 641 1702 694 τῶν
1751 639 1939 694 κακῶν

361 739 614 807 ἀφέντες,
648 738 773 798 τούς
820 733 1028 805 ῥύακας
1080 731 1430 802 ἐκκαθαίρειν
1490 727 1787 807 ἐθέλομεν.
1815 725 1938 776 Ὀτι

365 806 472 892 γάρ
495 821 602 873 τῶν
642 821 696 872 ἐν
721 817 799 889 τῷ
827 815 1039 886 σώματι
1079 814 1263 869 κακῶν
1299 814 1334 884 ή
1375 809 1605 881 πονηρία
1638 811 1736 879 τῆς
1763 806 1940 877 ψυχῆς

365 907 532 968 αἰτία,
566 905 659 958 καὶ
685 905 712 955 6
740 899 1178 974 παραλελυμένος
1205 897 1499 969 τριάκοντα
1530 895 1623 947 καὶ
1642 892 1786 945 ὀκτώ
1820 892 1937 960 ἔτη,

365 990 459 1043 καὶ
483 990 512 1042 6
531 987 618 1041 διὰ
641 986 733 1040 τοῦ
763 986 986 1054 στέγους
1011 982 1319 1054 χαλασθεὶς,
1349 980 1442 1032 κα)⁸
1487 978 1593 1048 πρὸ
1630 975 1834 1029 τούτων
1882 973 1940 1026 δέ

363 1075 390 1125 ὁ
426 1071 565 1126 Κάῖν
596 1070 832 1142 ἐδήλωσε
861 1086 875 1100 ο
911 1070 1005 1122 καὶ
1044 1065 1371 1136 πολλαχόθεν
1396 1063 1452 1115 δὲ
1495 1057 1942 1142 ἐτέρωθεντοῦτο

362 1155 428 1209 ἄν
465 1171 546 1217 τις
568 1140 777 1206 κατίδοι
816 1151 882 1208 ³⁸.
922 1149 1226 1221 Ἀνέλωμεν
1269 1147 1445 1200 τοίνυν
1477 1144 1586 1197 τῶν
1628 1141 1814 1195 κακῶν
1841 1140 1940 1211 τὴν

364 1244 571 1316 πηγὴν,
603 1241 697 1294 καὶ
733 1240 910 1293 πάντα
943 1239 1195 1309 στήσεται
1221 1235 1328 1287 τῶν
1356 1231 1677 1304 νοημάτων
1708 1228 1776 1282 τὰ
1817 1227 1941 1300 ῥεύ-

367 1310 534 1396 ματα.
568 1323 644 1377 υύ
673 1323 783 1394 γὰρ
815 1321 874 1375 τὸ
903 1319 1303 1393 παραλελύσθαι
1335 1317 1492 1387 μόνον
1523 1315 1754 1384 νόσημα,
1807 1310 1942 1364 ἀλλὰ

365 1410 458 1462 καὶ
487 1407 546 1461 τὸ
580 1405 912 1478 ἁμαρτάνειν
935 1421 947 1434 ·
982 1403 1076 1456 καὶ
1112 1401 1269 1454 τοῦτο
1301 1398 1499 1470 μᾶλλον
1534 1398 1566 1468 ἦ
1603 1398 1798 1456 ἐκεῖνο,
1831 1396 1944 1465 ὅσῳ

364 1492 458 1546 καὶ
513 1490 658 1561 ψυχὴ
714 1487 964 1558 σώματος
1010 1486 1266 1555 ἀμείνων.
1327 1480 1716 1553 Προσέλθωμεν
1763 1478 1942 1531 τοίνυν

364 1574 514 1645 αὐτῷ
545 1573 636 1628 καὶ
659 1571 775 1637 νῦν,
803 1569 1270 1641 παρακαλέσωμεν
1299 1568 1342 1597 ³⁷
1378 1566 1465 1618 ἵνα
1496 1563 1697 1635 σφίγξῃ
1723 1561 1820 1631 τὴν
1840 1562 1942 1630 ψυ-

362 1659 463 1731 χὴν
487 1656 644 1730 ήμῶν
672 1653 1137 1726 παραλελυμένην,
1188 1651 1280 1704 καὶ⁵
1330 1651 1398 1701 τὰ
1445 1649 1671 1731 βιωτικά
1711 1646 1942 1731 ἀφέντες

364 1727 541 1795 πάντα
577 1739 688 1793 τῶν
720 1739 765 1770 ³⁸
794 1735 1177 1807 πνευματικῶν
1230 1734 1386 1805 μόνον
1432 1728 1713 1800 ποιώμεθα
1762 1727 1940 1795 λόγον.

363 1827 427 1880 Εἰ
447 1825 502 1879 δὲ
529 1824 846 1879 καὶτούτων
867 1821 1086 1894 ἀντέχῃ,
1120 1821 1237 1889 μετ’
1264 1818 1444 1870 ἐκεῖνα
1474 1813 1649 1866 αὐτῶν
1671 1812 1938 1881 φρόντιζε.

363 1909 501 1981 Μηδ⁸
531 1910 576 1941 ⁸⁹
605 1911 687 1962 ὅτι
719 1908 818 1960 οὐκ
841 1905 1023 1974 ἀλγεῖς
1057 1902 1388 1972 ἁμαρτάνων
1426 1898 1773 1968 καταφρόνει,
1807 1896 1941 1981 ἁλλὰ

361 1994 431 2046 δι’
457 1993 586 2046 αὐτὸ
615 1991 714 2062 μὲν
748 1986 840 2043 οὖν
860 1988 1019 2041 τοῦτο
1056 1986 1287 2057 μάλιστα
1329 1982 1599 2048 στέναξον,
1631 1981 1817 2051 ἐπειδὴ
1844 1980 1944 2033 οὐκ

363 2075 595 2148 αἰσθάνῃ
627 2074 727 2144 τῆς
772 2071 965 2142 ὀδύνης
1006 2069 1113 2122 τῶν
1165 2066 1668 2148 πλημμελημάτων.
1713 2065 1786 2148 Οὐ
1834 2063 1942 2135 γάρ

365 2159 515 2228 παρά
555 2147 614 2210 τὸ
676 2155 752 2229 μὴ
787 2154 1003 2210 δάκνειν
1052 2153 1150 2225 τὴν
1189 2151 1463 2221 ἁμαρτίαν
1523 2147 1681 2201 τοῦτο
1713 2147 1940 2215 γίνεται,

364 2241 500 2295 ἀλλὰ
533 2240 685 2312 παρὰ
736 2240 797 2292 τὸ
841 2236 1166 2307 ἀναίσθητον
1209 2230 1346 2287 εἶναι
1383 2233 1480 2302 τὴν
1519 2229 1943 2301 πλημμελοῦσαν

365 2325 564 2395 ψυχήν.
611 2321 890 2392 Ἐννόησον
930 2318 1060 2390 γοῦν
1096 2319 1221 2381 τοὺς
1269 2313 1689 2384 αἰσθανομένους
1716 2313 1822 2364 τῶν
1861 2313 1941 2364 0i-

367 2407 528 2460 κείων
554 2405 988 2478 ἁμαρτημάτων,
1023 2402 1140 2465 πῶς
1162 2399 1270 2454 τῶν
1306 2396 1654 2470 τεμνομένων
1681 2395 1774 2448 καὶ
1791 2411 1941 2447 καιοο

369 2492 543 2562 μένων
564 2491 884 2563 πικρότερον
915 2487 1246 2552 όλολύζουσι,
1282 2483 1422 2537 πόσα
1449 2480 1765 2552 πράττουσι,
1802 2478 1943 2563 πόσα

367 2576 652 2646 πάσχουσι.
671 2562 821 2628 πόσα
839 2569 1091 2626 πενθοῦσι
1107 2570 1202 2624 καὶ
1227 2566 1525 2639 ὀδύρονται,
1539 2565 1678 2617 ῶστε
1699 2562 1911 2616 ἀπαλλα
1926 2591 1942 2602 ο

366 2663 525 2730 γῆναι
571 2657 662 2712 τοῦ
697 2659 932 2728 πονηροῦ
969 2654 1295 2717 συνειδότοςο
1330 2653 1466 2722 ὅπερ
1506 2650 1605 2703 οὐκ
1652 2648 1718 2702 ἂν
1759 2647 1944 2718 ἐποίη-

365 2761 485 2812 σαν,
513 2744 562 2796 εἰ
598 2743 674 2814 μὴ
708 2741 912 2812 σφόδρα
934 2739 1130 2812 ήλγουν
1159 2735 1297 2793 κατὰ
1322 2735 1521 2806 ψυχήν.

434 2893 476 2948 δ’
485 2935 498 2950 .
527 2894 601 2948 Τὸ
635 2893 732 2965 μὲν
756 2888 849 2947 οὖν
875 2892 1118 2963 ἁμεινον,
1153 2890 1214 2942 τὸ
1250 2888 1385 2960 μηδέ
1421 2887 1556 2949 ὅλως
1578 2885 1940 2956 ἁμαρτάνειν

365 2983 425 3036 τὸ
463 2981 517 3034 δὲ
557 2979 672 3050 μετ’
701 2980 878 3032 ἐκεῖνο
897 3019 913 3044 ,
945 2976 1006 3030 τὸ
1033 2975 1447 3046 ἁμαρτάνοντας
1477 2971 1824 3024 αἰσθάνεσθαι
1851 2971 1944 3022 καὶ

363 3061 724 3135 διορθοῦσθαι.
761 3061 825 3113 Εἰ
849 3059 906 3112 δὲ
941 3059 1015 3130 μὴ
1041 3057 1200 3110 τοῦτο
1228 3055 1465 3125 ἔχοιμεν,
1503 3053 1619 3116 πῶς
1640 3051 1943 3122 δεησόμεθα

364 3145 458 3200 τοῦ
481 3143 637 3210 Θεοῦ,
669 3145 764 3198 καὶ
786 3143 978 3212 ἄφεσιν
1023 3135 1360 3208 αἰτησόμεθα
1410 3135 1842 3206 ἁμαρτημάτων,
1894 3137 1942 3189 οί

365 3228 568 3282 τούτων
604 3226 808 3299 μηδένα
847 3222 1159 3293 ποιούμενοι
1189 3220 1343 3289 λόγον
1368 3237 1383 3285 ;
1412 3220 1578 3272 Ὅταν
1601 3218 1709 3288 γάρ
1741 3218 1806 3271 σύ
1847 3220 1946 3273 αὐ·-

364 3312 456 3376 τὸς
477 3314 506 3365 ὁ
531 3307 1010 3381 πεπλημμεληκὼς
1045 3305 1178 3377 μηδὲ
1205 3303 1334 3357 αὐτὸ
1363 3303 1541 3368 τοῦτο,
1563 3304 1645 3357 ὅτι
1671 3304 1943 3373 ἥμαρτες,

365 3394 564 3448 εἰδέναι
601 3393 791 3462 ἐθέλῃς
815 3432 832 3457 ,
864 3391 1004 3460 ὑπὲρ
1051 3388 1220 3441 ποίων
1264 3386 1668 3457 παρακαλέσεις
1690 3386 1781 3439 τὸν
1812 3385 1944 3438 Θεὸν

367 3476 886 3549 πλημμελημάτων;
918 3474 1059 3544 ὑπὲρ
1088 3466 1162 3526 ὧν
1187 3473 1288 3526 οὐκ
1313 3468 1497 3535 οἶδας;
1534 3471 1630 3524 καὶ
1673 3469 1790 3533 πῶς
1823 3469 1943 3542 εἴσῃ

365 3562 464 3633 τῆς
494 3558 812 3632 εὐεργεσίας
838 3557 898 3610 τὸ
923 3556 1150 3628 μέγεθος
1171 3571 1185 3621 ;
1204 3555 1338 3608 Εἰπὲ
1354 3554 1531 3608 τοίνυν
1553 3571 1646 3606 σου
1669 3554 1736 3608 τά
1766 3551 1946 3622 πλημ-

369 3643 662 3714 μελήματα
718 3641 836 3697 κατ’
869 3637 1029 3705 εἶδος,
1088 3640 1174 3693 ἵνα
1205 3638 1383 3710 μάθῃς
1433 3636 1595 3692 τίνων
1652 3635 1945 3706 λαμϐάνεις

369 3720 737 3798 συγχώρησιν,
770 3725 836 3779 ἵν’
856 3722 1030 3786 οὕτως
1052 3720 1347 3792 εὐγνώμων
1375 3720 1506 3790 γένῃ
1528 3719 1654 3790 περὶ
1680 3719 1768 3772 τὸν
1793 3719 1947 3789 εὐερ-

369 3808 558 3878 γέτην.
590 3809 662 3862 Σὺ
691 3807 747 3861 δὲ
795 3806 1083 3879 ἄνθρωπον
1116 3806 1213 3876 μὲν
1263 3802 1600 3874 παροξύνων,
1635 3801 1731 3855 καὶ
1760 3800 1946 3869 φίλους

369 3893 463 3947 καὶ
494 3891 743 3961 γείτονας
774 3891 869 3944 καὶ
894 3888 1175 3962 θυρωροὺς
1199 3887 1549 3958 παρακαλεῖς,
1569 3885 1663 3938 καὶ
1689 3885 1947 3956 χρήματα

365 3975 633 4046 δαπανᾷς,
662 3974 757 4027 καὶ
782 3973 985 4038 πολλάς
1017 3971 1326 4034 ἀναλίσκεις
1345 3969 1555 4042 ἡμέρας
1590 3966 1828 4041 προσιὼν
1853 3967 1947 4020 καὶ

369 4058 640 4130 δεόμενος,
670 4056 773 4111 κᾶν
806 4055 974 4120 ἅπαξ,
1006 4055 1110 4109 κᾶν
1139 4055 1252 4120 δὶς,
1288 4053 1391 4107 κᾶν
1427 4052 1687 4124 μυριάκις
1735 4067 1794 4103 σε
1828 4049 1945 4102 δια-

370 4141 667 4214 κρούσηται
701 4140 730 4193 6
764 4137 1120 4210 παροξυνθεὶς
1144 4176 1160 4203 ,
1192 4138 1292 4190 οὐκ
1327 4137 1684 4201 ἀναπίπτεις,
1717 4132 1832 4187 ἀλλ’
1861 4135 1946 4186 ἐν·

368 4223 600 4294 ιιγιὸνιος
630 4223 828 4294 μᾶλλον
856 4220 1163 4292 γενόμενος.
1187 4219 1404 4273 πλείονα
1433 4218 1532 4289 τὴν
1562 4218 1840 4288 ἱκετηρίαν
1868 4216 1947 4269 τί·

373 4307 470 4377 91;
502 4308 548 4339 ⁸⁸
566 4322 582 4339 ο
606 4305 700 4358 τοῦ
726 4305 784 4358 δέ
806 4303 915 4357 τῶν
945 4301 1096 4374 [185]
1136 4302 1271 4356 ὅλων
1297 4302 1432 4354 Θεοῦ
1485 4299 1943 4372 παροξυνομένου,

370 4387 730 4460 λασμώμεθα,
778 4387 872 4438 καὶ
923 4386 1322 4453 ἁναπίπτομεν,
1375 4384 1467 4436 καλ⁵
1495 4385 1809 4455 τρυφῶμεν,
1852 4383 1946 4435 καὶ

375 4471 667 4541 μεθύομεν,
705 4469 798 4523 καὶ
820 4467 889 4522 τά
919 4466 1060 4522 κατὰ
1089 4465 1372 4536 συνήθειαν
1409 4465 1583 4519 πάντα
1612 4468 1944 4537 πράττομεν.

376 4555 484 4609 Καὶ
515 4555 645 4608 πότε
675 4553 835 4608 αὐτὸν
863 4551 1203 4622 δυνησόμεθα
1246 4550 1402 4603 ἵλεων
1450 4551 1705 4618 ποιῆσαι;
1743 4549 1858 4612 πῶς
1891 4549 1947 4602 δὲ

371 4641 473 4694 οὐκ
501 4637 649 4710 αὐτῷ
689 4637 862 4709 τούτῳ
913 4635 1173 4708 μειζόνως
1223 4633 1668 4705 παροξυνοῦμεν;
1705 4632 1811 4686 Τοῦ
1842 4635 1948 4704 γάρ

374 4723 707 4794 ἁμαρτάνειν
745 4723 803 4776 τὸ
854 4720 989 4794 μηδὲ
1040 4720 1224 4788 ἀλγεῖν
1280 4717 1694 4789 ἁμαρτάνοντας
1749 4717 1947 4788 μᾶλλον

375 4809 701 4876 ἀγανακτεῖν
730 4807 891 4860 αὐτὸν
943 4807 1088 4858 ποιεῖ
1112 4806 1206 4857 καὶ
1233 4802 1566 4875 ὀργίζεσθαι.
1624 4802 1823 4872 Διόπερ
1869 4803 1948 4865 είς

376 4890 548 4960 αὐτὴν
585 4888 768 4942 λοιπὸν
795 4888 940 4955 ἀξιον
969 4886 1265 4942 καταδῦναι
1295 4887 1392 4959 τὴν
1418 4889 1541 4957 γῆν,
1572 4887 1665 4940 καὶ
1693 4885 1828 4958 μηδὲ
1859 4885 1948 4937 τὸν

375 4974 526 5045 ἥλιον
574 4973 704 5043 ὁρᾷν
742 4971 948 5039 τοῦτον,
987 4971 1119 5042 μηδέ
1168 4973 1424 5025 ἀναπνεῖν
1453 4972 1611 5035 ὅλως,
1665 4972 1745 5024 ὅτι
1778 4967 1950 5033 οὕτως

377 5057 808 5111 εὐκατάλλακτον
861 5055 1132 5124 Δεσπότην
1174 5055 1405 5125 ἔχοντες,
1471 5053 1843 5125 παροξύνομέν
1892 5071 1951 5106 τε

377 5141 560 5206 αὐτὸν,
597 5141 690 5193 καὶ
721 5139 1109 5210 παροξύνοντες
1132 5139 1250 5191 οὐδέ
1282 5138 1642 5210 μετανοοῦμεν
1667 5153 1681 5167 ’
1710 5137 1950 5204 καίτοιγε

377 5223 561 5288 αὐτὸς,
611 5222 730 5276 οὐδέ
762 5223 890 5276 ὅταν
915 5220 1221 5292 όργίζηται,
1260 5220 1432 5291 μισῶν
1473 5221 1564 5273 καὶ
1617 5219 1952 5290 ἀποστρεφό-

382 5324 540 5378 μενος
568 5307 715 5378 ήμᾶς
741 5305 898 5359 τοῦτο
927 5306 1088 5370 ποιεῖ,
1125 5305 1240 5358 ἀλλ’
1274 5305 1361 5356 ἴνα
1389 5302 1490 5356 κᾶν
1525 5303 1568 5334 ⁸¹
1594 5302 1767 5367 οὔτως
1807 5305 1952 5374 ἡμᾶς

380 5391 749 5461 ἐπισπάσηται
780 5389 914 5460 πρὸς
941 5388 1150 5441 ἑαυτόν.
1178 5388 1240 5439 Εἰ
1258 5386 1367 5458 γάρ
1396 5384 1748 5456 ὑϐριζόμενος
1780 5387 1953 5456 διηνε-

382 5476 491 5539 κῶς
523 5475 831 5546 εὐηργέτει,
875 5472 1075 5545 μᾶλλον
1132 5472 1198 5525 ἂν
1247 5470 1674 5540 κατεφρόνησας.
1727 5469 1823 5522 ⁶Ἰν’
1861 5466 1952 5526 οὖν

440 5693 486 5724 ³⁸
532 5691 770 5762 κατίδοι]
811 5691 909 5744 ἴδοι
962 5689 1094 5745 Edd.
1131 5689 1170 5720 "
1196 5689 1290 5742 καὶ
1324 5685 1788 5758 παρακαλέσωμεν
1826 5685 1886 5739 ῐ).
1920 5685 1974 5740 Ε.
2008 5683 2105 5739 Ge.
2189 5685 2234 5716 ³⁸
2263 5683 2394 5756 τῶν]
2422 5685 2560 5756 ὑπὲρ
2609 5686 2714 5738 τῶν
2745 5683 2804 5738 D.
2844 5684 2901 5737 Ε.
2940 5684 2998 5737 F.

463 5761 626 5786 -.n-~.--
660 5760 695 5786 ι)
769 5762 807 5786 n
859 5760 1026 5786 _.n-:-
1082 5764 1104 5786 Α
1180 5759 1218 5786 ι’
1320 5761 1361 5786 ιιι
1395 5757 1516 5786 μιν]
1558 5758 1650 5786 .....'
1690 5760 1714 5786 Α
1798 5757 1834 5786 n
1883 5757 1921 5786 ι’
2020 5757 2064 5786 u
2107 5755 2263 5786 ἀηὶι..
2305 5754 2618 5786 Auni-um]
2656 5756 2746 5786 ein
2783 5755 2821 5786 Π
2877 5755 2998 5786 4...ιῖ

780 5763 825 5813 ι).
859 5760 1026 5823 τιθείς
1074 5764 1137 5812 Δ.
1180 5759 1240 5814 F.
1320 5761 1361 5790 “
1395 5757 1517 5830 κάν]
1558 5758 1651 5810 καί
1682 5760 1746 5810 Α.
1797 5757 1856 5810 Β.
1883 5757 1943 5810 C.

780 5831 823 5861 ⁵³
842 5833 930 5884 Sic
970 5830 1030 5885 [Γ.
1071 5832 1230 5898 vulgo
1256 5829 1664 5898 διαλυσάμενος.
1703 5828 1744 5858 ⁸³
1772 5828 1854 5898 αἱ]
1885 5844 1943 5881 κα

2047 5757 2064 5784 ⁸
2107 5757 2263 5836 ήμῶν
2303 5757 2618 5825 ἀκούσεται]
2656 5757 2747 5810 Sic
2780 5757 2842 5808 D.
2877 5757 3031 5839 ήμῶν
3070 5757 3476 5824 εἰσαχθήσεται,
3510 5757 3625 5808 δίης

2052 5827 2064 5877 ἰ
2101 5825 2161 5881 ι..
2234 5825 2276 5857 ’⁸³
2307 5825 2499 5897 νώτου]
2524 5825 2786 5896 τραχήλου
2808 5826 2865 5879 Ε.
2902 5829 2995 5881 (ιε.
3027 5824 3149 5880 Sav.
3214 5826 3258 5857 "
3279 5824 3632 5895 αὐτώνμύτό

383 5765 426 5794 ⁸ο
463 5761 626 5822 τιθεῖς
659 5760 717 5814 Β.
759 5759 825 5814 ⁷1).
859 5760 1026 5823 τιθείς
1074 5764 1137 5812 Δ.
1180 5759 1240 5814 F.

382 5838 608 5890 ἰκαστος
641 5831 702 5883 C.

389 5903 450 5958 θ’.
505 5901 546 5929 ’⁷
577 5900 915 5974 ἐπ’-φέρουσι]
935 5902 1281 5970 ἐπεισάγουσι
1309 5899 1368 5952 ί).
1404 5899 1462 5954 Ε.
1491 5899 1550 5952 l“.

1320 5761 1361 5830 δέ
1395 5757 1517 5830 κᾶν]

1052 289 1110 344 S.
1152 281 1436 340 JOANNIS
1473 273 1966 335 CHRYSOSTO-Ml
2005 270 2326 328 ARCIHEP.
2371 265 2919 325 CONSTANTINOP.

3516 257 3623 312 σεε

2043 391 2117 460 μὴ
2146 386 2304 440 τοῦτο
2350 385 2595 455 γένηται,
2650 377 3072 460 ἀποστρέφεταιΔ
3299 367 3624 460 όλίγον,¹ῐνα

2038 443 2327 530 διάπαντός
2363 443 2439 519 ’σε
2469 443 2722 537 ἔχῃ-μεθ’
2773 443 2989 514 ἑαυτοῦ.
3039 455 3427 537 Θαρῤήσωμεν
3442 443 3624 537 τοίνυν

2040 551 2202 606 αὐτοῦ
2224 554 2290 622 τῇ
2323 532 2721 620 φιλανθρωπίᾳ,
2762 546 2857 597 καὶ
2897 543 3182 614 μετάνοιαν
3223 532 3623 622 ἐπιδειξώμεθα

2043 616 2550 707 μεμεριμνημένην,
2582 616 2710 700 πρὶν
2740 629 2772 699 ἢ
2821 628 2918 698 τήν
2949 625 3166 707 ἡμέραν
3181 620 3477 707 ἐπιστῆναι

2166 699 2513 789 ἐῶσανῑήμᾶς
2540 699 2798 786 κερδᾶναι
2823 713 2888 764 ἐκ
2910 708 3122 762 τούτου.
3149 701 3262 789 Νῦν
3403 700 3513 770 γὰρ
3534 699 3618 789 ἐφ’

2040 806 2174 876 ἡμῖν
2204 804 2264 857 τὸ
2298 781 2645 856 πᾶν-κεῖταιο
2700 799 2822 852 τότε
2873 795 2930 848 δὲ
2977 795 3006 847 6
3047 788 3282 876 δικάζων
3317 784 3477 876 μόνος
3520 781 3622 876 τῆς

2038 867 2220 958 ᾧήφου
2277 885 2482 955 γίνεται
2544 881 2750 954 κύριος.
2829 873 3271 958 Προφθάσωμεν
3309 868 3495 958 τοίνυν
3552 867 3618 918 τό

2040 950 2362 1038 πρόσωπον
2414 950 2720 1020 αὐτοῦ’ἐν
2768 955 3222 1029 ἐξομολογήσει,
3274 950 3618 1038 κλαύσωμεν,

2041 1030 2423 1123 θρηνήσωμεν.
2459 1049 2554 1102 Ἂν
2598 1046 2707 1117 γάρ
2751 1041 3066 1113 δυνηθῶμεν
3101 1033 3480 1123 παρακαλέσαι
3529 1030 3621 1123 τδν

2039 1115 2318 1206 δικαστήν-
2346 1133 2454 1205 πρὸ
2503 1132 2604 1202 τῆς
2639 1115 2834 1200 κυρίας
2863 1127 3082 1194 ἀφεῖναι
3106 1122 3240 1191 ἡμῖν
3267 1119 3336 1206 τά
3367 1115 3617 1206 dif-me

2045 1239 2209 1293 ματα,
2243 1197 2362 1272 οὐδέ
2382 1197 2586 1271 εἰσόδου
2619 1197 2778 1286 χρεία
2806 1210 3028 1293 λοιπόνῇ
3061 1205 3251 1293 ὥσπερ
3278 1197 3385 1255 οὖν·
3415 1201 3510 1293 ἐὰν
3543 1197 3623 1269 μὴ

2039 1281 2206 1356 ⁴τοῦτον
2253 1301 2498 1372 γένηται,
2556 1281 2792 1369 δημοσίᾳ
2841 1293 2940 1363 τῆς
2987 1286 3312 1372 οἰκουμένης
3341 1281 3622 1372 παρούσης

2042 1387 2200 1457 ήμῶν
2228 1365 2518 1440 ἀκούσεται
2545 1382 2590 1414 ⁸³
2670 1365 2776 1434 καί
2815 1376 3037 1447 οὐδεμία
3090 1373 3219 1444 ήμῖν
3251 1370 3402 1424 ἔσται
3437 1365 3621 1419 λοιπὸν

2044 1449 2370 1539 συγγνώμης
2397 1467 2574 1530 ἐλπίς.
2600 1465 2787 1525 Οὐδεὶς
2815 1461 2924 1533 γάρ
2946 1459 3052 1512 τῶν
3081 1454 3316 1510 ἐνταῦθα
3347 1453 3421 1524 μὴ
3439 1449 3621 1539 διαλυ-

2044 1537 2294 1624 σαμένων
2325 1537 2372 1583 ⁸³
2393 1552 2462 1603 τά
2489 1549 2884 1620 ἁμαρτήματα,
2905 1543 3154 1599 ἀπελθὼν
3188 1542 3316 1624 ἐκεῖ
3335 1537 3623 1624 δυνήσεται

2040 1620 2139 1700 τὰς
2181 1635 2274 1688 ἐπὶ
2320 1634 2530 1695 τούτοις
2561 1630 2789 1695 εὐθύνας
2843 1629 3157 1696 διαφυγεῖνο
3208 1623 3320 1678 ἀλλ’
3351 1620 3539 1689 ῶσπερ
3570 1621 3620 1670 οἰ

2043 1719 2151 1772 ἀπὸ
2194 1719 2302 1771 τῶν
2349 1715 2737 1787 δεσμωτηρίων
2793 1713 2996 1767 τούτων
3038 1707 3177 1782 μετὰ
3219 1708 3325 1760 τῶν
3379 1703 3621 1787 ἁλύσεων

2044 1801 2410 1872 προσάγονται
2451 1785 2542 1860 είς
2582 1785 2643 1850 τὸ
2675 1797 3042 1866 δικαστήριον,
3097 1791 3268 1854 οὕτως
3294 1789 3347 1842 αἱ
3380 1787 3427 1818 ⁵⁸⁵
3454 1785 3623 1856 ψυχαὶ

2045 1885 2239 1946 πᾶσαι,
2264 1884 2390 1935 ὅταν
2417 1880 2664 1936 ἐντεῦθεν
2701 1879 2994 1942 ἀπέλθωσι,
3050 1877 3144 1940 τάς
3191 1872 3437 1933 ποικίλας
3469 1885 3624 1936 περι-

2045 1967 2286 2036 κείμενοι
2321 1965 2507 2036 σειράς
2565 1965 2675 2018 τῶν
2735 1962 3170 2034 ἁμαρτημάτων,
3224 1957 3316 2010 ἐπὶ
3362 1955 3422 2007 τὸ
3470 1951 3626 2036 βῆμα

2043 2035 2267 2118 ἄγονται
2319 2051 2381 2103 τὸ
2413 2035 2685 2122 φοϐερόν.
2735 2049 2846 2101 Καὶ
2900 2045 3006 2116 γάρ
3047 2039 3420 2112 δεσμωτηρίου
3473 2035 3622 2122 οὐδὲν

2043 2134 2264 2204 ἄμεινον
2293 2133 2322 2185 6
2353 2132 2540 2204 παρὼν
2575 2120 2689 2202 βίος
2720 2131 3028 2184 διάκειται·
3068 2125 3179 2180 ἀλλ’
3215 2124 3403 2192 ὥσπερ
3444 2122 3523 2186 εἰς
3561 2120 3625 2170 τὸ

2044 2218 2250 2286 οίκημα
2298 2215 2626 2279 εἰσελθόντες
2659 2215 2870 2277 ἐκεῖνο,
2901 2213 3105 2273 πάντας
3147 2207 3361 2280 ὁρῶμεν
3405 2204 3622 2265 ἁλύσεις

2045 2300 2478 2371 περικειμένους
2504 2297 2646 2352 οὕτω
2687 2298 2780 2352 καὶ
2827 2295 2938 2360 νῦν,
2975 2295 3040 2348 ἂν
3066 2295 3162 2363 τῆς
3187 2289 3485 2360 φαντασίας
3521 2285 3622 2355 τῆς

2043 2383 2241 2446 ἔξωθεν
2287 2384 2509 2445 ἑαυτοὺς
2547 2383 2973 2451 ἀποστήσαντες,
3024 2379 3102 2440 εἰς
3132 2376 3221 2428 τὸν
3247 2374 3478 2427 ἑκάστου
3510 2371 3628 2438 βίον

2044 2465 2393 2535 εἰσέλθωμεν,
2416 2467 2495 2529 εἰς
2518 2466 2617 2536 τὴν
2648 2466 2881 2518 ἑκάστου
2908 2460 3106 2532 ψυχὴν,
3137 2455 3379 2527 ὀψόμεθα
3403 2454 3622 2524 σιδήρου

2046 2550 2401 2621 χαλεπώτερα
2432 2550 2605 2619 δεσμά
2630 2547 3018 2620 περικειμένην
3039 2562 3051 2575 ·
3082 2545 3175 2597 καὶ
3199 2542 3431 2613 μάλιστα
3457 2538 3520 2592 ἂν
3542 2539 3620 2621 εἰς

2044 2620 2143 2697 τάς
2167 2635 2275 2687 τῶν
2313 2620 2684 2687 πλουτούντων
2740 2631 2985 2701 εἰσέλθῃς
3026 2627 3202 2698 ψυχάς
3223 2642 3237 2656 ·
3273 2625 3382 2696 ὅσῳ
3414 2622 3522 2695 γὰρ
3554 2620 3622 2674 ἀν

2048 2719 2265 2773 πλείονα
2313 2713 2413 2773 ὦσι
2466 2716 2940 2789 περιϐεϐλημένοι,
2993 2710 3230 2782 τοσούτῳ
3269 2707 3467 2780 μᾶλλόν
3513 2708 3621 2758 είσι

2045 2801 2339 2871 δεδεμένοι.
2375 2802 2583 2872 ’Ὠσπερ
2607 2795 2698 2853 οὖν
2725 2799 2816 2852 τὸν
2831 2795 3114 2867 δεσμώτην
3141 2791 3362 2847 ἐπειδὰν
3390 2791 3506 2864 ῐδῃς
3528 2789 3624 2843 καὶ

2046 2887 2139 2939 ἐπὶ
2178 2885 2272 2938 τοῦ
2303 2884 2473 2938 νώτου
2503 2884 2570 2948 ⁸⁵,
2609 2885 2702 2936 καὶ
2735 2882 2960 2934 ἐπὶτῶν
2998 2880 3218 2953 χειρῶν,
3261 2876 3520 2938 πολλάκις
3562 2873 3622 2926 δέ

2045 2970 2138 3022 καὶ
2159 2968 2252 3021 ἐπὶ
2279 2968 2387 3021 τῶν
2418 2966 2593 3020 ποδῶν
2618 2964 3069 3036 σεσιδηρωμένον,
3092 2964 3180 3016 διὰ
3206 2959 3366 3014 τοῦτο
3389 2957 3623 3030 μάλιστα

2045 3052 2383 3116 ταλανίζεις·
2419 3051 2562 3106 οὔτω
2595 3053 2690 3105 καὶ
2720 3050 2812 3104 τὸν
2846 3048 3118 3111 πλούσιον,
3157 3047 3285 3102 ὅταν
3317 3045 3487 3115 θεάσῃ
3524 3060 3624 3113 μυ·-

2048 3136 2139 3207 ρία
2166 3134 2629 3206 περιϐεϐλημένον
2665 3135 2964 3204 πράγματα
2987 3171 3001 3196 ,
3040 3130 3114 3202 μὴ
3144 3130 3233 3184 διὰ
3256 3128 3427 3182 ταῦτα
3457 3125 3623 3179 πλού-

2049 3235 2184 3283 σιον,
2214 3218 2349 3272 ἀλλὰ
2368 3217 2434 3270 δι’
2456 3219 2592 3270 αὐτά
2621 3217 2717 3287 μὲν
2738 3213 2830 3269 οὖν
2851 3215 3024 3269 ταῦτα
3044 3215 3226 3268 ἄθλιον
3246 3208 3387 3266 εἶναι
3413 3210 3621 3280 νόμιζε⁶

2049 3302 2187 3374 μετὰ
2217 3301 2326 3373 γὰρ
2353 3301 2461 3354 τῶν
2494 3299 2708 3370 δεσμῶν
2741 3298 2942 3352 τούτων
2970 3299 3062 3351 καὶ
3091 3295 3475 3368 δεσμοφύλακα
3510 3295 3624 3364 ἔχει

2046 3387 2298 3459 χαλεπὸν,
2322 3386 2412 3439 τὸν
2449 3384 2684 3456 πονηρὸν
2717 3384 2893 3455 ἔρωτα
2925 3383 3032 3436 τῶν
3057 3382 3354 3453 χρημάτων
3374 3399 3387 3412 ’
3435 3380 3490 3442 6;
3524 3379 3625 3432 οὐκ

2046 3471 2269 3542 ἀφίησιν
2287 3471 2586 3542 ὑπερϐῆναι
2601 3468 2758 3522 τοῦτο
2779 3468 2837 3520 τὸ
2851 3468 3240 3538 δεσμωτήριον,
3266 3464 3401 3518 ἀλλὰ
3423 3463 3627 3535 μυρίας

2046 3554 2195 3625 αὐτῷ
2233 3553 2628 3618 κατασκευάζει
2684 3551 2850 3614 πέδας
2896 3551 2990 3604 καὶ
3033 3549 3280 3620 φύλακας
3329 3549 3420 3602 καὶ
3456 3549 3626 3620 θύρας

2047 3640 2140 3694 καί
2173 3638 2422 3708 μοχλοὺς,
2460 3638 2554 3691 καὶ
2579 3639 2657 3700 είς
2702 3637 2799 3707 τὴν
2839 3635 3120 3705 ένδοτέραν
3163 3634 3325 3687 αὐτὸν
3369 3632 3624 3704 ἐμϐαλὼν

2047 3724 2314 3794 φυλακὴν,
2344 3721 2519 3774 πείθει
2540 3722 2634 3774 καὶ
2661 3719 2886 3790 ἥδεσθαι
2914 3721 3026 3783 τοῖς
3047 3719 3265 3788 δεσμοῖς
3286 3716 3516 3782 τούτοις,
3540 3717 3627 3769 ἵνα

2049 3807 2183 3878 μηδὲ
2206 3805 2395 3859 ἐλπίδα
2429 3803 2580 3877 [184]
2612 3803 2733 3856 τινὰ
2765 3802 3086 3872 ἀπαλλαγῆς
3117 3801 3250 3872 εὕρῃ
3283 3801 3390 3854 τῶν
3414 3802 3627 3852 ἐπικει-

2050 3891 2225 3961 μένων
2258 3887 2466 3945 κακῶν.
2493 3887 2612 3940 Κᾶν
2646 3885 3002 3958 ἁποκαλύψῃς
3022 3884 3100 3954 τῷ
3131 3883 3375 3955 λογισμῷ
3403 3884 3502 3953 τὴν
3529 3884 3629 3952 ψυ-

2048 3969 2147 4044 χὴν
2169 3965 2399 4034 ἐκείνου,
2428 3969 2488 4022 οὐ
2515 3967 2805 4040 δεδεμένην
2824 3969 3008 4040 μόνον,
3036 3967 3172 4021 ἀλλά
3202 3969 3294 4020 καὶ
3323 3966 3626 4036 αὐχμῶσαν
3727 4027 3746 4038 ρ

2046 4057 2142 4110 καὶ
2173 4056 2433 4127 ῥυπώσαν
2469 4055 2564 4107 καὶ
2592 4053 2828 4124 φθειρῶν
2856 4052 3128 4124 γέμουσαν
3153 4051 3295 4121 ὕψει.
3324 4051 3488 4105 Οὐδὲν
3517 4052 3629 4120 γὰρ

2048 4139 2270 4193 ἐκείνων
2323 4137 2576 4208 ἀμείνους
2629 4137 2686 4191 αἰ
2728 4137 2828 4207 τῆς
2874 4137 3084 4208 τρυφῆς
3128 4134 3333 4206 ἡδοναί,
3363 4133 3497 4187 ἀλλὰ
3528 4134 3626 4185 καὶ

2052 4220 2470 4294 βδελυρώτεραι,
2485 4221 2580 4273 καὶ
2608 4219 2809 4291 μᾶλλον
2825 4219 2887 4272 τὸ
2905 4218 3063 4288 σῶμα
3085 4217 3264 4271 αὐτῶν
3283 4216 3326 4248 ⁵⁸⁸
3345 4215 3408 4267 λυ
3416 4215 3628 4286 μαίνονο

2046 4322 2134 4358 ται
2174 4305 2311 4374 μετά
2344 4305 2562 4375 καὶτῆς
2585 4303 2786 4374 ψυχῆς,
2823 4304 2916 4356 καὶ
2948 4301 3122 4372 τούτῳ
3158 4299 3387 4371 κάκείνῃ
3423 4299 3624 4370 μυρίας

2047 4388 2369 4458 ἐπιφέρουσι
2393 4387 2435 4418 ’⁵⁷
2455 4388 2779 4457 νοσημάτων
2799 4386 3031 4455 πληγάς.
3053 4385 3149 4438 Διά
3167 4383 3231 4458 δὴ
3253 4383 3425 4437 ταῦτα
3451 4384 3626 4436 πάντα

2047 4470 2137 4523 τὸν
2172 4471 2465 4540 Λυτρωτὴν
2493 4469 2598 4522 τῶν
2631 4470 2817 4539 ψυχῶν
2843 4468 2950 4523 τῶν
2986 4471 3269 4541 ἡμετέρων
3312 4467 3626 4538 παρακαλέ-

2053 4569 2256 4623 σωμεν,
2287 4553 2372 4605 ἵνα
2399 4552 2579 4606 καὶτὰ
2609 4552 2785 4622 δεσμὰ
2819 4553 3104 4626 διαρῤήξῃ,
3139 4552 3232 4606 καὶ
3268 4553 3359 4605 τὸν
3390 4551 3626 4622 χαλεπόν

2050 4636 2206 4707 ἡμῶν
2234 4635 2422 4688 τοῦτον
2460 4637 2742 4708 ἀποστήσῃ
2773 4637 3006 4706 φύλακα,
3037 4636 3244 4690 καὶτοῦ
3269 4637 3487 4708 φορτίου
3515 4636 3628 4690 τῶν

2055 4719 2286 4790 σιδηρῶν
2317 4720 2540 4772 ἐκείνων
2578 4719 2818 4774 ἁλύσεων
2836 4721 3170 4787 ἀπαλλάξας,
3200 4720 3398 4792 πτεροῦ
3426 4721 3626 4790 κουφό-

2053 4819 2207 4874 τερον
2239 4803 2366 4873 ἡμῖν
2394 4803 2596 4874 ποιήσῃ
2610 4803 2669 4855 τὸ
2683 4806 2956 4874 φρόνημα.
2979 4804 3429 4876 Παρακαλοῦντες
3453 4805 3508 4857 δὲ
3536 4805 3625 4856 αὐ.

2051 4887 2162 4949 τὸν,
2191 4887 2285 4938 καὶ⁸
2313 4885 2383 4938 τὰ
2408 4888 2540 4958 παρ’
2562 4887 2769 4940 ἑαυτῶν
2805 4888 3228 4958 εἰσενέγκωμεν,
3271 4887 3504 4958 σπουδὴν
3533 4891 3628 4940 καὶ

2051 4969 2274 5040 γνώμην
2304 4970 2400 5023 καὶ
2446 4969 2754 5040 προθυμίαν
2807 4971 3040 5042 ἀγαθήν.
3071 4972 3225 5024 Οὕτω
3257 4971 3362 5042 γὰρ
3407 4970 3630 5040 δυνησό-

2056 5053 2193 5122 μεθα
2237 5054 2330 5105 καὶ
2365 5055 2421 5105 ἐν
2453 5051 2646 5123 βραχεῖ
2700 5052 2876 5127 καιρῷ
2930 5054 3038 5107 τῶν
3095 5055 3432 5124 κατεχόντων
3482 5055 3628 5124 ἡμᾶς

2052 5135 2429 5207 ἀπαλλαγῆναι
2469 5137 2675 5200 κακῶν,
2712 5138 2806 5189 καὶ
2841 5136 3028 5206 μαθεῖν
3053 5139 3110 5189 ἐν
3138 5135 3218 5200 οἷς
3242 5134 3382 5208 ἦμεν
3412 5136 3471 5188 τὸ
3494 5138 3629 5206 πρό-

2053 5237 2230 5290 τερον.
2250 5220 2455 5288 καὶτῆς
2484 5221 2865 5289 προσηκούσης
2890 5219 3270 5273 ἀντιλαϐέσθαι
3295 5219 3627 5288 ἐλευθερίας·

2052 5299 2120 5374 ἧς
2149 5303 2354 5372 γένοιτο
2380 5303 2582 5367 πάντας
2614 5305 2759 5374 ἡμᾶς
2787 5306 3082 5373 ἐπιτυχεῖν,
3107 5304 3288 5374 χάριτι
3319 5305 3412 5357 καὶ
3447 5305 3628 5372 φιλαν-

2056 5385 2270 5457 θρωπία
2303 5385 2396 5438 τοῦ
2432 5385 2637 5456 Κυρίου
2659 5384 2814 5456 ήμῶν
2855 5387 3028 5456 Ἰησοῦ
3061 5387 3321 5457 Χριστοῦ,
3356 5383 3400 5455 ᾧ
3439 5391 3471 5458 ή
3507 5387 3630 5452 δόξα

2057 5472 2149 5522 καὶ
2172 5469 2232 5521 τὸ
2271 5471 2469 5539 κράτος
2496 5471 2577 5532 εἰς
2603 5471 2726 5532 τούς
2755 5469 2953 5533 αἰῶνας
2977 5469 3085 5521 τών
3113 5473 3346 5524 αἰώνων.
3406 5471 3598 5539 Ἀμήν.

3081 5684 3123 5715 δ’
3159 5685 3322 5756 Μηὸ’]
3360 5685 3448 5752 Μή
3479 5685 3542 5736 Α.
3567 5684 3626 5737 B.

2272 5719 2394 5756 νων]
2424 5719 2560 5756 υιυςγ
2619 5719 2713 5738 ιω.
2746 5719 2804 5738 ν.
2844 5719 2901 5737 υ.
2940 5719 2958 5737 .
2985 5723 2998 5736 .
3159 5719 3322 5756 μην,
3360 5719 3448 5752 ..ιη
3479 5719 3542 5736 ι..
3571 5719 3625 5737 υ.

2107 5755 2276 5839 ήμῶγ-
2303 5754 2618 5839 ἀκούσεται]
2877 5719 3478 5839 ήιμῶνϋείσαχίξήσεται,
3510 5756 3625 5837 δίης
