4084 6210
415 360 512 419 ιιι

422 480 548 536 alibi
573 478 748 552 quivis
770 477 872 534 hoc
903 476 1074 549 ipsum
1105 475 1300 532 videat.
1329 474 1601 531 Tollamus
1633 475 1809 546 itaque
1838 470 2005 528 malo-

424 586 543 626 rum
575 570 793 634 fontem,
816 578 870 626 et
891 569 1195 625 morborum
1222 567 1421 623 ﬂuenta
1445 567 1624 623 statim
1644 566 2002 622 siccabuntur.

425 665 540 721 Non
571 664 827 735 paralysis
851 663 1021 719 solum
1050 663 1245 717 malum
1267 669 1369 727 est,
1393 659 1489 716 sed
1513 661 1674 716 etiam
1697 669 2002 729 peccatum;

428 755 533 810 imo
555 755 657 811 hoc
683 755 856 824 majus
879 770 1039 826 quam
1071 753 1219 820 illud,
1247 762 1446 824 quanto
1470 752 1672 807 scilicet
1695 750 1870 805 anima
1893 763 2006 803 me-

423 845 518 901 lior
544 854 624 902 est
649 860 892 917 corpore.
939 846 1268 901 Accedamus
1295 845 1453 916 igitur
1474 853 1527 900 et
1555 858 1693 898 nunc
1713 841 1779 896 ad
1805 842 2002 911 ipsum,

426 954 672 1008 rogemus
700 949 758 994 ut
787 939 1074 994 resolutam
1113 938 1344 993 animam
1376 945 1610 992 nostram
1639 935 2000 1003 constringat,

419 1038 472 1082 et
502 1028 850 1084 saecularibus
884 1029 1062 1082 missis
1089 1028 1336 1082 omnibus
1359 1068 1374 1093 ,
1407 1027 1759 1098 spiritualium
1799 1033 2002 1079 tantum

423 1119 688 1174 rationem
721 1119 1031 1174 habeamus.
1059 1119 1113 1174 Si
1141 1135 1267 1174 vero
1295 1119 1407 1174 haec
1432 1118 1708 1182 obtineas,
1736 1117 1822 1171 illa
1850 1129 2005 1171 cures

423 1221 628 1280 postea.
659 1210 770 1266 Nec
797 1213 919 1283 quia
949 1212 1002 1266 in
1035 1212 1304 1282 peccando
1333 1228 1436 1267 non
1464 1212 1636 1276 doles,
1669 1211 1788 1266 ideo
1817 1220 2002 1288 conte-

425 1309 600 1368 muas,
631 1303 724 1358 sed
753 1314 1027 1374 pr0pterea
1058 1306 1288 1361 maxime
1312 1305 1619 1376 ingemisce,
1647 1306 1770 1375 quia
1797 1304 2003 1358 nullum

425 1391 591 1448 babes
625 1393 692 1449 de
737 1395 965 1464 peccatis
999 1394 1261 1451 dolorem.
1292 1396 1422 1451 Illud
1464 1413 1590 1452 vero
1629 1397 1754 1451 inde
1791 1395 2001 1459 evenit,

425 1498 528 1537 non
558 1484 698 1553 quod
731 1494 1006 1554 peccatum
1047 1501 1152 1541 non
1192 1487 1464 1550 mordeat,
1503 1488 1598 1542 sed
1641 1487 1780 1556 quod
1827 1486 2004 1539 anima

425 1574 713 1631 sceleribus
741 1586 949 1631 assueta
1004 1592 1221 1632 sensum
1268 1593 1374 1632 non
1411 1577 1622 1633 habeat.
1655 1577 1835 1646 Cogita
1877 1591 2006 1646 ergo

425 1665 544 1719 illos
570 1665 661 1735 qui
692 1667 901 1736 propria
928 1677 1142 1736 peccata
1176 1667 1429 1734 sentiunt,
1462 1666 1728 1737 quomodo
1761 1666 2006 1722 acerbius

424 1755 626 1822 ejulent
649 1771 808 1825 quam
838 1757 872 1811 ii
898 1758 988 1828 qui
1027 1767 1277 1813 secantur
1303 1759 1384 1814 vel
1414 1767 1670 1824 uruntur,
1702 1767 2005 1827 quantaque

428 1845 708 1912 patiantur,
739 1857 992 1917 quantum
1020 1848 1234 1918 lugeant
1259 1858 1312 1904 et
1341 1849 1707 1918 ingemiscant,
1732 1860 1838 1903 uta
1865 1849 2000 1902 mala

425 1937 748 1992 conscientia
775 1939 1086 2006 liberentur,
1113 1939 1252 2010 quod
1283 1954 1570 2010 numquam
1597 1938 1866 2006 facerent,
1901 1939 2000 1993 nisi

425 2027 602 2082 animo
626 2028 908 2085 admodum
937 2030 1199 2087 dolerent.

493 2119 548 2173 4.
574 2118 790 2174 Peccata
803 2125 985 2176 sentire
1009 2134 1056 2177 et
1082 2125 1331 2194 corrigere
1349 2141 1544 2179 necesse
1567 2134 1658 2179 est.
1681 2123 1803 2178 Non
1829 2125 2000 2178 dolere

426 2211 487 2264 de
511 2222 713 2281 peccato
733 2217 891 2285 magis
918 2217 1086 2269 irritat
1111 2216 1298 2283 Deum,
1331 2234 1484 2287 quam
1513 2219 1680 2286 ipsum
1713 2227 1996 2286 peccatum.

425 2304 620 2357 Anima:
643 2307 932 2374 peccatrict's
957 2308 1270 2377 deformitas.
1321 2338 1391 2348 —
1420 2308 1613 2380 Utique
1642 2309 1832 2364 melius
1859 2319 2002 2364 esset

423 2410 708 2465 numquam
737 2413 986 2467 peccare;
1013 2401 1150 2471 quod
1174 2403 1414 2472 sequitur
1443 2411 1618 2456 autem
1648 2412 1750 2466 est,
1783 2414 1999 2472 peccata

420 2488 618 2542 sentire
639 2497 693 2542 et
722 2491 1008 2560 corrigere.
1043 2490 1100 2546 Si
1141 2508 1268 2547 vero
1313 2493 1364 2547 id
1399 2509 1502 2547 non
1535 2493 1823 2548 habeamus
1845 2535 1859 2557 ,
1891 2507 2000 2562 quo

423 2587 572 2646 pacto
598 2580 706 2636 Deo
733 2584 1153 2654 supplicabimus
1178 2596 1233 2641 et
1263 2597 1600 2654 peccatorum
1628 2589 1998 2642 remissionem

422 2669 823 2738 postulabimus,
853 2675 941 2743 qui
963 2674 1152 2729 horum
1186 2677 1383 2731 nullam
1416 2679 1674 2732 rationem
1701 2679 1956 2733 habemus
1976 2679 2002 2732 ’ἔ

418 2759 551 2814 Cum
579 2762 721 2817 enim
751 2773 805 2817 tu
832 2765 946 2834 ipse
983 2768 1072 2835 qui
1114 2769 1371 2836 peccasti,
1404 2783 1473 2822 ne
1518 2769 1744 2838 idipsum
1785 2769 1998 2839 quidem

418 2851 558 2918 quod
589 2855 890 2921 peccaveris
906 2856 1044 2910 scire
1067 2857 1213 2924 velis,
1239 2874 1335 2927 pro
1359 2859 1550 2929 quibus
1573 2860 1802 2929 peccatis
1834 2861 1999 2915 Deum

419 2939 630 3008 rogabis
650 2982 665 3006 ,
699 2957 817 3012 qua:
862 2959 930 3000 ne
956 2945 1170 3015 quidem
1202 2949 1382 3003 nOSti?
1411 2959 1464 3004 et
1488 2951 1756 3020 quomodo
1783 2953 2000 3007 noveris

424 3031 665 3091 beneﬁcii
697 3037 1161 3106 magnitudinem?
1190 3041 1282 3096 Dic
1311 3043 1486 3112 itaque
1517 3055 1731 3112 peccata
1763 3054 1849 3098 tua
1879 3060 1996 3114 spe-

418 3124 594 3179 ciatim
621 3168 636 3194 ,
685 3135 741 3182 ut
780 3129 954 3184 discas
983 3146 1330 3201 quarumnam
1361 3136 1734 3190 remissionem
1765 3138 1996 3208 accipis,

424 3228 481 3268 ιιι
509 3215 579 3269 ita
605 3231 728 3288 erga
751 3218 1046 3276 beneﬁcum
1083 3231 1265 3294 gratus
1295 3224 1390 3279 sis.
1415 3225 1492 3279 Tu
1521 3242 1649 3280 vero
1677 3242 1796 3282 cum
1835 3229 2000 3282 homi-

427 3321 548 3361 nem
569 3307 858 3365 oﬂ‘enderis
878 3353 892 3377 ,
922 3313 1126 3368 amicos
1144 3355 1159 3380 ,
1192 3314 1397 3371 vicinos
1425 3325 1480 3370 et
1507 3317 1758 3373 ostiarius
1805 3334 1961 3388 ragas
1981 3361 1996 3385 ,

419 3400 671 3466 pecunias
711 3403 989 3471 expendis,
1019 3405 1321 3475 multosque
1349 3407 1464 3462 dies
1493 3408 1714 3463 insumis
1759 3410 1811 3464 in
1841 3427 1999 3466 acce-

415 3488 592 3544 deudo
617 3500 671 3546 et
695 3495 1062 3563 supplicando,
1093 3498 1302 3552 etiamsi
1328 3499 1515 3560 semel.
1547 3500 1650 3567 bis,
1675 3503 2000 3557 sexcenties-

416 3597 520 3650 que
548 3581 614 3634 ab
652 3582 858 3639 oﬂ'euso
902 3586 1167 3655 repulsam
1198 3589 1380 3643 tuleris
1402 3631 1417 3653 ,
1443 3605 1548 3644 non
1585 3592 1856 3658 concidis,
1903 3592 1998 3647 sed

417 3673 585 3742 magis
625 3675 920 3742 sollicitus,
953 3679 1364 3748 supplicationes
1393 3681 1624 3752 adauges
1656 3701 1670 3737 :
1703 3699 1823 3738 cum
1868 3699 2000 3740 vero

419 3763 782 3820 universorum
806 3767 942 3823 Deus
959 3769 1191 3825 oﬂ‘ensus
1211 3781 1314 3838 est,
1337 3773 1643 3840 oscitamus,
1661 3777 1996 3848 negligimus,

416 3852 750 3923 deliciamur,
776 3858 1117 3928 inebriamur,
1146 3874 1200 3918 et
1231 3880 1327 3934 pro
1355 3865 1513 3920 solito
1539 3882 1686 3923 more
1709 3870 1886 3923 omnia
1919 3869 1996 3923 fa-

416 3944 590 4000 cimus
615 3967 629 4001 :
658 3957 712 4002 et
732 3949 1067 4018 quandonam
1091 3953 1238 4008 illum
1265 3954 1478 4023 placare
1505 3959 1799 4026 poterimus
1819 3959 1842 4013 ?
1861 3976 1998 4029 quo-

417 4037 577 4092 modo
598 4054 704 4093 non
726 4055 792 4095 eo
821 4044 935 4110 ipso
957 4043 1116 4100 modo
1137 4047 1303 4116 magis
1333 4047 1600 4102 irritemus
1625 4049 1648 4102 ?
1676 4050 1791 4105 Non
1817 4051 2000 4107 dolere

417 4131 560 4185 enim
587 4131 655 4188 de
678 4145 897 4202 peccato
937 4138 1103 4208 magis
1128 4139 1196 4194 ad
1227 4141 1639 4210 indignationem
1668 4153 1721 4198 et
1751 4145 1883 4198 iram
1917 4146 1999 4214 ip-

417 4236 534 4273 stnn
559 4235 840 4292 provocat,
869 4242 1025 4296 quam
1059 4228 1228 4298 ipsum
1259 4237 1556 4298 peccatum.
1585 4231 1918 4301 Quapropter
1947 4235 1998 4288 in

416 4312 587 4380 ipsam
630 4323 824 4368 terram
869 4331 990 4372 sese
1020 4317 1308 4374 detrudere
1354 4329 1644 4389 oporteret,
1694 4338 1794 4378 nec
1830 4325 1998 4379 solem

417 4402 674 4474 aspicere,
704 4406 790 4461 vel
810 4408 1318 4479 respirare,quando
1347 4419 1452 4464 tam
1483 4411 1794 4480 placabilem
1821 4414 1999 4468 Domi-

417 4509 544 4548 num
574 4495 851 4562 habentes,
881 4497 1030 4553 illum
1054 4499 1346 4566 irritamus,
1371 4509 1425 4556 et
1450 4501 1720 4558 irritantes
1742 4519 1847 4559 non
1877 4521 1996 4576 pm-

419 4589 698 4644 nitcntiam
723 4590 930 4660 agimus
959 4609 972 4646 :
1005 4592 1216 4648 etiamsi
1239 4594 1328 4650 ille
1355 4609 1526 4664 neque
1551 4609 1672 4650 cum
1701 4596 1866 4651 iratus
1893 4606 1994 4662 est,

417 4695 516 4735 nos
537 4679 661 4734 odio
687 4679 879 4736 habeat
909 4681 990 4738 vel
1033 4695 1331 4752 aversetur,
1361 4685 1455 4740 sed
1486 4686 1651 4740 iratus
1689 4686 1788 4752 sit,
1817 4696 1875 4740 ut
1903 4703 2000 4742 nos

413 4769 494 4826 vel
521 4769 595 4826 sic
625 4770 691 4826 ad
715 4785 772 4825 se
795 4772 1087 4840 pertrahat.
1104 4773 1236 4828 Nam
1257 4776 1301 4830 si
1325 4775 1409 4830 vel
1435 4779 1753 4833 contumelia
1781 4778 2001 4834 allectus

416 4870 677 4930 perpetuo
701 4861 954 4918 beneﬁcia
997 4865 1290 4932 conferret,
1329 4867 1502 4937 ipsum
1533 4870 1700 4938 magis
1745 4869 1998 4938 despice-

417 4967 526 5007 res.
551 4952 630 5008 Ne
653 4959 832 5009 autem
862 4953 914 5008 id
957 4957 1186 5022 eveniat,
1216 4956 1282 5011 ad
1326 4966 1532 5028 tempus
1562 4961 1756 5015 avertit
1777 4959 1997 5027 faciem,

415 5055 472 5102 ut
497 5055 550 5103 te
600 5061 812 5116 semper
855 5061 1034 5102 secum
1081 5047 1291 5104 habeat.
1322 5050 1449 5120 Ejus
1479 5051 1654 5120 itaque
1685 5051 2000 5122 benignitati

417 5136 666 5207 ﬁdamus,
694 5147 748 5193 et
785 5137 1147 5208 pmnitentiam
1175 5140 1400 5195 sollicite
1426 5142 1800 5209 exhibeamus,
1825 5143 2002 5213 prius-

416 5243 576 5301 quam
622 5228 737 5286 dies
777 5229 867 5286 ille
895 5229 1092 5299 veniat,
1121 5230 1173 5286 in
1203 5246 1309 5302 quo
1339 5231 1472 5286 nihil
1501 5232 1651 5289 nobis
1689 5234 1998 5303 poenitentia

1555 361 1620 417 IN
1656 357 2061 417 MATTHEUM
2100 356 2324 417 HOMIL.
2371 360 2509 417 XIV.

3581 343 3686 401 2‘22

2111 474 2365 542 proderit.
2392 473 2544 529 Nunc
2579 474 2721 530 enim
2764 474 3000 531 inmobis
3027 485 3132 533 tota
3165 494 3252 535 res
3283 480 3380 536 sita
3413 487 3536 536 est:
3567 487 3691 533 tunc

2109 579 2238 618 vero
2258 564 2428 620 Judex
2466 565 2614 621 solus
2639 565 2740 621 erit
2773 565 2958 636 iudicii
2983 577 3036 622 et
3063 569 3247 624 calculi
3278 568 3482 624 ferendi
3517 568 3690 624 domi-

2111 671 2232 710 nus.
2258 654 2678 728 Prteoccupemut
2713 657 2875 730 igitur
2902 659 3086 729 facient
3126 663 3234 729 ejus
3287 665 3341 716 in
3378 663 3691 733 confessione

2114 745 2284 816 (Psal.
2318 747 2408 804 94.
2435 749 2542 820 2.),
2570 749 2814 814 ﬂeamus,
2835 751 3128 821 lugeamus.
3160 751 3214 808 Si
3237 754 3376 806 enim
3401 753 3688 822 poterimus

2110 850 2234 896 ante
2265 840 2540 896 deﬁnitam
2570 842 2713 897 illam
2739 843 2882 899 diem
2900 832 3127 931 placare
3149 844 3414 911 Iudicem,
3447 855 3505 900 ut
3533 845 3688 900 nobis

2107 941 2322 1002 peccata
2350 935 2621 1003 remittat,
2650 951 2755 991 non
2781 937 2922 992 ultra
2950 938 3168 992 introitu
3197 938 3351 992 nobis
3381 953 3514 1007 opus
3541 941 3643 994 erit
3673 959 3687 994 :

2108 1034 2167 1078 ut
2190 1039 2220 1080 e
2239 1039 2520 1096 converso,
2548 1027 2592 1083 si
2620 1042 2728 1082 non
2754 1027 2857 1085 hoc
2877 1029 2945 1084 ita
2974 1031 3084 1091 ﬁat,
3109 1038 3223 1084 toto
3251 1029 3381 1084 orbe
3404 1041 3686 1098 praesente.

2110 1117 2286 1186 palam
2341 1135 2442 1173 nos
2493 1118 2798 1188 iudicabit,
2873 1128 2928 1172 et
2981 1117 3126 1170 nulla
3176 1117 3331 1170 nobis
3391 1118 3528 1169 ultra
3561 1130 3682 1183 spes

2111 1211 2282 1264 venia:
2315 1210 2599 1281 supererit.
2670 1208 2863 1264 Nullus
2899 1209 3046 1264 enim
3102 1223 3291 1262 eorum
3339 1209 3430 1276 qui
3461 1207 3679 1272 adsunt,

2112 1302 2205 1370 qui
2279 1309 2501 1371 peccata
2573 1317 2672 1357 sua
2748 1317 2856 1357 non
2924 1301 3173 1365 abluerit,
3245 1315 3368 1354 cum
3417 1300 3543 1354 illuc
3581 1299 3682 1353 ad-

2111 1393 2355 1457 venerit,
2403 1394 2606 1464 poterit
2653 1408 2844 1464 poenas
2895 1393 2963 1448 iis
3005 1393 3217 1450 debitas
3261 1391 3529 1463 eﬂ'ngere:
3587 1391 3683 1448 sed

2109 1482 2550 1549 quemadmodum
2581 1484 2654 1536 illi
2687 1486 2774 1553 qui
2815 1499 2880 1538 ex
2905 1485 3211 1539 carceribus
3247 1484 3328 1537 his
3353 1483 3420 1537 ad
3455 1483 3684 1536 tribunal

2110 1573 2312 1626 catenis
2334 1574 2508 1627 onusti
2539 1573 2892 1640 adducuntur,
2919 1576 2995 1630 sic
3024 1584 3078 1630 et
3105 1575 3298 1628 anima:
3325 1589 3532 1640 omnes,
3564 1589 3685 1629 cum

2109 1661 2234 1716 hinc
2253 1662 2511 1728 abierint,
2552 1664 2713 1718 variis
2742 1674 3078 1733 peccatorum
3129 1679 3349 1718 suorum
3383 1665 3687 1719 constrictae

2108 1754 2348 1820 catenis,
2375 1755 2440 1809 ad
2471 1755 2707 1810 terribile
2736 1755 2863 1810 illud
2897 1755 3123 1810 tribunal
3172 1755 3524 1811 adducentur.
3553 1755 3686 1810 Nam

2107 1842 2223 1898 haec
2243 1844 2348 1899 vita
2385 1860 2602 1900 carcere
2641 1845 2807 1900 nihilo
2837 1846 3025 1902 melior
3049 1855 3135 1901 est
3163 1862 3177 1911 ;
3201 1845 3294 1901 sed
3325 1847 3460 1901 sicut
3483 1861 3602 1902 cum
3634 1847 3686 1900 in

2105 1933 2430 1990 domicilium
2473 1935 2601 1990 illud
2639 1937 2953 1999 introimus,
3001 1952 3189 1992 omnes
3215 1937 3460 1992 videmus
3485 1938 3690 1993 catenis

2105 2025 2494 2082 circumdatos:
2526 2028 2598 2080 ita
2629 2036 2682 2081 et
2709 2043 2850 2083 nunc
2870 2069 2884 2091 ,
2918 2027 2962 2081 si
2989 2027 3194 2094 abjecta
3226 2027 3313 2082 illa
3345 2037 3687 2084 externarum

2105 2132 2284 2172 rerum
2329 2117 2738 2187 imaginatione,
2772 2120 2824 2174 in
2854 2121 3180 2190 singulorum
3207 2121 3370 2176 vitam
3418 2121 3685 2192 ingredia-

2105 2222 2245 2272 mur,
2270 2209 2503 2278 ipsorum
2526 2210 2730 2266 animas
2754 2211 3049 2266 videbimus
3076 2212 3220 2267 ferro
3243 2212 3547 2267 durioribus
3569 2213 3686 2266 vin-

2105 2299 2238 2354 culis
2281 2303 2593 2356 constrictas
2621 2320 2633 2356 :
2664 2303 2893 2358 maxime
2917 2319 3045 2359 vero
3073 2304 3118 2359 si
3157 2304 3207 2357 in
3231 2304 3436 2359 animas
3465 2303 3686 2358 divitum

2105 2392 2422 2448 intraveris:
2465 2409 2588 2449 nam
2624 2404 2824 2464 quanto
2846 2395 3082 2463 pluribus
3109 2397 3226 2450 illos
3251 2395 3446 2450 videris
3491 2395 3688 2448 divitiis

2105 2483 2487 2546 circumdatos,
2526 2495 2672 2539 tanto
2711 2487 2878 2555 magis
2921 2495 3045 2542 sunt
3085 2486 3302 2556 alligati.
3333 2485 3690 2553 Quemadmo-

2105 2573 2230 2628 dum
2265 2576 2422 2644 igitur
2447 2577 2489 2629 si
2520 2577 2754 2631 vinctum
2781 2577 2980 2632 videris
3010 2578 3254 2632 manibus
3279 2620 3295 2644 ,
3318 2577 3479 2632 dorso
3498 2619 3514 2642 ,
3541 2590 3686 2643 smpe

2105 2668 2264 2721 etiam
2291 2668 2514 2737 pedibus
2540 2669 2807 2740 alligatum
2828 2669 3013 2724 ferreis
3037 2670 3259 2736 catenis,
3285 2670 3430 2724 illum
3455 2668 3688 2724 maxime

2105 2759 2375 2813 miseraris
2395 2776 2409 2812 :
2433 2759 2511 2815 sic
2529 2759 2749 2814 divitem
2771 2775 2891 2813 cum
2909 2759 3103 2814 videris
3116 2759 3296 2814 multis
3316 2756 3686 2813 circumﬂuen-

2106 2858 2210 2902 tem
2243 2850 2432 2916 rebus,
2456 2867 2522 2904 ne
2553 2851 2674 2905 ideo
2696 2850 2934 2914 divitem,
2963 2849 3057 2906 sed
3089 2850 3264 2920 potius
3285 2849 3404 2904 ideo
3432 2847 3685 2902 miserum

2105 2941 2408 2997 existimato
2433 2958 2448 2994 :
2483 2957 2602 2995 nam
2631 2957 2756 2996 cum
2781 2940 2864 2996 bis
2894 2941 3121 2996 vinculis
3149 2955 3347 2995 saevum
3373 2939 3531 2993 habet
3561 2953 3684 2993 car-

2104 3031 2242 3086 ceris
2272 3031 2549 3086 cuStodeni
2575 3071 2591 3096 ,
2640 3047 2855 3100 pravum
2905 3030 3246 3100 pecuniarum
3281 3044 3516 3084 amorem
3552 3047 3564 3083 :
3595 3027 3688 3102 qui

2107 3141 2210 3178 non
2241 3124 2497 3192 permittit
2522 3125 2597 3178 illi
2621 3139 2684 3179 ex
2709 3125 2811 3178 isto
2837 3139 3051 3180 carcere
3071 3123 3286 3179 exsilire
3305 3163 3320 3187 ,
3343 3121 3436 3178 sed
3466 3137 3688 3179 sexcen-

2108 3225 2186 3270 tos
2215 3215 2312 3284 ipsi
2335 3223 2486 3285 parat
2514 3214 2806 3285 compedes
2829 3255 2844 3280 ,
2870 3213 3119 3270 custodes
3153 3256 3168 3281 ,
3205 3221 3392 3283 portas
3414 3258 3428 3279 ,
3471 3225 3649 3270 vectes
3667 3254 3686 3280 ,

2103 3317 2156 3361 et
2185 3308 2236 3360 in
2269 3307 2572 3362 interiorem
2601 3321 2872 3362 carcerem
2903 3304 3143 3370 trudens,
3173 3307 3364 3362 suadet
3391 3307 3465 3360 illi
3495 3316 3552 3361 ut
3576 3307 3691 3361 istis

2107 3398 2334 3452 vinculis
2358 3398 2670 3462 delectetur,
2705 3407 2764 3452 ut
2789 3414 2856 3452 ne
2877 3397 3090 3467 quidem
3117 3398 3379 3455 evadendi
3401 3400 3468 3455 ab
3489 3401 3692 3462 instane

2107 3489 2246 3542 tibus
2269 3488 2423 3542 malis
2448 3503 2598 3558 spem
2627 3487 2790 3542 ullam
2823 3487 3033 3542 habeat.
3067 3489 3137 3543 Et
3161 3491 3204 3544 si
3237 3491 3562 3562 cogitatione
3600 3497 3688 3542 tua

2104 3581 2334 3632 animum
2365 3579 2505 3634 illius
2532 3578 2918 3644 denudaveris,
2951 3595 3058 3635 non
3086 3581 3318 3635 vinctam
3345 3581 3503 3634 modo
3537 3579 3688 3634 vide-

2105 3672 2186 3726 bis
2204 3712 2219 3737 ,
2247 3671 2338 3725 sed
2378 3672 2536 3726 etiam
2568 3671 2899 3740 squalentem
2920 3714 2936 3740 ,
2967 3673 3202 3744 putidam
3225 3715 3238 3736 ,
3266 3673 3522 3744 pediculis
3549 3688 3685 3727 onu-

2104 3773 2261 3818 stam.
2283 3763 2422 3818 Nihil
2446 3763 2586 3818 enim
2612 3763 2714 3818 illis
2737 3766 2988 3822 meliores
3002 3775 3125 3820 sunt
3153 3767 3436 3832 voluptatis
3455 3764 3682 3831 delicim,

2104 3856 2211 3910 imo
2238 3855 2641 3920 horribiliores;
2671 3865 2832 3926 atque
2862 3857 3020 3910 etiam
3053 3872 3246 3926 corpus
3286 3872 3408 3910 cum
3438 3857 3548 3924 ipsa
3565 3853 3683 3908 aui-

2104 3963 2188 4000 ma
2219 3946 2580 4013 labefactant,
2627 3956 2682 4002 et
2718 3946 2842 4001 huic
2873 3954 2927 4000 et
2973 3946 3046 3999 illi
3090 3947 3397 3999 innumeras
3444 3942 3688 4012 inﬂigunt

2105 4037 2411 4091 morborum
2443 4035 2646 4106 plagas.
2682 4035 2906 4103 Propter
2935 4033 3050 4088 hinc
3077 4035 3254 4087 omnia
3277 4032 3689 4100 Redemptoretn

2104 4127 2399 4180 animarum
2443 4136 2746 4180 nostrarum
2793 4139 3104 4194 precemur,
3149 4132 3206 4176 ut
3231 4133 3284 4178 et
3309 4123 3514 4177 vincula
3548 4139 3690 4176 rutu-

2107 4226 2215 4288 pat,
2243 4228 2296 4274 et
2325 4232 2526 4270 saevum
2552 4216 2696 4271 hunc
2716 4215 2989 4271 custodem
3014 4230 3043 4268 a
3074 4214 3227 4269 nobis
3248 4223 3510 4281 amovent,
3533 4223 3690 4283 atque

2107 4327 2133 4363 a
2169 4309 2403 4380 pondere
2435 4309 2724 4364 ferrearum
2755 4320 3068 4364 catenarum
3093 4308 3365 4375 liberatis,
3397 4307 3496 4362 alis
3523 4308 3690 4362 levio-

2106 4418 2221 4457 rem
2268 4403 2320 4457 in
2353 4402 2507 4457 nobis
2554 4411 2788 4458 mentem
2831 4401 3096 4472 perﬁciat.
3133 4403 3265 4458 Dum
3315 4411 3495 4456 autem
3540 4400 3690 4455 illum

2107 4495 2465 4566 prccabimur,
2498 4511 2616 4564 qua:
2644 4505 2823 4550 nostra
2849 4503 2975 4549 sunt
3003 4495 3162 4550 etiam
3194 4493 3477 4548 aﬂ‘eratnus
3495 4535 3510 4558 ,
3541 4493 3690 4547 solli-

2105 4588 2417 4656 citudinem,
2449 4591 2708 4655 animum,
2733 4588 3083 4643 alacritatem.
3114 4587 3203 4642 Sic
3227 4587 3369 4642 enim
3397 4587 3692 4655 poterimus

2108 4681 2253 4735 brevi
2286 4690 2525 4751 tempore
2553 4697 2584 4733 a
2628 4681 2780 4734 malis
2800 4723 2814 4747 ,
2844 4681 3036 4750 quibus
3066 4679 3369 4734 detinemur
3391 4721 3408 4746 ,
3435 4679 3571 4748 eripi
3593 4720 3610 4745 ,
3637 4689 3693 4735 et

2107 4772 2345 4828 ediscere
2365 4787 2471 4844 quo
2502 4773 2552 4826 in
2582 4781 2726 4827 statu
2761 4772 2908 4841 prius
2933 4784 3168 4836 eramus,
3201 4778 3692 4842 congruentemque

2107 4864 2263 4918 nobis
2291 4864 2530 4933 recipere
2554 4862 2857 4916 libertatem
2887 4879 2900 4914 :
2931 4875 3090 4931 quam
3118 4859 3319 4916 utinam
3345 4875 3531 4916 omnes
3556 4875 3690 4917 con-

2107 4971 2427 5026 sequamur.
2455 4954 2624 5025 gratia
2659 4963 2714 5009 et
2747 4953 3073 5024 benignitate
3119 4953 3328 5008 Domini
3361 4956 3529 5010 nostri
3565 4955 3693 5010 Jesu

2108 5045 2302 5102 Christi
2329 5087 2345 5113 ,
2377 5045 2462 5101 cui
2484 5045 2650 5115 gloria
2673 5056 2726 5101 et
2749 5045 3030 5116 imperium
3054 5046 3106 5102 in
3129 5045 3324 5102 smcula
3343 5045 3689 5104 saeculorum.

2109 5147 2148 5199 Α
2159 5159 2301 5200 men.

1568 5543 2584 5620 4%an
