4084 6210
409 286 517 346 223

1133 292 1191 350 8.
1230 290 1507 349 JOANNIS
1544 291 2017 351 CllllYSOSTOMI
2058 295 2369 352 AllClllEP.
2402 299 2933 360 CONSTANTINOP.

3576 313 3681 369 224

1755 495 2102 560 HOMILIA
2147 500 2288 561 XV.
2378 516 2379 519 ‘

407 637 535 695 CAP.
566 639 620 694 5.
653 654 704 691 ν.
728 639 779 693 l.
817 637 999 692 Videns
1044 646 1213 693 autem
1261 636 1413 693 Iesus
1462 642 1655 703 turbas,
1682 640 1909 693 ascendit
1934 642 1989 695 in

476 741 710 786 montem.
745 730 813 785 Et
841 748 954 785 cum
992 730 1222 795 sedisset,
1252 742 1565 786 accusarunt
1592 733 1662 785 ad
1690 750 1801 786 eum
1829 735 1985 787 disci-

475 822 587 894 puli
610 824 750 895 ejus:
771 823 824 876 2.
854 832 903 876 et
938 824 1164 892 aperiens
1187 839 1245 875 os
1271 840 1416 877 suum
1441 825 1646 877 docebat
1674 841 1758 877 eos
1776 823 1875 895 (a),
1907 826 1991 878 die

471 930 587 968 cens
610 929 629 967 :
660 912 799 966 Beati
829 931 1077 985 pauperes
1104 915 1287 983 spiritu
1306 954 1322 981 ,
1370 916 1607 984 quoniam
1656 916 1883 985 ipsorum
1909 927 1985 971 est

470 1022 681 1077 regnum
710 1008 970 1060 calorum.

470 1186 524 1240 1.
581 1185 770 1240 Christi
797 1186 1041 1240 modestia
1062 1187 1228 1255 qualis
1254 1195 1302 1240 et
1325 1188 1574 1256 quomodo
1602 1188 1868 1242 imitanda.
1900 1188 1983 1243 Et:

397 1276 581 1346 agendi
601 1277 797 1331 ratione
823 1275 1006 1330 Christi
1030 1276 1081 1330 Μ
1089 1278 1301 1333 aniclmn'
1319 1278 1475 1332 obiter
1493 1280 1811 1349 refelluntur.
1834 1280 1983 1336 Chri-

394 1375 502 1420 stus
540 1366 821 1435 discipulos
862 1368 1123 1439 alloquens
1171 1379 1331 1423 totum
1380 1371 1544 1424 orbem
1584 1370 1880 1441 alloquitur.
1908 1402 1983 1414 -—

401 1455 531 1511 Vide
554 1471 712 1526 quam
741 1473 769 1512 a
817 1458 955 1515 fastu
998 1469 1051 1514 et
1077 1460 1368 1515 ambitione
1408 1461 1479 1517 sit
1518 1463 1746 1518 alienus.
1793 1462 1977 1534 Neque

395 1548 536 1602 enim
561 1565 744 1605 secum
772 1551 1129 1608 circumduxit
1153 1568 1268 1621 eos,
1291 1554 1384 1610 sed
1410 1570 1533 1610 cum
1557 1556 1730 1611 morbi
1753 1558 1976 1612 curandi

394 1647 569 1705 erant,
594 1643 707 1711 ipse
735 1641 996 1698 circuibat
1029 1644 1294 1716 undique,
1324 1654 1381 1701 et
1422 1647 1581 1701 urbes
1609 1655 1664 1703 et
1690 1647 1809 1703 loca
1845 1649 1975 1705 visi-

394 1741 511 1787 tans
536 1751 548 1788 :
577 1734 789 1806 quando
816 1746 996 1792 autem
1023 1737 1176 1792 turba
1219 1738 1425 1804 aderat,
1456 1755 1561 1793 uno
1600 1740 1652 1793 in
1680 1739 1801 1795 loco
1830 1756 1976 1796 eam-

393 1826 553 1893 pestri
597 1826 746 1881 sedet
772 1868 786 1890 ,
828 1844 933 1882 non
959 1828 1010 1882 in
1040 1828 1170 1883 urbe
1197 1838 1287 1883 aut
1318 1829 1370 1883 in
1396 1829 1574 1884 medio
1605 1831 1720 1885 l’oro
1743 1872 1757 1895 ,
1792 1831 1890 1887 sed
1922 1832 1973 1886 in

396 1929 599 1981 monte,
637 1917 689 1971 in
721 1917 955 1984 deserto,
986 1928 1046 1973 ut
1072 1918 1261 1974 doceat
1284 1934 1383 1974 nos
1411 1921 1542 1974 nihil
1567 1920 1636 1975 ad
1663 1922 1975 1977 ostentatio-

391 2025 511 2065 nem
537 2010 829 2067 faciendum
866 2026 1004 2075 esse,
1046 2019 1101 2066 et
1146 2026 1177 2065 a
1207 2012 1397 2067 mediis
1426 2014 1743 2069 tumultibus
1784 2016 1974 2070 absce-

388 2102 619 2158 dendum
638 2145 659 2169 ,
684 2120 806 2159 cum
858 2104 1084 2161 maxime
1114 2106 1473 2178 philosophari
1522 2115 1765 2176 oportet,
1798 2107 1972 2179 deque

389 2196 706 2253 necessariis
732 2197 892 2252 rebus
938 2197 1228 2253 disserere.
1261 2198 1394 2253 Cum
1431 2198 1753 2253 ascendisset
1793 2210 1970 2254 autem

386 2297 545 2356 atque
573 2288 821 2353 sedisset,
852 2298 1193 2343 accesserunt
1212 2288 1479 2357 discipuli.
1502 2289 1684 2345 Viden'
1706 2306 1889 2343 eorum
1917 2290 1968 2344 in

388 2379 578 2434 virtute
605 2379 920 2447 profectum,
944 2390 996 2435 et
1017 2380 1287 2450 quomodo
1320 2391 1540 2450 repente
1569 2384 1819 2436 meliores
1844 2390 1970 2435 sunt

382 2469 554 2525 edocti
570 2474 594 2523 't
615 2470 761 2525 Multi
783 2486 1010 2541 namque
1032 2471 1407 2526 miraculorum
1430 2480 1755 2542 spectatores
1778 2482 1929 2526 erant
1952 2488 1965 2537 ;

385 2562 435 2614 Ιιὶ
472 2576 599 2617 vero
628 2578 873 2632 magnum
900 2563 1167 2633 quidpiam
1196 2571 1251 2617 et
1270 2563 1543 2619 excelsum
1568 2565 1751 2620 audire
1773 2569 1958 2635 copie-

384 2654 546 2710 bant:
577 2655 716 2723 quod
744 2654 908 2708 etiam
935 2654 1081 2708 illum
1109 2654 1174 2709 ad
1206 2654 1509 2710 docendum
1538 2657 1768 2726 induxit,
1801 2669 1987 2728 utque

382 2749 480 2802 hos
515 2750 780 2805 ordiretur
806 2765 1083 2805 sermones
1110 2751 1309 2807 ell'ecit.
1351 2749 1536 2822 Neque
1564 2753 1704 2808 enim
1737 2769 1961 2825 corpora
1986 2762 1989 2765 '

379 2850 579 2895 tantum
619 2842 872 2906 curabat,
900 2842 993 2896 sed
1043 2843 1204 2896 etiam
1249 2844 1456 2898 animas
1494 2844 1855 2911 emendabat,
1899 2862 1989 2900 aet

378 2947 586 2986 rursum
616 2933 683 2988 ab
728 2932 826 2987 hac
854 2948 981 2988 cura
1010 2933 1077 2988 ad
1108 2934 1251 2988 illam
1284 2934 1515 3000 redibat,
1567 2937 1646 2990 sic
1693 2937 1842 2991 utilia
1872 2954 1962 2992 va-

376 3025 548 3090 rians,
578 3033 632 3079 et
659 3024 942 3079 verborum
974 3026 1228 3079 doctrinae
1255 3041 1481 3095 operum
1508 3026 1830 3081 documenta
1863 3029 1962 3082 mi-

373 3129 548 3181 scens,
570 3114 751 3186 sicque
778 3116 1102 3185 impudentia
1131 3117 1504 3172 haereticorum
1526 3117 1812 3174 obstruens
1843 3135 1959 3189 ora,

373 3208 497 3262 dum
522 3208 801 3278 utriusque
822 3208 1137 3263 substantim
1158 3223 1342 3262 curam
1363 3218 1593 3278 gereret,
1615 3211 1957 3266 ostenderet-

371 3314 474 3368 que
500 3313 559 3354 se
578 3298 825 3353 animalis
854 3299 1016 3354 totius
1033 3314 1153 3354 esse
1180 3300 1509 3355 Creatorem.
1537 3301 1660 3357 Ideo
1684 3304 1960 3375 utriusque

370 3400 573 3446 natum
602 3392 990 3461 providentiam
1013 3393 1264 3463 gerebat,
1292 3410 1434 3449 nunc
1458 3395 1616 3463 hanc,
1644 3413 1786 3452 nunc
1814 3399 1956 3454 illam

369 3483 679 3540 emeudans.
704 3484 856 3552 Quod
890 3494 1014 3541 tunc
1043 3489 1203 3541 etiam
1236 3486 1482 3543 iaciebat.
1516 3488 1648 3545 Nam
1676 3491 1917 3560 Aperiens
1939 3534 1954 3557 ,

369 3576 558 3647 inquit.
577 3594 633 3632 os
650 3595 795 3633 suum
821 3579 1030 3633 docebat
1048 3596 1152 3634 eos.
1180 3580 1250 3635 Et
1268 3598 1369 3651 qua
1396 3582 1462 3637 de
1487 3597 1647 3638 causa
1673 3582 1759 3639 hic
1780 3583 1950 3652 addit,

368 3669 611 3739 Aperiens
640 3686 695 3724 os
717 3672 906 3725 suum?
928 3671 997 3727 Ut
1019 3672 1195 3727 discas
1224 3689 1344 3727 eum
1371 3674 1531 3728 etiam
1559 3683 1822 3730 tacentem
1854 3677 1953 3731 do-

366 3761 563 3826 cuisse,
596 3776 695 3816 nec
724 3761 884 3817 modo
911 3763 1246 3832 laqnentem;
1275 3764 1367 3818 sed
1395 3780 1536 3819 nunc
1560 3780 1622 3820 os
1647 3768 1919 3835 aperuisse
1939 3810 1953 3832 ,

365 3866 504 3905 nunc
536 3866 628 3921 per
652 3867 812 3922 opera
837 3852 949 3923 ipsa
980 3868 1164 3908 vocem
1190 3854 1451 3911 emisisse.
1482 3855 1614 3910 Cum
1635 3857 1785 3911 audis
1804 3874 1952 3927 vero,

366 3941 584 3996 Docebat
610 3960 714 4010 eos,
743 3959 811 3999 ne
830 3953 984 4014 putes
1012 3944 1184 4015 ipsum
1208 3947 1351 4001 solos
1386 3946 1676 4017 discipulos
1712 3948 1910 4020 alloqui
1936 3968 1951 4015 ;

363 4031 457 4087 sed
490 4048 583 4103 per
611 4033 748 4099 illos,
776 4036 909 4089 alios
940 4050 1146 4090 omnes.
1172 4036 1305 4104 Quia
1332 4038 1476 4092 enim
1506 4038 1661 4094 turba
1684 4041 1953 4111 popularis

362 4138 477 4181 erat
501 4168 517 4195 ,
548 4143 612 4183 cx
639 4142 823 4183 eorum
852 4145 1078 4185 numero
1107 4131 1195 4201 qui
1230 4131 1372 4186 humi
1402 4132 1694 4202 tepebant,
1723 4133 1953 4205 discipu-

361 4218 533 4274 lorum
558 4218 783 4274 chorum
807 4231 931 4274 ante
953 4235 1013 4277 se
1033 4222 1382 4289 constituens,
1406 4223 1470 4277 ad
1495 4224 1616 4279 illos
1645 4240 1948 4283 sermonem

360 4309 560 4379 dirigit,
588 4309 749 4364 verba
778 4324 872 4364 sua
905 4311 974 4363 ita
1003 4320 1329 4380 temperans,
1359 4322 1415 4367 ut
1437 4316 1647 4369 ueteris
1677 4318 1945 4384 omnibus,

359 4401 448 4471 qui
476 4401 527 4455 in
553 4400 633 4453 Itis
655 4399 941 4454 admodum
964 4402 1120 4455 rudes
1141 4413 1310 4467 erant,
1334 4403 1685 4475 philosophiae
1707 4407 1947 4463 doctrina

361 4506 465 4545 non
495 4490 718 4544 molesta
742 4501 905 4545 esset.
936 4492 1089 4557 Quod
1121 4491 1277 4547 etiam
1306 4494 1476 4548 Lucas
1501 4496 1843 4553 subindioans
1867 4500 1947 4554 di-

357 4582 543 4648 cebat,
572 4583 743 4654 ipsum
772 4598 1076 4639 sermonem
1107 4583 1174 4638 ad
1202 4598 1296 4637 eos
1321 4588 1649 4641 convertisse
1694 4588 1711 4658 (
1736 4588 1857 4642 Luc.
1888 4592 1941 4645 6.

357 4674 470 4747 27)
508 4694 521 4730 :
552 4684 607 4732 et
636 4676 918 4732 Mattliarus
946 4676 1175 4746 idipsum
1206 4677 1531 4747 signiﬁcans,
1560 4678 1694 4733 dixit
1725 4697 1738 4733 ε
1766 4682 1946 4735 Acces-

356 4778 528 4823 serant
562 4770 630 4823 ad
658 4783 771 4823 eum
800 4770 1036 4841 discipuli
1083 4769 1215 4839 ejus,
1254 4780 1298 4823 et
1327 4769 1535 4823 docebat
1566 4786 1669 4824 eos.
1698 4770 1773 4824 Ita
1801 4772 1941 4827 enim

352 4861 532 4916 caeteri
572 4861 825 4915 attentius
860 4861 1087 4917 audituri
1115 4870 1306 4924 erant,
1352 4876 1510 4931 quatn
1558 4862 1604 4915 si
1647 4862 1713 4915 ad
1757 4878 1944 4919 omnes

353 4951 515 5008 verba
550 4951 851 5007 direxisset.
886 4952 1034 5008 Unde
1059 4968 1188 5024 ergo
1214 4954 1390 5022 incipit
1418 4995 1431 5018 ,
1464 4963 1521 5009 et
1559 4968 1677 5025 quae
1706 4956 1825 5009 novi
1858 4956 1941 5009 in-

352 5044 524 5100 stituti
552 5042 894 5099 fundamenta
924 5045 1077 5099 nobis
1112 5046 1303 5115 ponit?
1332 5044 1622 5101 Audiamus
1661 5047 1943 5118 diligenter

350 5149 562 5207 eaquae
589 5134 836 5189 dicuntur
863 5152 876 5188 :
910 5134 1016 5191 illis
1044 5151 1270 5206 namque
1312 5136 1451 5192 dicta
1481 5148 1634 5204 sunt,
1664 5149 1718 5194 et
1746 5140 1940 5211 scripta

351 5238 476 5283 sunt
526 5242 623 5298 pro
674 5227 922 5283 omnibus
951 5237 1071 5298 post
1113 5227 1326 5282 futuris.
1374 5228 1577 5284 Idcirco
1617 5232 1941 5286 concionans

349 5318 564 5389 quidem
612 5317 906 5388 discipulos
943 5319 1263 5389 alloquitur;
1315 5335 1490 5390 neque
1531 5330 1706 5376 tamen
1739 5324 1789 5376 in
1834 5324 1940 5378 illis

348 5408 490 5463 dicta
526 5410 957 5475 circumscribit,
1006 5409 1099 5463 sed
1132 5410 1541 5467 indeterminate
1584 5413 1939 5472 beatitudines

348 5515 538 5557 omnes
567 5500 786 5572 prole“.
829 5501 946 5557 Non
976 5501 1116 5557 enim
1146 5501 1281 5557 dixit
1307 5544 1322 5570 ,
1366 5503 1515 5559 Beati
1562 5505 1692 5562 estis
1721 5521 1818 5562 vos
1844 5548 1859 5573 ,
1892 5508 1937 5562 si

414 5713 489 5776 (α)
522 5715 576 5765 lu
593 5718 695 5770 haec
718 5722 884 5785 verba,
913 5720 1111 5774 docebat
1134 5734 1231 5786 eos,
1251 5722 1421 5774 titulus
1442 5721 1626 5776 desinit
1646 5726 1768 5788 apud
1792 5725 1931 5775 sat-il.

2096 658 2358 715 pauperes
2383 646 2622 714 fueritis;
2665 651 2757 707 sed
2781 693 2796 719 ,
2828 652 2972 708 Beati
2995 672 3259 725 pauperes.
3290 658 3447 715 Certe
3472 663 3681 721 etiamsi

2093 735 2199 790 illis
2244 739 2523 806 speciatim
2570 740 2834 810 dixisset,
2882 750 3183 802 eounnunia
3235 759 3411 806 tamen
3458 758 3679 810 consilia

2092 825 2262 881 futura
2293 831 2464 883 erant.
2496 830 2707 888 Etenim
2731 850 2849 889 cum
2877 835 3080 892 diceret
3112 857 3126 892 :
3163 838 3292 893 Ecce
3313 859 3404 912 ego
3426 844 3681 899 vobiscum

2088 932 2200 969 sum
2228 920 2459 974 omnibus
2503 922 2676 976 diebus
2705 942 2860 995 usque
2889 929 2958 980 ad
2982 934 3466 986 consummationem
3506 939 3678 990 saeculi

2089 1007 2314 1080 (Matth.
2346 1012 2435 1067 28.
2464 1013 2567 1084 20)
2603 1033 2616 1068 :
2651 1031 2755 1071 non
2788 1018 2907 1072 illos
2935 1020 3107 1074 solum
3147 1022 3469 1092 all0quitur,
3500 1027 3593 1080 sed
3625 1038 3680 1083 et

2091 1112 2185 1167 per
2225 1100 2346 1155 illos
2374 1111 2541 1158 totum
2569 1107 2756 1161 orbem
2789 1125 2804 1161 :
2831 1118 2885 1162 et
2912 1124 3034 1164 eum
3063 1112 3182 1166 illos
3206 1112 3392 1167 beatos
3424 1116 3677 1184 prmdicat

2088 1191 2553 1258 persequutionem
2596 1196 2857 1263 patientes
2894 1237 2909 1262 ,
2942 1200 3126 1267 pulsos
3151 1242 3167 1267 ,
3214 1212 3268 1256 et
3317 1202 3673 1261 intolerabilia

2085 1280 2440 1350 sustinentes;
2466 1299 2569 1339 non
2596 1286 2700 1341 illis
2728 1296 2952 1357 tantum,
2976 1290 3071 1346 sed
3094 1293 3253 1347 etiam
3280 1296 3528 1352 omnibus
3551 1298 3674 1353 talia

2086 1371 2297 1425 fortiter
2345 1375 2635 1431 ferentibus
2686 1393 2944 1435 coronam
2998 1384 3181 1438 nectit.
3212 1385 3473 1442 Cit-ternm
3523 1399 3579 1443 ut
3621 1391 3673 1445 id

2081 1461 2275 1518 clarius
2303 1466 2492 1519 eradat
2513 1506 2528 1530 ,
2562 1478 2614 1522 ct
2643 1468 2819 1524 discas
2847 1488 2908 1526 ea
2936 1490 3054 1542 qua:
3079 1475 3217 1530 dicta
3238 1487 3361 1533 sunt
3399 1480 3490 1533 tibi
3518 1497 3673 1536 com-

2080 1556 2259 1607 munia
2279 1569 2423 1622 esse,
2454 1575 2658 1613 necnon
2686 1563 2779 1615 toti
2805 1563 3050 1619 humana:
3072 1579 3296 1632 naturae,
3319 1570 3364 1624 si
3391 1572 3672 1630 attendere

2080 1646 2346 1702 voluerint
2371 1690 2385 1715 ,
2414 1651 2534 1704 audi
2563 1655 2830 1721 quomodo
2860 1658 3001 1712 hunc
3029 1659 3323 1716 mirabilem
3365 1678 3669 1721 sermonem

2078 1736 2335 1791 ordinum
2369 1739 2423 1794 5.
2453 1739 2598 1795 Beati
2640 1761 2887 1815 pauperes
2923 1750 3102 1818 spiritu
3127 1790 3144 1816 ,
3172 1755 3413 1823 quoniam
3440 1762 3668 1828 ipsorum

2080 1836 2152 1880 est
2181 1844 2390 1898 regnum
2432 1833 2691 1887 caelorum.
2723 1837 2822 1904 Qui
2855 1849 2980 1893 sunt
3010 1839 3268 1912 Panperes
3295 1846 3473 1915 spiritu
3498 1850 3525 1901 .9
3554 1851 3664 1903 llu-

2077 1917 2271 1986 milos,
2303 1930 2357 1975 et
2403 1922 2583 1977 animo
2624 1928 2858 1982 contriti.
2904 1930 3160 2000 Spiritum
3209 1935 3351 1990 enim
3400 1936 3483 1993 ltic
3534 1940 3667 1997 dicit

2077 2009 2309 2064 animam
2355 2022 2409 2066 et
2440 2014 2725 2071 voluntatis
2768 2023 3116 2089 propositum.
3148 2024 3278 2092 Quia
3323 2028 3465 2082 enim
3508 2033 3663 2086 multi

2077 2109 2202 2154 sunt
2230 2102 2479 2172 humiles,
2510 2121 2615 2160 non
2646 2119 2837 2178 sponte
2859 2127 2955 2167 sua
2976 2154 2992 2181 ,
3020 2114 3114 2169 sed
3142 2131 3319 2172 rerum
3346 2123 3664 2179 necessitate

2075 2192 2244 2245 coacti
2270 2233 2285 2256 ,
2315 2193 2438 2248 illos
2465 2198 2681 2253 mittens
2709 2201 2728 2269 (
2751 2217 2922 2272 neque
2948 2205 3090 2260 enim
3119 2207 3171 2261 id
3204 2209 3347 2264 laudi
3377 2210 3525 2285 est),
3566 2230 3660 2271 eos

2073 2282 2161 2350 qui
2207 2298 2272 2337 ex
2301 2286 2593 2343 voluntatis
2621 2295 2897 2361 proposito
2933 2310 3052 2351 sese
3078 2296 3361 2355 bumiliant
3387 2317 3450 2357 ac
3474 2282 3660 2373 depri-

2073 2382 2256 2440 munt,
2292 2376 2494 2444 primos
2516 2380 2699 2435 beatos
2724 2384 2974 2453 appellat.
3002 2386 3071 2442 Et
3096 2404 3193 2443 cur
3219 2406 3322 2446 non
3349 2392 3513 2461 dixit,
3550 2396 3658 2450 llu-

2071 2468 2223 2522 miles
2248 2510 2264 2535 ,
2292 2471 2410 2537 sed,
2445 2471 2752 2543 Pauperes'!
2776 2478 2911 2544 Quia
2939 2480 3038 2535 hoc
3065 2482 3158 2536 illo
3187 2488 3523 2553 praestantius
3551 2501 3654 2544 est.

2071 2557 2201 2611 Nam
2232 2559 2318 2616 hic
2338 2561 2471 2617 dicit
2499 2579 2615 2632 eos,
2648 2569 2737 2636 qui
2772 2569 2862 2623 Dei
2892 2582 3155 2641 pra-cepta
3184 2586 3424 2630 metuunt
3447 2585 3501 2632 et
3523 2593 3657 2633 cou-

2074 2652 2386 2707 tremiscunt
2415 2670 2430 2709 :
2461 2672 2594 2726 quos
2630 2670 2682 2713 et
2716 2676 2809 2729 per
2833 2661 3023 2718 Isaiam
3056 2666 3372 2737 prepltctam
3402 2685 3460 2725 se
3500 2671 3659 2728 valde

2067 2754 2316 2814 aeceptus
2349 2746 2545 2802 habere
2577 2750 2716 2806 Deus
2742 2752 2980 2809 declarat
3010 2774 3023 2810 :
3058 2760 3137 2810 ,ιιι
3163 2776 3306 2828 quem
3339 2764 3605 2831 respiciam
3632 2807 3650 2828 ,

2066 2840 2164 2893 nisi
2198 2839 2269 2892 ad
2290 2852 2609 2897 mansuetum
2632 2856 2677 2900 et
2698 2851 2948 2918 quietum,
2972 2860 3016 2903 et
3040 2861 3336 2907 trementem
3365 2858 3512 2909 verba
3538 2873 3649 2910 mea

2066 2930 2230 3001 (lsai.
2265 2934 2351 2987 66.
2384 2934 2418 2987 9.
2446 2938 2505 3005 )?

2134 3024 2187 3078 Ξ.
2231 3023 2385 3080 Multi
2429 3031 2731 3087 humilitatis
2775 3035 2930 3090 modi.
2970 3068 3040 3079 -—-
3073 3040 3283 3098 Etenim
3326 3048 3478 3103 multi
3525 3062 3654 3107 sunt

2063 3114 2374 3174 lunnilitatis
2392 3122 2536 3176 modi
2561 3145 2575 3177 :
2605 3135 2656 3178 et
2679 3127 2813 3180 alius
2835 3129 3049 3199 quidem
3069 3143 3153 3187 est
3176 3137 3450 3196 moderate
3476 3142 3652 3198 humi-

2064 3207 2162 3272 lis,
2194 3209 2329 3264 alius
2360 3227 2485 3267 vero
2514 3230 2674 3283 supra
2704 3218 2940 3274 modum.
2987 3222 3137 3279 Hanc
3182 3243 3343 3296 porro
3376 3231 3648 3290 humilita-

2064 3308 2169 3356 tem
2197 3302 2376 3358 laudat
2409 3307 2595 3363 beatus
2624 3311 2882 3382 propheta
2904 3354 2919 3381 ,
2951 3331 3057 3371 non
3088 3318 3401 3389 depressum
3440 3328 3649 3399 simpli-

2061 3394 2196 3450 citer
2237 3398 2474 3454 animum
2522 3401 2863 3474 describens,
2908 3409 3001 3463 sed
3049 3414 3269 3469 omnino
3322 3394 3647 3487 contritum,

2061 3503 2180 3541 cum
2217 3490 2326 3544 ait:
2365 3490 2689 3561 Sacri/icium
2731 3495 2840 3553 Deo
2878 3502 3087 3570 spiritus
3134 3509 3518 3576 contribulatus,
3562 3533 3650 3569 cor

2060 3581 2333 3635 contritum
2355 3593 2404 3636 et
2426 3584 2783 3655 humiliatum,
2831 3590 3000 3659 Deus,
3050 3611 3152 3649 non
3192 3599 3434 3670 despicies
3471 3605 3647 3675 (Psal.

2061 3671 2149 3725 50.
2194 3672 2307 3742 19).
2345 3673 2493 3730 Hanc
2531 3687 2585 3732 et
2632 3687 2739 3735 tres
2784 3684 2935 3751 pueri
2986 3702 3084 3756 pro
3135 3705 3328 3761 magno
3379 3671 3644 3754 sacriﬁcio

2062 3764 2171 3818 Deo
2199 3765 2449 3833 oll‘erunt,
2477 3768 2717 3826 dicentes
2742 3790 2754 3826 :
2787 3773 2893 3829 Sed
2931 3777 2984 3830 in
3026 3781 3195 3835 anima
3221 3785 3457 3852 contrita,
3484 3798 3529 3841 ct
3550 3796 3650 3860 spi-

2058 3858 2157 3910 ritu
2179 3859 2442 3915 Immiliato
2462 3864 2799 3935 suscipiamur
2827 3867 2993 3938 (Dan.
3022 3872 3077 3927 5.
3107 3874 3220 3946 59).
3248 3876 3394 3932 llanc
3415 3890 3468 3934 et
3492 3858 3650 3937 Chri-

2058 3958 2172 4002 stus
2200 3950 2410 4007 beatam
2437 3969 2578 4008 nnnc
2609 3957 2879 4025 prtcdtcat.
2911 3963 3045 4027 Quia
3076 3965 3216 4019 enim
3248 3968 3476 4024 maxima
3507 3974 3646 4028 mala

2056 4056 2175 4110 quae
2227 4052 2393 4098 totum
2444 4048 2631 4102 orbem
2679 4050 2997 4107 labefactant
3044 4070 3110 4109 ex
3155 4060 3401 4127 superbia
3430 4064 3648 4132 prodic-

2057 4145 2214 4201 runt;
2255 4139 2686 4211 quandoquidem
2732 4144 3012 4213 diabolus,
3060 4150 3151 4219 qui
3199 4152 3319 4207 talis
3363 4164 3487 4211 ante
3536 4174 3643 4214 non

2057 4228 2227 4285 fuerat
2247 4272 2261 4295 ,
2290 4233 2369 4287 sic
2401 4234 2642 4291 diabolus
2669 4237 2893 4292 effectus
2922 4252 3004 4294 est
3037 4260 3049 4295 :
3079 4243 3219 4311 quod
3256 4246 3418 4300 etiam
3450 4248 3643 4305 Paulus

2055 4322 2299 4381 dicebat:
2326 4326 2379 4379 Ν
2382 4345 2409 4381 e
2431 4330 2641 4399 inﬂatus
2662 4331 2713 4384 in
2727 4332 2980 4402 judicium
3004 4335 3191 4389 incidat
3213 4338 3402 4394 diaboli
3423 4342 3468 4412 (l
3485 4342 3640 4398 .Tim.

2052 4416 2108 4470 5.
2141 4416 2216 4485 6).
2247 4417 2456 4474 Primus
2482 4435 2695 4492 quoque
2719 4423 2880 4478 homo
2909 4423 3009 4479 hac
3036 4427 3290 4485 adiabolo
3317 4431 3529 4487 inﬂatus
3548 4449 3643 4506 spe

2051 4508 2414 4579 praecipitatus
2455 4519 2509 4565 et
2539 4514 2779 4568 mortalis
2824 4514 2992 4572 lactus
3023 4528 3106 4574 est
3132 4537 3147 4575 :
3178 4536 3299 4578 cum
3329 4524 3471 4579 enim
3513 4541 3641 4597 spe~

2052 4612 2224 4656 rasset
2247 4618 2306 4657 se
2335 4601 2492 4658 deum
2539 4604 2690 4673 fore,
2719 4605 2877 4662 etiam
2920 4609 2972 4663 id
3018 4611 3160 4680 quod
3206 4611 3435 4670 habebat
3466 4619 3647 4686 pcrdi-

2049 4694 2152 4748 dit.
2179 4693 2330 4761 Quod
2374 4704 2428 4750 et
2477 4695 2617 4751 Deus
2666 4697 2765 4769 ipsi
2799 4703 3152 4773 exprobrans,
3186 4715 3239 4760 et
3281 4707 3639 4775 insipienliam

2049 4784 2164 4855 ejus
2204 4786 2524 4853 traducens,
2565 4788 2775 4844 dicebat
2801 4807 2813 4844 :
2848 4790 2982 4845 Ecce
3013 4794 3177 4847 Adam
3221 4798 3383 4866 [actus
3410 4808 3482 4851 est
3509 4800 3641 4853 sicut

2049 4893 2183 4932 unus
2207 4894 2271 4933 ex
2295 4878 2438 4933 nobis
2476 4876 2633 4951 (Gen.
2675 4882 2728 4936 3.
2771 4881 2886 4953 22).
2934 4881 3139 4955 Singuli
3186 4898 3361 4941 autem
3394 4890 3483 4960 qui
3519 4902 3640 4960 post

2048 4968 2294 5040 fuerunt,
2340 4971 2469 5028 hinc
2497 4973 2547 5028 in
2596 4974 2922 5045 impietatem
2970 4979 3190 5048 collapsi
3232 4989 3391 5048 sunt,
3432 4998 3490 5037 se
3528 4984 3639 5039 Deo

2045 5063 2279 5132 mquales
2321 5065 2693 5136 imaginantes.
2738 5065 2998 5134 Quoniam
3040 5070 3200 5142 igitur
3229 5072 3343 5128 htec
3372 5076 3636 5131 malorum

2046 5169 2140 5209 arx
2185 5166 2328 5225 erat,
2364 5159 2600 5230 itemque
2643 5161 2798 5216 radix
2850 5171 2905 5218 et
2950 5162 3069 5218 fons
3114 5166 3289 5220 omnis
3340 5168 3635 5238 nequitiac:

2046 5251 2235 5302 morbo
2260 5264 2559 5321 congruens
2590 5253 2889 5308 remedium
2919 5269 3183 5324 apparans
3203 5298 3217 5319 ,
3248 5260 3397 5327 quasi
3429 5259 3641 5314 funda—

2047 5352 2284 5398 mentum
2316 5344 2528 5400 lirmum
2550 5356 2605 5401 et
2628 5356 2799 5401 tutum
2829 5347 2965 5400 hanc
2992 5348 3220 5415 primam
3240 5352 3414 5420 posuit
3439 5354 3633 5422 legem.

2046 5434 2157 5492 Hac
2197 5436 2341 5491 enim
2384 5438 2585 5507 posita,
2621 5446 2735 5493 tuto
2761 5450 2952 5494 ctetera
2982 5441 3159 5496 omnia
3189 5444 3504 5512 superponit
3544 5461 3633 5497 ar-

2043 5530 2306 5589 chitectus
2335 5548 2349 5585 :
2382 5531 2482 5587 hac
2527 5547 2656 5586 vero
2704 5532 2947 5599 sublata,
3002 5534 3046 5589 si
3098 5536 3219 5605 quis
3265 5551 3335 5590 ex
3384 5538 3633 5591 instituto

2042 5625 2165 5679 vitae
2191 5624 2275 5679 vel
2303 5624 2371 5679 ad
2394 5625 2584 5680 caelum
2615 5626 2911 5697 pertingat,
2949 5629 3127 5682 omnia
3169 5627 3325 5686 facile
3351 5640 3546 5697 ruunt,
3577 5639 3631 5685 et

2044 5715 2095 5771 in
2122 5717 2413 5787 pessimum
2436 5715 2594 5774 linem
2622 5717 2893 5774 desinunt.
2923 5717 3029 5774 Etsi
3056 5718 3353 5789 jejunium,
3378 5718 3479 5776 etsi
3511 5736 3630 5775 ora-
