4084 6210
435 263 538 324 2'25

440 386 640 438 tionem
667 423 682 448 ,
740 380 840 436 etsi
883 377 1280 451 eleemosynam
1311 419 1324 443 ,
1377 377 1476 432 etsi
1523 377 1821 431 castitatem
1915 379 2017 431 etsi

439 471 586 528 aliud
629 472 836 543 quidvis
873 473 1070 526 bonum
1100 468 1414 539 eollegeris,
1456 467 1659 538 absque
1686 467 2019 534 humilitate,

445 564 692 619 difﬂuunt
719 563 892 618 omnia
911 605 924 627 ,
958 571 1011 615 et
1041 568 1281 631 pereunt.
1310 558 1364 613 Id
1391 560 1549 613 etiam
1585 557 1853 612 Phariszeo
1881 560 2021 612 acci-

442 656 519 709 dit
545 655 692 724 (Luc.
722 653 844 724 I8).
873 653 1002 708 Nam
1035 668 1157 707 cum
1199 651 1265 706 ad
1305 652 1476 721 ipsum
1517 651 1730 706 culmen
1771 651 2019 720 pertigis-

443 757 553 812 set,
587 747 831 801 omnibus
861 748 1074 800 amissis
1104 746 1353 814 delapsus
1383 755 1486 808 cst,
1519 747 1640 816 quia
1668 755 1892 799 matrem
1921 745 2017 799 bo-

443 855 626 895 norum
672 855 776 894 non
823 838 1025 894 habuit.
1073 837 1531 904 Quemadmodum
1583 837 1726 893 enim
1770 837 2015 906 superbia

436 932 552 985 fons
593 933 770 986 omnis
815 932 1064 1000 nequitize
1106 940 1220 993 est,
1266 931 1343 984 sic
1375 930 1643 984 humilitas
1673 929 2016 999 philosophia:

431 1024 606 1078 omnis
653 1023 999 1094 principium.
1043 1021 1399 1089 Quamobrem
1432 1021 1555 1076 hinc
1586 1023 1798 1091 incipit,
1828 1037 1890 1076 ex
1923 1037 2016 1075 au-

427 1117 665 1172 ditorum
705 1116 897 1171 animis
941 1116 1296 1187 arrogantiam
1339 1115 1578 1170 evellens
1609 1115 1882 1170 radicitus.
1917 1115 2016 1169 Ec-

429 1210 556 1279 quid
585 1209 686 1264 hoc
711 1209 776 1264 ad
800 1209 1120 1279 discipulos,
1151 1209 1357 1279 inquies
1379 1250 1391 1274 ,
1423 1209 1511 1278 qui
1536 1209 1754 1263 omnino
1784 1207 2015 1264 humiles

429 1302 627 1355 erant?
669 1299 876 1356 Nullam
919 1301 1059 1356 enim
1109 1301 1425 1370 arrogantia-3
1470 1315 1654 1355 ansam
1707 1300 2011 1366 habebant,

430 1395 721 1464 piscatores
743 1409 861 1449 cum
886 1404 1061 1449 essent
1087 1435 1102 1460 ,
1131 1408 1392 1463 pauperes
1413 1434 1428 1459 ,
1459 1392 1706 1458 obscuri,
1738 1400 1789 1444 et
1808 1392 2008 1446 idiottu.

430 1486 540 1540 Etsi
574 1485 688 1539 haec
730 1486 800 1540 ad
842 1485 1130 1554 discipulos
1174 1499 1279 1537 non
1327 1492 1666 1552 spectarent,
1702 1483 1792 1537 sed
1824 1484 1889 1538 ad
1921 1498 2013 1538 eos

426 1577 516 1646 qui
549 1586 842 1648 praesentes
867 1585 1019 1631 erant
1047 1573 1165 1629 hazc
1193 1575 1463 1643 pertinere
1494 1581 1773 1643 poterant,
1803 1589 2012 1628 necnon

425 1668 492 1721 ad
514 1681 608 1722 eos
633 1668 720 1737 qui
747 1675 929 1736 postea
959 1666 1103 1736 ipsos
1133 1665 1408 1733 excepturi
1432 1674 1603 1727 erant,
1639 1681 1704 1718 ne
1731 1673 2011 1734 propterea

431 1757 579 1825 ipsos
609 1757 979 1825 despicerent;
1013 1755 1120 1808 imo
1151 1769 1280 1808 vero
1309 1754 1373 1807 ad
1405 1755 1696 1825 discipulos
1726 1755 1844 1810 hare
1873 1755 2009 1808 dicta

426 1857 599 1902 erant.
631 1846 852 1901 Etiamsi
891 1845 1033 1900 enim
1072 1861 1178 1900 non
1221 1853 1379 1911 tunc,
1408 1855 1462 1898 at
1495 1856 1672 1913 postea
1701 1860 1832 1914 opus
1861 1843 2009 1899 habi-

428 1939 530 1993 turi
569 1947 721 1994 erant
767 1938 852 1991 illa
893 1937 1004 1990 utili
1049 1937 1326 1999 cautione,
1375 1944 1496 2005 post
1539 1937 1687 2005 signa
1734 1953 1924 2007 nempe
1954 1947 2006 1992 et

425 2032 678 2087 miracula
702 2073 716 2096 ,
749 2040 867 2101 post
914 2039 1116 2085 tantum
1150 2029 1203 2084 in
1234 2030 1363 2084 orbe
1394 2029 1653 2084 honorem
1674 2071 1689 2095 ,
1720 2039 1773 2085 et
1803 2041 2002 2086 tantam

426 2126 481 2178 in
520 2125 630 2179 Deo
657 2124 923 2178 fiduciam.
965 2122 1148 2191 Neque
1187 2123 1327 2178 enim
1355 2121 1582 2188 divitiae,
1616 2138 1786 2191 neque
1820 2131 2005 2191 poten-

425 2217 532 2276 tia,
565 2231 736 2286 neque
779 2231 994 2284 regnum
1051 2215 1117 2268 ita
1155 2216 1457 2284 quempiam
1505 2223 1750 2284 pote;ant
1787 2215 2000 2281 clferre,

417 2315 483 2360 ut
525 2320 588 2360 ea
639 2307 816 2360 omnia
866 2321 984 2376 qua)
1028 2305 1290 2375 apostolis
1332 2305 1704 2374 suppetebant.
1753 2308 2000 2378 Alioquin

421 2407 600 2452 autem
633 2396 745 2451 ﬁeri
777 2405 985 2466 poterat
1014 2405 1072 2449 ut
1097 2398 1255 2449 etiam
1296 2408 1421 2450 ante
1459 2396 1716 2450 miracula
1747 2397 2003 2452 elI'erren-

420 2495 527 2553 tur,
577 2495 776 2542 tantam
824 2485 1214 2541 multitudinem
1267 2498 1582 2553 cernentes,
1635 2496 1689 2542 et
1736 2488 1999 2542 theatrum

420 2578 546 2634 illud
572 2578 712 2648 quod
752 2577 1027 2632 doctorem
1069 2593 1225 2633 suum
1272 2578 1673 2643 circumdabat;
1719 2589 1864 2632 certe
1904 2579 2000 2633 hu-

420 2685 632 2724 manum
689 2669 957 2739 quidpiam
1004 2670 1110 2739 pati
1168 2679 1433 2738 poterant.
1480 2669 1678 2723 Idcirco
1724 2669 1841 2724 illos
1887 2681 1999 2724 sta—

418 2764 510 2815 tim
543 2761 787 2830 reprimit
820 2776 890 2815 ne
941 2761 1106 2814 altum
1153 2761 1380 2830 sapiant.
1409 2760 1590 2829 Neque
1620 2761 1758 2816 dicta
1785 2777 1876 2817 sua
1907 2763 2000 2816 ad-

419 2852 730 2908 monitionis
757 2853 836 2906 vel
872 2860 1262 2921 praeceptorum
1290 2867 1440 2906 more
1467 2852 1689 2920 profert,
1735 2854 1828 2907 sed
1871 2870 1995 2922 pro-

419 2945 603 3014 positae
651 2943 994 2997 beatitudinis
1052 2943 1254 3008 forma,
1312 2943 1391 2998 sic
1446 2944 1734 3013 gratiorem
1780 2945 1998 3001 ordiens

417 3050 758 3099 sermonem,
802 3046 855 3089 et
893 3034 1151 3088 doctrinae
1191 3033 1417 3088 stadium
1456 3036 1700 3092 omnibus
1725 3042 1992 3107 aperiens.

421 3125 536 3180 Non
583 3126 723 3180 enim
754 3127 908 3191 dixit,
944 3125 1039 3180 Hie
1078 3125 1162 3179 vel
1193 3126 1299 3192 ille,
1328 3128 1420 3180 sed
1440 3165 1459 3194 ,
1487 3127 1588 3194 Qui
1617 3128 1732 3183 hmc
1763 3129 1991 3196 faciunt,

419 3217 771 3273 beatiomnes
801 3228 977 3273 erunt.
1011 3216 1086 3271 Ita
1113 3225 1168 3271 ut
1193 3218 1306 3273 sive
1332 3233 1519 3273 servus
1547 3220 1623 3274 sis
1642 3262 1656 3284 ,
1697 3222 1810 3274 sive
1847 3236 1997 3276 men-

413 3307 603 3371 dicus,
649 3308 764 3362 sive
815 3321 1037 3376 pauper,
1082 3307 1195 3361 sive
1241 3309 1588 3378 peregrinus,
1640 3311 1753 3366 sive
1794 3311 1990 3378 idiota,

418 3399 549 3453 nihil
581 3407 633 3452 te
661 3398 914 3468 impediat
954 3403 1080 3468 quin
1124 3398 1198 3452 sis
1242 3398 1459 3464 beatus,
1505 3400 1547 3453 si
1579 3399 1716 3454 hanc
1745 3401 1992 3456 virtutem

420 3490 670 3545 colueris.
703 3489 837 3544 Hinc
866 3491 1042 3558 itaque
1069 3503 1224 3543 orsus
1243 3530 1257 3553 ,
1289 3490 1429 3545 unde
1457 3492 1688 3546 maxime
1719 3507 1811 3561 par
1837 3502 1954 3547 erat
1974 3533 1992 3561 ,

420 3581 486 3634 ad
517 3579 656 3634 aliud
688 3579 991 3634 mandatum
1023 3581 1290 3650 procedit,
1323 3581 1461 3648 quod
1492 3582 1700 3637 videtur
1727 3574 1887 3638 totius
1907 3600 1994 3639 or-

414 3671 497 3729 bis
522 3688 823 3744 oppugnare
849 3675 1187 3728 sententiam.
1230 3674 1363 3728 Cum
1407 3674 1550 3729 enim
1592 3691 1778 3731 omnes
1811 3685 1996 3746 putent

413 3779 508 3819 eos
533 3765 618 3834 qui
650 3764 881 3834 gaudent
905 3776 958 3818 et
983 3763 1233 3818 Iactantur
1257 3779 1377 3820 esse
1404 3765 1608 3831 beatos,
1637 3781 1728 3822 eos
1753 3783 1880 3822 vero
1903 3769 1993 3839 qui

416 3857 468 3909 in
508 3871 772 3922 mterore,
817 3864 1126 3925 paupertate
1157 3865 1210 3910 et
1237 3855 1380 3910 luctu
1407 3867 1714 3922 versantur,
1745 3873 1863 3914 esse
1889 3861 1993 3913 mi-

413 3961 584 4010 seros,
619 3947 715 3998 hos
749 3947 838 4000 ille
865 3961 972 4014 prae
1002 3945 1122 4000 aliis
1150 3945 1334 4000 beatos
1365 3946 1616 4015 praedicat
1640 3988 1653 4011 ,
1687 3948 1869 4003 dicens
1895 3969 1907 4003 :
1938 3951 1990 4004 5.

414 4036 556 4090 Betui
577 4039 666 4106 qui
695 4037 888 4106 lugent.
919 4037 1077 4105 Atqui
1123 4035 1192 4090 ab
1237 4037 1484 4090 omnibus
1519 4037 1570 4090 hi
1611 4037 1848 4093 infelices
1877 4055 1995 4095 esse

412 4128 698 4181 dicuntur:
730 4127 824 4181 sed
866 4125 986 4180 ideo
1015 4125 1103 4180 ille
1129 4126 1277 4194 signa
1310 4128 1599 4194 prtemisit,
1643 4139 1699 4182 ut
1740 4129 1884 4198 leges
1910 4130 1992 4184 af-

415 4218 590 4272 ferens
629 4219 763 4272 tales
795 4217 901 4271 fide
928 4216 1121 4285 dignus
1149 4224 1312 4272 esset.
1345 4217 1441 4272 llic
1464 4229 1640 4274 autem
1673 4237 1858 4276 rursus
1889 4237 1994 4276 non

413 4308 726 4378 simpliciter
752 4309 993 4378 lugentes
1035 4308 1246 4377 posuit,
1293 4307 1387 4362 sed
1432 4323 1526 4363 eos
1553 4310 1640 4379 qui
1666 4310 1734 4367 de
1762 4313 1994 4380 peccatis

416 4400 662 4470 lugerent
696 4418 710 4453 :
740 4408 796 4453 ut
823 4408 878 4454 et
908 4397 1052 4452 aliud
1081 4413 1294 4468 quoque
1321 4399 1493 4454 luctus
1522 4414 1690 4469 genus
1710 4401 1995 4458 admodum

417 4492 752 4562 prohibetur,
793 4506 986 4561 nempe
1012 4490 1081 4546 de
1108 4506 1284 4546 rerum
1328 4493 1668 4549 s:ecularium
1713 4495 1996 4565 dispendio

414 4584 616 4652 Ingere.
645 4581 816 4650 Quod
839 4581 1172 4652 signiﬁcabat
1201 4592 1254 4637 et
1282 4582 1476 4639 Paulus
1496 4584 1678 4640 dicens
1707 4603 1720 4638 :
1753 4586 1882 4651 Quia
1903 4604 1998 4643 ste-

413 4677 518 4731 culi
557 4677 759 4746 quidem
806 4675 1009 4728 tristitia
1045 4685 1257 4729 mortem
1291 4688 1530 4747 aper-amr
1553 4692 1704 4747 :qua:
1726 4691 1889 4734 autem
1914 4697 1988 4735 sea

413 4767 636 4820 cundum
662 4765 827 4820 Deum
846 4776 919 4820 est
951 4767 1154 4821 tristitia
1173 4809 1187 4835 ,
1217 4768 1556 4837 paenitentiam
1580 4770 1631 4824 in
1655 4772 1869 4826 salutem
1889 4782 1997 4827 sta-

410 4859 561 4910 bilem
587 4867 821 4923 operatur
842 4855 916 4926 (2.
941 4855 1059 4910 Cor.
1085 4857 1137 4909 7.
1164 4857 1278 4926 l0).

485 4950 537 5003 3.
587 4947 770 5002 Beatos
805 4948 1081 5018 prtedicare
1109 4948 1194 5018 qui
1225 4947 1412 5018 lugent,
1440 4950 1759 5018 philosophia
1796 4952 1998 5021 plenum

406 5055 499 5098 est.
535 5041 823 5097 Consolatio
849 5057 880 5094 a
904 5039 1012 5094 Deo
1032 5043 1252 5110 profecta
1267 5051 1473 5110 quanta.
1499 5043 1688 5097 —Hos
1713 5043 1872 5114 igitur
1890 5047 1998 5114 ille,

409 5133 504 5199 qui
551 5134 628 5188 sic
659 5133 880 5203 lugent,
928 5131 1111 5186 beatos
1155 5130 1448 5200 praedicat:
1482 5149 1652 5202 neque
1691 5135 2002 5206 simpliciter

415 5226 656 5294 lugentes
678 5223 866 5293 ponit,
911 5221 1004 5276 sed
1033 5221 1120 5291 qui
1166 5223 1402 5291 impense
1442 5222 1641 5292 lugent.
1669 5225 2002 5296 Qnapmpter

415 5331 524 5368 non
560 5313 732 5379 dixit,
761 5313 863 5380 Qui
890 5321 1119 5367 niterent
1141 5353 1158 5379 ,
1189 5312 1282 5368 sed
1307 5355 1321 5378 ,
1353 5312 1452 5379 Qui
1479 5315 1649 5384 lugent
1675 5331 1694 5369 :
1727 5330 1850 5370 nam
1900 5317 2002 5372 hoc

420 5416 746 5477 prmeeptum
793 5405 954 5459 totius
995 5413 1080 5459 est
1122 5404 1471 5474 philosophire
1494 5407 1904 5476 ‘magisterium.
1947 5408 2002 5462 Si

418 5499 562 5554 enim
590 5498 678 5567 qui
710 5497 878 5560 filios,
912 5511 1156 5562 uxorem,
1181 5497 1262 5551 vel
1289 5497 1451 5550 alium
1477 5500 1779 5568 quempiam
1804 5514 2002 5570 cogna-

420 5597 534 5642 tum
558 5587 861 5644 defunctum
895 5589 1106 5658 lugent,
1138 5603 1240 5642 non
1270 5588 1613 5658 pecuniarum
1633 5631 1648 5655 ,
1682 5603 1786 5644 non
1812 5605 2003 5660 corpo-

413 5695 544 5734 .rnm
567 5693 750 5734 amore
772 5687 1014 5734 tenentur
1033 5677 1123 5734 illo
1143 5677 1343 5734 doloris
1365 5688 1628 5749 tempore,
1653 5694 1756 5735 non
1778 5680 2002 5751 gloriam

1587 263 1651 318 IN
1692 261 2095 319 MATTIl/EUM
2139 262 2367 318 IIOMIL
2408 259 2526 318 XV.

3618 296 3722 351 226

2132 385 2391 447 appetunt
2417 419 2432 444 ,
2461 391 2570 431 non
2602 377 2808 447 injuriis
2833 389 3114 436 moventur
3136 423 3150 446 ,
3181 397 3286 438 non
3318 385 3511 442 invidia
3548 393 3719 444 corri—

2129 467 2363 536 piuntur,
2390 483 2563 538 neque
2584 469 2688 522 alio
2715 472 2962 540 quopiam
2983 472 3146 527 animi
3167 476 3356 532 morbo
3377 477 3716 535 obsidentur:

2126 557 2220 612 sed
2251 573 2470 626 prorsus
2490 559 2652 613 luctui
2682 559 2875 614 addicti
2903 571 3027 616 sunt.
3054 580 3067 615 :
3095 566 3260 620 multo
3281 568 3448 637 magis
3476 571 3566 639 qui
3599 585 3716 638 pee-

2125 659 2244 703 cata
2270 664 2365 704 sua
2394 651 2596 720 lugent,
2628 652 2764 705 sicut
2792 667 2852 706 ea
2883 653 3109 722 lugenda
3138 667 3262 710 sunt
3285 700 3298 720 .
3335 657 3432 714 hac
3461 661 3714 729 majorem

2125 739 2455 795 exhibebunt
2481 742 2890 811 philosophiam.
2923 745 3156 811 Deinde,
3187 748 3326 816 quod
3359 765 3544 804 eorum
3573 767 3708 820 prmo

2124 831 2288 885 mium
2311 833 2459 886 erit?
2507 834 2756 898 Quoniam
2786 835 2886 905 ipsi
2910 837 3307 892 consolabuntur
3331 881 3345 907 ,
3378 841 3566 910 inquit.
3611 843 3712 898 Ubi

2121 938 2279 987 vero,
2305 924 2392 980 die
2422 927 2583 991 mihi,
2617 928 3063 981 consolabuntur?
3095 929 3160 983 Et
3185 930 3304 997 hic,
3337 941 3391 985 et
3420 933 3547 987 illic.
3578 934 3709 1001 Quia

2121 1017 2262 1070 enim
2295 1028 2615 1087 pneceptnm
2646 1034 2808 1088 grave
2835 1020 3118 1074 admodum
3148 1031 3263 1075 erat
3288 1031 3339 1076 et
3369 1037 3698 1090 onerosum,

2121 1106 2225 1162 hoc
2271 1123 2330 1163 se
2375 1111 2620 1179 promisit
2663 1110 2953 1173 daturum,
2987 1110 3126 1180 quod
3156 1111 3282 1165 illud
3323 1114 3552 1169 maxime
3595 1115 3711 1170 leve

2120 1205 2300 1266 posset
2319 1197 2549 1253 efficere.
2576 1198 2757 1270 Itaque
2780 1201 2824 1253 si
2849 1198 2979 1254 velis
3004 1201 3423 1257 consolationem
3445 1205 3706 1274 accipere,

2119 1289 2260 1361 lnge.
2304 1292 2371 1345 Et
2398 1308 2466 1347 ne
2498 1303 2652 1362 putes
2697 1295 2922 1364 aznigma
2952 1310 3071 1350 esse
3099 1295 3148 1350 id
3184 1297 3324 1366 quod
3373 1297 3570 1353 dictum
3602 1309 3703 1356 est.

2118 1379 2249 1434 Cum
2275 1383 2418 1436 enim
2446 1384 2585 1438 Deus
2609 1385 2936 1448 consolatur,
2966 1387 3176 1440 etiamsi
3205 1389 3350 1442 mille
3373 1390 3539 1445 tristia
3567 1393 3708 1447 accio

2117 1470 2263 1534 dant,
2295 1474 2544 1527 erunibus
2571 1476 2816 1543 superior
2854 1477 2982 1530 eris.
3017 1477 3226 1533 Etenim
3271 1481 3436 1536 multo
3477 1483 3707 1553 majores

2117 1561 2209 1615 dat
2237 1576 2450 1633 semper
2477 1566 2615 1620 Dens
2656 1565 2896 1620 laborum
2936 1568 3209 1622 mercedes
3237 1587 3250 1622 :
3281 1569 3330 1623 id
3375 1571 3513 1640 quod
3544 1574 3703 1628 etiam

2117 1655 2204 1708 hic
2244 1655 2363 1709 fecit
2389 1697 2404 1722 ,
2434 1671 2553 1710 cum
2580 1656 2714 1710 dixit
2737 1656 2922 1711 beatos
2951 1672 3070 1713 esse
3095 1672 3190 1713 eos
3229 1661 3318 1728 qui
3351 1661 3569 1730 lugent,
3598 1679 3704 1720 non

2117 1745 2407 1799 secundum
2440 1746 2515 1800 rei
2539 1747 2810 1813 meritum,
2841 1747 2935 1802 sed
2963 1748 3251 1803 secundum
3276 1751 3440 1818 ipsius
3460 1752 3706 1823 benigni-

2115 1843 2274 1889 tatem
2302 1852 2316 1901 ;
2350 1851 2454 1889 non
2485 1851 2548 1890 ex
2577 1837 2756 1906 operis
2781 1837 2986 1892 scilicet
3031 1837 3286 1909 dignitate
3309 1881 3324 1904 ,
3347 1841 3440 1896 sed
3480 1857 3546 1897 ex
3589 1844 3704 1912 ejus

2110 1940 2234 1996 erga
2267 1925 2514 1982 homines
2552 1941 2755 1982 amore.
2801 1927 2933 1982 Nam
2968 1929 3054 1998 qui
3085 1929 3304 1998 lugent,
3351 1944 3565 2000 peccata
3607 1947 3702 1988 sua

2108 2017 2328 2087 lugent;
2359 2017 2442 2073 his
2471 2033 2600 2074 vero
2625 2019 2821 2074 sufﬁcit
2841 2021 2886 2074 si
2914 2022 3123 2074 veniam
3153 2021 3441 2092 impetrent
3461 2033 3516 2078 et
3540 2040 3704 2080 excu-

2111 2108 2395 2164 sationem.
2443 2109 2705 2176 Quoniam
2733 2119 2911 2166 autem
2941 2111 3032 2166 ille
3061 2126 3254 2182 magno
3295 2127 3418 2183 erga
3451 2113 3700 2172 homines

2107 2215 2291 2256 amore
2331 2209 2563 2270 tenetur,
2592 2218 2765 2272 neque
2789 2202 2841 2256 in
2869 2203 3115 2273 supplicii
3142 2204 3459 2260 remissione
3483 2246 3498 2270 ,
3531 2224 3702 2278 neque

2107 2293 2158 2347 in
2183 2303 2519 2363 peccatorum
2539 2297 2689 2350 venia
2719 2296 3016 2351 mercedem
3043 2297 3199 2358 sistit.
3221 2298 3312 2351 sed
3337 2300 3496 2352 etiam
3518 2300 3701 2355 beatos

2105 2385 2287 2450 efficit,
2318 2396 2372 2439 et
2402 2386 2620 2440 multam
2646 2385 2800 2440 affert
2825 2387 3264 2442 consolationem.
3289 2387 3495 2460 Lngere
3521 2401 3700 2446 autem

2110 2491 2210 2531 nos
2237 2477 2408 2546 jubet;
2435 2494 2538 2532 non
2566 2479 2632 2533 de
2659 2480 2891 2547 peccatis
2922 2489 3122 2533 tantum
3154 2482 3377 2545 nostris,
3416 2481 3508 2536 sed
3537 2483 3696 2538 etiam

2104 2569 2172 2624 de
2198 2571 2410 2625 alienis.
2445 2571 2754 2640 llujusmodi
2785 2587 2914 2626 vero
2949 2580 3102 2626 erant
3129 2582 3434 2628 sanctorum
3467 2574 3692 2639 animm,

2103 2673 2161 2718 ut
2183 2663 2399 2734 Moysis,
2431 2674 2488 2717 ut
2514 2664 2682 2729 Pauli,
2709 2673 2766 2719 ut
2789 2664 3000 2718 Davidis
3031 2683 3044 2718 :
3074 2681 3194 2720 nam
3224 2667 3275 2720 lii
3305 2669 3529 2721 aliorum
3553 2683 3696 2738 sa'pe

2104 2765 2315 2825 peccata
2341 2755 2612 2810 luxerunt.
2642 2756 2694 2809 4.
2725 2755 2867 2810 Beati
2889 2756 3050 2819 mites,
3084 2759 3320 2826 quoniam
3348 2759 3446 2828 ipsi
3472 2761 3696 2828 posside-

2111 2847 2234 2900 bunt
2256 2857 2464 2902 terram.
2496 2847 2592 2901 Dic
2617 2846 2767 2914 mihi,
2791 2862 2950 2916 quam
2977 2847 3212 2902 terram?
3238 2847 3454 2902 Terram
3481 2849 3692 2918 quidem

2103 2939 2492 3010 intelligibilem
2537 2938 2737 2994 dicunt.
2785 2939 2976 2993 Verum
3022 2955 3128 2993 non
3177 2939 3246 2992 ita
3277 2955 3334 2993 se
3379 2955 3464 2994 res
3507 2941 3688 2996 habet.

2101 3028 2370 3100 Nusquam
2399 3031 2539 3084 enim
2582 3031 2633 3084 in
2665 3029 2935 3100 Scriptura
2976 3029 3269 3099 reperimus
3313 3041 3504 3085 terram
3535 3033 3692 3086 intel~

2101 3122 2352 3192 ligibilem
2383 3123 2481 3193 (a).
2507 3122 2614 3178 Sed
2641 3122 2767 3193 quid
2795 3122 2896 3177 sibi
2927 3123 3038 3176 vult
3063 3122 3231 3177 illud?
3261 3122 3525 3178 Sensibile
3552 3140 3689 3194 prte-

2100 3215 2262 3268 mium
2310 3215 2491 3268 statuit
2521 3255 2536 3278 ,
2585 3215 2722 3270 sicut
2749 3225 2801 3270 et
2831 3215 3051 3270 Paulus.
3080 3215 3208 3270 Cum
3250 3216 3472 3271 dixisset
3499 3219 3640 3271 enim
3669 3258 3686 3284 ,

2107 3303 2320 3359 Honora
2351 3315 2543 3375 patrem
2570 3317 2712 3359 tuum
2733 3316 2778 3360 et
2820 3319 3030 3360 matrem
3069 3316 3207 3360 tuam
3229 3348 3244 3371 ,
3274 3307 3564 3375 subjnnxit,
3599 3307 3690 3361 Sic

2098 3397 2228 3450 enim
2253 3397 2348 3451 eris
2381 3399 2635 3467 longtevus
2678 3413 2830 3466 super
2856 3406 3039 3450 terram
3067 3396 3298 3467 (Ep/tes.
3332 3397 3384 3452 6.
3416 3396 3470 3450 2.
3496 3398 3529 3452 5
3553 3401 3590 3468 ).
3623 3396 3690 3451 Et

2099 3488 2212 3557 ipse
2244 3489 2497 3542 Dominus
2527 3489 2716 3542 latroni
2747 3506 2760 3542 :
2795 3489 2965 3543 Hodie
3003 3505 3195 3543 meeum
3235 3491 3330 3543 eris
3360 3491 3412 3543 in
3452 3491 3690 3559 paradiso

2102 3579 2121 3650 (
2158 3579 2286 3634 Luc.
2317 3579 2407 3634 25.
2439 3581 2509 3634 45
2533 3578 2576 3653 ).
2629 3581 2809 3651 Neque
2840 3582 2982 3635 enim
3015 3581 3085 3634 ob
3126 3580 3298 3634 futura
3331 3581 3504 3634 solum
3549 3581 3686 3635 bella

2098 3669 2427 3734 cohortatur,
2456 3670 2552 3725 sed
2577 3671 2736 3724 etiam
2759 3671 2829 3724 ob
2851 3671 3128 3740 praisentia
3163 3681 3379 3740 propter
3403 3670 3520 3724 illos
3539 3670 3689 3724 audi-

2099 3771 2266 3828 tores,
2296 3762 2385 3831 qui
2413 3763 2706 3817 crassiores
2731 3762 2842 3816 luec
2866 3763 3015 3832 prius
3043 3777 3201 3832 quam
3232 3762 3399 3816 futura
3422 3771 3684 3831 quierunt.

2098 3852 2223 3907 Ideo
2253 3863 2306 3906 et
2335 3853 2388 3907 in
2415 3854 2759 3923 sequentibus
2780 3853 2900 3908 dicit
2926 3870 2938 3906 :
2963 3852 3084 3906 Esto
3109 3853 3423 3906 consentiens
3447 3851 3688 3904 adversa-

2097 3942 2174 3996 rio
2194 3951 2278 3996 tuo
2311 3942 2522 4012 (Matth.
2551 3944 2604 3998 5.
2635 3943 2760 4012 εδ).
2788 3941 2990 3996 Deinde
3013 3941 3314 4009 hujusmodi
3340 3941 3688 4011 philosophia)

2098 4031 2374 4100 pra-mium
2391 4034 2592 4097 statuit,
2610 4041 2664 4085 et
2678 4034 2752 4085 ait
2771 4049 2786 4086 :
2809 4031 2890 4084 Ne
2915 4031 3080 4084 tradat
3102 4041 3148 4083 te
3167 4031 3485 4085 adversarius
3497 4033 3684 4102 judicr,

2099 4133 2145 4176 et
2174 4123 2340 4193 judea:
2379 4124 2629 4176 ministro.
2663 4122 2850 4177 Viden‘
2877 4119 3020 4175 unde
3047 4120 3276 4174 terruit?
3324 4123 3368 4175 A
3403 4122 3686 4176 sensilibus

2100 4213 2322 4278 scilicet,
2352 4223 2404 4268 et
2429 4228 2550 4281 quae
2578 4227 2722 4282 sazpe
2750 4212 3084 4283 contingunt.
3114 4211 3181 4265 Et
3205 4225 3386 4266 rursus
3410 4230 3422 4265 :
3449 4213 3688 4278 Quicum-

2099 4318 2196 4371 que
2213 4302 2395 4357 dixerit
2425 4304 2571 4373 fratri
2593 4320 2705 4370 suo,
2726 4302 2888 4371 Raca,
2909 4318 3022 4356 reus
3042 4301 3134 4356 erit
3151 4302 3364 4357 concilio
3384 4301 3490 4372 (Ib.
3505 4320 3554 4356 υ.
3568 4303 3687 4374 2'3.)

2101 4391 2297 4449 Paulus
2325 4409 2537 4465 quoque
2581 4393 3012 4464 frequentissime
3054 4394 3156 4447 sub
3197 4407 3414 4448 sensum
3443 4393 3688 4450 cadentia

2102 4491 2319 4564 praemia
2353 4488 2620 4559 proponit,
2646 4498 2700 4542 et
2727 4503 2758 4542 a
2791 4486 3146 4557 praesentibus
3165 4475 3451 4552 ‘bortatur;
3479 4499 3536 4541 ut
3567 4503 3688 4542 eum

2101 4583 2170 4639 de
2195 4581 2496 4652 virginitate
2524 4579 2739 4635 disserit
2765 4597 2777 4634 :
2808 4579 2940 4633 nihil
2961 4578 3160 4648 quippe
3188 4576 3254 4632 de
3275 4577 3422 4631 caelis
3447 4593 3689 4632 comme-

2102 4683 2296 4741 morat,
2324 4673 2417 4730 sed
2445 4689 2510 4728 ex
2538 4671 2897 4743 praesentibus
2926 4671 3171 4724 hortatur
3200 4670 3281 4723 his
3308 4669 3484 4724 verbis
3509 4709 3524 4735 ,
3560 4669 3690 4725 Pro-

2103 4775 2212 4836 pter
2232 4766 2502 4819 iastantem
2538 4764 2881 4817 necessitatem
2925 4761 2943 4830 (
2967 4760 3017 4813 I.
3045 4759 3162 4814 Cor.
3193 4761 3246 4813 7.
3275 4757 3346 4814 9.6
3369 4757 3390 4830 )
3415 4776 3428 4824 ;
3455 4769 3510 4814 et
3533 4801 3545 4826 ,
3577 4760 3690 4831 Ego

2101 4867 2269 4912 autem
2287 4857 2423 4910 vobis
2445 4871 2597 4925 parca
2618 4853 2775 4925 (Ibid.
2801 4869 2847 4908 υ.
2868 4851 2962 4923 28)
2985 4867 3000 4917 ;
3035 4861 3108 4918 et,
3137 4851 3263 4908 Volo
3285 4862 3454 4908 autem
3475 4870 3559 4908 vos
3585 4855 3691 4910 sine

2101 4947 2439 5003 sollicitudine
2466 4961 2571 5000 esse
2611 4944 2785 5016 (Ibid.
2818 4959 2865 4998 υ.
2892 4944 2961 4998 '52
2987 4948 3025 5013 ).
3057 4944 3147 4998 Sic
3171 4944 3328 5014 igitur
3353 4955 3407 4999 et
3429 4944 3680 4999 Christus

2104 5037 2467 5110 spiritualibus
2489 5036 2762 5092 sensibilis
2791 5036 3020 5091 miscuit.
3050 5036 3184 5102 Quia
3214 5037 3356 5092 enim
3379 5038 3522 5093 mitis
3544 5039 3689 5108 quis-

2105 5145 2210 5200 que
2235 5137 2422 5200 putare
2450 5129 2618 5198 possit
2645 5141 2706 5183 se
2745 5142 2839 5182 sua
2865 5127 3042 5181 omnia
3071 5127 3296 5197 perdere
3315 5171 3330 5196 ,
3361 5129 3687 5184 contrarium

2106 5223 2197 5278 ille
2225 5221 2506 5290 pollicetur
2529 5218 2713 5274 dicens
2734 5261 2749 5285 ,
2779 5219 2919 5274 hunc
2944 5219 3116 5289 ipsum
3156 5234 3276 5275 esse
3298 5220 3386 5289 qui
3415 5235 3507 5274 sua
3531 5220 3686 5274 tutis.

2107 5313 2242 5368 sime
2267 5309 2538 5382 possideat
2560 5351 2576 5378 ,
2603 5310 2692 5381 qui
2728 5324 2825 5366 nec
2848 5309 3020 5365 audax
3045 5348 3061 5377 ,
3105 5325 3206 5366 nec
3247 5321 3544 5366 ostentator
3571 5311 3639 5363 sit
3668 5327 3683 5363 :

2173 5445 2245 5508 (a)
2278 5444 2444 5508 Nescio
2461 5457 2547 5494 cur
2568 5444 2695 5508 dicat
2718 5443 3099 5508 Chrysostomus,
3125 5456 3358 5506 nusquam
3381 5444 3428 5491 in
3450 5443 3690 5508 scriptura

2109 5505 2338 5568 reperiri,
2366 5512 2546 5556 terram
2574 5505 2905 5568 rpiritualém,_
2933 5507 3174 5568 siquidem
3207 5505 3336 5554 terra
3360 5505 3686 5568 promissionis

2111 5564 2401 5631 inielligitur
2417 5564 2747 5631 spiritualiter,
2768 5569 2860 5617 nisi
2880 5564 3009 5631 forte
3031 5567 3303 5631 significare
3329 5564 3446 5613 velit
3463 5564 3585 5614 hanc
3610 5580 3686 5615 vo-

2111 5641 2240 5688 cem,
2262 5629 2460 5691 terram,
2484 5629 2637 5678 solam
2663 5643 2922 5691 numquam
2947 5630 2996 5676 in
3027 5629 3264 5691 Scriptura
3303 5638 3558 5676 occurrere
3585 5641 3688 5691 pro,

2113 5697 2295 5742 terram
2313 5689 2628 5745 sviritttalem.
2653 5692 2782 5753 Quod
2796 5689 2976 5741 'verum
3001 5701 3112 5739 esse
3141 5689 3348 5737 videtur.
