4084 6210
351 287 455 343 2'27

350 416 472 454 nam
501 396 592 467 qui
619 393 738 449 talis
768 389 926 446 fuerit
948 427 962 452 ,
994 387 1227 455 paternis
1256 384 1414 437 etiam
1440 377 1596 435 bonis
1621 390 1764 445 stepe
1789 372 1932 429 ext-i-

346 492 442 547 det
464 531 481 554 ,
509 498 564 545 et
589 488 756 555 ipsius
782 482 974 537 anima!
998 479 1256 549 jacturam
1281 474 1455 528 faciet.
1487 468 1734 538 Alioquin
1757 474 1937 519 autem

350 585 471 652 quia
519 580 572 633 in
604 554 784 630 Veteri
826 573 1168 626 Testamento
1206 563 1461 635 propheta
1506 561 1758 616 dixerat:
1789 554 1937 607 Mites

349 648 517 728 autem
552 668 895 723 hereditabunt
932 674 1113 716 terrant
1157 667 1174 729 (
1207 658 1348 712 l’sul.
1387 655 1476 711 56.
1518 654 1577 708 ii
1605 655 1659 722 ),
1698 666 1727 703 a
1761 648 1937 703 verbis

351 765 458 835 jam
486 758 831 816 familiaribus
857 767 1158 809 sermonem
1191 749 1340 813 texit,
1372 755 1424 799 ut
1454 759 1557 798 non
1588 742 1783 809 ubique
1821 740 1940 792 inu-

353 857 523 910 sitatis
551 862 726 908 utatur
753 849 951 903 verbis.
985 846 1108 900 [lare
1142 858 1299 912 porro
1324 841 1469 901 dicit,
1507 852 1609 888 non
1634 835 1681 888 in
1708 846 1939 903 pra-sen-

355 952 492 1004 tibus
516 946 728 1017 praamia
760 939 1227 997 circumscribens,
1258 933 1350 987 sed
1373 946 1492 985 cum
1516 928 1598 982 his
1619 926 1705 981 illa
1726 935 1939 995 quoque

355 1040 715 1110 suppeditans.
745 1035 874 1089 Nam
903 1032 949 1085 si
985 1028 1253 1099 quidpiam
1305 1021 1577 1093 spirituale
1620 1019 1759 1073 dicat
1784 1058 1799 1081 ,
1833 1030 1937 1068 non

354 1108 524 1188 aufert
563 1143 737 1186 tamen
770 1125 1047 1196 praesentia
1082 1139 1097 1185 ;
1143 1120 1187 1173 si
1221 1134 1346 1172 vero
1370 1113 1566 1185 aliquid
1597 1129 1646 1167 m
1694 1108 1939 1180 praesenti

357 1225 462 1277 vita
494 1221 792 1291 promittat,
828 1228 932 1269 non
967 1213 1047 1265 his
1087 1221 1291 1263 tantum
1324 1205 1727 1276 promiSsiOnem
1756 1200 1894 1254 sistit
1921 1216 1934 1249 :

357 1330 478 1366 nam
496 1290 734 1376 iQuterite
760 1348 775 1373 ,
817 1305 1020 1375 inquit,
1050 1316 1257 1371 regnum
1286 1298 1419 1361 Dei,
1454 1306 1501 1349 et
1531 1295 1636 1348 hazc
1662 1292 1829 1345 omnia
1846 1290 1943 1342 ad-

358 1404 590 1477 ficientur
609 1399 745 1455 vobis
768 1400 784 1467 (
812 1397 1002 1450 Matth.
1028 1394 1082 1448 6.
1109 1393 1177 1447 55
1199 1392 1240 1462 ).
1267 1391 1335 1444 Et
1361 1403 1569 1443 rursum
1592 1402 1605 1437 :
1634 1386 1942 1451 Quicumque

356 1492 607 1548 dimiserit
639 1490 865 1551 domum,
894 1496 982 1539 aut
1009 1490 1212 1555 fratres,
1243 1491 1329 1535 aut
1352 1489 1567 1550 patrem,
1601 1485 1686 1528 aut
1709 1484 1935 1535 matrem,

357 1599 444 1641 aut
464 1600 691 1645 uxorem,
724 1592 809 1634 aut
833 1581 987 1648 ﬁlios,
1015 1587 1104 1631 aut
1132 1590 1282 1646 agros
1327 1581 1530 1642 propter
1554 1584 1730 1622 nomen
1755 1580 1939 1628 meum,

357 1678 645 1747 centuplum
671 1674 882 1742 accipiet
928 1673 978 1723 in
1009 1670 1193 1723 sa'culo
1224 1669 1321 1720 isto
1342 1707 1356 1731 ,
1404 1679 1453 1718 et
1482 1666 1533 1717 in
1577 1667 1747 1731 futuro
1790 1659 1943 1712 vitam

359 1780 597 1823 mternam
646 1763 915 1835 possidebit
961 1759 1090 1831 (Id.
1141 1758 1227 1813 i9.
1282 1757 1374 1810 29.
1426 1765 1471 1808 et
1520 1754 1685 1807 Marc.
1727 1750 1813 1804 10.
1848 1748 1936 1802 29.

359 1860 429 1916 30
453 1862 489 1928 ).
522 1859 575 1915 ϐ.
610 1858 752 1912 Beati
776 1856 862 1926 qui
897 1856 1123 1908 esuriant
1166 1861 1213 1903 et
1243 1850 1417 1902 sitiunt
1453 1846 1727 1916 justitiam.
1773 1843 1942 1910 Quam

360 1950 659 2022 justitiam?
690 1950 795 2001 Ant
823 1946 1073 1999 virtutem
1103 1942 1243 1995 illam
1278 1941 1327 1992 in
1350 1953 1563 2007 genere,
1592 1944 1683 1989 aut
1708 1933 1942 2001 Speciem

363 2044 502 2097 illam
530 2039 749 2109 justitite
774 2036 963 2096 innuit,
994 2049 1113 2102 quae
1143 2031 1381 2084 avaritia:
1410 2026 1653 2097 opposita
1680 2034 1780 2079 est.
1805 2024 1939 2089 Quia

362 2134 503 2187 enim
523 2131 591 2186 dc
609 2130 946 2197 eleemosyna
969 2136 1286 2195 pra‘ceptum
1303 2121 1523 2175 daturus
1534 2117 1797 2182 est,docet
1812 2130 1945 2185 quo-

365 2223 526 2278 modo
552 2222 694 2276 illam
730 2232 987 2275 exercere
1010 2223 1285 2285 Oporteat;
1313 2211 1593 2275 videlicet,
1622 2224 1727 2263 non
1757 2224 1821 2262 ex
1864 2222 1948 2261 rae

366 2317 511 2384 pina,
543 2328 647 2368 non
674 2327 740 2367 ex
765 2309 982 2365 avaritia
1007 2308 1189 2362 beatos
1209 2303 1457 2374 praedicat
1484 2317 1598 2368 eos,
1622 2302 1708 2371 qui
1732 2300 1951 2369 justitite

365 2407 493 2461 dant
520 2419 760 2474 operam.

440 2498 494 2551 oi.
539 2495 662 2549 Ηωε
690 2493 835 2549 verba
861 2534 877 2557 ,
923 2491 1120 2545 esurire
1153 2500 1197 2543 et
1228 2489 1367 2543 sitire
1394 2487 1648 2557 justitiam
1669 2527 1683 2546 ,
1713 2496 1953 2548 quantum

369 2590 466 2642 vim
492 2585 725 2640 habeant.
762 2583 860 2648 Qui
879 2584 976 2637 sint
1003 2580 1365 2645 misericordes,
1399 2578 1586 2632 mundo
1610 2578 1780 2640 corde,
1809 2576 1954 2647 paci-

372 2680 484 2748 ﬁci;
500 2688 691 2747 quanta
706 2692 877 2729 eorum
897 2690 1101 2727 merces.
1120 2672 1288 2725 Virtus
1299 2681 1400 2724 tota
1413 2671 1595 2723 ortinae
1611 2667 1950 2738 philosophia.

370 2800 442 2812 -—-
467 2772 527 2825 Et
564 2767 956 2824 animadvertas
995 2766 1153 2821 velim
1213 2778 1337 2818 cum
1377 2771 1572 2832 quanta
1618 2760 1955 2815 vehementia

372 2865 422 2919 id
451 2863 794 2934 expresserit.
843 2861 957 2915 Non
987 2861 1127 2915 enim
1166 2858 1335 2920 dixit,
1381 2856 1524 2910 Beati
1567 2854 1656 2925 qui
1689 2852 1955 2922 justitiam

370 2964 678 3016 sectantur;
702 2952 816 3012 sed,
852 2952 997 3005 Beati
1038 2951 1124 3018 qui
1152 2950 1374 3004 esuriant
1404 2957 1449 3000 et
1482 2946 1655 2998 sitiunt
1671 2945 1953 3013 justitiam,

376 3060 432 3101 ttt
457 3064 563 3102 non
592 3044 954 3117 perfunctorie
972 3085 988 3108 ,
1017 3042 1109 3096 sed
1137 3056 1256 3095 cum
1285 3039 1426 3093 omni
1464 3037 1750 3105 cupiditate
1788 3036 1956 3105 ipsam

373 3140 648 3192 adeamus.
675 3136 807 3203 Quia
836 3136 979 3189 enim
1013 3132 1139 3187 illud
1166 3130 1400 3185 avaritia!
1425 3129 1659 3182 maxime
1687 3128 1957 3197 proprium

373 3240 487 3292 est,
519 3245 692 3299 neque
722 3228 791 3281 ita
831 3228 1005 3280 cibum
1037 3236 1195 3293 atque
1243 3233 1423 3291 potum
1451 3220 1817 3274 desideramus
1838 3261 1855 3285 ,
1904 3227 1963 3273 ut

379 3322 603 3389 plurima
639 3317 913 3388 possidere
939 3326 995 3372 et
1024 3315 1303 3384 acquirere
1327 3353 1341 3377 ,
1390 3311 1546 3366 talem
1586 3311 1959 3381 cupiditatem,

380 3413 432 3465 in
503 3409 822 3464 contrariam
878 3406 1114 3460 avaritiae
1161 3405 1407 3460 virtutem
1460 3405 1744 3457 transferre
1783 3402 1959 3472 jussit.

380 3499 583 3556 Deinde
634 3513 819 3552 rursus
865 3497 1117 3552 sensibile
1176 3494 1452 3566 praemium
1503 3494 1686 3548 definit
1733 3493 1961 3549 dicens:

382 3592 637 3658 Quoniam
685 3590 781 3659 ipsi
813 3589 1190 3643 saturabuntur.
1220 3587 1354 3654 Quia
1380 3589 1522 3643 enim
1554 3594 1769 3655 putatur
1794 3586 1967 3640 avari-

384 3687 453 3738 tia
486 3684 681 3738 multos
727 3684 918 3736 divites
960 3683 1133 3736 facere
1157 3723 1172 3747 ,
1204 3680 1333 3735 dicit
1372 3680 1697 3734 contrarium
1747 3677 1968 3732 omnino

380 3792 503 3831 esse
533 3793 546 3826 :
577 3775 626 3829 id
654 3776 798 3830 enim
849 3784 1063 3844 prwstat
1089 3772 1313 3841 justitia.
1348 3771 1423 3825 Ne
1465 3772 1640 3840 itaque
1667 3770 1786 3824 cum
1823 3769 1966 3838 justa

380 3866 646 3936 operaris,
678 3873 1045 3935 paupertatem
1077 3864 1266 3917 timeas
1289 3904 1304 3927 ,
1340 3877 1473 3916 neve
1503 3860 1696 3915 famem
1737 3871 1963 3914 metuas.

385 3958 517 4012 Nam
547 3957 633 4027 qui
668 3956 840 4010 aliena
874 3955 1106 4024 rapiunt,
1139 3954 1190 4007 bi
1214 3952 1442 4007 maxime
1460 3952 1526 4007 ab
1548 3950 1795 4005 omnibus
1819 3948 1969 4004 exci-

382 4053 549 4114 dunt;
580 4058 635 4103 ut
662 4050 749 4121 qui
777 4049 1034 4118 justitiam
1068 4055 1246 4113 amat,
1276 4046 1453 4099 omnia
1484 4054 1598 4099 tuto
1629 4042 1882 4113 possidet.
1911 4042 1969 4097 Si

386 4154 564 4199 autem
598 4145 630 4197 ii
658 4143 747 4212 qui
776 4143 946 4197 aliena
977 4156 1081 4195 non
1102 4140 1343 4210 cupiunt,
1377 4148 1453 4193 tot
1478 4138 1722 4193 fruuntur
1750 4136 1969 4202 divitiis,

388 4238 553 4290 multo
570 4235 737 4304 magis
758 4234 791 4287 ii
809 4234 896 4303 qui
918 4248 1010 4287 sua
1034 4230 1345 4302 largiuntur.
1365 4231 1418 4285 7.
1445 4228 1589 4284 Beati
1604 4229 1971 4283 misericordes.

390 4330 487 4384 llic
514 4344 618 4381 non
648 4335 850 4380 tantum
880 4325 1119 4393 pecunia
1146 4324 1429 4393 largitores
1455 4323 1634 4378 dicere
1664 4323 1793 4377 mihi
1823 4321 1973 4376 vide-

393 4430 478 4474 tur
498 4461 511 4480 ,
542 4417 636 4473 sed
664 4418 824 4471 etiam
847 4430 944 4469 eos
969 4415 1057 4482 qui
1087 4414 1340 4483 operibus
1368 4413 1786 4468 misericordiam
1814 4428 1973 4468 excr-

392 4521 534 4566 rent.
568 4496 710 4562 varii
750 4508 892 4562 enim
920 4514 1043 4558 sunt
1083 4504 1367 4559 miserendi
1400 4503 1574 4566 modi,
1607 4513 1662 4558 et
1692 4506 1853 4557 latum
1893 4511 1978 4559 est

397 4610 740 4673 praeceptum.
770 4596 921 4665 Quod
950 4596 1108 4664 igitur
1138 4594 1347 4649 illorum
1373 4604 1456 4647 est
1487 4594 1804 4663 praamiutn?
1837 4594 1976 4660 Quo-

390 4699 535 4751 niam
562 4692 661 4762 ipsi
688 4691 1083 4748 misericordiam
1118 4697 1501 4758 consequentur.
1531 4687 1595 4742 Et
1625 4686 1833 4741 videtur
1855 4686 1975 4755 qui-

391 4787 515 4841 dem
551 4786 769 4855 :rqttalis
793 4799 911 4839 esse
941 4782 1253 4838 retributio:
1285 4779 1379 4835 sed
1400 4789 1482 4834 est
1506 4780 1621 4849 ipso
1649 4779 1789 4833 bono
1817 4793 1980 4848 opere

394 4879 555 4947 longe
598 4875 787 4942 major.
827 4874 930 4944 Ipsi
968 4887 1197 4943 namque
1237 4872 1558 4926 miserentur
1604 4877 1661 4924 ut
1699 4869 1978 4932 homines,

394 4971 487 5025 sed
527 4966 943 5022 misericordiam
965 4973 1360 5034 consequuntur
1379 4962 1824 5016 abnniversorum
1849 4961 1979 5015 Deo.

398 5062 510 5118 Non
549 5067 672 5115 sunt
696 5067 872 5112 autem
899 5058 1132 5126 aequales
1162 5057 1387 5110 humana
1415 5054 1685 5108 miseratio
1707 5062 1759 5106 et
1781 5052 1980 5113 divina,

397 5153 492 5210 sed
530 5159 786 5223 quantum
830 5149 968 5203 inter
1008 5147 1261 5202 malitiam
1285 5156 1339 5202 et
1377 5145 1667 5202 bonitatem
1695 5143 1981 5198 discrimen

399 5255 508 5312 est,
540 5251 740 5298 tantum
770 5241 908 5294 inter
934 5238 1036 5293 hoc
1060 5247 1111 5293 et
1138 5237 1286 5292 illud.
1311 5237 1365 5292 8.
1394 5234 1538 5290 Beati
1576 5235 1764 5289 mando
1792 5234 1944 5288 corde
1964 5276 1981 5300 ,

401 5336 644 5407 quoniam
677 5332 776 5403 ipsi
812 5330 976 5384 Deum
1020 5327 1272 5382 videbunt.
1316 5328 1453 5382 Ecce
1501 5342 1682 5382 rursus
1712 5325 1986 5396 spirituale

406 5430 710 5499 praunium.
743 5425 966 5482 Mundos
996 5432 1171 5477 autem
1201 5422 1287 5477 hic
1314 5432 1468 5477 vocat
1511 5437 1605 5476 eos
1631 5422 1719 5492 qui
1766 5421 1984 5476 univer—

406 5523 575 5577 salem
604 5522 851 5576 virtutem
875 5516 1167 5589 possident,
1194 5515 1493 5582 nulliusque
1521 5516 1621 5568 siln
1644 5515 1767 5569 mali
1785 5515 1987 5571 conscii

410 5626 555 5679 sunt,
577 5615 688 5668 sive
721 5628 813 5668 eos
851 5612 941 5683 qui
981 5612 1036 5665 in
1078 5610 1399 5663 continentia
1424 5608 1601 5660 vivunt
1635 5625 1648 5662 :
1685 5607 1824 5661 nulla
1844 5607 1986 5661 enim

413 5706 566 5760 nobis
602 5706 672 5761 ita
701 5720 834 5776 opus
861 5714 945 5761 est
968 5704 1031 5759 ad
1057 5702 1219 5758 Deum
1248 5699 1553 5768 videndum,
1576 5711 1633 5756 ut
1658 5700 1744 5754 illa
1771 5702 1982 5757 virtute.

1058 274 1114 330 S.
1153 269 1430 328 JOANNIS
1454 257 1927 323 CHRYSOSTOMI
1959 254 2278 312 ARCIIIEP.
2309 254 2838 312 CONSTANTINOP.

3505 248 3611 304 298

2048 367 2173 422 Ideo
2199 377 2254 421 et
2279 367 2471 422 Paulus
2494 370 2733 424 dicebat:
2762 370 2943 423 Pacem
2972 370 3230 423 sectamini
3252 387 3363 424 cum
3391 375 3619 431 omnibus

2042 460 2502 519 etsanctimoniam,
2526 461 2633 512 sine
2650 477 2747 528 qua
2773 478 2916 513 nemo
2935 461 3115 515 videbit
3145 461 3417 515 Dominum
3434 463 3619 533 (Hebr.

2045 549 2131 603 12.
2166 549 2294 618 ts).
2336 550 2600 604 Visionem
2633 567 2791 619 porro
2823 552 2908 605 hic
2952 552 3115 614 dicit,
3160 567 3279 622 qua:
3324 554 3527 610 homini
3555 558 3625 612 sit

2042 641 2329 709 possibilis.
2361 642 2491 708 Quia
2519 643 2663 696 enim
2696 642 2845 696 multi
2875 651 3000 696 sunt
3028 645 3114 712 qui
3146 646 3498 713 miserentur,
3528 664 3625 705 nec

2043 734 2257 800 rapiunt
2285 775 2299 800 ,
2334 750 2432 788 nec
2458 735 2692 787 avaritia:
2719 735 2934 788 student
2953 777 2966 795 ,
2996 735 3087 789 sed
3122 736 3447 793 fornicantur
3474 750 3529 794 et
3568 744 3629 796 li-

2046 825 2206 879 bidini
2247 841 2305 879 se
2336 826 2575 891 dedunt,
2606 826 2894 881 ostendens
2938 827 3061 881 illud
3090 829 3315 897 pritntnn
3356 847 3463 885 non
3501 835 3631 889 satis

2042 932 2163 972 esse
2183 958 2198 979 ,
2228 919 2327 971 hoc
2356 919 2516 971 etiam
2547 918 2769 972 addidit.
2798 919 2949 983 Quod
2980 920 3136 972 etiam
3165 921 3358 975 Paulus
3383 921 3624 978 Macedo-

2045 1009 2197 1062 nibus
2224 1009 2533 1062 tcstifieatus
2559 1017 2642 1063 est
2668 1011 2717 1063 in
2752 1009 2983 1077 Epistola
3015 1012 3078 1063 ad
3106 1012 3412 1069 Corinthios
3437 1054 3452 1077 ,
3488 1018 3628 1085 quod

2045 1114 2147 1152 non
2176 1099 2333 1153 modo
2357 1101 2693 1170 eleemosyna
2723 1101 2913 1155 divites
2935 1112 3132 1165 essent,
3167 1106 3260 1158 sed
3305 1107 3464 1160 ctiam
3507 1109 3627 1164 aliis

2044 1190 2365 1243 virtutibus:
2399 1192 2644 1259 loquutus
2683 1192 2825 1245 enim
2872 1192 2939 1245 de
2990 1191 3305 1249 liberalitate
3344 1211 3528 1252 eorum
3573 1201 3630 1253 in

2043 1282 2324 1350 erogandis
2349 1283 2602 1350 pecuniis,
2636 1282 2817 1346 addit,
2848 1284 2965 1338 illos
2990 1299 3108 1339 sese
3137 1285 3350 1340 dedisse
3378 1288 3627 1348 Domino,

2043 1372 2111 1425 Et
2154 1373 2294 1427 nobis
2345 1372 2574 1444 (2.Cor.
2609 1374 2661 1428 8.
2688 1375 2788 1443 5).
2819 1374 2871 1428 9.
2920 1374 3065 1428 Beati
3110 1379 3328 1444 paciﬁci.
3378 1378 3472 1433 Hic
3516 1396 3624 1434 non

2046 1468 2204 1517 tnodo
2236 1464 2595 1519 dissensiones
2634 1476 2842 1518 mutuas
2864 1507 2879 1531 ,
2909 1477 2962 1520 et
3005 1468 3307 1522 inimicitias
3340 1470 3584 1537 prohibet
3617 1512 3631 1535 ,

2044 1553 2139 1607 sed
2164 1556 2303 1608 aliud
2334 1556 2600 1624 quidpiam
2633 1555 2846 1625 insuper
2873 1557 3072 1626 exigit,
3123 1568 3178 1611 ut
3216 1570 3269 1612 et
3310 1561 3440 1613 alios
3465 1561 3627 1615 dissi-

2045 1645 2230 1699 dentes
2259 1646 2323 1699 ad
2346 1646 2683 1700 concordiam
2708 1663 3036 1713 revocamus,
3064 1663 3126 1701 ac
3153 1665 3337 1703 rursus
3356 1652 3629 1721 spirituale

2048 1738 2321 1805 praemium
2367 1740 2545 1791 offert.
2578 1740 2743 1803 Quale
2789 1740 2918 1794 illttd
2960 1741 3082 1795 est?
3112 1741 3363 1806 Quoniam
3409 1746 3503 1813 ipsi
3532 1746 3629 1814 ﬁlii

2046 1830 2142 1885 Dei
2167 1831 2490 1884 vocabantur.
2521 1833 2791 1898 Siquidem
2834 1832 3098 1903 Unigcniti
3141 1851 3274 1904 Opus
3322 1836 3449 1890 illud
3484 1837 3582 1893 fuit
3609 1880 3625 1904 ,

2048 1921 2307 1989 disjuncta
2353 1923 2603 1991 copulare
2626 1964 2640 1985 ,
2677 1926 2959 1992 pugnantia
3004 1927 3307 1982 conciliare.
3340 1929 3534 1984 Deinde
3565 1947 3633 1987 ne

2050 2025 2202 2081 putes
2247 2028 2429 2081 pacem
2481 2014 2675 2084 ubique
2726 2030 2847 2071 esse
2895 2017 3131 2084 bonum,
3180 2019 3493 2087 subjunxit:
3539 2023 3629 2078 IU.

2047 2101 2191 2156 Beati
2217 2104 2301 2171 qui
2350 2106 2779 2174 persequutionem
2811 2108 3072 2175 patiuntur
3102 2120 3306 2179 propter
3333 2113 3631 2180 justitiam;

2052 2194 2152 2249 hoc
2176 2204 2277 2261 est,
2311 2194 2522 2249 virtutis
2550 2211 2708 2250 causa
2732 2237 2749 2262 ,
2781 2213 2875 2265 pro
2902 2198 3127 2252 aliorum
3157 2201 3462 2257 defensione
3490 2246 3503 2265 ,
3534 2219 3632 2273 pro

2052 2285 2267 2352 pietate.
2316 2284 2579 2340 Virtutem
2624 2289 2764 2342 enim
2806 2304 3018 2359 semper
3045 2292 3181 2346 solet
3228 2308 3419 2349 vocare
3470 2305 3641 2350 totam

2052 2378 2245 2431 anima:
2277 2378 2681 2449 philosophiam.
2713 2382 2799 2435 H.
2831 2380 2973 2434 Beati
2999 2385 3133 2445 estis,
3166 2401 3277 2437 cum
3306 2388 3635 2455 exprobrave-

2053 2473 2153 2524 rint
2178 2471 2312 2524 vobis
2335 2472 2583 2535 homines,
2615 2483 2660 2527 et
2682 2476 2966 2543 persequuti
2990 2492 3073 2528 vos
3099 2476 3287 2545 fuerint
3308 2518 3323 2542 ,
3348 2489 3394 2530 et
3420 2480 3638 2533 dixerint

2055 2579 2201 2616 omne
2232 2564 2420 2615 malum
2446 2564 2645 2618 verbum
2672 2567 2937 2619 adversum
2979 2584 3063 2622 vos
3089 2569 3400 2631 mentientes,
3434 2581 3639 2638 propter

2057 2671 2153 2708 me.
2190 2654 2273 2709 12.
2319 2654 2545 2709 Gaudete
2586 2666 2633 2710 et
2676 2658 2940 2711 exsultate.
2984 2659 3062 2713 Ac
3100 2660 3143 2714 si
3175 2660 3375 2715 diceret
3406 2678 3421 2717 :
3450 2660 3505 2717 Si
3541 2678 3641 2717 vos

2057 2747 2468 2815 przestigiatores
2487 2789 2503 2812 ,
2532 2748 2575 2800 si
2611 2747 2918 2804 seductores
2938 2792 2952 2815 ,
2985 2751 3029 2805 si
3060 2751 3358 2821 maleficos,
3387 2756 3430 2809 si
3454 2757 3641 2825 quovis

2058 2841 2162 2894 alio
2190 2843 2407 2896 nomine
2446 2852 2676 2908 vocent,
2710 2842 2851 2898 beati
2888 2845 3037 2899 estis.
3071 2844 3208 2913 Quid
3238 2845 3322 2901 bis
3362 2853 3641 2919 praeceptis

2060 2934 2374 2989 insolentius
2404 2933 2598 2997 fuerit,
2626 2950 2745 2989 cum
2790 2936 2903 2991 haec
2928 2936 3282 2993 desideranda
3325 2938 3451 2994 dicit
3476 2983 3491 3007 ,
3522 2958 3641 3011 qua:

2059 3026 2178 3078 aliis
2220 3026 2461 3095 fugienda
2492 3027 2777 3095 putantur?
2806 3027 3007 3097 Nempe
3049 3028 3353 3086 mendicare
3375 3072 3391 3095 ,
3421 3031 3599 3101 lugere
3622 3074 3639 3097 ,

2062 3118 2522 3185 persequutiouem
2559 3119 2662 3185 pati
2687 3159 2700 3176 ,
2733 3118 2869 3171 mala
2912 3118 3114 3175 audire.
3139 3121 3385 3175 Attamen
3410 3131 3464 3176 et
3488 3122 3641 3184 dixit,

2061 3216 2113 3262 et
2144 3208 2347 3274 suasit,
2381 3224 2486 3261 non
2512 3207 2717 3261 duobus
2741 3249 2756 3273 ,
2792 3209 2878 3264 vel
2904 3209 3088 3265 decem
3117 3251 3132 3275 ,
3163 3211 3246 3264 vel
3292 3212 3474 3283 viginti
3500 3254 3516 3279 ,
3558 3215 3643 3267 vel

2062 3306 2305 3361 centum,
2335 3298 2414 3352 vel
2447 3298 2590 3353 mille
2623 3298 2926 3354 hominibus
2947 3342 2961 3361 .
3013 3301 3105 3356 sed
3136 3302 3387 3356 universo
3417 3305 3553 3358 orbi.
3583 3305 3649 3359 Et

2063 3390 2340 3444 audientes
2371 3389 2457 3444 illa
2485 3406 2733 3457 onerosa,
2761 3392 2981 3446 molesta
3008 3433 3022 3455 ,
3055 3392 3253 3462 vulgari
3279 3396 3647 3450 consuetudini

2065 3484 2349 3543 contraria,
2374 3481 2655 3550 stupebant
2676 3483 2860 3537 turbae.
2884 3482 3051 3537 Tanta
3073 3494 3191 3539 erat
3212 3485 3439 3542 (liventis
3457 3488 3648 3542 virtus.

2138 3576 2189 3631 5.
2219 3574 2355 3628 Male
2369 3576 2544 3627 audire
2560 3592 2658 3628 non
2679 3576 2858 3645 sufﬁcit
2882 3576 2950 3628 ad
2973 3576 3141 3631 beatos
3160 3578 3470 3647 afﬁciendos;
3499 3597 3650 3634 unam

2069 3665 2388 3733 eamdemque
2405 3668 2674 3719 mercedem
2698 3668 2845 3719 variis
2862 3666 3090 3720 Christus
3113 3669 3394 3722 nominibus
3420 3672 3646 3737 protulit.

2072 3757 2239 3812 Filius
2272 3757 2421 3811 Patri
2451 3761 2660 3827 teqttalis
2698 3760 2903 3813 honore.
2944 3791 3015 3801 -—-
3051 3759 3316 3816 Cmterum
3354 3779 3419 3819 ne
3460 3775 3643 3834 putes.

2070 3851 2207 3905 male
2234 3851 2419 3905 audire
2448 3853 2618 3906 solum
2652 3851 2833 3908 beatos
2854 3853 3086 3920 efficere,
3112 3854 3244 3911 duas
3274 3858 3520 3925 apposuit
3544 3860 3649 3913 dis—

2074 3942 2375 4004 tinctiones,
2399 3943 2609 4010 quando
2629 3944 2835 3999 scilicet
2855 3944 2935 3998 vel
2959 3957 3173 4015 propter
3211 3947 3382 4015 ipsum
3425 3950 3647 4017 prolata,

2072 4034 2153 4087 vel
2184 4034 2457 4089 mendacia
2490 4034 2683 4089 fuerint
2708 4035 2847 4090 dicta
2879 4037 2984 4091 illa.
3016 4037 3145 4091 Nam
3176 4040 3218 4091 si
3260 4039 3374 4095 haec
3416 4056 3520 4095 non
3548 4040 3647 4095 ad-

2074 4125 2212 4188 sint,
2243 4142 2347 4181 non
2381 4126 2537 4180 modo
2581 4143 2684 4181 non
2716 4128 2899 4182 beatus
2920 4168 2935 4191 ,
2983 4129 3075 4182 sed
3107 4130 3268 4183 etiam
3313 4132 3475 4186 miser
3498 4141 3581 4187 est
3610 4132 3655 4186 is

2074 4220 2163 4291 qui
2194 4221 2330 4273 male
2355 4220 2519 4273 audit.
2556 4220 2756 4275 Deinde
2788 4220 2905 4275 vide
2945 4236 3128 4275 rursus
3161 4224 3475 4289 praemium:
3510 4225 3651 4291 Quo-

2076 4313 2215 4366 niam
2238 4328 2422 4366 merces
2442 4322 2603 4365 vestra
2624 4312 2781 4366 multa
2808 4322 2881 4365 est
2906 4313 2957 4366 in
2984 4314 3142 4367 caelis.
3167 4314 3246 4367 Tu
3271 4330 3399 4367 vero
3420 4315 3520 4369 etsi
3549 4332 3653 4368 tum

2077 4402 2142 4456 ad
2173 4402 2409 4472 singulas
2437 4402 2788 4458 beatitudiues
2814 4418 3035 4474 regnum
3062 4405 3175 4459 dari
3204 4407 3389 4460 audias
3412 4448 3425 4470 ,
3459 4423 3527 4461 ne
3544 4407 3658 4460 ani-

2080 4510 2169 4549 mo
2193 4494 2430 4549 deficias.
2481 4495 2697 4549 Etiamsi
2735 4496 2878 4549 enim
2924 4498 3138 4565 praemia
3178 4498 3391 4553 diverso
3427 4499 3659 4570 appellet

2080 4589 2323 4649 nomine,
2368 4598 2544 4644 tamen
2582 4604 2768 4645 omnes
2807 4588 2871 4645 ad
2911 4606 3129 4656 regnum
3179 4592 3483 4648 introducit.
3526 4590 3657 4647 Nam

2081 4694 2201 4733 cum
2232 4678 2390 4742 dicit,
2424 4678 2692 4747 Lugentes
2720 4681 3143 4736 consolationem
3166 4723 3179 4746 ,
3209 4696 3265 4737 et
3290 4684 3662 4740 misericordes

2082 4770 2501 4825 misericordiam
2533 4778 2956 4838 consequentur,
2986 4782 3041 4825 et
3072 4771 3253 4826 nmndi
3292 4775 3456 4828 corde
3494 4774 3662 4830 Deum

2085 4863 2371 4925 videbunt,
2405 4870 2459 4917 et
2492 4861 2691 4930 pacifici
2719 4861 2809 4915 filii
2842 4862 2931 4916 Dei
2964 4864 3327 4928 vocabuntur,
3362 4865 3492 4920 nihil
3520 4865 3663 4919 aliud

2089 4971 2181 5024 per
2209 4957 2321 5009 huic
2359 4954 2536 5009 omnia
2563 4954 2791 5020 indicat,
2818 4970 2975 5025 quam
3008 4971 3227 5025 regnum
3258 4958 3511 5011 caelorum
3535 4974 3549 5019 ;
3577 4957 3665 5027 qui

2087 5049 2229 5103 enim
2258 5048 2338 5101 ltis
2380 5046 2624 5101 fruuntur
2644 5089 2660 5112 ,
2693 5046 2746 5102 id
2774 5058 3170 5115 consequentur
3195 5049 3433 5103 omnino.
3463 5048 3541 5104 Ne
3572 5049 3669 5119 igi-

2092 5149 2175 5194 tur
2215 5139 2513 5194 mercedem
2553 5138 2695 5193 illam
2736 5149 2893 5207 putes
2917 5137 2983 5193 ad
3009 5138 3155 5192 solos
3194 5153 3455 5210 pauperes
3478 5140 3669 5210 spiritu

2090 5234 2359 5304 pertinere
2381 5272 2395 5295 ,
2426 5230 2519 5286 sed
2550 5231 2710 5285 etiam
2740 5230 2807 5285 ad
2834 5230 3129 5285 esurientes
3148 5230 3441 5300 justitiam,
3471 5231 3537 5284 ad
3571 5231 3673 5285 tui-

2095 5336 2173 5380 tes
2199 5334 2252 5379 et
2282 5324 2345 5379 ad
2395 5324 2529 5378 alios
2556 5337 2763 5378 omnes.
2808 5321 2932 5377 Ideo
2984 5323 3126 5377 enim
3155 5323 3206 5375 in
3234 5322 3459 5392 singulis
3506 5322 3673 5378 beati-

2095 5419 2329 5473 tudinem
2357 5416 2600 5485 apposuit
2622 5457 2636 5477 ,
2659 5425 2714 5469 ut
2739 5429 2804 5469 ne
2826 5412 2950 5483 quid
2973 5412 3226 5469 sensibile
3245 5422 3544 5481 exspectes.
3572 5411 3675 5467 Nes

2093 5527 2197 5582 que
2221 5511 2363 5565 enim
2397 5510 2581 5563 beatus
2606 5508 2708 5563 erit
2734 5507 2824 5560 ille
2850 5507 2937 5573 qui
2972 5506 3035 5560 iis
3062 5505 3405 5559 coronabitur
3428 5546 3442 5570 ,
3474 5520 3595 5574 qua!
3624 5506 3674 5557 in

2098 5602 2345 5674 pnesenti
2371 5602 2474 5654 vita
2503 5598 2889 5658 dissolvuntur,
2912 5606 2965 5649 et
2995 5596 3179 5649 umbra
3199 5594 3429 5650 celerius
3456 5604 3676 5664 pra-ter-

2097 5705 2336 5750 currunt.
2371 5692 2502 5749 Cum
2544 5691 2766 5746 dixisset
2793 5700 2967 5743 autem
2991 5730 3003 5753 ,
3030 5689 3214 5743 Merces
3268 5697 3434 5739 vestra
3487 5683 3673 5741 multa.
