4084 6210
356 318 464 374 2‘29

358 435 517 489 aliam
545 429 818 502 subiunxit
859 425 1276 483 consolationem
1323 425 1404 481 his
1435 424 1610 481 verbis
1637 443 1650 479 :
1684 423 1773 480 Sic
1802 424 1936 478 enim

362 525 652 597 persequuti
675 530 787 576 sunt
805 530 850 574 et
870 519 1140 591 prophetas
1160 561 1173 582 ,
1197 519 1281 588 qui
1300 521 1511 588 fuerunt
1535 528 1653 569 ante
1677 532 1779 570 ros.
1802 516 1934 583 Quia

361 617 507 671 enim
527 624 799 670 venturum
823 619 937 666 erat
958 625 1197 680 regnum,
1219 618 1276 664 et
1297 609 1347 662 in
1365 622 1458 676 spe
1479 609 1765 676 repositum
1786 613 1900 659 erat
1919 621 1932 658 :

364 706 489 761 hinc
507 705 612 760 illis
631 703 1048 757 consolationem
1075 699 1296 770 prtebet,
1315 714 1378 753 ex
1408 698 1660 752 societate
1687 697 1933 751 nimirum

365 813 544 851 eorum
566 835 581 864 ,
605 797 690 865 qui
713 804 838 849 ante
859 794 1004 863 ipsos
1026 793 1162 847 male
1188 791 1326 861 passi
1355 790 1581 844 fuerant.
1605 788 1680 843 Ne
1708 788 1900 858 putetis
1918 830 1934 850 ,

366 889 562 958 inquit,
593 901 686 940 vos
731 885 848 939 haec
894 884 1012 938 ideo
1039 885 1145 954 pati
1171 923 1185 943 ,
1230 881 1356 951 quia
1386 881 1648 935 contraria
1680 879 1854 933 dicitis
1882 885 1938 932 et

361 979 472 1049 lege
515 979 746 1033 statuitis
781 994 794 1041 ;
842 975 924 1030 vel
968 991 1061 1027 vos
1104 975 1253 1044 quasi
1302 988 1582 1043 pravorum
1629 971 1934 1040 dogmatum

361 1051 640 1140 magistros
669 1068 737 1122 ab
761 1069 865 1121 illis
896 1065 1168 1135 pellendos
1193 1079 1332 1120 esse.
1363 1064 1478 1119 Non
1507 1064 1648 1117 enim
1676 1077 1740 1116 ex
1769 1061 1934 1116 dicto-

355 1176 475 1216 rum
498 1161 760 1230 neqnitia,
789 1159 880 1212 sed
909 1174 972 1212 ex
997 1157 1324 1228 malignitate
1344 1155 1667 1211 audientium
1686 1196 1702 1220 ,
1732 1153 1936 1208 insidia:

358 1263 414 1305 et
443 1253 676 1319 pericula
708 1250 1012 1320 prodibunt.
1044 1250 1219 1316 Quare
1253 1263 1359 1302 non
1386 1248 1539 1303 vobis
1567 1247 1706 1302 male
1733 1247 1936 1316 patien-

357 1346 500 1399 tibus
529 1343 872 1408 maledicent,
903 1341 996 1397 sed
1042 1341 1146 1397 illis
1174 1340 1311 1396 male
1337 1340 1634 1410 agentibus.
1666 1338 1760 1392 llis
1789 1336 1938 1391 testi-

359 1437 596 1493 monium
642 1435 842 1506 prtebet
891 1444 1056 1489 totum
1105 1433 1430 1504 praeteritum
1477 1440 1704 1500 tempus.
1754 1428 1937 1496 Neque

359 1531 498 1584 enim
532 1528 816 1598 prophetas
848 1526 915 1581 de
955 1526 1232 1594 iniquitate
1272 1523 1353 1578 vel
1383 1522 1451 1576 de
1497 1522 1656 1590 impia
1698 1520 1937 1574 doctrina

360 1619 716 1680 accusabant,
743 1632 862 1670 cum
910 1616 1045 1669 alios
1090 1611 1383 1683 lapidarent
1411 1654 1426 1676 ,
1462 1612 1595 1665 alios
1638 1610 1898 1680 pellerent
1922 1649 1937 1672 ,

361 1710 496 1764 alios
521 1707 787 1763 sexcentis
817 1705 933 1760 aliis
982 1703 1258 1759 afﬁccrcnt
1313 1702 1466 1756 malis
1511 1701 1706 1770 (Hebr.
1737 1702 1821 1756 11.
1845 1701 1943 1755 55-

360 1802 484 1872 ⁸57).
531 1798 609 1852 Ne
655 1798 830 1866 itaque
854 1795 960 1850 hoc
984 1810 1077 1850 ros
1103 1793 1394 1864 perturbet.
1421 1792 1551 1846 Nam
1600 1791 1787 1847 eodem
1826 1791 1941 1845 ani-

367 1909 455 1946 mo
484 1891 640 1945 etiam
669 1903 806 1943 nunc
835 1889 1010 1942 omnia
1045 1895 1368 1956 perpetrant.
1399 1885 1641 1939 Vidistin’
1671 1883 1940 1955 quomodo

359 1997 551 2038 eorum
573 1994 762 2035 sensus
786 1979 1063 2042 excitarit,
1096 1977 1213 2031 illos
1233 1991 1400 2046 prope
1422 1975 1632 2046 Moysen
1655 1984 1708 2030 et
1734 1974 1938 2029 lleliam

365 2073 732 2130 constituens?
761 2070 849 2126 Sic
874 2081 926 2125 et
949 2069 1144 2124 Paulus
1173 2068 1240 2123 ad
1267 2066 1775 2122 Thessalonicenses
1801 2065 1939 2119 scri~

362 2165 498 2219 bens
534 2163 642 2217 ait:
685 2161 784 2215 Vos
810 2161 943 2214 enini
981 2161 1254 2213 imitatores
1286 2158 1411 2228 facti
1449 2158 1565 2211 estis
1595 2156 1940 2210 Ecclesiaruvt

363 2253 460 2308 Dei
485 2294 500 2320 ,
546 2267 658 2321 qua:
685 2260 800 2304 sunt
828 2251 881 2303 in
909 2249 1113 2303 Judaza.
1157 2248 1357 2302 Etenim
1383 2258 1429 2302 et
1456 2263 1543 2301 vos
1584 2248 1761 2302 eadem
1805 2247 1941 2315 passi

363 2345 484 2398 estis
509 2360 540 2396 a
565 2342 785 2413 propriis
808 2339 1169 2394 contribulibus
1185 2380 1200 2405 ,
1231 2340 1357 2393 sicut
1379 2347 1423 2392 et
1448 2338 1524 2392 illi
1550 2355 1582 2390 a
1608 2327 1825 2402 ludatis,
1853 2336 1940 2407 qui

362 2421 652 2489 occiderunt
690 2431 962 2485 Dominum
1004 2428 1180 2484 Jesum
1207 2439 1253 2483 et
1282 2429 1514 2500 pr0prios
1552 2428 1822 2498 prophetas
1842 2467 1861 2500 ι
1893 2434 1942 2480 et

362 2543 455 2581 nos
510 2525 793 2595 persequuti
820 2531 972 2588 sunt,
1004 2531 1050 2575 et
1082 2520 1187 2575 Deo
1215 2537 1316 2574 non
1358 2521 1584 2591 placent,
1619 2530 1665 2573 et
1710 2519 1941 2574 omnibus

364 2614 646 2671 hominibus
690 2614 1018 2667 adversantur
1062 2611 1151 2684 (1.
1203 2610 1377 2665 Thess.
1421 2609 1596 2664 2.14.
1632 2610 1758 2679 15).
1791 2609 1940 2676 Quod

362 2708 450 2761 hic
475 2719 686 2775 quoque
705 2702 948 2757 Christus
976 2700 1223 2756 instituit.
1268 2700 1332 2753 Et
1355 2699 1407 2753 in
1434 2699 1554 2753 aliis
1577 2697 1792 2768 quidem
1819 2698 1941 2753 bea-

362 2798 679 2854 titudinibus
699 2795 930 2861 dicebat,
953 2793 1096 2848 Beati
1121 2807 1383 2863 pauperes,
1410 2791 1536 2844 beati
1559 2791 1908 2848 misericordes
1931 2812 1948 2849 :

364 2889 455 2945 hic
474 2903 605 2944 vero
626 2903 734 2941 non
758 2884 1026 2940 indeﬁnite
1052 2883 1256 2952 posuit;
1280 2881 1372 2935 sed
1401 2879 1468 2936 ad
1499 2880 1616 2934 illos
1639 2893 1942 2934 sermonem

363 2981 628 3035 convertit
656 2979 840 3033 dicens
864 2995 877 3030 :
907 2975 1050 3030 Beati
1072 2974 1187 3029 estis
1213 2988 1326 3026 cum
1355 2971 1491 3025 vobis
1514 2969 1948 3041 exprobraverint,

366 3081 414 3127 et
437 3069 720 3142 persequuti
739 3084 824 3121 vos
843 3066 1051 3137 fuerint,
1075 3073 1123 3118 et
1144 3063 1360 3117 dixerint
1379 3078 1523 3116 omne
1539 3061 1728 3114 malum
1742 3061 1943 3114 verbum

363 3171 543 3215 contra
566 3175 651 3212 vos
673 3173 690 3210 :
719 3155 1005 3212 ostendens
1027 3153 1130 3207 hoc
1158 3153 1208 3206 in
1231 3152 1336 3206 illis
1356 3165 1476 3206 esse
1501 3150 1821 3220 praacipuum
1843 3191 1858 3215 ,
1889 3157 1944 3203 ct

367 3251 676 3308 doctoribus
698 3263 806 3317 prae
830 3248 949 3302 aliis
968 3245 1215 3300 omnibus
1237 3242 1286 3297 id
1309 3257 1426 3297 esse
1455 3241 1749 3310 proprium.
1771 3239 1943 3295 Simul

368 3345 531 3400 etiam
560 3339 648 3396 hic
675 3335 989 3408 dignitatem
1016 3349 1166 3389 suam
1182 3331 1830 3400 subindicat,et:eqnalem
1843 3328 1943 3384 sibi

371 3449 494 3490 cum
517 3433 674 3487 Patre
689 3429 966 3484 honorem.
987 3421 1443 3494 Quemadmodum
1466 3421 1611 3476 enim
1635 3419 1707 3474 illi
1729 3429 1947 3489 propter

370 3525 584 3581 Patrem
605 3564 620 3586 ,
646 3519 848 3590 inquit,
872 3519 942 3572 ita
965 3526 1020 3572 et
1037 3530 1133 3570 vos
1153 3523 1371 3585 propter
1396 3527 1482 3567 me
1507 3511 1620 3566 htec
1648 3509 1943 3580 patiemini.

368 3619 505 3673 Cum
527 3625 701 3670 autem
730 3612 890 3677 dicit,
920 3609 1200 3679 PrOphetas
1223 3607 1306 3678 qui
1337 3609 1540 3677 fuerunt
1566 3612 1681 3658 ante
1705 3619 1791 3657 vos
1812 3643 1825 3664 ,
1855 3601 1948 3656 de-

375 3712 544 3765 clarat
574 3707 716 3775 ipsos
739 3703 846 3773 jam
877 3699 1166 3771 prophetas
1194 3697 1360 3752 fuisse
1389 3695 1575 3750 factos.
1607 3694 1740 3748 Hinc
1768 3701 1947 3747 osten-

372 3803 507 3857 deus
532 3799 659 3854 illud
686 3796 914 3852 maxime
941 3795 1070 3865 ipsis
1097 3793 1225 3847 utile
1252 3807 1391 3856 esse,
1422 3800 1476 3846 et
1503 3790 1839 3860 splendorem
1865 3786 1945 3841 af-

367 3897 513 3948 ferre
533 3934 549 3958 ,
577 3905 682 3945 non
707 3887 840 3942 dixit
859 3927 875 3949 ,
907 3883 1220 3939 Maledicent
1243 3882 1395 3936 vobis
1418 3890 1471 3935 et
1497 3895 1590 3934 vos
1621 3893 1945 3950 persequen-

370 3996 460 4040 tur
483 4025 500 4049 ,
528 3981 621 4037 sed
663 3995 763 4050 ego
808 3977 936 4033 illud
968 3975 1286 4046 impediam;
1320 3989 1424 4026 non
1454 3972 1598 4027 enim
1637 3970 1777 4042 quod
1807 3970 1947 4024 male

369 4090 479 4130 non
502 4071 720 4125 audiant
736 4110 749 4133 ,
774 4067 870 4122 sed
894 4065 1034 4136 quod
1063 4065 1203 4119 male
1226 4062 1490 4117 audiendo
1515 4060 1724 4115 fortiter
1744 4060 1944 4122 ferant,

368 4174 426 4222 et
454 4179 550 4234 per
577 4175 737 4231 opera
768 4161 912 4229 ipsos
937 4164 1189 4243 arguam,
1219 4154 1336 4207 vult
1358 4167 1452 4207 eos
1486 4153 1537 4205 in
1568 4158 1680 4204 tuto
1703 4148 1906 4205 versari
1933 4166 1946 4202 :

369 4258 477 4313 hoc
501 4255 696 4327 quippe
723 4252 815 4306 illo
841 4251 997 4319 longe
1020 4240 1190 4318 majus
1211 4254 1331 4300 est:
1360 4240 1806 4314 quemadmodum
1832 4255 1952 4310 pcr-

370 4348 505 4411 cuti,
529 4355 583 4400 ct
603 4343 730 4397 nihil
755 4353 1064 4412 percussum
1095 4337 1236 4407 pati,
1263 4334 1428 4390 multo
1451 4333 1620 4403 majus
1640 4340 1761 4397 est,
1791 4344 1950 4400 quam

370 4458 480 4498 non
513 4437 736 4508 percuti.
769 4434 868 4489 llic
897 4432 1055 4504 igitur
1083 4429 1210 4484 dicit
1235 4446 1249 4495 ;
1282 4427 1478 4481 Merces
1501 4434 1666 4480 vestra
1692 4423 1852 4478 multa
1877 4431 1951 4476 est

369 4535 426 4589 in
454 4530 627 4593 caelis;
656 4528 827 4583 Lucas
848 4540 972 4580 vero
1001 4524 1173 4594 ipsum
1203 4532 1256 4576 et
1284 4519 1544 4575 intensius
1564 4558 1579 4584 ,
1608 4525 1807 4573 etcum
1831 4529 1948 4569 ma-

367 4623 476 4696 jori
497 4615 882 4676 consolationis
915 4613 1127 4670 cumulo
1167 4613 1268 4666 hoc
1307 4610 1507 4665 dixisse
1549 4615 1747 4663 narrat.
1770 4605 1952 4675 Neque

376 4713 520 4768 cnim
547 4717 748 4764 tantmn
770 4721 862 4761 eos
883 4705 970 4774 qui
996 4712 1210 4774 propter
1236 4701 1402 4757 Deum
1427 4699 1566 4755 male
1586 4699 1806 4752 audiunt
1830 4697 1956 4750 bea-

375 4821 462 4860 tos
492 4800 742 4873 praedicat
762 4840 778 4863 ,
805 4795 898 4852 sed
921 4795 1078 4860 etiarn
1103 4808 1196 4848 eos
1215 4792 1302 4862 qui
1331 4790 1399 4846 ab
1426 4789 1674 4845 omnibus
1703 4789 1837 4843 bene
1861 4801 1955 4840 au-

378 4897 535 4951 diunt
558 4934 573 4956 ,
607 4891 832 4945 miseros
881 4885 1048 4944 dicit;
1081 4899 1202 4938 nam
1251 4883 1360 4946 ait,
1401 4879 1489 4936 Va:
1530 4880 1665 4933 vobis
1693 4894 1807 4932 cum
1834 4876 1956 4930 bene

379 4986 518 5042 vobis
539 4983 756 5038 dixerint
776 4994 946 5034 omnes
962 4976 1186 5030 homines
1213 4972 1376 5046 (Luc.
1401 4971 1454 5026 6.
1475 4971 1606 5039 26).
1636 4969 1794 5039 Atqui
1821 4982 1953 5038 apo-

379 5078 535 5134 stolis
559 5070 981 5133 bcnedicebant;
1011 5065 1108 5122 sed
1133 5079 1240 5119 nou
1267 5075 1473 5117 omnes.
1503 5061 1625 5115 ldeo
1651 5075 1758 5114 non
1785 5057 1954 5124 dixit,

385 5169 523 5224 Cum
551 5166 686 5220 bene
707 5161 857 5216 vobis
883 5157 1120 5214 dixerint
1144 5155 1430 5218 homines;
1459 5152 1576 5218 sed,
1608 5151 1734 5206 Cum
1762 5164 1952 5204 onmes.

379 5261 568 5330 Neque
603 5255 746 5312 enim
793 5251 908 5306 ﬁcri
953 5256 1127 5320 potest
1165 5257 1224 5301 ut
1253 5247 1286 5301 ii
1316 5246 1404 5316 qui
1449 5245 1694 5298 virtutem
1740 5241 1955 5304 colunt,

380 5351 524 5422 apud
550 5361 738 5404 omnes
774 5346 910 5401 bene
933 5341 1165 5398 audiant.
1200 5339 1535 5407 Rursumque
1564 5336 1637 5390 ait
1664 5353 1677 5389 :
1708 5335 1834 5388 Cum
1858 5334 1959 5403 eje-

381 5442 542 5499 (rrint
569 5453 748 5493 nomen
777 5443 992 5490 vestrum
1020 5443 1274 5502 tamquam
1310 5426 1500 5484 malum
1520 5470 1534 5492 ,
1558 5426 1770 5498 gaudete
1794 5433 1841 5478 et
1867 5439 1956 5478 ex-

379 5534 565 5590 sultate
581 5529 599 5604 (
617 5529 641 5583 1
649 5529 751 5582 bid.
770 5543 815 5580 v.
833 5525 925 5581 22.
945 5524 1077 5594 25).
1101 5522 1281 5594 Neque
1298 5522 1439 5576 enim
1463 5527 1666 5573 tantum
1686 5514 1956 5587 periculis,

380 5638 504 5696 quae
529 5621 809 5684 subibant,
838 5616 929 5673 sed
956 5617 1117 5671 etiam
1149 5612 1476 5677 maledictis,
1505 5623 1750 5680 magnam
1779 5606 1962 5660 statuit

377 5712 707 5769 mercedem.
734 5708 860 5766 ideo
884 5725 986 5762 non
1010 5708 1140 5762 dixit
1162 5749 1174 5770 ,
1201 5705 1334 5761 Cum
1362 5720 1456 5758 vos
1476 5699 1775 5774 expulerint
1795 5707 1849 5753 et
1871 5710 1961 5752 oc-

1480 311 1548 366 lN
1588 306 1995 365 MATTHrEUM
2037 309 2268 367 HOMIL.
2309 310 2424 366 XV.

3512 316 3614 370 9.30

2040 424 2307 490 ciderint;
2337 425 2432 482 sed
2453 469 2467 491 ,
2515 425 2640 483 Cum
2681 429 3125 501 exprobraverint,
3151 439 3200 484 et
3226 431 3444 486 dixerint
3471 447 3615 486 omne

2041 514 2250 572 malum.
2280 515 2412 570 Nam
2440 517 2720 574 maledicta
2748 519 2990 574 acerbius
3022 520 3267 576 mordent
3291 563 3306 586 ,
3338 537 3503 591 quam.
3528 537 3614 576 res

2043 605 2189 674 ipsa}.
2221 605 2276 662 lu
2308 608 2555 676 periculis
2584 609 2725 662 enim
2756 609 2921 664 multa
2953 619 3077 664 sunt
3112 627 3229 680 qua:
3261 612 3495 666 laborem
3540 611 3618 664 la-

2040 699 2182 752 ciant
2208 698 2460 754 leviorem
2487 717 2500 765 ;
2530 701 2674 755 verbi
2697 715 2861 755 causa
2886 743 2899 765 ,
2950 717 3069 756 cum
3100 703 3168 756 ab
3194 703 3442 758 omnibus
3469 705 3615 758 exci-

2043 800 2218 845 tamur
2238 831 2253 856 ,
2283 798 2340 846 et
2365 793 2562 847 multos
2592 792 2850 848 habemus
2877 793 3190 863 plaudentes
3215 837 3228 858 ,
3257 805 3572 850 coronantes
3597 837 3611 859 ,

2043 879 2416 948 praedicantes.
2449 882 2546 937 llic
2589 897 2716 937 vero
2746 883 2796 937 iu
2844 883 3141 938 maledictis
3170 883 3285 938 hrec
3327 887 3619 938 consolatio

2041 981 2337 1027 amovetur.
2357 973 2472 1028 Non
2491 975 2632 1029 enim
2652 990 2839 1045 magna
2859 990 2978 1030 esse
2996 977 3162 1029 virtus
3185 985 3415 1045 putatur,
3433 977 3620 1030 etiam-

2041 1062 2086 1115 si
2113 1062 2278 1134 magis
2308 1063 2421 1118 haec
2450 1080 2606 1135 quam
2640 1067 2872 1135 pericula
2903 1076 3198 1123 certantem
3225 1079 3617 1123 Commoveant.

2039 1152 2185 1207 Multi
2215 1170 2442 1224 namque
2470 1156 2536 1209 ad
2578 1157 2824 1227 Laqueum
2869 1168 3220 1214 accurrerunt
3241 1201 3255 1225 ,
3287 1161 3481 1213 malam
3516 1177 3619 1214 non

2044 1244 2275 1301 ferentes
2305 1246 2520 1302 famam.
2557 1248 2623 1302 Et
2650 1249 2777 1318 quid
2805 1249 2906 1304 hoc
2935 1250 2985 1304 in
3018 1250 3138 1305 aliis
3167 1251 3408 1305 mireris?
3435 1251 3622 1306 Prodi-

2044 1344 2211 1390 torem
2241 1338 2386 1391 illmn
2417 1339 2773 1407 impudentem
2792 1349 2845 1423 et
2862 1341 3271 1408 exsecrandum,
3303 1342 3388 1410 qui
3414 1340 3480 1393 de
3504 1342 3618 1394 nul-

2047 1425 2092 1479 la
2113 1441 2173 1479 re
2203 1427 2552 1483 erubeSCeliat
2570 1469 2584 1492 ,
2619 1430 2720 1483 hoc
2745 1432 2975 1485 maxime
3004 1431 3069 1486 ad
3103 1432 3348 1501 laqueum
3377 1433 3453 1487 ire
3477 1448 3623 1486 com-

2047 1519 2194 1586 pulit.
2220 1519 2320 1572 Job
2342 1535 2550 1589 quoque
2576 1521 2687 1590 ipse
2707 1522 2958 1587 adamas,
2983 1533 3037 1578 et
3066 1535 3213 1593 petra
3238 1525 3440 1580 ﬁrmior
3457 1566 3474 1590 ,
3499 1541 3624 1582 cum

2045 1623 2175 1678 Opes
2196 1611 2376 1664 amisit
2403 1621 2456 1666 et
2484 1612 2813 1666 intoleranda
2845 1629 3032 1682 passus
3058 1625 3169 1680 est,
3195 1616 3316 1668 liliis
3340 1617 3502 1670 orbus
3532 1631 3623 1673 re—

2047 1711 2202 1770 pente
2226 1702 2394 1758 factus
2409 1745 2422 1768 ,
2448 1719 2567 1759 cum
2591 1704 2798 1759 videret
2816 1720 3008 1775 corpus
3029 1723 3183 1762 suum
3213 1709 3486 1762 vermibus
3506 1725 3624 1764 sca~

2047 1803 2186 1856 tere,
2214 1793 2610 1864 instantemque
2630 1811 2882 1861 uxorem,
2906 1797 3084 1850 omnia
3111 1797 3267 1852 facile
3299 1813 3486 1866 passus
3507 1807 3618 1864 est;

2044 1898 2164 1936 cum
2203 1892 2381 1937 autem
2413 1884 2546 1938 vidit
2586 1886 2786 1940 amicos
2816 1885 2916 1940 sibi
2960 1885 3346 1955 exprobrantes
3377 1888 3627 1942 insultan-

2046 1982 2230 2042 tesque
2250 2015 2265 2038 ,
2297 1988 2623 2045 pravumque
2649 1976 2714 2029 de
2743 1990 2801 2030 se
2845 1976 3296 2032 existimationem
3325 1977 3584 2034 habentes
3605 2014 3622 2045 ,

2043 2062 2387 2134 dicentesque
2418 2066 2588 2134 ipsum
2615 2076 2832 2137 propter
2863 2075 3078 2136 peccata
3109 2083 3201 2122 sna
3230 2068 3348 2124 haac
3378 2070 3580 2139 perpeti
3606 2111 3622 2133 ,

2044 2164 2098 2208 ct
2127 2156 2375 2224 nequitiae
2419 2172 2532 2211 sum
2579 2173 2765 2228 ptenas
2791 2157 2918 2214 dare
2943 2200 2958 2225 ,
2991 2167 3116 2214 tunc
3159 2160 3402 2216 turbatus
3431 2172 3511 2217 est
3545 2163 3626 2215 vir

2044 2243 2134 2297 ille
2163 2245 2312 2300 fortis
2339 2255 2394 2302 et
2421 2262 2642 2316 magnus
2668 2249 2707 2302 ¹.

2115 2339 2168 2393 6.
2201 2338 2363 2393 David
2390 2355 2601 2410 quoque
2625 2341 2840 2396 mittens
2866 2342 3044 2396 omnia
3073 2357 3189 2412 qute
3216 2357 3404 2412 passus
3424 2340 3618 2405 fuerat,

2043 2442 2143 2496 pro
2183 2428 2463 2482 maledicto
2501 2429 2900 2484 retributionem
2944 2446 2974 2485 a
3024 2431 3134 2486 Deo
3167 2431 3383 2501 petebat
3414 2449 3427 2486 :
3461 2431 3588 2486 Sine
3610 2473 3626 2495 ,

2046 2519 2216 2589 inquit
2239 2561 2254 2586 ,
2281 2521 2425 2574 illum
2452 2521 2748 2576 maledicere
2777 2520 2964 2576 Duridi
2980 2564 2994 2586 ,
3020 2539 3142 2595 quia
3173 2523 3415 2578 Dominus
3435 2537 3626 2594 prlece-

2047 2613 2120 2683 pit
2148 2611 2258 2677 illi,
2289 2622 2340 2666 ut
2369 2615 2532 2666 videat
2559 2612 2807 2667 Dominus
2830 2616 3227 2669 humiliationeut
3253 2632 3414 2670 meam
3439 2657 3454 2679 ,
3486 2625 3532 2670 et
3553 2633 3628 2669 reo

2047 2703 2228 2756 tribtmt
2249 2703 2371 2756 mihi
2399 2703 2528 2756 bona
2555 2720 2645 2773 pro
2671 2704 2936 2758 maledicta
2964 2705 3016 2758 in
3042 2706 3124 2759 die
3149 2706 3243 2757 hac
3271 2706 3346 2777 (2.
3379 2707 3512 2776 Reg.
3539 2707 3627 2761 16.

2049 2796 2136 2851 il.
2171 2794 2294 2864 12).
2338 2795 2403 2848 Et
2441 2795 2634 2849 Paulus
2678 2809 2781 2848 non
2829 2795 3189 2866 periclitantes
3232 2797 3422 2862 modo,
3458 2812 3630 2867 neque

2046 2887 2201 2942 bonis
2231 2886 2516 2956 spoliatos,
2545 2884 2638 2940 sed
2669 2886 2826 2940 etiam
2859 2884 3135 2941 maledicta
3165 2885 3395 2942 fcrentes
3419 2885 3632 2960 pradi—

2048 2984 2134 3030 cat
2175 2975 2259 3031 his
2284 2977 2460 3032 verbis
2489 2993 2502 3029 :
2533 2975 2891 3031 Recordamini
2916 2977 3110 3032 dierum
3137 2979 3366 3041 priorum
3390 3019 3404 3042 ,
3435 2979 3488 3032 in
3515 2980 3629 3048 qni-

2048 3065 2138 3120 bus
2162 3066 2433 3120 illuminati
2454 3083 2689 3136 magnum
2711 3077 2960 3122 certamen
2975 3069 3283 3122 sustinuistis
3304 3069 3593 3138 passionum
3618 3086 3633 3124 ·,

2048 3167 2093 3212 ct
2126 3159 2179 3212 in
2210 3158 2369 3213 altero
2391 3161 2592 3230 quidem
2618 3159 2900 3230 opprobriis
2925 3169 2972 3214 et
3000 3160 3404 3216 tribulationibus
3430 3171 3616 3232 specta-

2049 3251 2216 3305 culum
2248 3251 2371 3333 [ηιςιὶ
2387 3293 2403 3318 ,
2432 3253 2486 3306 in
2523 3251 2682 3306 altera
2709 3261 2876 3307 autem
2905 3253 3029 3308 socii
3051 3254 3219 3308 taliter
3236 3256 3633 3309 conversantium

2049 3339 2210 3407 e/fecti
2251 3341 2436 3413 (Hebr.
2471 3342 2557 3397 10.
2589 3342 2676 3396 52.
2703 3343 2775 3399 55
2796 3344 2839 3412 ).
2867 3343 3153 3413 Propterea
3183 3345 3482 3400 mercedem
3512 3361 3628 3400 ma-

2049 3447 2204 3498 gnam
2234 3431 2410 3501 posuit
2433 3432 2694 3488 Christus.
2725 3431 2926 3488 Deinde
2954 3449 3022 3488 ne
3047 3435 3164 3504 quis
3191 3434 3362 3490 dicat:
3385 3435 3480 3491 llic
3503 3450 3632 3506 ergo

2052 3539 2155 3578 non
2188 3523 2423 3579 vindicas
2443 3565 2458 3590 ,
2487 3539 2661 3595 neque
2685 3539 2870 3580 eorum
2895 3539 2986 3579 ora
3007 3526 3244 3593 consuis,
3275 3525 3370 3582 sed
3392 3526 3461 3581 ibi
3486 3541 3625 3581 mer-

2051 3615 2234 3670 cedem
2277 3615 2416 3670 das?
2455 3615 2743 3686 prOphetas
2771 3618 3114 3684 memoravit,
3144 3618 3435 3674 ostendens
3460 3634 3634 3689 neque

2053 3713 2177 3759 tunc
2211 3704 2354 3774 ipsos
2384 3705 2547 3760 Deum
2581 3707 2747 3761 ultum
2775 3721 2912 3763 esse.
2940 3708 2996 3763 Si
3026 3723 3154 3763 vero
3180 3718 3305 3765 tunc
3327 3724 3445 3764 cum
3468 3723 3635 3780 prope

2051 3804 2205 3851 erant
2250 3796 2654 3863 retributiones,
2705 3813 2802 3868 spe
2853 3796 3151 3853 futurorum
3200 3798 3412 3853 fovebat
3463 3799 3628 3853 illos:

2053 3889 2221 3942 multo
2258 3889 2427 3958 magis
2470 3903 2644 3952 nunc,
2695 3889 2907 3958 quando
2949 3904 3070 3958 spes
3114 3889 3201 3942 illa
3227 3889 3422 3942 clarior
3445 3888 3631 3942 ell’ecta

2054 3988 2153 4043 est,
2187 3991 2240 4034 et
2261 3980 2592 4050 phil050phia
2620 3980 2810 4049 major.
2839 3979 2971 4033 Vide
2995 3989 3173 4033 autem
3199 3988 3318 4048 post
3337 3987 3466 4047 quot
3485 3992 3634 4030 man-

2053 4070 2175 4124 data
2207 4070 2309 4124 hoc
2344 4078 2557 4124 statuat.
2585 4069 2701 4123 Non
2738 4069 2880 4123 enim
2909 4084 3034 4123 casu
3064 4070 3310 4138 quonam
3341 4069 3443 4123 hoc
3472 4067 3632 4130 fecit;

2055 4162 2148 4216 Sed
2195 4170 2252 4216 ut
2294 4161 2569 4226 ostendat,
2612 4174 2719 4214 non
2765 4174 2921 4231 posse
2960 4175 3117 4224 eum,
3156 4160 3245 4230 qui
3280 4176 3384 4213 non
3426 4159 3492 4214 ad
3519 4159 3635 4214 ιλιι-ω

2056 4255 2235 4309 omnia
2281 4261 2495 4323 paratus
2537 4261 2591 4306 et
2638 4252 2924 4308 instructus
2963 4253 3066 4318 sit,
3109 4253 3159 4307 in
3205 4253 3319 4308 haec
3343 4253 3635 4309 certamina

2057 4345 2288 4416 prodire.
2328 4343 2450 4398 Ideo
2491 4360 2523 4400 a
2561 4344 2721 4414 priori
2749 4360 2959 4414 semper
2981 4343 3048 4398 ad
3074 4359 3303 4415 sequens
3329 4345 3634 4400 mandatum

2057 4438 2196 4492 viam
2239 4450 2465 4506 parans,
2516 4446 2755 4492 catenam
2803 4435 2956 4491 nobis
3003 4451 3218 4492 auream
3268 4435 3456 4492 texuit.
3501 4436 3636 4493 Cum

2057 4529 2198 4582 enim
2248 4527 2368 4597 quis
2413 4527 2628 4582 humilis
2667 4527 2857 4594 fuerit,
2888 4528 3046 4582 etiam
3075 4543 3170 4582 sua
3196 4526 3415 4581 onmiuo
3441 4527 3639 4597 lugebit

2060 4631 2273 4692 peccata
2301 4638 2316 4688 ;
2362 4621 2449 4690 qui
2495 4619 2728 4690 lugebit,
2761 4620 2903 4674 mitis
2929 4620 3064 4684 erit,
3095 4619 3367 4674 modestus
3395 4629 3450 4673 et
3478 4618 3637 4673 mise»

2057 4713 2261 4778 ricors;
2304 4711 2608 4766 misericors
2647 4725 2804 4775 vero,
2836 4710 3011 4780 justus
3041 4712 3175 4775 erit,
3208 4717 3556 4780 compunctus
3585 4720 3639 4765 et

2061 4806 2288 4861 mundus
2307 4805 2470 4860 corde
2503 4821 2515 4857 :
2540 4798 2636 4874 'qui
2662 4803 2782 4858 talis
2806 4805 2907 4858 erit
2927 4843 2942 4868 ,
2973 4803 3131 4858 etiam
3162 4804 3411 4872 paciﬁcus
3434 4804 3640 4858 futurus

2060 4907 2163 4955 est.
2208 4897 2308 4965 Qui
2349 4909 2509 4966 porro
2539 4894 2654 4949 lucc
2678 4893 2854 4948 omnia
2884 4902 3198 4963 assequutus
3225 4892 3418 4960 fuerit,
3444 4893 3511 4947 ad
3542 4910 3636 4964 pe-

2063 4988 2225 5044 ricula
2269 4985 2430 5042 etiam
2461 4993 2673 5055 paratus
2719 4985 2856 5050 erit,
2886 5000 3057 5056 neque
3097 4985 3235 5040 male
3263 4985 3484 5041 audiens
3521 4995 3624 5040 tur-

2065 5082 2310 5146 habitur,
2361 5094 2533 5147 neque
2581 5078 2626 5133 si
2673 5078 2952 5132 innumera
3003 5078 3230 5147 patiatur
3282 5079 3438 5132 mala.
3485 5078 3636 5133 Poste

2063 5190 2221 5246 quam
2249 5187 2375 5243 ergo
2399 5187 2494 5227 eos
2519 5171 2582 5224 ad
2609 5186 2670 5225 ea
2697 5187 2813 5240 quae
2838 5180 3192 5225 consentanea
3225 5179 3378 5226 erant
3402 5171 3643 5226 hortatus

2064 5277 2178 5332 est,
2231 5279 2412 5320 rursus
2438 5281 2531 5319 eos
2558 5264 2800 5319 laudibus
2826 5265 3044 5318 solatur.
3072 5263 3204 5333 Quia
3231 5265 3371 5318 enim
3397 5262 3640 5317 sublimia

2068 5367 2332 5430 praecepta
2377 5365 2564 5421 erant,
2609 5356 2880 5424 multoque
2930 5355 3129 5426 majora
3183 5371 3340 5425 quam
3400 5354 3451 5406 in
3477 5352 3642 5406 veteri

2067 5453 2221 5522 lege,
2261 5465 2328 5506 ne
2371 5449 2709 5505 turbarentur
2753 5465 2816 5504 ac
2859 5449 3219 5519 trepidarent,
3250 5448 3595 5515 dicerentquc
3627 5464 3642 5498 :

2067 5542 2343 5612 Quomodo
2386 5541 2500 5596 haec
2545 5541 2765 5612 implere
2806 5540 3132 5611 poterimus?
3165 5537 3286 5591 audi
3309 5534 3438 5605 quid
3463 5533 3644 5592 dicat:

2136 5702 2152 5731 ί
2187 5696 2404 5750 Nonnulli
2426 5698 2625 5758 habent,
2647 5694 2830 5748 Athleta
2849 5694 2932 5747 ille
2961 5692 3098 5764 fartis
3114 5697 3160 5740 et
3175 5701 3395 5754 magnus.
