4084 6210
490 364 580 416 :‘Til

486 480 572 533 15.
616 476 715 530 Vos
771 477 888 530 estis
915 477 994 529 sal
1023 485 1170 528 terra:
1191 515 1205 539 ,
1240 473 1526 529 ostendens
1549 488 1606 526 se
1630 469 1932 527 n‘ccessario
1961 471 2074 526 haec

485 578 746 639 prtecepta
764 568 911 622 dare.
935 568 1046 622 Non
1070 567 1209 620 cnim
1235 581 1329 636 pro
1358 575 1528 621 vestra
1563 567 1685 630 vita,
1719 565 1811 619 sed
1845 581 1937 635 pro
1965 573 2075 618 toto

485 663 634 727 orbe,
661 663 846 730 inquit,
867 661 1085 716 verbum
1102 659 1252 714 vobis
1279 660 1645 715 committitur.
1667 659 1849 729 Neque
1869 659 1920 712 in
1943 657 2075 712 duas

487 755 650 811 urbes
673 769 765 808 V03
793 753 962 818 mitto,
981 752 1064 807 vel
1091 753 1277 808 decem
1306 752 1388 807 vel
1405 751 1586 821 viginti
1613 765 1628 815 ;
1654 765 1822 820 neque
1851 751 1900 805 in
1917 764 2072 803 unam

490 861 589 899 vos
616 847 766 900 mitto
786 855 1022 914 gentem,
1047 847 1183 902 sicut
1205 844 1648 915 prophetasoolim,
1675 843 1766 898 sed
1785 843 1835 897 in
1855 844 2072 909 terra'm,

484 938 534 992 in
581 952 724 992 mare
753 948 806 992 ct
837 939 888 992 in
912 939 1218 994 universum
1246 939 1428 992 orbem
1455 977 1470 1003 ,
1497 945 1552 991 et
1576 937 1714 991 hunc
1747 936 1972 1005 pessime
1999 935 2076 990 af-

484 1029 700 1086 fectum.
718 1031 851 1085 Cum
866 1031 999 1085 dixit
1015 1031 1176 1097 enim,
1191 1029 1416 1085 Vosestis
1436 1030 1516 1086 sal
1533 1030 1930 1097 terra,ostendit
1954 1031 2074 1084 uni-

482 1135 688 1176 versam
709 1123 982 1176 hominum
1008 1130 1246 1176 naturam
1265 1121 1650 1188 infatuatam,et
1667 1135 1694 1174 a
1715 1121 1944 1190 peccatis
1967 1136 2078 1174 cor-

477 1223 692 1283 ruptam
723 1227 863 1267 esse.
892 1211 1016 1266 ldeo
1032 1212 1128 1266 has
1145 1213 1197 1266 in
1216 1213 1319 1267 illis
1337 1212 1565 1267 maxime
1589 1213 1810 1267 virtutes
1834 1211 2073 1282 requirit,

483 1321 602 1375 quae
625 1314 750 1359 sunt
776 1305 840 1359 ad
874 1306 1158 1359 multorum
1182 1305 1585 1360 sollicitudinem
1602 1305 1884 1375 gerendam
1913 1305 2078 1374 magis

487 1396 801 1449 necessaria:
839 1405 893 1449 et
939 1396 1110 1450 utiles.
1138 1395 1344 1450 Etenim
1367 1397 1454 1465 qui
1489 1395 1630 1448 mitis
1657 1404 1757 1454 est,
1781 1394 2078 1457 modestus,

487 1487 790 1541 misericors
838 1495 894 1540 et
934 1487 1128 1555 justus,
1161 1503 1262 1540 non
1310 1487 1361 1540 in
1401 1501 1460 1541 se
1505 1493 1707 1539 tantum
1741 1486 1875 1539 bona
1917 1500 2077 1556 opera

482 1577 784 1642 concludit,
819 1577 913 1632 sed
939 1578 1098 1632 etiam
1124 1577 1174 1632 id
1197 1587 1348 1632 curat
1372 1587 1429 1632 ut
1471 1578 1669 1648 egregii
1713 1577 1786 1631 illi
1817 1575 1988 1630 fontes
2015 1575 2079 1630 ad

487 1669 714 1724 aliorum
757 1679 978 1724 manent
1017 1669 1321 1724 utilitatem.
1366 1670 1596 1724 Rursum
1626 1670 1714 1740 qui
1743 1669 1970 1723 mundus
1998 1677 2081 1722 est

485 1761 648 1814 corde
669 1803 683 1826 ,
729 1763 981 1831 paciﬁcus
1019 1771 1073 1815 et
1118 1777 1212 1830 pro
1241 1762 1464 1816 veritate
1493 1763 1676 1831 pulsus
1695 1804 1708 1824 ,
1737 1762 1898 1814 vitam
1930 1775 2078 1814 suam

488 1852 553 1906 ad
596 1867 934 1908 communem
965 1853 1244 1908 utilitatem
1272 1854 1469 1921 dirigit.
1504 1853 1580 1907 Ne
1610 1855 1800 1922 putetis
1820 1895 1834 1918 ,
1869 1853 2034 1922 inquit
2063 1893 2078 1918 ,

489 1959 584 1997 vos
624 1943 691 1996 ad
737 1945 868 1998 levia
897 1945 1140 2012 qutedam
1171 1946 1461 1999 certamina
1492 1944 1668 2010 trahi,
1698 1960 1870 2014 neque
1895 1945 1960 1998 de
1991 1959 2078 1998 rc-

489 2040 588 2090 bus
635 2036 840 2105 exiguis
873 2036 1009 2105 apud
1047 2052 1140 2090 vos
1179 2037 1261 2106 agi
1305 2055 1317 2091 :
1354 2035 1454 2090 Vos
1496 2037 1611 2090 estis
1640 2037 1716 2090 sal
1756 2046 1915 2090 terrm.
1947 2035 2081 2103 Quid

493 2127 696 2194 igitur?
742 2143 868 2181 num
909 2127 984 2182 illi
1033 2128 1241 2196 putrida
1270 2131 1682 2182 restaurarunt?
1714 2125 2078 2196 Nequaquam.

496 2218 610 2272 Non
664 2229 888 2288 possunt
928 2221 1069 2274 enim
1113 2220 1221 2290 jam
1256 2219 1546 2289 putrefacta
1575 2221 1700 2276 salis
1728 2221 2083 2290 permixtione

485 2309 696 2378 juvare.
724 2309 840 2364 Non
872 2310 972 2366 hoc
1001 2322 1148 2366 certe
1179 2311 1416 2366 fecerunt
1449 2330 1461 2364 :
1491 2312 1582 2366 sed
1617 2323 1865 2366 renovata
1893 2314 2037 2381 prius
2061 2352 2077 2377 ,

489 2413 544 2455 et
595 2401 692 2456 sibi
747 2401 934 2456 tradita
958 2445 971 2466 ,
1023 2411 1076 2457 ct
1115 2419 1143 2456 a
1191 2402 1380 2458 ftetore
1417 2404 1508 2457 illo
1533 2404 1785 2470 liberata,
1817 2413 1937 2458 tunc
1962 2419 2081 2460 cum

487 2494 602 2547 sale
647 2495 979 2558 miscebant,
1030 2507 1189 2565 atque
1239 2496 1289 2550 in
1337 2497 1423 2550 illa
1475 2497 1708 2552 novitate
1753 2498 2080 2564 servabant,

489 2604 648 2658 quam
691 2603 722 2642 a
765 2589 990 2644 Domino
1029 2598 1366 2660 acceperant.
1410 2589 1539 2644 Nam
1584 2590 1798 2645 liberari
1835 2605 1863 2644 a
1894 2590 2084 2646 fmtore

493 2691 865 2747 peccatorum,
899 2680 1098 2736 Christi
1144 2682 1354 2737 virtutis
1385 2697 1520 2752 opus
1546 2682 1643 2737 fuit
1671 2699 1684 2748 ;
1713 2693 1768 2737 at
1797 2699 1900 2738 non
1929 2684 1991 2738 ad
2023 2685 2086 2738 il-

493 2772 601 2823 lum
631 2769 874 2826 fictorem
907 2773 1102 2828 reverti
1125 2815 1138 2839 ,
1171 2773 1222 2828 id
1255 2775 1464 2828 illorum
1493 2774 1781 2846 diligentia:
1809 2785 1862 2830 et
1888 2775 2085 2830 laboris

490 2877 626 2931 opus
664 2873 802 2918 erat.
849 2864 1032 2918 \‘iden'
1070 2866 1339 2936 quomodo
1389 2867 1638 2935 paulatim
1683 2866 1916 2922 ostendit
1943 2870 2084 2937 ipsos

492 2955 764 3024 prophetis
788 2972 907 3011 esse
936 2957 1228 3013 meliores?
1253 2958 1366 3012 Non
1398 2959 1538 3012 enim
1569 2959 1862 3014 Paltestina:
1889 2959 2075 3014 dueto-

493 3063 580 3101 res
601 3061 719 3102 esse
741 3049 850 3113 ait,
883 3048 976 3103 sed
1009 3049 1168 3103 totius
1193 3050 1338 3103 orbis
1365 3060 1520 3103 terrae
1545 3068 1559 3114 ;
1591 3067 1687 3106 nec
1718 3051 1876 3106 modo
1897 3052 2080 3107 ducto-

493 3153 578 3192 res
596 3180 611 3201 ,
639 3139 731 3192 sed
757 3139 912 3192 etiam
935 3138 1181 3193 doctores
1204 3140 1524 3194 tremendos.
1548 3140 1698 3209 Quod
1721 3142 1860 3197 enim
1887 3143 2078 3197 mirum

490 3240 580 3283 est
599 3272 614 3294 ,
645 3247 747 3283 non
777 3228 1055 3284 adulantes
1075 3271 1090 3297 ,
1116 3246 1287 3298 neque
1311 3231 1604 3300 palpantes,
1627 3232 1719 3287 sed
1741 3247 1929 3304 aSpere
1949 3234 2076 3289 acri-

498 3330 685 3390 terque
723 3331 943 3390 agentes
983 3323 1119 3377 sicut
1157 3322 1267 3386 sal,
1315 3323 1391 3376 sic
1430 3322 1808 3380 desiderabiles
1839 3326 2085 3382 omnibus

495 3413 730 3467 fuerunt.
778 3412 952 3468 Nolite
989 3428 1117 3483 ergo
1145 3413 1324 3468 mirari
1351 3456 1366 3480 ,
1401 3414 1596 3483 inquit,
1625 3415 1667 3470 si
1697 3415 1823 3470 aliis
1846 3417 2045 3472 relictis
2064 3459 2079 3485 ,

497 3520 591 3558 vos
609 3506 927 3576 alloquar,et
944 3505 1007 3560 ad
1027 3514 1167 3560 tanta
1191 3521 1284 3560 vos
1310 3507 1540 3576 pericula
1565 3508 2082 3577 pertraham.Consi-

492 3595 677 3651 derate
697 3598 974 3667 enimquot
1002 3598 1317 3669 quantisque
1337 3599 1664 3666 civitatibus,
1695 3601 1920 3670 populis,
1949 3617 2084 3672 gen-

492 3689 635 3741 tibus
651 3703 744 3743 vos
763 3689 1037 3758 prml‘ectos
1058 3690 1316 3744 missurus
1339 3691 1458 3744 sim.
1474 3689 1704 3762 Ideoque
1724 3708 1831 3746 non
1854 3707 1946 3748 vos
1964 3702 2082 3749 tan-

496 3787 605 3832 tum
638 3779 924 3848 prudentes
948 3797 1068 3836 esse
1095 3783 1245 3848 volo,
1276 3781 1370 3838 sed
1395 3790 1449 3836 ut
1470 3783 1604 3837 alios
1629 3783 1830 3840 similes
1854 3783 2080 3841 faciatis.

497 3869 619 3924 Illos
661 3878 838 3924 autem
876 3871 965 3942 qui
1008 3870 1308 3940 lmjusmodi
1357 3879 1509 3936 sunt,
1551 3872 1836 3928 admodum
1864 3890 2082 3946 sagaces

493 3976 613 4016 esse
642 3971 886 4032 oportet,
915 3965 965 4018 in
994 3965 1186 4034 quibus
1211 3979 1403 4034 nempe
1432 3973 1484 4020 et
1507 3966 1735 4021 aliorum
1766 3968 1909 4022 salus
1938 3971 2082 4039 peri-

494 4055 740 4122 clitatur,
790 4064 843 4109 et
885 4063 1082 4110 tantam
1129 4057 1182 4110 in
1227 4056 1328 4110 illis
1357 4057 1530 4113 inesse
1561 4057 1844 4124 virtutem,
1882 4070 1936 4114 ut
1961 4076 2078 4116 eam

493 4145 558 4200 ad
589 4146 818 4201 aliorum
868 4147 1148 4202 utilitatem
1204 4148 1474 4217 impertire
1520 4150 1745 4220 possint.
1787 4150 1896 4206 Nisi
1937 4153 2077 4206 enim

495 4239 624 4295 tales
646 4240 868 4307 fueritis,
894 4257 961 4296 ne
982 4241 1129 4297 vobis
1154 4242 1366 4312 quidem
1401 4244 1526 4312 ipsis
1550 4243 1795 4300 sufﬁcere
1815 4247 2075 4316 poteritis.

563 4332 616 4384 7.
665 4331 744 4385 Ne
789 4337 966 4400 itaque
1008 4349 1150 4402 mgre
1197 4334 1410 4399 feratis,
1449 4336 1598 4404 quasi
1630 4337 1852 4392 molesta
1883 4341 1988 4394 sint
2014 4357 2075 4396 ea

491 4441 610 4495 qua:
655 4425 926 4480 dicuntur.
954 4425 1084 4480 Nam
1113 4427 1202 4480 alii
1235 4428 1447 4498 quidem
1479 4429 1750 4497 infatuati,
1779 4433 2076 4490 ministerio

491 4526 673 4573 vestro
717 4517 1030 4588 resipiscere
1076 4529 1297 4588 possunt
1350 4537 1362 4571 :
1409 4535 1501 4574 vos
1543 4531 1752 4585 autem,
1791 4523 1835 4577 si
1863 4525 1914 4578 in
1947 4525 2074 4579 illud

491 4610 686 4664 malum
713 4608 984 4676 incidatis,
1007 4611 1138 4666 alios
1163 4611 1432 4665 vobiscum
1457 4612 1509 4665 in
1533 4614 1819 4681 perniciem
1844 4617 2070 4674 trahitis.

491 4699 673 4771 Itaque
720 4711 921 4772 quanto
968 4700 1168 4772 majora
1213 4702 1362 4757 vobis
1387 4704 1790 4759 couunittuutur
1816 4709 2022 4778 negotia
2054 4750 2070 4775 ,

489 4803 640 4848 tanto
679 4794 880 4863 majore
935 4793 1111 4848 studio
1167 4808 1300 4864 opus
1333 4793 1922 4866 habetis..Quapropter
1948 4798 2021 4852 ait
2054 4818 2069 4856 :

489 4887 552 4941 Si
581 4897 746 4941 autem
776 4887 854 4941 sal
879 4888 1182 4959 infatuatum
1205 4887 1354 4958 fuerit
1380 4930 1394 4955 ,
1428 4887 1480 4941 in
1499 4905 1596 4958 quo
1621 4889 1869 4944 satietur?
1894 4891 1973 4944 Ad
1993 4893 2071 4946 ni-

488 4979 648 5032 hilum
676 4979 806 5033 valet
835 4979 968 5032 ultra
986 5022 1001 5046 ,
1025 4979 1121 5033 nisi
1142 4990 1194 5034 ut
1223 4981 1450 5035 mittatur
1477 4981 1616 5051 foras
1635 5023 1650 5047 ,
1679 4993 1725 5036 et
1751 4985 2070 5040 conculcetur

486 5073 550 5126 ab
588 5072 888 5125 hominibus.
922 5071 1053 5126 Nam
1079 5073 1167 5127 alii
1196 5071 1406 5142 quidem
1436 5073 1479 5127 si
1503 5077 1807 5131 sexcenties
1833 5076 2024 5132 cedant
2049 5118 2066 5146 ,

487 5163 696 5218 veniam
740 5163 993 5233 consequi
1036 5173 1256 5233 possunt
1287 5182 1300 5218 :
1329 5164 1516 5220 doctor
1543 5176 1719 5221 autem
1750 5169 1792 5221 si
1823 5168 1872 5223 id
1903 5170 2068 5237 patia-

487 5265 574 5310 tur
597 5297 613 5319 ,
654 5255 799 5310 omni
830 5255 1142 5310 defensione
1169 5257 1437 5327 privatur,
1469 5268 1522 5314 et
1546 5269 1786 5316 extremo
1808 5261 2068 5317 afﬁcietur

483 5349 765 5418 supplicio.
796 5346 873 5402 Ne
899 5348 1040 5402 enim
1067 5347 1363 5412 audientes,
1391 5349 1515 5403 Cum
1545 5353 1954 5421 exprobraverint
1979 5371 2066 5410 vos

482 5452 530 5494 ct
571 5439 855 5512 persequuti
886 5454 972 5492 vos
1001 5438 1222 5509 fuerint,
1256 5449 1302 5492 et
1325 5441 1542 5495 dixerint
1566 5460 1712 5498 omne
1741 5445 1929 5498 malum
1955 5461 2066 5499 uer-

480 5531 598 5584 bum
621 5532 886 5585 advcrsum
908 5545 993 5584 vos
1017 5571 1031 5593 ,
1059 5530 1110 5582 in
1141 5529 1373 5583 medium
1398 5531 1606 5599 prodire
1635 5533 1874 5602 timeant,
1900 5534 2061 5590 dicit:
2101 5565 2104 5568 -

481 5621 592 5676 Nisi
631 5622 696 5676 ad
737 5622 852 5675 hac
891 5620 1057 5692 parati
1086 5617 1320 5683 fueritis,
1365 5620 1557 5676 frustra
1582 5623 1737 5678 electi
1767 5626 1914 5679 estis.
1946 5625 2062 5680 Non

481 5712 624 5765 enim
673 5712 952 5768 maledicta
991 5722 1115 5766 sunt
1147 5711 1378 5765 timenda
1400 5753 1414 5777 ,
1442 5721 1498 5765 at
1523 5713 1864 5769 metuendum
1897 5731 1962 5770 ne
1991 5717 2063 5770 si-

487 5800 778 5853 mulaturos
815 5802 1097 5857 videamini
1150 5819 1163 5854 :
1220 5809 1342 5857 tunc
1385 5801 1527 5857 cnim
1567 5801 1801 5858 infatuati
1829 5804 1978 5860 eritis
2007 5815 2060 5861 et

1232 359 1286 412 S.
1327 356 1602 413 JOANNIS
1641 352 2106 410 CIIRYSOSTOMI
2151 353 2462 410 ARClIIEP.
2505 357 3033 414 CONSTANTINOP.

3651 362 3762 418 932

2179 473 2487 528 conculcati.
2510 475 2563 529 Si
2587 487 2761 531 autem
2783 479 3127 546 perseveretis
3152 493 3338 548 aspere
3360 495 3481 533 cum
3506 480 3610 534 illis
3637 498 3768 552 age-

2179 579 2236 617 re
2257 607 2270 629 ,
2310 567 2351 618 si
2384 576 2564 633 postea
2594 569 2732 622 male
2759 569 2983 624 audiatis
3007 612 3020 636 ,
3052 569 3295 639 gaudete.
3334 569 3464 624 Illud
3496 573 3638 626 enim
3668 591 3760 626 sa-

2180 653 2243 707 lis
2292 665 2374 710 est
2419 672 2584 725 opus,
2635 668 2690 712 ut
2739 661 2926 714 molles
2967 659 3210 714 mordeat
3255 671 3305 714 et
3335 671 3550 731 pungat.
3580 664 3772 734 Itaque

2189 747 2466 800 maledicta
2520 751 2821 804 necessario
2875 762 3196 820 sequuntur,
3255 767 3427 820 neque
3480 753 3528 806 in
3580 755 3772 825 aliquo

2199 854 2290 892 vos
2323 840 2550 905 la-dunt,
2583 843 2676 897 sed
2705 853 2932 898 vestram
2961 843 3306 897 testiﬁcantur
3354 844 3676 901 ﬁrmitatem.
3705 849 3769 902 Si

2180 944 2306 982 vero
2337 931 2420 983 illa
2454 940 2749 987 metuentes
2774 975 2788 1000 ,
2835 934 2904 987 ab
2943 933 3030 987 illa
3059 935 3208 988 vobis
3236 945 3564 1004 congruente
3591 937 3760 992 vehe-

2181 1024 2379 1076 mentia
2410 1024 2722 1080 destiteritis
2752 1068 2766 1090 ,
2820 1026 2990 1080 multo
3028 1028 3274 1096 graviora
3328 1030 3534 1096 passuri
3582 1034 3714 1086 eatis
3747 1073 3765 1092 ,

2179 1114 2316 1183 apud
2346 1130 2533 1171 omnes
2583 1117 2721 1171 male
2749 1117 3016 1184 audituri,
3050 1129 3103 1172 et
3149 1121 3393 1175 onmibus
3431 1127 3767 1191 contemptui

2177 1205 2328 1260 eritis
2361 1225 2372 1260 :
2402 1207 2529 1262 illud
2557 1210 2698 1262 enim
2725 1219 2806 1263 est
2827 1211 3144 1264 conculcari.
3177 1211 3374 1266 Deinde
3399 1212 3464 1266 ad
3493 1215 3636 1267 aliud
3669 1233 3764 1267 sn-

2181 1297 2393 1352 blimius
2434 1301 2603 1369 pergit
2650 1303 2970 1370 exemplum.
3024 1303 3109 1356 li.
3155 1302 3250 1356 Vos
3289 1304 3404 1358 estis
3448 1308 3539 1359 lux
3565 1308 3762 1363 mundi.

2183 1388 2373 1442 lterum
2424 1390 2640 1455 mutuli,
2687 1408 2789 1444 non
2826 1393 2996 1460 gentis
3038 1409 3223 1457 lllllllS,
3257 1395 3338 1448 vel
3367 1395 3547 1464 viginti
3574 1398 3766 1450 civita-

2182 1488 2333 1546 tum,
2378 1481 2470 1534 sed
2521 1483 2680 1535 totius
2705 1483 2848 1537 orbis
2878 1503 2889 1535 :
2925 1486 3015 1538 lux
3048 1485 3427 1556 intelligibilis,
3463 1488 3543 1540 bis
3571 1490 3768 1542 Salari-

2183 1571 2278 1626 btts
2321 1574 2485 1629 radiis
2527 1579 2893 1652 praestantior,
2936 1577 3381 1646 quemadmmltmi
3415 1590 3466 1632 et
3496 1580 3575 1633 sal
3608 1583 3770 1651 spiri-

2184 1664 2344 1720 tuale.
2386 1664 2567 1719 Primo
2591 1667 2702 1732 sal,
2745 1667 2936 1722 deinde
2982 1669 3067 1722 lux
3090 1710 3104 1734 ,
3134 1678 3190 1722 ut
3215 1671 3390 1725 discas
3417 1683 3672 1742 quantum
3701 1691 3768 1729 cx

2181 1756 2290 1809 acri
2335 1771 2582 1811 sermone
2611 1759 2810 1812 lucrum
2839 1761 3141 1830 proveniat,
3172 1774 3366 1831 quanta
3395 1781 3456 1818 ex
3488 1767 3635 1834 gravi
3667 1767 3763 1820 dn-

2181 1846 2348 1900 ctrina
2395 1847 2612 1902 utilitas.
2657 1850 2875 1920 Stringit
2915 1853 3091 1916 enim,
3135 1869 3232 1906 nec
3261 1855 3388 1908 sinit
3413 1857 3686 1923 difﬂuere,
3715 1869 3769 1913 ct

2181 1935 2246 1990 ad
2277 1937 2524 1992 virtutem
2553 1939 2752 1994 ducens
2789 1943 3104 2011 respicicndi
3133 1945 3236 1998 vim
3277 1946 3426 1999 indit.
3457 1947 3578 2002 Non
3606 1961 3767 2020 potest

2181 2029 2352 2082 civitas
2372 2031 2612 2084 abscondi
2638 2050 2793 2103 supra
2824 2045 3038 2088 montem
3061 2037 3224 2106 positu
3255 2054 3274 2090 :
3302 2038 3368 2094 15
3416 2057 3570 2107 neque
3590 2059 3772 2095 accen-

2182 2123 2307 2177 dunt
2354 2123 2638 2189 lucernam,
2677 2138 2724 2180 et
2749 2139 2942 2198 ponunt
2967 2146 3076 2182 eam
3103 2131 3193 2182 sub
3223 2133 3411 2183 modio.
3440 2131 3645 2186 Rursus
3679 2151 3776 2203 per

2185 2212 2297 2269 haec
2320 2214 2439 2270 illos
2465 2217 2528 2269 ad
2554 2228 2856 2271 accuratam
2885 2219 3006 2272 vita:
3028 2223 3287 2274 rationem
3317 2223 3510 2275 excitat
3530 2264 3544 2287 ,
3568 2222 3722 2281 docet
3749 2241 3776 2278 s

2181 2322 2275 2361 eos
2295 2349 2308 2368 ,
2341 2319 2395 2362 ut
2425 2309 2649 2364 sollicite
2675 2311 2773 2364 sibi
2799 2321 3048 2375 caveant,
3083 2321 3264 2380 utpote
3294 2314 3381 2382 qui
3411 2315 3508 2367 sub
3529 2317 3776 2370 otnninnt

2183 2399 2348 2452 oculis
2379 2409 2686 2466 versentur,
2719 2411 2768 2454 et
2799 2401 2848 2454 in
2882 2402 3058 2455 medio
3081 2405 3242 2456 totius
3271 2404 3418 2458 orbis
3447 2405 3657 2458 theatro
3679 2407 3777 2459 de-

2183 2501 2409 2546 cerlcnt.
2455 2491 2656 2556 Nolite,
2700 2493 2901 2563 inquit,
2935 2494 2985 2548 id
3016 2503 3260 2563 reputare
3289 2495 3502 2562 animo,
3538 2513 3634 2549 vos
3660 2499 3774 2567 jam

2187 2580 2271 2636 hic
2314 2582 2540 2648 sedere,
2587 2592 2642 2638 et
2685 2583 2736 2636 in
2777 2584 2964 2656 exigua
3013 2585 3189 2656 anguli
3235 2596 3386 2656 parte
3425 2590 3622 2642 versari
3658 2611 3668 2639 ;
3701 2590 3774 2644 ita

2184 2673 2324 2726 enim
2371 2673 2642 2742 conspicui
2689 2675 2934 2730 omnibus
2971 2677 3150 2742 eritis,
3195 2688 3252 2732 ιιι
3277 2680 3468 2733 civitas
3495 2679 3546 2734 in
3577 2683 3776 2737 montis

2184 2765 2456 2821 cacumine
2499 2767 2688 2835 posita,
2725 2777 2783 2823 ut
2821 2769 3034 2822 lucerna
3068 2770 3118 2824 in
3148 2769 3309 2824 domo
3334 2785 3492 2842 supra
3521 2773 3777 2827 candela-

2186 2855 2338 2911 brum
2363 2859 2566 2913 lucens.

2256 2947 2440 3003 Christi
2468 2952 2688 3021 potentia
2716 2953 2975 3006 asseritur.
2999 2983 3069 2992 —
3098 2953 3197 3010 Ubi
3228 2963 3354 3008 sunt
3395 2970 3536 3008 nunc
3576 2955 3653 3008 illi
3682 2956 3776 3022 qui

2185 3037 2379 3095 Christi
2413 3043 2664 3110 potentire
2703 3059 2808 3098 non
2840 3044 3102 3099 credunt?
3147 3045 3272 3100 Haec
3301 3046 3552 3113 audiant,
3604 3058 3660 3102 et
3701 3050 3778 3102 de

2188 3132 2479 3202 prophetizn
2511 3135 2559 3188 vi
2602 3145 2878 3204 stupentes
2903 3179 2918 3203 ,
2962 3137 3186 3192 adorent
3230 3139 3352 3208 ejus
3380 3139 3773 3194 fortitudinem.

2189 3223 2466 3293 Perpende
2506 3224 2647 3278 enim
2677 3237 2872 3297 quanta
2908 3227 3218 3297 polliceatur
3254 3230 3317 3284 iis
3346 3231 3437 3300 qui
3477 3247 3544 3285 ne
3587 3232 3638 3285 in
3675 3248 3774 3288 sua

2186 3314 2401 3384 quidem
2433 3317 2650 3386 regione
2677 3320 2783 3372 noti
2813 3329 2998 3385 erant;
3031 3320 3277 3376 videlicet
3306 3322 3448 3391 ipsus
3479 3322 3533 3375 in
3556 3333 3699 3378 terra
3718 3334 3775 3379 et

2188 3408 2238 3460 in
2272 3408 2406 3462 mari
2448 3409 2819 3476 celebrandas,
2850 3421 2904 3466 et
2933 3411 3067 3466 fama
3098 3413 3163 3466 ad
3195 3414 3450 3468 terminos
3477 3415 3623 3470 orbis
3646 3431 3776 3484 per-

2185 3507 2438 3555 venturos
2467 3517 2618 3566 esse;
2650 3503 2756 3556 imo
2783 3518 2886 3558 non
2911 3503 3046 3558 fama
3073 3514 3299 3572 tantum,
3323 3506 3415 3560 sed
3438 3515 3493 3561 et
3526 3507 3774 3563 beneﬁcii

2183 3593 2440 3650 efﬁcacia.
2469 3594 2583 3650 Non
2608 3596 2751 3650 enim
2783 3596 2903 3650 illos
2947 3596 3079 3651 fama
3114 3597 3302 3651 volans
3342 3607 3496 3652 notos
3542 3599 3775 3655 reddidit

2186 3687 2404 3756 ubique,
2426 3686 2519 3743 sed
2547 3688 2656 3758 ipsa
2679 3703 2898 3758 operum
2920 3689 3224 3743 celebritas.
3249 3688 3379 3742 Nam
3405 3704 3501 3743 ceu
3525 3689 3775 3745 volucres

2184 3778 2418 3832 velocius
2443 3794 2601 3848 quam
2629 3779 2756 3833 solis
2778 3779 2910 3833 radii
2942 3787 3136 3833 terram
3157 3794 3369 3834 onmem
3394 3791 3772 3850 peragrarunt.

2184 3871 2286 3940 pize
2315 3871 2588 3942 religionis
2631 3872 2804 3926 lucem
2836 3874 3160 3927 eminentes.
3204 3873 3300 3926 llic
3325 3883 3501 3926 autem
3533 3874 3662 3928 mihi
3693 3876 3772 3928 vi-

2183 3962 2338 4018 detur
2383 3964 2500 4018 illos
2531 3963 2595 4017 ad
2644 3965 2890 4019 ﬁduciam
2941 3963 3254 4019 sumendam
3303 3963 3572 4018 cohortari
3601 3981 3616 4016 :
3645 3982 3772 4019 cum

2181 4055 2321 4110 enim
2355 4055 2504 4121 dicit,
2549 4055 2668 4110 Non
2699 4065 2856 4128 potest
2883 4057 3055 4109 civitas
3085 4057 3327 4110 abscondi
3350 4073 3508 4126 supra
3546 4067 3771 4110 montem

2182 4149 2364 4218 posita,
2395 4149 2686 4217 potentiam
2729 4147 2965 4203 declarat
2992 4163 3178 4213 suam;
3231 4149 3368 4203 sicut
3398 4148 3540 4202 enim
3573 4148 3659 4201 illa
3689 4149 3771 4202 ci-

2181 4241 2315 4294 vitas
2356 4239 2610 4295 abscondi
2637 4240 2840 4310 nequit,
2869 4241 2945 4294 sic
2990 4239 3291 4308 prtedicatio
3324 4239 3486 4295 taceri
3517 4249 3570 4294 et
3598 4240 3771 4294 latere

2180 4347 2288 4386 non
2314 4340 2504 4401 potest.
2534 4331 2666 4399 Quia
2693 4331 2835 4386 enim
2871 4331 3122 4400 loquutus
3151 4317 3267 4384 erat
3295 4330 3362 4385 de
3393 4332 3769 4400 persequutio-

2179 4426 2358 4491 nibus,
2390 4425 2456 4480 de
2486 4425 2801 4490 maledictis,
2843 4424 2910 4478 de
2937 4423 3163 4492 insidiis,
3201 4425 3267 4478 de
3294 4424 3480 4487 bellis;
3511 4438 3579 4478 ne
3605 4434 3762 4493 puta-

2179 4524 2296 4570 rent
2320 4517 2433 4570 hazc
2455 4516 2560 4570 illis
2590 4529 2746 4586 posse
2767 4530 2827 4570 os
2849 4515 3148 4579 obstruere,
3173 4514 3418 4569 fiduciam
3442 4515 3545 4570 illis
3570 4515 3767 4570 ludens

2174 4609 2268 4674 ait,
2297 4607 2727 4678 pmdicationem
2775 4623 2881 4662 non
2917 4609 3073 4662 modo
3109 4622 3214 4662 non
3247 4608 3409 4662 latere
3439 4622 3630 4676 posse,
3666 4609 3763 4663 sed

2175 4708 2228 4754 et
2254 4707 2418 4753 totum
2450 4697 2632 4753 orbem
2661 4697 3041 4752 illustraturam
3069 4714 3206 4754 esse.
3241 4697 3466 4767 Ideoque
3491 4698 3564 4751 illi
3595 4699 3762 4752 etiam

2174 4798 2330 4846 erunt
2375 4789 2642 4858 conspicui
2682 4799 2734 4844 et
2782 4789 3036 4860 insignes.
3087 4789 3217 4843 llinc
3264 4790 3421 4858 igitur
3465 4789 3757 4858 potentiam

2173 4895 2321 4936 Suam
2350 4881 2614 4944 ostendit;
2655 4896 2720 4936 ex
2751 4881 3096 4950 sequentibus
3122 4897 3249 4934 vero
3281 4879 3525 4934 ﬁduciam
3557 4880 3625 4934 ab
3655 4880 3763 4934 illis

2172 4973 2334 5044 exigit
2367 4972 2450 5028 his
2477 4973 2653 5028 verbis
2681 4991 2695 5028 :
2740 4971 2919 5040 Neque
2943 4973 3220 5027 accendunt
3251 4972 3526 5033 lucernam,
3568 4979 3617 5024 et
3658 4989 3758 5039 po-

2171 5077 2298 5121 nunt
2326 5083 2437 5120 eam
2459 5065 2550 5120 sub
2576 5065 2762 5129 modio,
2787 5065 2874 5118 sed
2899 5081 3052 5134 super
3089 5063 3464 5129 candelabrum,
3495 5071 3549 5115 ut
3589 5063 3759 5116 luceat

2171 5159 2400 5213 omnibus
2428 5159 2514 5230 qui
2553 5160 2608 5212 in
2649 5158 2798 5212 domo
2832 5167 2968 5211 sunt.
3021 5156 3105 5211 l6.
3157 5155 3247 5211 Sic
3287 5156 3448 5209 luceat
3476 5155 3566 5208 tua:
3591 5165 3759 5208 uestra

2168 5267 2338 5305 coram
2367 5251 2670 5316 hominibus,
2696 5258 2750 5302 ut
2778 5249 2972 5303 rideant
2997 5264 3149 5316 opera
3187 5256 3347 5301 vestra
3378 5247 3527 5310 bona,
3565 5255 3610 5299 et
3637 5248 3757 5317 glo-

2166 5345 2362 5414 riﬁcent
2407 5343 2615 5398 Patrem
2663 5353 2875 5397 vestrum
2904 5342 2992 5413 qui
3033 5342 3084 5395 in
3113 5341 3250 5396 curtis
3296 5350 3387 5394 est.
3442 5339 3554 5409 Ego
3583 5340 3754 5400 enim,

2169 5438 2356 5508 inquit,
2389 5437 2559 5492 lucem
2590 5435 2805 5491 accendi
2833 5453 2846 5488 :
2879 5444 2937 5489 ut
2961 5449 3090 5491 vero
3122 5440 3428 5502 perseveret
3454 5431 3673 5496 ardens,
3701 5432 3754 5485 id

2166 5531 2230 5584 ad
2261 5540 2490 5584 vestram
2528 5527 2852 5598 diligentiam
2882 5526 3150 5596 pertinet;
3181 5539 3286 5580 non
3332 5524 3493 5578 vestri
3545 5531 3753 5576 tantum

2165 5635 2346 5686 causa,
2379 5619 2473 5676 sed
2511 5630 2565 5675 et
2605 5619 2817 5674 illorum
2853 5617 3024 5688 gratia
3054 5617 3144 5687 qtti
3174 5616 3273 5672 hac
3305 5616 3574 5686 potientur
3605 5612 3752 5680 luce,

2166 5721 2220 5768 et
2259 5713 2324 5766 ad
2371 5713 2648 5766 veritatem
2679 5709 3030 5764 deducentur.
3076 5707 3260 5778 Neque
3308 5708 3450 5761 enim
3501 5715 3757 5775 poterunt

2167 5803 2445 5859 maledicta
2500 5811 2734 5857 vestrum
2785 5801 3072 5855 obscurare
3119 5800 3456 5871 Splcntloren:
3504 5815 3519 5852 :
3566 5799 3613 5852 si
3648 5812 3747 5854 vos
