4084 6210
347 317 453 372 23-1

355 434 602 484 accurate
633 423 793 477 vitam
817 418 1301 487 ittsliluatis,atque
1324 421 1414 474 illo
1430 419 1607 481 modo,
1646 427 1705 471 ut
1728 417 1817 485 qui
1851 425 1930 467 to-

355 529 466 573 tum
498 515 682 571 orbem
708 520 1017 568 convertere
1043 508 1306 564 debeatis.
1338 508 1557 578 Dignam
1588 507 1746 576 igitur
1784 514 1928 558 tanta

355 608 526 678 gratia
555 606 800 661 exhibete
843 603 1027 666 vitam,
1056 609 1114 654 ut
1154 601 1292 654 sicut
1321 599 1410 653 illa
1437 597 1632 668 ubiqtte
1681 596 1933 666 praedica-

361 711 467 765 tur,
493 699 570 754 sic
589 707 641 751 et
669 698 781 750 haec
807 711 928 751 cum
959 695 1044 747 illa
1075 699 1377 747 concurrat.
1417 689 1620 745 Deinde
1643 687 1783 742 aliud
1816 695 1932 755 post

363 791 630 844 hominum
656 788 878 842 salutem
909 786 1114 840 lucrum
1145 783 1312 854 ponit,
1341 781 1480 853 quod
1515 789 1695 851 posset
1724 780 1841 834 illos
1867 779 1931 831 ad

360 883 608 950 majorem
644 875 1059 932 sollicitudinem
1086 875 1557 943 omnimodumque
1582 873 1813 928 studium
1840 887 1930 926 ex-
1963 900 1966 903 ι

355 973 536 1026 citare.
565 970 699 1025 Nam
726 971 772 1025 si
813 978 959 1024 recte
981 968 1190 1031 vivatis,
1221 965 1413 1038 inquit,
1437 980 1542 1020 non
1576 963 1736 1020 modo
1764 973 1931 1018 totum

352 1061 534 1116 orbem
582 1061 960 1126 emendabitis,
991 1059 1085 1115 sed
1129 1058 1288 1114 etiam
1331 1057 1385 1114 id
1411 1056 1654 1112 efﬁcietis
1693 1064 1751 1110 ut
1793 1055 1933 1110 Deus

349 1153 675 1223 gloriticetur
700 1170 712 1205 :
745 1153 788 1206 si
819 1167 949 1206 vero
979 1160 1162 1207 contra
1191 1149 1444 1213 feceritis,
1466 1158 1520 1204 et
1548 1148 1792 1203 homines
1814 1162 1934 1216 per-

347 1243 508 1306 detis,
538 1243 698 1312 idque
722 1241 965 1298 cfticietis
997 1252 1050 1294 nt
1078 1231 1213 1295 Deus
1241 1239 1659 1309 blasphemetur.

422 1334 476 1388 8.
518 1331 683 1387 Virtus
725 1334 877 1386 latere
914 1333 1116 1404 nequit;
1155 1332 1298 1386 illam
1335 1330 1548 1400 improbi
1591 1331 1689 1401 ipsi
1717 1331 1767 1384 in
1808 1345 1932 1384 con-

349 1426 556 1478 scientia
583 1442 676 1478 sita
702 1427 930 1478 (malunt.
962 1424 1128 1478 Filius
1169 1425 1379 1493 wqualis
1409 1423 1576 1476 Patri.
1606 1453 1675 1463 —
1703 1422 1766 1476 Et
1795 1437 1930 1492 quo-

348 1517 528 1582 modo,
582 1518 804 1587 inquies,
863 1532 958 1585 per
989 1533 1085 1570 nos
1133 1514 1514 1586 gloritieahitur
1568 1514 1830 1576 Christus,
1885 1514 1931 1568 si

350 1609 504 1664 nobis
531 1609 774 1661 homines
798 1606 1128 1662 maledicturi
1160 1606 1308 1658 sint?
1338 1606 1408 1658 At
1440 1619 1544 1658 non
1572 1620 1758 1657 omnes
1782 1619 1798 1666 ;
1827 1604 1932 1658 imo

353 1700 444 1765 qui
467 1699 518 1753 id
545 1699 755 1764 facient,
787 1698 839 1750 id
870 1713 937 1751 ex
966 1696 1159 1751 invidia
1189 1695 1421 1750 facient:
1448 1694 1609 1748 invidi
1641 1703 1821 1748 autem
1848 1694 1926 1748 illi

351 1793 405 1846 in
431 1791 761 1846 conscientia
803 1805 900 1844 sua
927 1804 1020 1844 vos
1039 1789 1382 1843 mirabuntur
1408 1797 1567 1856 atque
1593 1786 1883 1856 suspieient
1912 1805 1924 1840 :

346 1883 792 1954 quemadmodum
831 1892 884 1935 et
915 1882 947 1936 ii
985 1881 1074 1951 qui
1105 1880 1280 1950 palam
1330 1879 1586 1949 improbis
1620 1878 1926 1946 adulantur,

351 1984 528 2032 tuente
561 1974 778 2030 eosdem
806 1974 1174 2028 criminantur.
1221 1970 1357 2039 Quid
1395 1987 1524 2041 ergo
1554 1971 1830 2041 prmcipis?
1859 1987 1927 2025 an

347 2057 408 2124 ut
433 2068 499 2123 ad
525 2068 930 2124 ostentationem
959 2075 1013 2121 ct
1051 2066 1271 2121 honoris
1309 2063 1592 2134 aucupium
1636 2063 1920 2118 vivamus?

348 2161 533 2225 Absit,
577 2175 683 2214 non
726 2158 777 2214 id
805 2158 942 2213 dico.
972 2157 1154 2227 Neque
1182 2155 1326 2211 enim
1352 2155 1487 2220 dixi,
1515 2153 1574 2209 ld
1604 2153 1834 2217 studete,
1869 2164 1924 2207 ut

347 2253 486 2308 bona
517 2267 676 2322 opera
705 2261 876 2306 vestra
901 2251 951 2304 in
985 2249 1214 2304 medium
1244 2249 1525 2318 proferatis
1559 2266 1570 2302 :
1596 2263 1767 2318 neque
1793 2246 1934 2312 dixi,

349 2345 608 2400 Exhibete
625 2344 708 2397 illa
736 2360 751 2407 ;
775 2342 889 2406 sed,
908 2341 1092 2395 Luceat
1118 2341 1208 2394 lux
1224 2350 1384 2395 vestra
1402 2356 1437 2412 ;‘
1448 2339 1612 2394 multa
1639 2339 1714 2394 sit.
1733 2341 1932 2407 virtus,

345 2436 594 2506 copiosus
617 2434 769 2504 ignis,
804 2434 895 2487 lux
919 2431 1218 2487 inelfabilis.
1249 2429 1380 2486 Cum
1411 2431 1554 2486 enim
1583 2438 1728 2485 tanta
1750 2431 1921 2485 virtus

350 2527 438 2590 sit,
471 2525 586 2580 ﬁeri
610 2541 713 2579 non
734 2531 910 2594 potest
935 2532 992 2576 ut
1012 2522 1193 2589 lateat,
1222 2521 1500 2576 ctiamsiis
1521 2523 1610 2592 qui
1632 2520 1776 2576 illam
1805 2537 1928 2591 pos-

342 2617 482 2672 sidet
505 2657 520 2680 .
550 2615 856 2670 omnimodo
883 2629 1000 2669 eam
1032 2613 1314 2668 obscuram
1343 2627 1464 2669 esse
1491 2611 1640 2668 velit.
1690 2612 1931 2682 lrrepre-

344 2707 658 2767 heusibiletn
689 2706 845 2774 igitur
867 2705 969 2760 illis
995 2703 1242 2759 exhibete
1270 2704 1452 2769 vitam,
1492 2703 1795 2773 nullamque
1836 2719 1928 2758 vc-

343 2814 456 2854 ram
487 2798 717 2852 habeant
750 2796 1030 2852 accusandi
1057 2795 1390 2851 occasionem
1413 2811 1428 2861 ;
1451 2796 1658 2851 etiamsi
1687 2797 1927 2853 sexcenti

344 2899 683 2945 accusatores
704 2887 900 2952 adsint,
930 2903 1087 2942 nemo
1116 2902 1211 2941 vos
1249 2886 1537 2942 obscurare
1564 2888 1774 2957 poterit.
1803 2887 1928 2942 Pul-

341 2981 468 3036 chre
491 2980 644 3044 dixit,
694 2977 826 3033 Lux.
860 2978 1000 3033 Nihil
1045 2978 1186 3034 enim
1244 2977 1513 3032 hominem
1539 2978 1616 3034 sic
1662 2979 1925 3036 illustrem

354 3072 538 3138 efficit,
566 3071 772 3126 etiamsi
804 3084 1021 3140 prorsus
1048 3069 1212 3125 latere
1235 3070 1380 3134 velit,
1423 3080 1481 3125 ut
1504 3071 1714 3127 virtutis
1740 3072 1924 3143 Splen-

340 3165 460 3219 dor.
505 3163 654 3220 Sicut
679 3163 819 3218 enim
863 3164 978 3232 ipso
1015 3163 1177 3218 solari
1226 3163 1375 3218 radio
1428 3164 1806 3231 circumdatus,
1853 3167 1923 3222 ita

342 3256 501 3311 etiam
527 3255 722 3310 clarius
753 3254 996 3325 refulget,
1049 3270 1155 3308 non
1187 3254 1242 3309 in
1275 3264 1471 3312 terram
1513 3264 1716 3310 tantum
1746 3256 1926 3312 radios

343 3349 616 3412 emittens,
643 3347 735 3402 sed
762 3346 934 3416 ipsum
965 3347 1152 3402 caalum
1200 3345 1606 3402 trausceudens.
1636 3346 1769 3402 Hinc
1798 3347 1919 3404 illos

339 3439 624 3494 admodum
653 3438 977 3493 consolatur.
1010 3436 1143 3492 Nam
1188 3437 1233 3491 si
1262 3437 1328 3493 de
1353 3437 1650 3494 maledictis
1669 3480 1684 3506 ,
1713 3439 1920 3510 inquit,

340 3532 559 3594 doletis,
594 3530 746 3584 mttlti
779 3530 938 3584 etiam
968 3538 1124 3584 erunt
1147 3530 1232 3600 qui
1260 3539 1476 3601 prepter
1504 3545 1598 3586 vos
1627 3531 1791 3586 Deum
1820 3531 1915 3587 ad-

341 3624 622 3678 mirentur.
674 3621 932 3690 Utrinque
977 3635 1104 3676 vero
1130 3620 1396 3691 colligitur
1443 3637 1684 3688 merces,
1715 3632 1918 3679 etcum

339 3723 556 3783 propter
579 3725 673 3766 vos
705 3711 842 3766 Deus
871 3710 1200 3781 glorificatur
1223 3752 1238 3779 ,
1271 3719 1326 3766 et
1350 3727 1470 3766 cum
1503 3721 1722 3783 propter
1751 3714 1922 3770 Deum

342 3820 442 3860 vos
493 3802 791 3859 maledictis
829 3803 1175 3858 incessimini.
1237 3804 1444 3858 Etenim
1474 3820 1542 3860 ne
1569 3806 1709 3862 male
1733 3807 1922 3864 audire

333 3897 643 3954 studeamus
671 3937 688 3964 ,
729 3897 868 3967 quod
899 3895 1246 3953 didicerimus
1273 3896 1397 3952 hinc
1436 3899 1716 3967 prtetnium
1737 3915 1922 3969 repor-

336 3991 437 4046 tari
467 4030 484 4057 ,
513 4005 617 4043 non
649 3987 779 4043 illud
807 3987 1121 4056 simpliciter
1169 3987 1362 4057 posuit,
1415 3987 1510 4042 sed
1552 4003 1672 4043 cum
1715 3988 1921 4045 duabus

333 4079 765 4137 distinctionibus
789 4095 808 4145 ;
860 4093 1055 4148 nempe
1092 4093 1212 4133 cum
1241 4077 1372 4134 falsa
1400 4077 1649 4134 dicuntur
1672 4120 1687 4145 ,
1716 4088 1771 4135 et
1797 4096 1918 4136 cum

336 4182 554 4244 propter
607 4172 773 4227 Deum
818 4168 1187 4225 maledicimur
1229 4168 1612 4238 :ostenditque
1662 4185 1765 4224 non
1791 4171 1917 4227 illud

335 4277 562 4331 tantum,
603 4267 701 4322 sed
742 4267 901 4322 etiam
947 4266 1083 4320 bene
1123 4264 1310 4319 audire
1354 4265 1580 4318 multum
1609 4264 1802 4319 afferre
1840 4265 1922 4320 lu-

331 4376 512 4426 crum,
539 4359 705 4429 gloria
731 4359 780 4412 in
813 4357 982 4412 Deum
1009 4363 1363 4410 transeunte:
1396 4355 1641 4425 bonaque
1678 4355 1796 4411 illos
1825 4371 1920 4426 spe

332 4455 502 4512 fulcit.
530 4451 646 4506 Non
673 4451 815 4507 enim
844 4459 1043 4505 tantam
1073 4449 1178 4503 vim
1206 4447 1406 4503 habent
1430 4487 1446 4512 ,
1476 4448 1668 4518 inquit,
1695 4448 1914 4518 iniquo-

283 4599 286 4601 _
331 4563 450 4600 rum
478 4543 783 4607 maledicta,
817 4551 874 4596 ut
900 4541 1036 4595 alios
1065 4540 1134 4595 ita
1179 4539 1532 4595 obtenebrare
1563 4539 1809 4608 possint,
1861 4548 1918 4595 ut

330 4637 516 4691 lucem.
540 4644 772 4689 vestram
800 4648 904 4690 non
936 4631 1166 4708 videant.
1191 4629 1322 4685 Cum
1352 4631 1493 4686 enim
1526 4630 1766 4686 ittfatttati
1801 4631 1917 4685 fue-

328 4729 454 4784 ritis
484 4769 502 4795 ,
529 4736 654 4784 tunc
697 4735 902 4779 tantum
938 4739 1034 4778 vos
1060 4723 1482 4788 conculcabunt;
1513 4737 1616 4777 non
1643 4737 1770 4778 vero
1795 4738 1916 4777 cum

329 4828 478 4874 recta
511 4817 769 4872 facientes
797 4814 1140 4869 aceusamini.
1183 4813 1333 4867 Tunc
1381 4813 1523 4868 enim
1554 4813 1703 4867 multi
1732 4823 1910 4880 erunt,

326 4911 424 4984 qui
457 4908 789 4964 mirabuntur
819 4922 922 4959 non
973 4921 1066 4959 vos
1111 4915 1311 4958 tantum
1337 4946 1352 4968 ,
1383 4905 1477 4960 sed
1501 4917 1716 4975 prapter
1743 4920 1838 4960 vos
1864 4915 1918 4961 et

328 5005 547 5059 Patrem
573 5010 830 5056 vestrum.
861 4997 970 5054 Nec
998 4997 1150 5062 dixit,
1183 4997 1374 5062 Dettm,
1395 4997 1508 5063 sed,
1542 4997 1774 5064 Patrem,
1802 4999 1914 5068 jam

322 5095 539 5150 semina
577 5093 783 5162 jaciens
830 5088 1121 5144 nobilitatis
1165 5087 1306 5142 illius
1361 5087 1494 5157 ipsis
1553 5089 1912 5144 conferendae.

327 5187 535 5242 Deinde
563 5185 781 5239 honoris
805 5181 1160 5253 aequalitatem
1187 5180 1486 5247 declarans,
1515 5196 1635 5236 cum
1667 5183 1916 5252 superius

321 5281 556 5337 dixisset
589 5296 602 5334 :
631 5277 708 5333 Ne
731 5275 1118 5332 contristcmini
1147 5289 1270 5329 cum
1295 5273 1433 5329 male
1461 5272 1772 5340 audieritis;
1802 5277 1911 5330 suf-

325 5373 446 5427 ficit
465 5371 606 5426 enim
631 5368 781 5424 vobis
818 5365 960 5438 quod
989 5374 1205 5436 propter
1235 5380 1321 5420 me
1375 5365 1471 5419 iSta
1510 5365 1738 5421 audiatis
1769 5382 1784 5421 :
1813 5365 1916 5422 hoc

321 5469 454 5522 loco
501 5464 711 5519 Patrem
759 5462 943 5532 ponit,
976 5459 1330 5530 aequalitatem
1379 5457 1573 5528 ubique
1614 5458 1910 5514 declarans.

319 5560 468 5616 Cum
513 5556 674 5627 igitur
704 5555 934 5609 sciamus
963 5560 1217 5623 quantum
1248 5550 1380 5605 lucri
1423 5565 1490 5605 ex
1518 5550 1616 5605 hac
1645 5550 1913 5621 diligentia

319 5659 689 5720 reportemus,
716 5655 780 5701 et.
797 5655 1051 5716 quantum
1077 5658 1143 5700 ex
1167 5641 1410 5698 socordia
1437 5641 1730 5710 periculum
1762 5657 1913 5697 cree-

321 5755 420 5800 tur
449 5743 652 5813 (nostra
677 5740 869 5810 quippe
898 5737 1130 5809 pernicie
1151 5736 1319 5792 multo
1346 5735 1494 5807 pejus
1517 5741 1617 5804 est,
1647 5734 1788 5805 quod
1810 5735 1914 5791 D0-

1526 304 1596 361 lN
1628 300 2030 360 MA'l"l'll.£UM
2069 300 2298 355 IIOMIL.
2343 299 2454 354 XV.

3522 311 3625 364 254

2042 415 2224 470 minus
2268 425 2450 470 noster
2476 415 2874 486 blaSphcmetur
2928 431 3144 492 propter
3177 424 3318 496 nos)
3344 465 3360 492 ,
3388 427 3505 482 sine
3545 429 3624 483 of-

2041 503 2288 560 fensione
2338 506 2506 560 sinms
2543 517 2598 562 et
2624 506 2821 564 Judzcis
2847 519 2902 565 et
2929 512 3174 581 gentibus
3201 557 3215 579 ,
3273 525 3328 571 et
3369 516 3624 574 Ecclesia

2044 595 2161 660 Dei,
2196 597 2463 668 vitamque
2508 599 2621 653 sole
2661 600 3073 670 splendidiorem
3101 607 3468 678 exhibeamus,
3496 622 3551 668 et
3579 615 3624 669 si

2045 689 2368 745 maledicere
2415 692 2536 760 quis
2563 692 2726 759 velit,
2757 709 2825 748 ne
2865 694 3140 751 doleamus
3160 739 3173 762 ,
3204 698 3249 752 si
3281 702 3417 756 male
3443 703 3624 759 audia-

2039 795 2178 847 mus,
2207 782 2301 836 sed
2323 782 2368 837 si
2396 785 2588 838 merito
2617 785 2756 842 male
2782 786 3078 844 audiamus.
3105 789 3162 844 Si
3187 791 3328 846 enim
3357 793 3409 848 in
3434 798 3625 866 nequi-

2041 875 2112 930 tia
2144 875 2383 930 vivamus
2408 917 2422 942 ,
2453 877 2552 932 etsi
2586 891 2743 933 nemo
2794 880 2865 934 sit
2906 883 2995 950 qui
3042 882 3321 938 maledicat
3345 925 3360 949 ,
3389 889 3623 943 onmium

2039 965 2322 1022 miserrimi
2349 982 2568 1036 sumus;
2600 969 2642 1024 si
2660 979 2838 1025 autem
2860 971 3112 1028 virtutem
3132 973 3390 1043 colanms,
3417 978 3626 1033 etiamsi

2040 1065 2181 1111 totus
2209 1057 2355 1113 orbis
2394 1059 2547 1115 nobis
2573 1061 2854 1116 maledieat
2879 1104 2895 1128 ,
2926 1063 3128 1119 erimus
3155 1067 3395 1122 onmium
3424 1069 3626 1124 beatis-

2040 1151 2162 1204 simi
2191 1191 2208 1216 ,
2241 1162 2296 1207 et
2324 1168 2417 1208 eos
2447 1169 2635 1209 omnes
2665 1156 2752 1225 qui
2804 1156 3032 1212 salutem
3061 1162 3318 1230 consequi
3347 1163 3532 1229 velint,
3559 1166 3625 1220 ad

2037 1256 2134 1296 nos
2165 1243 2534 1311 pcrtrahemus
2567 1263 2580 1299 :
2610 1261 2716 1300 non
2755 1248 2897 1304 enim
2929 1251 3226 1306 maledictis
3255 1253 3618 1323 improborum

2035 1334 2268 1389 animum
2311 1337 2672 1404 adhibebant,
2728 1341 2821 1396 sed
2874 1342 2994 1397 vita:
3054 1360 3175 1400 cum
3217 1347 3411 1404 virtute
3457 1360 3617 1406 actae.

2039 1425 2249 1481 Etenim
2272 1428 2392 1483 tuba
2423 1430 2647 1486 clariora
2702 1444 2827 1488 sunt
2855 1449 3016 1505 opera
3048 1437 3210 1504 bona,
3245 1439 3358 1508 ipsa
3399 1442 3516 1498 luce
3539 1444 3621 1498 lu~

2037 1516 2208 1571 cidior
2253 1519 2358 1573 vita
2389 1536 2553 1590 pura,
2585 1524 2794 1584 etiamsi
2841 1525 3109 1582 immmeri.
3148 1530 3253 1584 sint
3298 1532 3330 1585 ii
3359 1536 3446 1602 qui
3477 1537 3610 1591 oblo

2037 1617 2284 1674 quantur.
2318 1611 2373 1665 Si
2396 1613 2541 1667 enim
2571 1616 2750 1669 omnia
2770 1619 3069 1685 supradicta
3103 1619 3414 1691 habeamus,
3445 1628 3498 1680 si.
3517 1630 3622 1682 mi-

2038 1707 2136 1764 tes,
2163 1699 2391 1756 humiles
2419 1717 2483 1758 ac
2524 1704 2900 1761 misericordes
2943 1708 3112 1763 simus
3133 1750 3148 1775 ,
3200 1711 3244 1764 si
3276 1712 3403 1768 item
3429 1717 3544 1783 puri
3570 1726 3623 1771 et

2035 1791 2260 1859 paciﬁci,
2307 1807 2372 1848 ac
2401 1794 2540 1849 male
2586 1795 2868 1852 audientes
2895 1813 3001 1853 non
3029 1801 3331 1857 referamus
3350 1804 3618 1875 iujuriam,

2035 1880 2142 1936 imo
2168 1884 2328 1938 etiam
2349 1886 2697 1955 gaudeamus,
2719 1903 2824 1944 non
2854 1892 3030 1946 minus
3057 1909 3214 1962 quam
3245 1912 3342 1966 per
3369 1899 3621 1956 miracula

2033 1984 2362 2044 spectatores
2403 1979 2469 2033 ad
2497 1995 2596 2035 nos
2627 1981 3030 2052 pcrtrahemus,
3073 1985 3404 2058 libenterque
3433 2007 3621 2049 onmes

2032 2065 2099 2120 ad
2129 2082 2226 2122 nos
2273 2069 2568 2136 accedent,
2598 2073 2711 2128 sive
2742 2073 2850 2128 fera
2880 2075 3000 2146 quis
3029 2075 3206 2144 fuerit,
3241 2080 3353 2135 sive
3379 2081 3612 2149 daeinon,

2031 2166 2122 2212 aut
2171 2159 2379 2229 quidvis
2407 2161 2572 2216 aliud.
2619 2162 2674 2219 Si
2716 2165 2932 2235 quidam
2975 2168 3330 2234 maledicaut,
3382 2188 3449 2228 ne
3499 2173 3619 2230 idco

2032 2248 2280 2315 turberis,
2305 2267 2476 2322 neque
2497 2269 2654 2309 cures
2673 2255 2718 2309 si
2746 2265 2795 2311 te
2817 2257 2985 2325 palam
3005 2261 3326 2316 contumelia
3349 2262 3614 2325 afficiant;

2031 2339 2132 2394 sed
2183 2354 2368 2395 eorum
2421 2345 2798 2400 conscientiam
2853 2347 3093 2416 explora,
3150 2360 3204 2406 et
3249 2351 3452 2408 videbis
3494 2355 3618 2411 illos

2031 2429 2364 2498 plaudentes,
2399 2434 2653 2490 mirantes
2675 2477 2690 2501 ,
2721 2444 2776 2492 et
2799 2438 2946 2493 mille
2982 2438 3123 2494 intus
3151 2441 3396 2498 laudibus
3417 2460 3616 2502 ornan-

2034 2529 2133 2574 tes.
2186 2521 2317 2577 Vide
2361 2523 2519 2594 igitur
2561 2541 2666 2595 quo
2703 2537 2860 2597 pacto
2888 2528 3380 2589 Nabuchodonosor
3422 2551 3617 2606 pueros

2034 2611 2088 2666 in
2140 2612 2356 2670 fornace
2399 2615 2595 2682 laudet,
2645 2620 2853 2674 etiamsi
2887 2620 3054 2676 hostis
3084 2623 3432 2696 inimicusque
3475 2641 3615 2685 esset

2032 2702 2193 2772 (Dan.
2223 2705 2292 2778 '5)
2322 2722 2337 2760 :
2367 2707 2461 2762 scd
2505 2708 2627 2778 quia
2658 2709 2789 2764 vidit
2836 2710 3045 2768 fortiter
3072 2724 3292 2782 Stantes,
3328 2717 3446 2772 illos
3475 2734 3614 2788 pra:-

2031 2793 2170 2850 dicat
2195 2806 2249 2850 et
2275 2807 2515 2864 coronat,
2550 2815 2654 2854 non
2682 2801 2785 2854 alia
2811 2801 2879 2857 de
2904 2817 3083 2864 causa,
3105 2804 3204 2858 nisi
3231 2807 3354 2875 quia
3385 2808 3480 2878 ipsi
3510 2826 3620 2866 non

2030 2884 2489 2957 obtemperantes,
2518 2889 2687 2960 legem
2716 2890 2808 2946 Dei
2834 2891 3133 2948 audierant.
3172 2895 3418 2953 Diabolus
3447 2900 3609 2966 enim,

2029 2991 2152 3031 eum
2183 2978 2328 3034 videt
2352 2995 2411 3035 se
2433 2981 2563 3035 nihil
2583 2979 2866 3051 prolicere,
2891 2983 3104 3040 demum
3129 2985 3391 3055 abscedit,
3422 2989 3616 3046 timens

2030 3085 2098 3125 ne
2129 3071 2307 3141 plures
2352 3073 2505 3130 nobis
2546 3088 2777 3130 coronas
2821 3077 3089 3132 conciliet.
3134 3078 3264 3134 Cum
3313 3093 3494 3138 autem
3527 3085 3614 3141 ille

2029 3161 2360 3231 discesserit,
2389 3168 2728 3236 quantumvis
2771 3165 3104 3224 facinorosos
3131 3180 3185 3224 et
3211 3173 3471 3229 scelestus
3495 3176 3614 3244 quis

2030 3252 2207 3320 fuerit,
2255 3256 2463 3312 sublata
2489 3257 2576 3313 illa
2606 3258 2832 3329 caligine
2875 3261 3124 3316 virtutem
3154 3275 3426 3333 agnoscet.
3457 3265 3612 3334 Quod

2029 3348 2072 3403 si
2102 3347 2394 3405 hominesa
2418 3359 2569 3406 recto
2599 3352 2878 3406 ratiocinio
2909 3353 3214 3422 deﬂectant,
3245 3371 3273 3410 a
3308 3356 3416 3412 Deo
3437 3360 3609 3430 majo-

2030 3455 2142 3495 rem
2169 3439 2574 3498 admirationcm
2607 3442 2925 3513 laudemque
2951 3444 3173 3501 referes.

2104 3531 2166 3589 9.
2196 3531 2273 3589 Ne
2301 3533 2484 3589 doleas
2511 3535 2706 3604 itaque,
2745 3551 2916 3605 neque
2959 3537 3138 3592 animo
3165 3540 3416 3595 concidas
3444 3559 3458 3596 :
3491 3558 3614 3599 nam

2029 3633 2082 3679 et
2102 3624 2329 3695 apostoli
2349 3625 2466 3680 aliis
2487 3625 2702 3696 quidem
2721 3637 2874 3691 erant
2901 3627 3035 3683 odor
3060 3629 3268 3694 mortis,
3293 3630 3413 3686 aliis
3433 3642 3610 3689 autem

2027 3716 2160 3772 odor
2185 3717 2306 3772 vita:
2338 3717 2412 3789 (2.
2441 3716 2560 3772 Cor.
2603 3717 2655 3771 2.
2694 3718 2757 3774 16
2784 3721 2821 3786 ).
2855 3718 2986 3774 Nam
3016 3720 3059 3774 si
3093 3729 3147 3775 tu
3178 3722 3376 3776 nullam
3419 3738 3610 3778 ausam

2026 3807 2260 3876 dederis,
2283 3808 2351 3864 ab
2370 3808 2516 3864 omni
2544 3808 2769 3865 crimine
2809 3809 3090 3876 liberaris;
3124 3812 3232 3866 imo
3259 3812 3465 3868 beatior
3485 3813 3614 3869 etle-

2026 3907 2143 3953 ctus
2172 3913 2250 3953 es.
2282 3898 2586 3968 Resplende
2613 3899 2770 3970 igitur
2792 3899 2845 3953 in
2876 3901 3003 3966 vita,
3026 3909 3079 3954 et
3114 3900 3406 3956 maledicos
3429 3917 3494 3956 ne
3520 3917 3612 3957 cu-

2027 4005 2133 4045 res.
2167 3991 2282 4046 Non
2313 4000 2490 4060 potest
2519 3993 2696 4059 enim,
2725 4007 2830 4046 non
2860 4001 3029 4062 potest
3067 4007 3198 4048 sane
3219 3995 3307 4064 qui
3354 3996 3605 4050 virtutem

2027 4085 2155 4138 colit
2183 4099 2290 4138 non
2336 4084 2532 4139 multos
2563 4083 2762 4140 habere
2809 4084 3072 4139 inimicos.
3104 4083 3208 4140 Sed
3262 4084 3390 4141 nihil
3422 4086 3610 4142 horum

2028 4175 2195 4244 probo
2227 4190 2423 4230 nocere
2465 4184 2684 4246 potest:
2735 4191 2830 4246 per
2860 4176 2974 4232 hzec
3013 4178 3155 4233 enim
3186 4178 3342 4249 longe
3369 4179 3610 4250 splendi-

2024 4265 2145 4320 dior
2173 4265 2292 4320 erit.
2327 4265 2452 4320 Ha'e
2479 4266 2656 4336 itaque
2683 4267 2999 4336 cogitantes.
3032 4283 3195 4322 unum
3249 4275 3450 4323 tantum
3482 4283 3607 4325 sco-

2025 4371 2150 4426 pum
2180 4356 2508 4426 habeamus,
2552 4373 2673 4414 cum
2699 4357 2971 4428 diligentia
3019 4367 3256 4413 nostram
3297 4358 3612 4428 diSpensarc

2025 4449 2186 4503 vitam
2215 4467 2228 4504 :
2261 4449 2337 4503 sic
2353 4449 2494 4505 enim
2521 4465 2616 4505 eos
2640 4450 2729 4520 qui
2757 4449 2807 4504 in
2837 4449 3071 4506 tenebris
3097 4449 3306 4514 sedent,
3329 4451 3394 4505 ad
3418 4467 3612 4522 super-

2025 4556 2149 4596 nam
2173 4542 2334 4596 vitam
2364 4542 2517 4613 quasi
2540 4557 2702 4596 manu
2720 4541 2994 4598 ducemus.
3025 4541 3190 4595 Tanta
3219 4541 3421 4597 scilicet
3453 4541 3610 4611 hujus

2024 4632 2158 4687 locis
2191 4634 2270 4688 vis
2321 4641 2432 4697 est,
2477 4643 2533 4687 ut
2575 4647 2682 4687 non
2734 4631 2822 4687 hic
2869 4641 3071 4686 tantum
3125 4630 3358 4701 fulgeat,
3415 4632 3507 4685 sed
3559 4643 3612 4687 et

2023 4736 2308 4794 sequentes
2358 4739 2418 4780 se
2462 4724 2554 4778 illo
2589 4723 2835 4778 deducat.
2880 4722 3013 4778 Cum
3061 4723 3203 4777 enim
3247 4737 3345 4776 nos
3380 4722 3610 4780 viderint

2024 4816 2303 4886 praesentia
2349 4815 2526 4869 omnia
2583 4813 2938 4884 despicientcs
2989 4822 3045 4868 et
3086 4813 3151 4882 ad
3190 4812 3361 4869 futura
3403 4832 3609 4886 praepa.

2023 4915 2167 4962 ratos
2191 4949 2206 4973 ,
2253 4906 2504 4977 operibus
2541 4905 2709 4974 magis
2743 4920 2901 4976 quam
2929 4904 3109 4960 verbis
3141 4905 3608 4977 obtemperabant.

2022 4997 2153 5065 Quis
2177 4998 2318 5052 enim
2349 5007 2431 5052 est
2458 4997 2528 5050 ita
2555 4996 2750 5050 stultus
2774 5036 2788 5062 ,
2831 4997 2920 5067 qui
2963 4996 3147 5052 videns
3192 4997 3460 5055 hominem
3495 4999 3609 5056 heri

2023 5099 2076 5146 et
2101 5090 2294 5144 nudius
2321 5088 2507 5143 tertius
2545 5088 2883 5143 deliciantem
2910 5099 2962 5144 et
2984 5089 3226 5154 divitem,
3253 5089 3364 5160 jam
3395 5103 3609 5146 exutum

2023 5181 2271 5236 omnibus
2323 5188 2378 5235 ct
2422 5194 2522 5235 ceu
2565 5178 2835 5261 volucrem
2867 5178 3115 5235 effectum
3137 5223 3152 5247 ,
3180 5180 3248 5235 ad
3293 5182 3484 5236 famem
3507 5225 3521 5246 ,
3557 5192 3610 5237 et

2024 5281 2410 5345 paupertatem,
2445 5271 2512 5326 ad
2541 5270 2955 5327 maccratiouem
2983 5287 3221 5339 omnem,
3254 5273 3320 5326 ad
3349 5272 3606 5342 pericula,

2022 5365 2088 5419 ad
2109 5363 2419 5433 sanguinem
2453 5361 2798 5427 fundendum,
2833 5363 2901 5416 ad
2936 5378 3122 5418 necem
3152 5372 3312 5432 atque
3336 5362 3401 5416 ad
3428 5363 3606 5414 omnia

2023 5471 2142 5526 quia
2195 5455 2324 5508 dura
2377 5462 2695 5524 reputantur
2746 5461 3011 5524 paratum,
3065 5470 3173 5509 non
3225 5454 3349 5507 hinc
3403 5452 3603 5505 clarum

2022 5546 2247 5616 accipiat
2295 5547 2588 5600 l'uturorum
2614 5551 3022 5616 argumentum?
3062 5544 3117 5598 Si
3155 5557 3283 5598 vero
3327 5545 3607 5611 praesenti-

2024 5643 2124 5696 bus
2151 5654 2248 5694 nos
2289 5638 2645 5708 implicemus,
2674 5638 2913 5706 atquein
2956 5636 3059 5690 illis
3089 5649 3186 5689 nos
3211 5635 3604 5704 immergamus,

2027 5731 2294 5802 quomodo
2324 5731 2544 5788 credere
2599 5739 2890 5800 poterunt,
2945 5742 3042 5784 uos
3067 5727 3133 5783 ad
3163 5727 3323 5783 aliam
3355 5727 3608 5788 festinare
