4084 6210
463 283 566 348 9.235

476 437 743 506 patriam?
791 435 920 504 Quae
973 450 1102 490 vero
1146 433 1300 487 nobis
1349 431 1562 486 dentom
1609 429 1712 484 erit
1757 425 2046 487 excusatio,

468 544 588 583 cum
619 543 724 582 non
756 535 955 581 tantum
993 526 1168 580 valeat
1196 523 1334 594 apud
1377 538 1475 577 nos
1516 521 1610 576 Dei
1656 526 1845 585 timor,
1876 534 2046 589 quan-

473 630 582 672 tum
643 618 806 671 valuit
862 616 999 686 apud
1061 615 1369 670 Gra'corum
1421 613 1765 683 philosophos
1817 613 2046 664 humana

469 709 634 779 gloria
657 710 682 762 ζ’
704 709 833 763 Nam
862 709 1072 762 illorum
1101 707 1313 778 quidam
1358 705 1608 774 pecunias
1630 703 1936 772 abjecerunt
1959 744 1971 765 ,
1995 710 2048 756 et

473 813 698 857 mortem
740 808 1197 870 contempserunt,
1243 809 1299 853 ut
1337 814 1454 852 sese
1493 797 1797 851 hominibus
1823 815 1834 845 t
1857 803 2049 851 slenta-

468 905 588 950 rent
626 913 640 949 :
670 894 894 963 ideoque
921 910 1053 947 vana
1097 895 1189 946 fuit
1220 893 1431 946 illorunt
1466 907 1607 960 spes.
1641 892 1893 958 Qumnatn
1921 896 2048 958 ergo

467 1002 564 1042 nos
591 987 830 1043 defensio
869 987 1134 1052 liberabit,
1164 1002 1283 1040 cum
1315 995 1435 1055 post
1475 993 1619 1039 tanta
1660 985 1812 1038 nobis
1852 998 2048 1052 propo-

465 1081 563 1132 sita
596 1085 733 1133 bona
755 1120 770 1144 ,
804 1089 858 1134 et
885 1090 1002 1148 post
1031 1089 1227 1133 tantam
1268 1078 1423 1132 nobis
1450 1087 1688 1147 apertam
1717 1076 1783 1131 ad
1815 1076 2048 1146 philoso-

467 1173 736 1240 phandum
768 1174 926 1237 viam,
961 1187 1028 1226 ne
1065 1171 1206 1239 paria
1236 1171 1450 1240 quidem
1492 1169 1598 1223 illis
1624 1168 1843 1237 exsequi
1876 1167 2048 1236 possi-

468 1278 606 1330 mus,
631 1263 726 1316 sed
754 1272 808 1316 et
835 1278 929 1316 nos
960 1272 1012 1316 et
1042 1263 1176 1316 alios
1213 1260 1657 1331 pessumdemus?
1686 1259 1869 1329 Neque
1899 1259 2040 1313 enim

466 1355 536 1406 ita
564 1353 950 1408 nocetGrmcus
970 1353 1146 1422 inique
1169 1367 1349 1422 agens,
1379 1361 1434 1406 ut
1455 1351 1786 1406 Christianus
1815 1350 2043 1419 idipsum

467 1444 704 1498 faciens:
740 1453 793 1498 et
830 1443 950 1511 jure
997 1442 1234 1512 quidem.
1289 1442 1501 1496 illorum
1534 1441 1675 1496 enim
1725 1440 1933 1509 putrida
1965 1448 2049 1493 est

466 1534 706 1588 doctrina
729 1541 783 1587 et
810 1533 987 1602 Opinio
1013 1547 1029 1597 ;
1057 1542 1236 1586 nostra
1260 1549 1386 1587 vero
1405 1548 1498 1601 per
1515 1533 1608 1586 Dei
1629 1533 1852 1601 gratiam
1879 1532 2038 1586 etiam

466 1626 605 1695 apud
664 1626 854 1695 impios
907 1627 1226 1681 venerabilis
1301 1635 1384 1680 est
1439 1635 1493 1680 et
1550 1626 1788 1679 illustris.
1842 1624 2044 1680 idcirco

465 1719 676 1788 quando
699 1721 926 1773 maxime
955 1719 1106 1772 nobis
1122 1719 1446 1787 exprobrare
1475 1720 1660 1772 volunt
1684 1727 1737 1771 et
1767 1718 2045 1772 maledicta

465 1827 684 1880 augere,
720 1812 772 1866 id
800 1813 1133 1880 subjungunt
1163 1852 1176 1874 ,
1207 1811 1541 1865 Christianus
1591 1810 1701 1880 (a);
1733 1826 1840 1863 non
1881 1811 1931 1863 id
1951 1811 2046 1877 .di-

467 1904 602 1956 cturi
633 1911 800 1967 certe,
834 1903 935 1955 nisi
965 1917 1208 1971 magnam
1235 1901 1556 1954 dedoctriua
1581 1910 1761 1954 nostra
1789 1901 2048 1954 haberent

467 1995 792 2064 opinionem.
843 1994 956 2048 Non
1011 1993 1202 2048 audisti
1247 1994 1418 2063 qualia
1464 2003 1518 2047 et
1560 2002 1752 2062 quanta
1806 1991 2047 2047 Christus

463 2084 725 2154 jusserit?
753 2084 976 2151 Quando
1004 2099 1130 2153 ergo
1156 2085 1356 2155 poteris
1389 2085 1471 2138 vel
1497 2100 1659 2138 unum
1688 2084 1801 2153 ejus
1825 2083 2046 2153 implere

470 2185 790 2246 princeptum
814 2218 829 2243 ,
872 2193 990 2231 cum
1021 2177 1197 2232 missis
1225 2178 1491 2241 omnibus,
1537 2178 1830 2232 circtnncas
1859 2192 2045 2231 usuras

465 2269 740 2337 colligens,
773 2266 945 2322 foenus
975 2269 1164 2322 faenori
1191 2268 1394 2322 addens
1421 2309 1434 2332 ,
1468 2268 1854 2336 negotiationes
1895 2267 2046 2321 insti-

467 2368 640 2425 tuens,
689 2373 963 2414 servorum
989 2375 1179 2430 greges
1206 2375 1389 2414 emcns
1413 2402 1426 2423 ,
1452 2371 1701 2430 argentea
1743 2376 1868 2413 vasa
1896 2376 2046 2415 com-

467 2465 679 2521 parans,
711 2467 888 2520 agros,
922 2452 1108 2507 domos
1135 2495 1149 2513 .
1177 2453 1562 2521 supellectilem
1593 2454 1908 2507 immensam
1931 2455 1952 2507 ?
1980 2454 2046 2508 Et

467 2543 668 2597 utinam
695 2542 746 2596 id
779 2543 950 2597 solum
984 2559 1191 2613 ageres.
1218 2544 1350 2598 Cum
1382 2560 1509 2600 vero
1550 2545 1631 2599 his
1663 2545 2046 2614 intempestivis

467 2636 780 2704 injustitiam
814 2653 1023 2707 quoque
1044 2637 1230 2704 addas,
1261 2647 1458 2693 terram
1485 2638 1719 2693 finitimis
1745 2640 2043 2706 abstrahas,

465 2729 654 2783 domos
699 2729 929 2798 spolies,
980 2745 1240 2800 pauperes
1288 2741 1517 2795 atteras,
1564 2731 1757 2785 famem
1811 2746 2044 2801 augeas,

467 2820 680 2890 quando
726 2820 924 2890 poteris
966 2821 1030 2874 ad
1087 2822 1202 2875 hmc
1250 2820 1431 2875 limina
1485 2822 1782 2877 accedere?
1848 2822 2046 2876 Verum

467 2911 780 2980 quandoque
807 2926 1094 2980 pauperum
1137 2913 1426 2966 misereris.
1455 2911 1506 2965 Id
1547 2921 1600 2965 et
1629 2929 1726 2982 ego
1756 2914 1875 2966 novi
1913 2934 1924 2967 :
1955 2913 2047 2968 sed

468 3004 553 3057 hic
583 3019 794 3072 quoque
815 3003 977 3056 multa
1011 3004 1273 3071 pernicies
1303 3013 1407 3058 est.
1433 3005 1536 3057 Aut.
1562 3006 1703 3058 enim
1733 3020 1853 3058 cum
1887 3007 2043 3070 fastu,

467 3105 557 3148 aut
587 3095 651 3148 ad
697 3111 882 3147 vanam
930 3095 1157 3164 gloriam
1193 3096 1242 3149 id
1276 3099 1388 3165 agis
1411 3137 1429 3163 ,
1461 3106 1517 3151 ut
1544 3114 1642 3152 nec
1671 3100 1720 3152 in
1753 3099 1902 3152 bonis
1935 3101 2049 3168 qui-

467 3186 589 3238 dem
623 3185 872 3254 operibus
927 3186 1122 3253 aliquid
1169 3186 1390 3242 lucreris
1447 3205 1458 3240 :
1498 3204 1601 3257 quo
1653 3189 1777 3258 quid
1822 3191 2047 3244 misera-

468 3279 629 3334 bilius
659 3295 906 3348 umquam
938 3279 1117 3346 fuerit,
1144 3295 1264 3334 cum
1289 3283 1340 3336 in
1374 3293 1527 3353 portu
1567 3285 1682 3354 ipso
1713 3287 2043 3357 naufragium

469 3368 724 3437 patiaris?
751 3368 827 3422 Ne
859 3369 1016 3438 igitur
1046 3371 1096 3424 id
1127 3373 1357 3438 eveniat,
1392 3389 1511 3428 cum
1541 3375 1662 3429 honi
1691 3378 1888 3447 aliquid
1920 3394 2048 3447 ope-

467 3469 615 3514 ratus
640 3474 717 3526 es,
764 3475 831 3513 ne
861 3478 1067 3531 quaeras
1112 3477 1141 3516 a
1167 3479 1252 3518 me
1285 3467 1543 3536 gratiam,
1575 3477 1631 3521 ut
1659 3469 1821 3523 Deum
1856 3470 2050 3526 habeas

469 3557 800 3622 debitorem,
829 3557 915 3628 qui
956 3555 1029 3607 ait
1063 3573 1074 3606 :
1105 3555 1338 3609 Mummii
1369 3558 1486 3611 date
1534 3559 1594 3613 iis
1643 3578 1673 3612 α
1721 3562 1897 3629 quibus
1948 3580 2048 3617 non

470 3656 685 3723 speratis
709 3673 793 3709 vos
814 3667 1105 3727 accepturos
1133 3658 1282 3729 (Luc.
1303 3659 1353 3713 6.
1384 3657 1496 3731 55).
1519 3658 1690 3713 [labes
1716 3660 2008 3715 debitorem
2035 3678 2049 3727 ;

473 3759 568 3798 cur
597 3745 686 3799 illo
718 3747 901 3801 relicto
927 3789 939 3811 ,
969 3763 998 3801 a
1030 3764 1115 3802 me
1165 3750 1440 3818 exposcis,
1487 3749 1704 3803 homine
1733 3767 1963 3820 paupere
2001 3763 2055 3807 et

476 3839 714 3894 misero?
740 3839 875 3895 Num
932 3841 1236 3912 indignatur
1265 3843 1351 3897 hic
1376 3842 1613 3909 debitor,
1645 3861 1766 3899 cum
1817 3845 2050 3900 debitum

475 3933 744 4003 exigitur?
770 3950 893 3988 num
923 3951 1120 4004 panper
1149 3935 1268 3989 est?
1299 3952 1421 3989 num
1444 3937 1649 3991 solvere
1671 3939 1918 3992 recusat?
1941 3938 2053 3992 Non

475 4023 628 4080 vides
648 4024 762 4094 ejus
795 4026 1087 4081 ineffabiles
1107 4026 1428 4082 thesauros?
1457 4045 1559 4083 non
1585 4030 1736 4085 vides
1781 4031 1918 4086 illam
1946 4033 2058 4086 inc-

476 4116 791 4172 narrabilcm
849 4119 1261 4174 liberalitatem?
1313 4121 1390 4175 Ab
1443 4122 1531 4175 illo
1589 4123 1746 4191 igitur
1801 4124 1953 4193 exige
2004 4137 2057 4178 et

476 4225 728 4272 exposco.
776 4212 866 4264 Sic
917 4223 1133 4282 rogatus
1165 4213 1377 4282 gaudet.
1409 4215 1538 4269 Nam
1569 4216 1610 4269 si
1639 4215 1829 4270 viderit
1855 4219 1921 4272 ab
1948 4218 2056 4272 alio

478 4301 616 4369 exigi
648 4301 698 4354 id
722 4301 858 4370 quod
889 4303 1000 4369 ipse
1023 4303 1200 4366 debet,
1243 4307 1562 4359 Contumelia
1593 4307 1838 4361 affectum
1871 4325 1930 4364 se
1957 4326 2054 4378 pu-

479 4392 632 4453 tabit,
662 4406 758 4444 nec
791 4392 882 4444 tibi
916 4403 1095 4460 postea
1126 4393 1343 4459 reddet,
1371 4396 1476 4448 imo
1506 4405 1555 4449 te
1592 4399 1733 4465 juste
1759 4399 2051 4453 accusabit.

483 4487 536 4538 In
564 4501 668 4555 quo
692 4500 778 4539 me
807 4485 1092 4554 ingratum,
1143 4487 1378 4556 inquiet,
1412 4487 1808 4557 deprchendisti
1831 4492 1853 4542 ?
1903 4507 2057 4547 mene

479 4591 769 4645 pauperem
797 4585 967 4644 putas,
992 4577 1077 4645 qui
1105 4593 1190 4631 me
1212 4579 1570 4646 priUICI‘illlSSO
1593 4580 1724 4634 alios
1741 4581 1944 4635 adeas?
1970 4582 2057 4635 alii

480 4676 721 4721 mutuum
766 4667 978 4733 dedisti,
1031 4677 1084 4723 ct
1137 4669 1203 4722 ab
1258 4669 1360 4722 alio
1412 4670 1620 4738 exigis?
1665 4671 1776 4725 Etsi
1834 4689 2060 4742 namque

481 4758 643 4812 homo
673 4765 956 4828 acceperit,
989 4760 1128 4814 Deus
1157 4760 1285 4814 dare
1310 4761 1470 4831 jussit
1505 4779 1516 4815 :
1548 4762 1658 4831 ipse
1684 4764 1887 4832 primus
1913 4764 2062 4820 debi-

479 4863 562 4905 tor
591 4862 644 4907 et
672 4867 896 4920 sponsor
938 4869 1056 4909 esse
1082 4855 1191 4908 vult
1211 4897 1224 4917 ,
1259 4854 1564 4910 innumeras
1596 4856 1684 4909 tibi
1733 4859 1973 4927 praabens
1995 4859 2062 4914 ab

478 4958 545 4996 eo
573 4943 784 5013 petendi
813 4946 1139 5002 occasiones.
1173 4947 1252 5001 Ne
1293 4948 1451 5018 igitur
1489 4959 1630 5002 tanta
1665 4949 1915 5006 facilitate
1948 4963 2060 5005 tan-

483 5047 641 5105 taque
664 5036 983 5091 almndantia
1016 5041 1390 5106 praetermissa,
1423 5057 1451 5094 a
1480 5059 1562 5096 me
1590 5045 1832 5113 accipere
1854 5061 2061 5115 qumras

482 5127 571 5194 qui
601 5125 726 5179 nihil
761 5127 951 5182 habeo.
983 5129 1093 5195 Qua
1119 5130 1182 5184 dc
1209 5146 1368 5186 causa
1403 5141 1452 5187 te
1488 5134 1614 5187 mihi
1640 5144 1912 5202 ostentas,
1939 5153 2059 5192 cum

485 5221 700 5288 pauperi
724 5222 955 5289 erogas?
979 5221 1111 5275 Num
1126 5239 1224 5293 ego
1251 5224 1356 5278 dixi
1389 5226 1500 5289 tibi,
1529 5227 1638 5279 Da?
1662 5245 1785 5282 num
1808 5243 1837 5281 a
1860 5245 1943 5283 me
1963 5247 2060 5284 au-

481 5312 629 5378 disti,
665 5322 720 5367 ut
746 5329 774 5368 a
808 5331 891 5369 tne
922 5317 1144 5386 exigas?
1171 5317 1287 5386 Ipse
1317 5303 1493 5372 dixit:
1528 5319 1626 5386 Qui
1649 5321 1907 5375 miseretur
1935 5340 2065 5392 pau-

486 5423 596 5475 peri
623 5448 636 5468 ,
666 5407 939 5476 {teneretur
969 5409 1074 5463 Deo
1103 5407 1300 5481 (Prov.
1334 5409 1416 5464 l9.
1454 5410 1578 5480 l7).
1635 5411 1744 5466 Deo
1771 5412 2063 5468 foeneratus

483 5499 575 5553 es?
601 5499 684 5553 Ab
711 5500 802 5554 illo
826 5501 998 5570 exige.
1027 5501 1096 5555 At
1121 5516 1224 5554 non
1259 5509 1426 5555 totum
1453 5518 1594 5558 nunc
1623 5503 1836 5559 reddit?
1869 5505 2062 5561 Verum

546 5633 621 5698 (ᾳ)
653 5641 774 5695 Ergo
796 5642 1022 5696 tempore
1055 5634 1375 5698 Cbrysostomi
1401 5637 1550 5686 etiam
1593 5635 1852 5690 Christiani
1886 5654 2063 5691 nomen

487 5695 665 5766 probro
681 5695 934 5766 erat_apud
957 5695 1190 5766 gentiles,
1217 5699 1618 5766 quemadmodum
1640 5703 1914 5754 Tertulliani
1941 5718 2063 5766 a:vo,

489 5761 542 5804 ut
563 5759 628 5805 att
651 5757 757 5818 ipse
786 5757 910 5807 libro
927 5757 1080 5821 pfimo
1103 5758 1173 5807 Ad
1206 5757 1444 5811 Nationes.

1210 298 1267 356 S.
1307 295 1583 352 JOANNIS
1620 289 2096 349 CHRYSOSTOMI
2135 291 2450 350 ARCHIEP.
2489 295 3022 357 CONSTANTINOP.

3638 303 3745 360 9.35

2161 423 2214 478 id
2239 426 2304 479 ad
2333 427 2611 485 utilitatem
2640 440 2782 486 tuam
2812 432 2957 488 facit.
3003 433 3097 488 Est
3122 433 3318 503 quippe
3351 433 3470 489 talis
3494 434 3706 493 debitor
3725 479 3745 506 ,

2156 515 2245 584 qui
2271 531 2375 570 non
2401 519 2574 574 solum
2603 521 2653 576 id
2673 524 2810 590 quod
2837 533 3022 579 mutuo
3047 526 3225 578 datum
3261 536 3360 592 est,
3395 536 3451 581 ut
3476 529 3627 583 multi
3656 532 3745 583 fa-

2155 609 2340 674 ciunt,
2371 611 2598 666 reddere
2631 613 2872 681 festinet;
2907 617 3000 671 sed
3030 618 3260 672 etiamid
3287 629 3425 690 agat,
3459 621 3584 675 utid
3599 625 3748 692 quod

2155 698 2334 754 datum
2353 712 2454 768 est,
2490 703 2540 757 in
2568 713 2681 759 tuto
2707 706 3002 776 depositum
3032 709 3119 763 sit.
3153 710 3274 766 Ideo
3297 728 3415 782 qua:
3447 713 3532 768 hic
3561 714 3744 770 debita

2153 802 2276 847 sunt
2307 795 2508 858 reddit;
2531 813 2648 866 qua:
2670 799 2798 864 illic,
2832 812 3086 856 reservat.

2225 885 2313 938 10.
2363 885 2487 941 limo
2527 903 2644 942 cum
2671 891 2926 956 sciamus,
2962 894 3340 950 misericordia:
3369 913 3614 968 magnam
3643 902 3745 956 de-

2153 988 2272 1028 mus
2299 990 2515 1044 operam
2565 978 2892 1050 multamque
2943 982 3320 1040 humanitatem
3352 1003 3698 1045 exerceamus
3724 1036 3743 1057 ,

2155 1077 2208 1120 et
2240 1070 2476 1136 pecuniis
2501 1080 2554 1124 et
2581 1073 2849 1140 operibus.
2877 1075 2946 1129 Et
2969 1077 3012 1130 si
3039 1077 3313 1134 videamus
3342 1081 3569 1150 aliquem
3597 1085 3746 1139 male

2156 1160 2473 1215 mulctatum
2495 1174 2547 1217 et
2587 1179 2782 1220 czesum
2813 1168 2862 1221 in
2892 1169 3029 1234 foro,
3068 1171 3111 1224 si
3143 1181 3417 1241 argentum
3448 1190 3740 1244 possumus

2153 1248 2423 1318 deponere
2444 1293 2459 1318 ,
2488 1252 2818 1322 deponamus
2842 1275 2857 1323 ;
2885 1260 2926 1312 si
2955 1261 3130 1315 verbis
3174 1277 3286 1317 rem
3316 1280 3598 1334 possumus
3627 1278 3739 1324 ter-

2153 1341 2381 1407 minare,
2405 1359 2470 1397 ne
2498 1345 2692 1415 pigeat.
2721 1347 2820 1402 Est
2842 1350 2982 1404 enim
3013 1352 3172 1406 etiam
3205 1371 3299 1422 pro
3323 1370 3568 1414 Sermone
3595 1377 3740 1414 mer-

2154 1448 2282 1498 ces;
2334 1434 2440 1489 imo
2493 1439 2651 1491 etiam
2699 1455 2792 1508 pro
2830 1443 3152 1510 gemitibus;
3207 1446 3362 1515 idque
3407 1450 3588 1503 beatus
3635 1452 3743 1506 Job

2153 1529 2362 1584 dicebat
2395 1550 2406 1584 :
2440 1530 2552 1602 Ego
2591 1544 2757 1586 autem
2792 1537 2972 1605 ﬂebam
3020 1555 3173 1608 super
3197 1557 3394 1594 onmem
3433 1543 3692 1610 inﬁrmum
3725 1567 3740 1602 τ

2151 1623 2373 1692 ingemui
2398 1635 2563 1678 autem
2605 1628 2775 1681 videns
2815 1630 2973 1682 virum
2997 1636 3047 1683 in
3077 1634 3446 1687 necessitatibus
3488 1636 3607 1704 (Job
3641 1640 3735 1694 50.

2151 1713 2220 1766 25
2239 1711 2282 1783 ).
2313 1714 2365 1768 Si
2392 1723 2570 1770 autem
2600 1732 2697 1786 pro
2725 1718 2974 1789 lacrymis
3002 1732 3053 1775 et
3080 1725 3363 1790 gemitibus
3391 1741 3597 1781 merces
3620 1740 3726 1791 est,

2152 1805 2365 1873 quando
2395 1807 2554 1861 etiam
2601 1825 2880 1865 sermones
2927 1823 2976 1866 et
3003 1813 3303 1867 sollicitudo
3336 1818 3604 1888 multaque
3632 1822 3737 1873 alia

2152 1895 2488 1960 adhibentur,
2535 1900 2706 1967 cogita
2749 1909 2943 1970 quanta
2985 1903 3054 1956 sit
3100 1906 3394 1959 retributio.
3428 1907 3636 1962 Etenim
3681 1921 3741 1964 ct

2153 2004 2250 2043 nos
2276 1990 2470 2044 inimici
2489 1991 2579 2046 Dei
2600 2007 2810 2048 eramus
2837 2011 2850 2058 ;
2876 2005 2928 2048 et
2959 1995 3270 2062 Unigenitus
3297 2014 3395 2052 nos
3425 2002 3741 2055 reconcilia-

2153 2081 2245 2145 vit,
2274 2095 2392 2135 sesc
2425 2082 2655 2136 medium
2685 2084 2996 2150 conjicicns.
3019 2097 3068 2139 cl
3098 2087 3276 2156 plagas
3301 2105 3394 2158 pro
3422 2091 3570 2144 nobis
3591 2095 3740 2146 exci-

2153 2173 2322 2242 piens,
2351 2185 2683 2245 mortemque
2712 2178 2936 2245 patiens.
2970 2179 3291 2235 Studeamus
3321 2182 3498 2252 itaque
3527 2195 3577 2238 et
3612 2202 3736 2252 nos,

2152 2279 2245 2320 eos
2273 2266 2362 2334 qui
2392 2265 2442 2320 in
2474 2265 2590 2321 haec
2629 2267 2867 2322 incidunt
2893 2284 2921 2322 a
2952 2271 3105 2324 malis
3137 2271 3428 2328 innumeris
3470 2275 3735 2340 liberare;

2151 2368 2255 2408 non
2278 2371 2428 2421 vero,
2453 2358 2591 2426 quod
2615 2373 2754 2411 nunc
2779 2358 3019 2424 facimus,
3051 2361 3101 2415 in
3127 2363 3263 2416 mala
3292 2379 3384 2418 eos
3406 2366 3692 2422 immittere
3720 2387 3740 2423 :

2150 2461 2269 2500 cum
2298 2449 2570 2517 quospiam
2597 2451 2838 2507 videmus
2862 2452 2913 2506 in
2935 2467 2993 2507 se
3022 2465 3208 2509 mutuo
3231 2457 3451 2522 irruere,
3475 2459 3738 2514 alterum-

2151 2553 2254 2606 que
2284 2539 2350 2592 ab
2375 2539 2545 2594 altero
2586 2542 2724 2596 male
2752 2542 2886 2596 aftici
2912 2560 2925 2608 ;
2957 2544 3229 2600 adstantes
3269 2547 3410 2601 enim
3444 2549 3740 2617 gaudemus

2155 2627 2223 2682 de
2263 2628 2488 2682 aliorum
2531 2630 2796 2687 dedecore
2821 2674 2836 2697 ,
2870 2633 3240 2704 theatrumque
3269 2637 3584 2692 diabolicum
3633 2643 3742 2695 cir—

2152 2734 2273 2772 cum
2294 2721 2576 2775 statuimus
2607 2739 2618 2774 :
2653 2739 2755 2792 quo
2793 2724 2914 2793 quid
2945 2727 3227 2781 immanius
3257 2745 3505 2799 umquam
3536 2729 3742 2787 fuerit?

2152 2810 2312 2865 Vides
2337 2813 2474 2868 male
2504 2814 2798 2882 audientes,
2827 2831 2884 2870 se
2914 2827 3096 2872 mutuo
3117 2819 3501 2891 discerpentcs,
3532 2833 3738 2878 vestem

2153 2903 2526 2972 discindentes,
2559 2906 2745 2962 faciem
2777 2910 3046 2966 caedentes
3067 2954 3079 2976 ,
3105 2922 3158 2967 et
3199 2915 3378 2983 quiete
3408 2927 3549 2971 stare
3575 2919 3741 2972 susti-

2154 2998 2281 3052 nes?
2304 2999 2436 3053 Num
2466 3017 2620 3055 ursus
2649 3011 2730 3056 est
2777 3003 2822 3057 is
2848 3008 2935 3072 qui
2967 3007 3206 3075 pugnat?
3232 3024 3358 3061 nunt
3403 3008 3508 3062 fera
3535 3009 3558 3061 ?
3605 3027 3734 3065 num

2154 3096 2412 3163 serpens?
2472 3095 2642 3151 llomo
2696 3108 2992 3154 esttecum
3047 3117 3260 3172 semper
3308 3108 3736 3174 communicans,

2153 3180 2317 3236 frater
2344 3193 2445 3249 est,
2475 3187 2774 3242 membrum
2804 3197 2949 3244 tuum
2977 3202 3078 3246 est.
3111 3193 3187 3247 Ne
3211 3205 3480 3263 spectator
3506 3199 3599 3262 sis,
3633 3200 3732 3253 sed

2154 3274 2306 3328 solve
2327 3276 2526 3344 rixam;
2559 3294 2625 3332 ne
2655 3279 2852 3335 heteris
2877 3324 2891 3348 ,
2926 3283 3018 3337 scd
3047 3285 3292 3355 corripe;
3321 3303 3387 3341 ne
3426 3287 3559 3342 alios
3587 3291 3740 3344 exci-

2156 3373 2234 3419 tes
2255 3365 2320 3420 ad
2352 3375 2552 3421 tantum
2583 3369 2815 3426 dedecus
2844 3413 2858 3437 ,
2905 3374 2997 3428 sed
3026 3376 3378 3446 confligcntes
3420 3395 3545 3435 arce
3578 3381 3741 3436 etdi-

2156 3457 2307 3511 rime.
2362 3457 2752 3528 lmpudcutium
2793 3464 2933 3518 enim
2979 3475 3032 3519 et
3075 3468 3377 3522 otiosorum
3417 3480 3500 3524 est
3547 3473 3742 3529 talibus

2155 3550 2390 3619 gaudere
2421 3553 2815 3609 calamitatibus
2839 3597 2852 3619 ,
2902 3556 3228 3614 nefariorum
3253 3572 3306 3615 et
3355 3563 3742 3620 irrationaliunt

2159 3641 2452 3696 hominum.
2481 3644 2641 3700 Vides
2681 3645 2950 3703 hominem
2984 3653 3206 3721 turpiter
3226 3663 3489 3722 agentem,
3516 3673 3614 3711 nec
3643 3658 3743 3713 ad-

2158 3734 2319 3787 vertis
2350 3743 2399 3789 te
2451 3738 2608 3791 etiam
2660 3739 2886 3807 turpiter
2932 3744 3134 3810 agere?
3175 3760 3346 3814 neque
3406 3749 3459 3802 in
3505 3752 3739 3806 medium

2159 3826 2335 3892 irruis,
2357 3836 2412 3880 ut
2435 3828 2627 3882 diaboli
2655 3830 2964 3901 phalangem
2984 3833 3230 3904 dissipes,
3264 3847 3316 3892 et
3338 3837 3565 3894 humana
3596 3845 3736 3898 mala

2159 3917 2374 3970 solvas?
2421 3920 2505 3981 At,
2554 3920 2758 3989 inquies
2783 3962 2796 3985 ,
2840 3933 2896 3975 ut
2941 3933 2994 3978 et
3018 3940 3116 3995 ego
3141 3926 3320 3997 plagas
3359 3933 3638 3999 accipiam,
3669 3935 3741 3988 ita

2157 4006 2358 4076 jubcs?
2385 4010 2542 4078 Atqui
2575 4010 2624 4064 id
2669 4021 2720 4066 lu
2766 4028 2870 4067 non
2901 4017 3114 4083 patieris
3140 4033 3152 4081 ;
3194 4019 3240 4072 si
3269 4034 3396 4075 vero
3424 4024 3661 4092 patiaris,
3691 4026 3742 4080 id

2163 4099 2254 4153 tibi
2294 4101 2529 4170 martyrii
2563 4101 2678 4156 loco
2704 4103 2849 4158 erit:
2893 4115 3107 4177 propter
3150 4109 3320 4164 Deum
3366 4114 3508 4168 enim
3553 4131 3744 4186 passus

2162 4206 2240 4248 cs.
2276 4192 2331 4246 Si
2373 4208 2500 4246 vero
2552 4195 2732 4264 plagas
2763 4197 3004 4267 accipere
3033 4204 3319 4269 cunctaris,
3352 4208 3523 4275 cogita
3555 4210 3740 4265 Domi-

2165 4301 2289 4339 num
2323 4294 2465 4340 tuum
2495 4303 2706 4342 crucem
2739 4299 2954 4359 propter
2991 4300 3042 4347 te
3076 4309 3288 4362 passum
3317 4312 3456 4353 esse.
3493 4301 3570 4355 Illi
3599 4305 3741 4358 enim

2164 4376 2311 4430 velut
2339 4379 2470 4432 ebrii
2499 4387 2550 4431 et
2573 4379 2909 4435 obtenebrati
2939 4394 3080 4445 sont.
3111 4384 3290 4440 furore
3319 4390 3451 4445 duce
3475 4402 3530 4446 et
3558 4403 3740 4462 tyran-

2167 4466 2344 4520 nidem
2371 4478 2654 4524 exercente
2679 4511 2693 4534 ,
2734 4487 2867 4540 opus
2911 4485 3085 4528 autem
3119 4476 3312 4532 habent
3365 4496 3507 4535 sana:
3553 4496 3746 4540 mentis

2167 4557 2397 4620 homine,
2452 4562 2539 4628 qui
2586 4561 2714 4630 ipsis
2761 4565 3066 4633 auxiliatur,
3121 4578 3223 4623 tam
3284 4588 3473 4642 nempe
3515 4575 3740 4642 hederis,

2166 4665 2322 4718 quam
2358 4652 2560 4719 patiens
2589 4671 2602 4706 :
2631 4652 2715 4707 hic
2743 4655 2954 4724 quidem
2983 4699 2997 4722 ,
3039 4667 3097 4712 ut
3134 4663 3271 4715 male
3303 4665 3505 4731 patiens
3554 4667 3750 4724 libere-

2169 4751 2289 4807 tur;
2326 4743 2411 4796 ille
2432 4760 2578 4811 vero,
2608 4755 2665 4799 ut
2691 4747 2825 4802 mala
2858 4749 3053 4806 inferre
3081 4753 3304 4808 desinat.
3332 4759 3539 4815 Accede
3565 4762 3744 4831 igitur,

2168 4845 2221 4889 et
2281 4851 2492 4890 manum
2550 4840 2763 4910 porrige
2814 4843 3024 4899 sobrius
3067 4849 3381 4904 temulento.
3421 4851 3500 4905 lra
3553 4857 3752 4924 quippe

2167 4927 2476 4983 ebrietatem
2506 4932 2684 5000 parit,
2720 4934 2823 4987 vini
2871 4939 3176 4994 temulentia
3225 4941 3568 5000 deteriorem.
3631 4947 3748 5002 Non

2170 5025 2315 5080 vides
2336 5036 2543 5092 nautas,
2568 5043 2686 5082 cum
2715 5029 2920 5100 aliquos
2943 5045 3167 5088 cernunt
3201 5037 3434 5092 incidere
3454 5041 3505 5093 in
3535 5040 3752 5095 naufra-

2169 5117 2332 5186 gium,
2366 5119 2632 5188 quomodo
2660 5121 2772 5175 vela
2813 5124 3174 5192 expaudentes
3195 5168 3208 5190 ,
3249 5144 3369 5182 cum
3406 5147 3595 5200 magna
3628 5133 3754 5187 dili-

2167 5212 2340 5279 gentia
2372 5224 2694 5282 properent,
2726 5225 2784 5268 ιιι
2812 5219 2985 5271 socios
3031 5234 3098 5273 ex
3144 5219 3391 5277 ﬂuctibus
3431 5227 3660 5280 eruant?
3689 5229 3749 5282 Si

2172 5316 2295 5355 vero
2320 5304 2450 5356 artis
2479 5303 2716 5373 ejusdem
2744 5318 3018 5363 consortes
3049 5318 3250 5365 tantum
3282 5313 3381 5366 sibi
3406 5325 3589 5369 mutuo
3614 5333 3754 5385 pra:-

2170 5402 2311 5446 slant
2331 5395 2605 5460 auxilium,
2633 5397 2797 5450 multo
2829 5399 2994 5468 magis
3021 5401 3259 5468 ejusdem
3290 5419 3494 5459 natura:
3520 5421 3750 5464 consor-

2174 5495 2251 5540 tes
2281 5485 2394 5540 haec
2414 5487 2589 5542 omnia
2630 5488 2807 5544 facere
2853 5506 2947 5560 par
2972 5501 3070 5545 est.
3101 5493 3230 5547 Nam
3263 5493 3348 5549 hic
3373 5513 3584 5568 quoque
3618 5516 3755 5555 nan-

2174 5575 2394 5645 fragium
2449 5589 2530 5633 est
2584 5580 2673 5634 illo
2723 5582 3087 5650 perniciosius.
3147 5586 3422 5641 Autcuim
3474 5589 3561 5643 ille
3593 5591 3757 5648 laesus

2175 5668 2594 5738 blasphentavit,
2652 5681 2704 5725 et
2739 5674 2915 5728 omnia
2973 5673 3107 5729 bona
3166 5681 3471 5743 evacuavit;
3519 5691 3611 5734 aut
3663 5700 3765 5752 pe-

2168 5763 2359 5831 jeravit
2381 5805 2394 5829 ,
2430 5763 2504 5817 ira
2537 5773 2777 5834 cogente,
2821 5776 2982 5834 atque
3021 5765 3072 5821 in
3098 5766 3394 5837 gehennam
3426 5771 3644 5844 incidit;
3673 5777 3760 5830 vel
