4084 6210
357 313 460 371 €155

355 447 470 497 μις,
495 430 573 495 ὡς
602 431 678 502 μὴ
722 432 951 487 ἐνταῦθα
993 431 1152 503 μόνον
1182 432 1439 503 λάμπειν,
1484 430 1622 485 ἀλλά
1662 431 1759 484 καὶ
1803 429 1921 482 ἐκεῖ

352 508 639 580 ἐφοδηγεῖν
671 512 797 573 τοὺς
826 511 1142 580 ἑπομένους.
1177 512 1348 564 Ὅταν
1383 511 1491 581 γάρ
1524 510 1674 563 ίδωσι
1705 508 1922 562 πάντων

352 587 465 641 τῶν
493 589 772 659 παρόντων
805 589 1298 659 καταφρονοῦντας,
1329 588 1423 641 καὶ
1461 587 1596 658 πρὸς
1631 587 1693 639 τὸ
1728 585 1920 657 μέλλον

355 668 956 738 παρασκευαζομένους,
1004 666 1110 733 πρὸ
1152 666 1312 734 λόγου
1344 666 1542 729 παντὸς
1584 668 1698 729 τοῖς
1738 664 1920 734 ἔργοις

357 745 389 812 ἡ
399 744 514 812 μῶν
535 744 933 815 πεισθήσονται.
962 744 1058 810 Τίς
1087 745 1197 816 γάρ
1217 744 1389 807 οὕτως
1411 744 1657 812 ἀνόητος,
1683 743 1758 807 ὡς
1782 743 1923 813 ὁρῶν

366 821 458 874 τὸν
476 822 600 891 χθὲς
622 824 716 877 καὶ
730 823 922 898 πρώην
943 824 1230 895 τρυφῶντα
1251 825 1345 877 καὶ
1368 823 1719 886 πλουτοῦντα,
1747 823 1924 875 πάντα

358 900 733 972 ἀποδυόμενον,
774 905 870 956 καὶ
897 903 1286 972 πτερούμενον,
1338 903 1433 955 καὶ
1477 903 1613 973 πρὸς
1644 901 1799 972 λιμὸν
1831 900 1923 954 καὶ

357 978 560 1044 πενίαν,
594 982 688 1034 καὶ
722 981 858 1051 πρὸς
893 982 1313 1053 σκληραγωγίαν
1358 981 1597 1043 ἃπασαν,
1643 981 1739 1034 καὶ
1787 980 1925 1050 πρὸς

352 1058 647 1125 κινδύνους,
666 1060 761 1113 καὶ
784 1060 920 1128 πρὸς
943 1056 1105 1130 αἷμα,
1134 1061 1226 1113 καὶ
1249 1060 1385 1132 πρὸς
1406 1061 1641 1131 σφαγὴν,
1670 1059 1763 1113 καὶ
1789 1058 1925 1129 πρὸς

351 1134 525 1188 πάντα
554 1137 624 1189 τά
665 1136 926 1191 δοκοῦντα
956 1134 1095 1190 εἷναι
1133 1137 1280 1191 δεινά
1311 1137 1809 1209 παρατεταγμένον,
1850 1135 1924 1206 μὴ

350 1216 497 1284 σαφῆ
527 1215 716 1269 λαϐεῖν
741 1217 852 1270 τῶν
883 1217 1185 1287 μελλόντων
1212 1217 1461 1271 ἐντεῦθεν
1492 1217 1796 1283 ἀπόδειξιν;
1827 1215 1927 1268 “Av

348 1293 407 1345 δέ
435 1298 549 1358 τοῖς
579 1293 843 1366 παροῦσιν
873 1297 1099 1360 ἑαυτοὺς
1130 1297 1519 1369 ἐμπλέκωμεν,
1550 1298 1644 1350 καί
1667 1293 1930 1364 ἐνδοτέρω

348 1372 601 1442 ώθῶμεν,
629 1374 746 1437 πῶς
765 1374 1082 1445 δυνήσονται
1103 1376 1413 1446 πεισθῆναι,
1442 1377 1525 1429 ὃτι
1559 1374 1694 1446 πρὸς
1724 1373 1929 1441 ἀποδη-

352 1452 480 1522 μίαν
504 1453 834 1523 ἐπειγόμεθα
855 1452 1082 1523 ἐτέραν;
1114 1453 1210 1516 Τίς
1230 1454 1288 1506 δέ
1316 1456 1450 1524 ἡμῖν
1481 1454 1635 1506 ἐσται
1664 1450 1931 1517 ἀπολογία

349 1529 553 1593 λοιπὸν,
585 1531 712 1584 ὅταν
741 1533 865 1584 ὅσον
903 1534 1125 1600 ἴσχυσεν
1150 1533 1184 1600 ή
1235 1531 1553 1600 ἀνθρωπίνη
1599 1531 1725 1595 δόξα
1778 1527 1930 1598 παρὰ

347 1612 461 1671 τοῖς
507 1607 776 1678 Ἑλλήνων
805 1607 1141 1676 φιλοσόφοις,
1190 1607 1264 1677 μὴ
1305 1605 1471 1685 ἰσχύη
1498 1606 1542 1637 ⁶⁹
1582 1607 1711 1674 παρ’
1741 1607 1875 1676 ἡμῖν
1903 1606 1933 1657 6

348 1686 442 1739 τοῦ
469 1684 605 1738 Θεοῦ
633 1686 830 1754 φόϐος,
861 1686 971 1739 Καὶ
1001 1686 1111 1756 γάρ
1142 1684 1365 1738 ἐκείνων
1393 1684 1540 1748 τινὲς
1558 1684 1652 1737 καὶ
1677 1688 1934 1754 χρήματα

350 1763 710 1827 ἀπεδύσαντο,
744 1765 838 1817 καὶ
867 1764 1100 1816 θανάτου
1132 1763 1567 1835 κατεφρόνησαν,
1607 1763 1693 1815 ἵνα
1724 1760 1934 1830 ἀνθρώ-

352 1862 475 1907 ποις
505 1843 877 1907 ἐπιδείξωνται
902 1861 915 1873 ·
940 1842 1020 1897 διὸ
1046 1846 1140 1897 καὶ
1161 1844 1316 1897 κεναὶ
1348 1842 1637 1911 γεγόνασιν
1670 1842 1850 1893 αὐτῶν
1878 1842 1931 1893 αἰ

353 1925 583 1986 ἐλπίδες.
602 1924 697 1986 Τίς
725 1919 817 1976 οὖν
842 1924 991 1994 ἡμᾶς
1007 1923 1359 1994 ἐξαιρήσεται
1378 1922 1556 1990 λόγος,
1586 1923 1713 1973 ὅταν
1739 1920 1931 1972 τοσού-

354 2022 461 2056 των
493 2003 893 2073 προκειμένων,
948 2002 1038 2055 καὶ
1073 2001 1345 2071 τοσαύτης
1375 2002 1420 2033 ⁶¹
1459 2000 1776 2069 φιλοσοφίας
1802 2001 1934 2069 ἡμῖν

356 2082 717 2153 ἀνοιχθείσης,
751 2081 887 2152 μηδὲ
908 2080 975 2134 τὰ
1008 2080 1149 2135 αὐτὰ
1176 2081 1490 2151 δυνηθῶμεν
1518 2079 1766 2143 ἐκείνοις,
1798 2078 1934 2131 ἀλλά

355 2162 448 2213 καὶ
471 2161 695 2223 ἐαυτοῦς
716 2160 810 2213 καὶ
835 2159 1055 2230 ἐτέρους
1080 2158 1427 2229 προσαπόλλυ
1437 2175 1535 2228 μεν
1553 2160 1629 2225 ⁶²;
1663 2157 1797 2211 Οὐδὲ
1824 2156 1934 2227 γάρ

354 2239 497 2294 οὕτω
511 2239 738 2309 βλάπτει
758 2237 957 2307 Ἕλλην
975 2239 1266 2310 παράνομα
1285 2238 1563 2308 πράσσων,
1583 2236 1660 2297 ὡς
1674 2238 1935 2307 Χριστια-

359 2319 441 2381 νὸς
479 2316 652 2370 ταῦτα
697 2319 865 2369 ποιῶν
888 2333 902 2347 ·
943 2318 1037 2370 καὶ
1069 2317 1213 2388 μάλα
1250 2316 1495 2381 εἰκότως.
1542 2316 1795 2370 Ἐκείνων
1835 2313 1935 2385 μὲν

353 2398 462 2467 γὰρ
487 2397 861 2468 διεφθαρμένη
897 2398 929 2467 ἡ
962 2396 1089 2463 δόξα
1110 2415 1126 2430 ⁸
1155 2399 1187 2468 ή
1228 2398 1283 2451 δέ
1313 2398 1559 2469 ἡμετέρα
1590 2396 1677 2450 διὰ
1705 2396 1806 2464 τὴν
1839 2389 1934 2447 τοῦ

352 2476 486 2530 Θεοῦ
513 2476 675 2547 χάριν
706 2476 797 2528 καὶ
821 2476 972 2545 παρὰ
992 2478 1107 2539 τοῖς
1137 2475 1359 2529 ἀσεϐέσι
1382 2492 1438 2527 σε
1449 2476 1554 2546 μνη
1579 2475 1675 2527 καὶ
1704 2488 1937 2544 περιφα-

354 2558 470 2629 νής.
503 2556 593 2609 Διὸ
612 2556 739 2609 ὅταν
775 2556 1011 2626 μάλιστα
1037 2558 1172 2626 ἡμῖν
1207 2554 1461 2609 ὀνειδίσαι
1491 2553 1807 2625 βούλωνται,
1833 2549 1937 2629 καὶ

351 2624 450 2703 την
481 2624 817 2707 κατηγορίαν
843 2637 887 2667 ⁸³
917 2624 1173 2706 αὐξῆσαι,
1206 2634 1365 2688 τοῦτο
1402 2624 1765 2702 ἐπιλέγουσιν,
1802 2624 1934 2694 οἷον,

362 2718 424 2770 '0
450 2717 804 2787 Χριστιανός’
838 2715 939 2768 οὐκ
967 2715 1031 2768 ἀν
1063 2714 1327 2778 εἰπόντες,
1356 2716 1406 2767 εἰ
1443 2715 1516 2785 μὴ
1550 2712 1790 2784 μεγάλην
1813 2710 1939 2780 περί

351 2794 447 2849 τοῦ
475 2795 744 2866 δόγματος
791 2794 948 2864 ἔσχον
993 2795 1266 2847 ὑπόνοιαν,
1304 2794 1418 2847 Οὐκ
1466 2794 1706 2864 ἤκουσας
1739 2791 1880 2844 πόσα
1911 2790 1939 2841 ὁ

353 2874 587 2943 Χριστὸς
616 2870 848 2936 ἐπέταξε
892 2872 987 2924 καὶ
1021 2872 1217 2942 ἡλίκας
1248 2872 1386 2924 Πότε
1413 2868 1507 2924 οὖν
1553 2871 1759 2941 δυνήσῃ
1810 2868 1939 2940 μίαν

353 2952 575 3007 ἐκείνων
602 2950 798 3004 ἀνύσαι
828 2950 938 3004 τῶν
963 2950 1212 3014 ἐντολῶν,
1243 2952 1370 3004 ὅταν
1420 2952 1596 3005 πάντα
1636 2951 1791 3018 ἀφεὶς
1838 2966 1935 3001 πε-

358 3032 549 3104 ριέρχῃ
592 3031 785 3093 τόκους
819 3030 1112 3099 συλλέγων,
1152 3031 1489 3100 δανείσματα
1522 3030 1765 3101 ράπτων,
1796 3044 1937 3097 πρα-

354 3111 622 3181 γματείας
658 3109 948 3173 συντιθεὶς,
980 3110 1186 3178 ἀγέλας
1215 3109 1563 3179 ἀνδραπόδων
1605 3106 1932 3176 ὠνούμενος,

359 3191 576 3260 ἀργυρᾶ
610 3189 780 3259 σκεύη
806 3188 1255 3253 κατασκευάζων,
1288 3188 1492 3259 ἀγροὺς
1517 3188 1612 3240 καὶ
1634 3187 1813 3248 οἰκίας
1841 3185 1937 3239 καὶ

356 3269 559 3322 ἔπιπλα
573 3268 860 3339 ἀγοράζων
886 3267 1056 3337 μυρία
1074 3285 1088 3332 ;
1112 3269 1222 3320 Καὶ
1240 3267 1351 3321 είθε
1368 3266 1525 3319 τοῦτο
1554 3266 1734 3336 μόνον.
1765 3264 1936 3317 Ὅταν

355 3349 411 3401 δέ
439 3351 559 3411 ταῖς
589 3348 841 3418 ἀκαίροις
870 3347 1098 3410 ταύταις
1127 3347 1385 3411 σπουδαῖς
1417 3347 1511 3399 καὶ
1530 3344 1743 3398 ἀδικίαν
1770 3359 1937 3413 προσ-

354 3428 529 3499 τιθῇς,
559 3429 663 3497 γῆν
692 3427 1154 3497 ἀποτεμνόμενος,
1185 3428 1363 3489 οἰκίας
1399 3425 1690 3485 ἀποσπῶν,
1748 3421 1937 3475 πενίαν

356 3507 672 3580 ἐπιτρίϐων,
700 3507 858 3577 λιμὸν
886 3505 1084 3571 αὔξων,
1123 3507 1253 3559 πότε
1284 3507 1489 3576 δυνήσῃ
1513 3504 1619 3558 τῶν
1650 3502 1937 3574 προθύρων

357 3588 612 3657 ἐπιϐῆναι
633 3586 874 3648 τούτων;
912 3585 1051 3639 Ἀλλ’
1083 3586 1231 3639 ἐστιν
1263 3586 1350 3639 ὅτε
1372 3584 1462 3638 καὶ
1487 3584 1722 3653 πένητας
1744 3582 1933 3644 ἐλεεῖς.

358 3664 488 3723 Οἶδα
523 3667 676 3737 κάγώ
696 3683 709 3699 ο
740 3665 879 3720 ἀλλά
908 3668 1003 3720 καὶ
1034 3667 1152 3720 ἐκεῖ
1182 3664 1353 3737 πολλὴ
1390 3664 1553 3717 πάλιν
1592 3666 1625 3735 η
1662 3662 1829 3733 λύμη.
1865 3662 1937 3714 Ἢ

357 3748 466 3818 γὰρ
499 3745 636 3818 μετά
661 3745 854 3815 τύφου,
884 3745 917 3815 ἢ
954 3744 1092 3815 μετὰ
1114 3743 1419 3807 κενοδοξίας
1441 3742 1816 3818 τοῦτοῌποιεῖς,
1849 3741 1935 3793 ἵνα

357 3812 511 3898 [ἰέθί
559 3825 692 3897 μηδὲ
731 3812 788 3878 ἐν
821 3812 932 3887 τοῖς
955 3812 1185 3891 ’ἀγαθοῖς
1229 3822 1497 3893 κερδάνῃς
1519 3838 1531 3850 '
1560 3812 1621 3874 οὗ
1652 3821 1703 3874 τί
1738 3821 1937 3888 γένοιτ’

356 3907 423 3959 ἀν
458 3904 785 3975 ἀθλιώτερον
818 3901 885 3965 ⁸⁵,
919 3904 1046 3955 ὅταν
1074 3902 1169 3955 καὶ
1216 3903 1272 3952 ἐν
1317 3901 1395 3971 τῷ
1436 3900 1617 3971 λιμένι
1661 3903 1935 3970 ναυαγῇς;

356 3985 457 4038 Ἶν’
482 3982 576 4038 οῦν
607 3987 679 4056 μὴ
709 3983 865 4037 τοῦτο
888 3983 1131 4054 γένηται,
1152 3982 1387 4052 ποιήσας
1403 3999 1454 4033 τι
1472 3981 1657 4046 καλὸν,
1681 3982 1753 4051 μὴ
1784 3980 1937 4050 ζήτει

358 4065 489 4136 παρ’
518 4063 653 4134 ἐμοῦ
691 4065 789 4133 τὴν
818 4063 1001 4134 χάριν,
1039 4062 1127 4114 ἵνα
1169 4061 1261 4136 τὸν
1295 4060 1428 4113 Θεὸν
1461 4059 1591 4130 ἔχῃς
1631 4059 1934 4128 ὀφειλέτην.

357 4133 655 4205 Δπήίζετε
674 4142 802 4212 γάρ,
842 4142 996 4211 φησι,
1033 4140 1169 4207 παρ’
1193 4133 1280 4192 ὧν
1301 4138 1387 4208 μὴ
1432 4136 1804 4201 προσδοκᾶτε
1825 4139 1937 4206 λή-

358 4227 601 4294 ψεσθαι.
647 4222 835 4292 Ἔχεις
890 4218 1202 4291 χρεώστην’
1249 4218 1302 4269 τί
1351 4218 1556 4268 ἐκεῖνον
1603 4218 1779 4286 ἀφεὶς,
1837 4218 1938 4286 ἐμὲ

359 4309 633 4368 ἀπαιτεῖς,
668 4302 955 4373 ἄνθρωπον
991 4300 1199 4368 πένητα
1214 4294 1807 4367 κα“ιταλαίπωρον;Μὴ
1829 4296 1938 4367 γὰρ

359 4386 662 4455 ἀγανακτεῖ
687 4384 716 4434 ὁ
745 4378 1028 4451 χρεώστης
1059 4375 1488 4455 ἀπαιτούμενος;
1524 4374 1736 4455 μὴγγάρ
1770 4377 1939 4446 πένης

359 4454 505 4528 ἐστί;
541 4462 615 4534 μὴ
654 4462 762 4530 γάρ
787 4459 846 4512 ού
881 4456 1128 4526 βούλεται
1162 4454 1516 4517 καταθεῖναι;
1551 4454 1660 4523 Οὐχ
1688 4455 1817 4525 ὁρᾷς
1846 4456 1946 4507 αὑ-

357 4542 453 4596 τοῦ
484 4543 610 4603 τοὺς
640 4541 881 4608 ἀφάτους
903 4535 1245 4606 θησαυρούςς
1277 4535 1375 4604 οὐχ
1421 4535 1553 4605 ὁρᾷς
1591 4535 1691 4606 τὴν
1734 4535 1948 4589 ἀνεκδι-

360 4623 566 4693 ήγητον
600 4617 948 4688 φιλοτιμίαν;
988 4616 1158 4669 Αὐτὸν
1186 4614 1365 4669 τοίνυν
1396 4614 1635 4686 κάτασχε
1668 4616 1763 4668 καὶ
1785 4615 1949 4669 ἀπαί-

358 4718 524 4772 τησον
544 4717 557 4731 ·
589 4699 736 4753 οὕτω
773 4698 820 4729 ⁶⁸
854 4698 962 4768 γὰρ
995 4697 1395 4772 ἀπαιτούμενος
1422 4695 1622 4767 χαίρει.
1649 4697 1769 4749 Ὅτι
1801 4698 1868 4750 ἂν
1904 4696 1949 4729 ⁸⁸

359 4769 548 4853 ἓτερον
597 4778 1002 4846 ἀπαιτούμενον
1053 4777 1137 4849 ἴδη
1172 4775 1290 4828 ἀνθ’
1325 4769 1400 4828 ὧν
1429 4776 1593 4839 αὐτὸς
1617 4776 1841 4845 ὀφείλει,
1872 4777 1949 4840 ώς

360 4860 643 4931 ὑϐρισθεὶς
672 4858 813 4910 οὕτω
840 4856 1177 4909 διακείσεται
1198 4871 1214 4885 ο
1243 4855 1337 4908 καὶ¹
1359 4855 1543 4907 οὐκέτι
1566 4871 1645 4907 σοι
1681 4855 1947 4909 ἀποδίδω-

362 4958 447 4994 σιν
465 4939 685 5004 ⁸⁷,ἀλλά
707 4940 801 4991 καὶ
820 4936 1044 5004 ἐγκαλεῖ
1071 4935 1315 4997 δικαίως.
1332 4934 1496 4986 Ποίαν
1512 4935 1620 5005 γάρ
1643 4952 1743 5004 μου
1771 4936 1948 5004 ἀγνω-

365 5018 605 5090 μοσύνην
629 5019 911 5085 κατέγνως
932 5032 946 5079 ;
969 5015 1102 5084 φησί
1123 5032 1136 5045 ’
1167 5016 1325 5067 ποίαν
1346 5030 1436 5083 μοι
1470 5014 1659 5066 πενίαν
1679 5014 1945 5081 σύνοιδας,

361 5102 444 5153 ὅτι
471 5097 851 5171 παραδραμὼν
873 5096 973 5166 ἐμὲ
995 5095 1079 5161 ἐφ’
1106 5093 1327 5163 ἐτέρους
1348 5093 1513 5164 ἐρχῃ;
1546 5094 1725 5165 ’Ἄλλῳ
1746 5095 1950 5148 ἐδάνει-

363 5197 484 5245 σας,
536 5180 631 5233 καὶ
669 5178 828 5233 ἀλλον
865 5176 1156 5239 ἀπαιτεῖς;
1194 5174 1255 5225 Et
1284 5172 1392 5242 γάρ
1441 5174 1534 5226 καί
1576 5173 1863 5244 ἄνθρωπος
1898 5174 1943 5205 ea

360 5257 675 5325 ὑπεδέξατο,
708 5257 866 5311 ἀλλ’ὁ
900 5253 1032 5317 Θεὸς
1058 5254 1316 5306 ἐκέλευσε
1345 5254 1671 5308 καταϐαλεῖν
1692 5271 1705 5284 ·
1736 5256 1829 5307 καὶ
1848 5256 1943 5307 αὑ-

360 5338 450 5400 τὸς
498 5338 591 5391 καὶ
625 5336 981 5409 πρωτότυπος
1024 5332 1307 5404 ὀφειλέτης
1340 5333 1436 5386 καὶ
1485 5332 1758 5403 ἐγγυητὴς
1801 5327 1941 5385 εἶναι

362 5415 633 5486 βούλεται,
669 5415 867 5486 μυρίας
892 5432 973 5467 σοι
1003 5412 1259 5485 παρέχων
1289 5412 1544 5484 ἀφορμὰς
1559 5412 1652 5466 τοῦ
1676 5412 1941 5466 πάντοθεν

433 5510 480 5545 ⁶⁶
507 5511 679 5581 ἰσχύει
700 5510 762 5564 F.
793 5510 999 5579 ἰσχύσει
1033 5509 1094 5581 D.
1173 5509 1215 5540 ⁶¹
1240 5507 1529 5581 τοσαύτης]
1564 5508 1820 5581 ιιιίιίκτῆς
1846 5506 1980 5562 Ειίιί.

360 5575 627 5652 κηγορίἆν
653 5581 715 5637 D.
792 5575 1216 5652 ⁸δ“ἐ).εε.ινότερον
1237 5581 1301 5652 ᾼ.
1334 5580 1396 5632 Β.
1464 5575 1718 5652 δέούτω]

361 5647 520 5706 051'...-
550 5651 929 5721 ἐγκαλέσειγΑ.
953 5651 1017 5706 Β.
1093 5647 1136 5681 ⁸⁸
1167 5648 1453 5720 ἄνθρωπον
1481 5651 1545 5721 ᾼ.
1680 5648 1997 5721 ὑπεδέξατο]
2024 5648 2266 5721 ύπεδέξω
2309 5647 2369 5700 Β.
2403 5648 2719 5721 ὑπεδείξατο
2749 5650 2806 5703 (Σ.

364 5743 384 5773 ι
417 5723 524 5777 Alii
546 5718 732 5784 ἐπίθες
753 5741 771 5771 ι
799 5720 1021 5787 Monlef.
1099 5721 1147 5752 ⁷ο
1169 5718 1316 5772 ἐστιν
1344 5735 1453 5773 om.
1488 5718 1549 5772 Ε.
1582 5718 1644 5772 F.
1706 5719 1748 5749 '”
1781 5737 1862 5772 τοι
1895 5735 1935 5772 οη

2040 5718 2093 5771 D.
2123 5718 2182 5771 F.
2212 5734 2263 5787 ι».

1519 307 1584 363 ΙΝ
1618 303 2032 362 ΜΑΤΤΗᾹΞΗΜ
2070 302 2307 362 HOMIL.
2349 306 2465 362 XV.

3488 304 3595 358 £56

2026 427 2189 482 αὐτὸν
2229 430 2503 484 ἀπαιτεῖν.
2536 432 2627 502 Μὴ
2665 431 2728 503 δὴ
2761 428 2853 489 οῦν
2903 431 3172 501 τοσαύτην
3220 424 3471 481 εὐκολίαν
3505 426 3602 479 καὶ

2023 507 2286 577 εὐπορίαν
2320 509 2500 577 ἀφεὶς.
2551 511 2681 580 παρ’
2714 509 2848 580 ἐμοῦ
2883 511 3034 580 ζήτει
3065 509 3250 563 λαϐεῖν
3293 504 3385 559 τοῦ
3435 504 3600 575 μηδὲν

2024 583 2258 654 ἔχοντος.
2292 586 2449 649 Τίνος
2477 586 2585 658 γὰρ
2636 588 2818 641 ἕνεκεν
2860 590 2982 659 ἐμοί
3030 587 3398 641 ἐπιδείκνυσαι
3434 583 3601 636 ἐλεῶν

2024 663 2267 733 πένητα;
2297 665 2389 736 Μὴ
2422 665 2532 736 γὰρ
2575 668 2685 735 ἐγώ
2716 684 2798 720 σοι
2831 664 3004 727 εἷπον.
3048 666 3179 729 Δός;
3220 665 3293 736 μὴ
3327 663 3435 734 γὰρ
3470 662 3602 732 παρ’

2026 741 2159 817 ἐμοῦ
2188 742 2448 812 ἤκουσας,
2484 744 2570 797 ἵνα
2604 745 2699 798 καὶ
2729 748 2859 817 παρ’
2888 744 3021 816 ἐμοῦ
3057 745 3401 815 ἀπαιτήσης;
3432 741 3605 804 Αὐτὸς

2025 813 2178 873 εἶπεν
2199 836 2214 849 ⁸
2241 820 2304 873 '0
2326 820 2516 875 ἐλεῶν
2542 822 2793 891 πένητα,
2811 813 3069 886 δακείζει
3090 823 3229 889 Θεῷ.
3259 813 3375 891 Θεῷ
3402 820 3604 873 ἐδάνει-

2028 913 2147 960 σας·
2165 898 2315 969 αὐτῷ
2329 899 2553 971 περίθες
2576 902 2640 955 θ’.
2677 902 2817 955 Ἀλλ’
2841 902 2940 956 οὐκ
2962 901 3255 955 ἀποδίδωσι
3276 899 3336 952 τὸ
3364 899 3469 951 πᾶν
3485 898 3600 950 νῦν.

2026 976 2136 1029 Καὶ
2162 977 2318 1032 τοῦτο
2339 978 2474 1051 ὑπὲρ
2498 980 2592 1033 σοῦ
2625 984 2787 1034 ποιεῖ.
2812 981 3064 1044 Τοιοῦτος
3095 980 3202 1051 γάρ
3223 982 3370 1032 ἐστιν
3390 978 3435 1008 ⁷⁰
3453 976 3603 1045 ὀφει-

2027 1054 2206 1125 λέτης·
2239 1059 2335 1129 οὐχ
2366 1058 2440 1121 ὡς
2468 1059 2652 1112 πολλοὶ
2674 1060 2737 1113 τὸ
2762 1058 3036 1114 δανεισθὲν
3063 1058 3451 1120 σπουδάζουσιν
3474 1057 3607 1108 ἀπο-

2026 1134 2209 1189 δοῦναι
2230 1136 2408 1206 μόνον,
2428 1137 2542 1190 ἀλλ’
2561 1138 2702 1192 ὥστε
2725 1139 2820 1193 καὶ
2836 1140 2896 1192 τὸ
2918 1138 3067 1192 δοθὲν
3084 1140 3140 1191 ἐν
3157 1134 3425 1207 ἀσφαλείᾳ
3440 1151 3608 1188 κατα-

2029 1218 2219 1283 θεῖναι,
2245 1220 2421 1274 πάντα
2446 1222 2894 1294 πραγματεύεται
2911 1224 3004 1277 καὶ
3022 1223 3182 1277 ποιεῖ.
3208 1221 3306 1275 Διά
3323 1219 3461 1273 τοι⁷¹
3487 1216 3612 1269 τοῦ·

2027 1316 2088 1351 το
2104 1299 2171 1352 τά
2195 1299 2293 1370 μὲν
2319 1300 2554 1354 ἐνταῦθα
2575 1302 2928 1366 καταϐάλλει,
2951 1302 3019 1355 τά
3043 1302 3099 1355 δὲ
3121 1302 3237 1355 ἐκεῖ
3260 1296 3606 1369 ταμιεύεται.

2102 1375 2154 1429 ι’.
2188 1378 2356 1432 Ταῦτ’
2388 1375 2481 1433 οὖν
2502 1380 2703 1444 εἰδότες
2731 1382 2899 1436 πολὺν
2930 1380 3174 1450 ποιῶμεν
3194 1378 3285 1432 τὸν
3309 1376 3476 1436 ἔλεον,
3514 1374 3609 1428 καὶ

2031 1453 2230 1526 πολλὴν
2245 1457 2344 1526 τὴν
2364 1458 2780 1529 φιλανθρωπίαν
2806 1457 3222 1527 ἐπιδειξώμεθα,
3247 1457 3340 1509 καὶ
3362 1453 3447 1508 διὰ
3470 1468 3609 1523 χρη-

2036 1533 2222 1601 μάτων
2246 1535 2313 1599 ⁷¹,
2350 1535 2448 1588 καὶ
2477 1536 2565 1589 διὰ
2596 1539 2960 1608 πραγμάτων.
2989 1537 3107 1591 Κάν
3141 1536 3339 1606 ἴδωμέν
3372 1550 3490 1586 τινα
3510 1549 3613 1584 κα-

2036 1610 2147 1674 κῶς
2164 1612 2440 1682 πάσχοντα
2461 1615 2555 1667 καὶ
2572 1616 2906 1685 τυπτόμενον
2920 1617 2976 1667 ἐν
3000 1616 3197 1685 ἀγορᾷ,
3222 1613 3323 1666 κᾶν
3350 1610 3613 1681 ἀργύριον

2033 1688 2253 1742 δυνατὸν
2283 1691 2634 1757 καταϐαλεῖν,
2668 1693 2911 1763 ποιῶμεν
2942 1694 2986 1724 ⁷³
3009 1711 3022 1723 ’
3055 1692 3157 1746 κᾶν
3184 1692 3365 1758 λόγοις
3388 1687 3613 1741 δυνατὸν

2033 1764 2301 1828 διαλῦσαι,
2333 1770 2405 1839 μὴ
2439 1771 2707 1842 ὁκνῶμεν.
2746 1773 2904 1824 Ἔστι
2933 1772 3041 1842 γὰρ
3079 1771 3172 1824 καὶ
3199 1771 3357 1837 λόγου
3400 1765 3608 1836 μισθὸς.

2037 1843 2236 1913 μᾶλλον
2262 1845 2317 1899 δὲ
2353 1847 2446 1899 καὶ
2483 1848 2804 1918 στεναγμῶν
2824 1848 2900 1881 τι*
2944 1852 3037 1903 καὶ
3079 1848 3236 1901 τοῦτο
3273 1849 3301 1899 6
3344 1847 3612 1916 μακάριος

2046 1920 2164 1974 Ἰὼϐ
2189 1923 2374 1992 ἔλεγεν
2394 1939 2407 1952 ·
2441 1926 2588 1995 Ἐγὼ
2608 1928 2676 1979 δὲ
2699 1928 2975 1981 ἔκλαυσα
3002 1929 3095 1980 ἐπὶ
3113 1926 3289 1979 παντὶ
3310 1924 3610 1987 ἀδυνάτῳ,

2031 2000 2330 2065 ἐστέκαξα
2346 2002 2413 2055 δὲ
2431 2003 2574 2058 ἰδὼν
2590 2005 2778 2074 ἄνδρα
2798 2007 2865 2059 ἐν
2881 2006 3191 2075 ἀνάγκαις.
3208 2006 3271 2058 Εἰ
3286 2004 3343 2058 δὲ
3365 2002 3613 2073 δακρύων

2033 2082 2129 2135 καὶ
2144 2083 2467 2154 στεναγμῶν
2490 2085 2605 2138 ἐστι
2625 2085 2836 2156 μισθὸς,
2856 2086 2982 2139 ὅταν
3002 2086 3095 2140 καὶ
3112 2084 3366 2153 λόγοικαί
3387 2081 3613 2151 σπουδὴ,

2034 2162 2127 2215 καὶ
2156 2162 2330 2216 πολλά
2358 2163 2523 2232 ἕτερα
2557 2168 2756 2235 προσῇ,
2809 2164 3062 2234 ἐννόησον
3094 2164 3255 2235 ήλίκη
3282 2165 3315 2233 ἡ
3346 2161 3619 2223 ἀντίδοσις

2033 2241 2264 2309 γίνεται.
2294 2244 2405 2297 Καὶ
2433 2244 2541 2315 γάρ
2566 2244 2661 2297 καὶ
2690 2246 2851 2315 ἡμεῖς
2881 2244 3065 2316 ἐχθροί
3082 2240 3222 2315 ἦμεν
3248 2243 3326 2313 τῷ
3350 2241 3496 2312 Θεῷο
3522 2241 3618 2295 καὶ

2034 2322 2062 2372 6
2086 2320 2395 2393 Μονογενὴς
2411 2324 2558 2394 ἡμᾶς
2584 2322 2917 2391 κατήλλαξε,
2945 2321 3107 2393 μέσον
3131 2320 3319 2375 ἑαυτὸν
3342 2316 3617 2391 ἐμϐαλὼν,

2036 2400 2129 2451 καὶ
2170 2399 2385 2470 πληγὰς
2431 2402 2571 2474 ὑπὲρ
2601 2402 2761 2472 ἡμῶν
2804 2401 3097 2472 δεξάμενος
3141 2403 3209 2465 ⁷⁵,
3247 2400 3342 2454 καὶ
3390 2398 3621 2453 θάνατον

2037 2476 2177 2547 ὑπὲρ
2206 2479 2237 2547 ἡ
2247 2477 2362 2548 μῶν
2381 2479 2699 2549 ὑπομείνας.
2726 2480 3123 2550 Σπουδάσωμεν
3151 2479 3330 2533 τοίνυν
3349 2479 3442 2532 καὶ
3460 2480 3621 2549 ἡμεῖς

2036 2555 2161 2617 τοὺς
2189 2556 2561 2625 ἐμπίπτοντας
2604 2559 2812 2629 μυρίων
2842 2558 3207 2612 ἀπαλλάττειν
3242 2555 3450 2615 κακῶν,
3483 2556 3620 2609 ἀλλά

2041 2632 2138 2702 μὴ,
2183 2633 2257 2696 ώς
2285 2634 2378 2686 νῦν
2408 2636 2669 2706 ποιοῦμεν
2692 2638 2759 2698 ⁷⁸,
2793 2637 3010 2690 ἐπειδὰν
3063 2636 3262 2706 ἴδωμέν
3304 2652 3456 2698 τινας
3489 2651 3622 2702 συγ⁴

2041 2711 2401 2781 κρουομένους
2427 2715 2523 2766 καὶ
2566 2716 3039 2786 συρῤηγνυμένους
3082 2714 3349 2784 ἀλλήλοις,
3387 2714 3621 2783 ἑστήκα-

2043 2807 2144 2860 μεν
2170 2791 2215 2821 ⁷⁷
2249 2793 2668 2863 εὐφραινόμενοι
2688 2796 2807 2856 ταῖς
2831 2794 3032 2865 ἐτέρων
3061 2791 3492 2862 ἀσχημοσύναις,
3530 2800 3624 2843 και

2042 2869 2270 2940 θέατρον
2302 2871 2454 2944 [⁸200]
2479 2873 2870 2943 περιιστῶντες
2896 2871 3204 2927 διαϐολικόν
3231 2889 3243 2901 ·
3263 2865 3324 2924 οῦ
3350 2871 3402 2923 τί
3427 2869 3624 2939 γένοιτ’

2043 2946 2109 3001 ἂν
2128 2948 2450 3021 ¹ώμότερον;
2490 2951 2652 3022 Ὁρᾷς
2675 2952 2862 3016 κακῶς
2878 2953 3194 3013 ἀκούοντας,
3219 2946 3625 3021 διαρρηγνυμέ-

2044 3045 2186 3092 νους,
2216 3031 2659 3102 κατατέμνοντας
2685 3032 2780 3103 τὴν
2810 3033 3032 3102 ἐσθῆτα,
3063 3029 3537 3099 συγκοπτομένους
3565 3027 3629 3101 τὸ

2043 3109 2356 3178 πρόσωπον,
2411 3110 2506 3163 καὶ
2559 3112 2853 3182 ὑπομένεις
2889 3111 3064 3183 ἠσυχῆ
3121 3111 3494 3181 παρεστάναι;
3532 3106 3625 3179 Μὴ

2042 3184 2152 3258 γὰρ
2192 3186 2394 3257 ἄρκτος
2437 3188 2586 3241 ἐστὶν
2609 3192 2636 3242 ὁ
2669 3191 3011 3260 μαχόμενοςς
3045 3189 3120 3261 μὴ
3151 3191 3260 3261 γὰρ
3296 3188 3514 3259 θηρίον;
3550 3185 3625 3257 μὴ

2042 3283 2077 3334 γ
2081 3266 2151 3336 ἀρ
2174 3267 2327 3335 ὄφις
2357 3267 2676 3339 Ἄνθρωπός
2698 3271 2846 3324 ἐστιν
2872 3273 2899 3324 ὁ
2920 3269 3196 3341 πανταχοῦ
3231 3287 3312 3322 σοι
3331 3267 3623 3330 κοινωνῶν,

2044 3345 2271 3413 ἀδελφός
2306 3349 2444 3411 ἐστι,
2480 3349 2641 3418 μέλος
2684 3350 2824 3405 ἐστί,
2850 3351 2941 3422 Μὴ
2972 3348 3188 3420 θεώρει,
3224 3348 3361 3402 ἀλλά
3403 3347 3585 3401 διάλυε
3607 3362 3623 3379 ο

2048 3424 2124 3494 μὴ
2154 3424 2377 3495 τέρπου,
2414 3425 2552 3480 ἀλλά
2574 3426 2785 3498 διόρθου
2806 3445 2820 3459 ο
2860 3429 2934 3499 μὴ
2967 3429 3188 3500 ἐτέρους
3216 3429 3508 3499 παρακίνει
3535 3427 3627 3481 ἐπί

2043 3503 2142 3574 τὴν
2163 3504 2569 3577 ἀσχημοσύνην,
2594 3505 2730 3559 ἀλλά
2760 3507 2998 3571 καὶτοὺς
3028 3507 3470 3578 συνειλεγμένους
3494 3508 3628 3559 ἀπο·

2048 3582 2196 3636 σόϐει
2229 3584 2322 3637 καὶ
2347 3583 2550 3639 διάλυε.
2599 3585 2999 3657 Ἀναισχύντων
3028 3585 3139 3656 γὰρ
3181 3587 3273 3639 καὶ
3305 3586 3626 3657 οἰκοτρίϐων

2044 3663 2106 3715 τὸ
2128 3664 2341 3735 χαίρειν
2378 3668 2498 3728 ταῖς
2530 3665 2809 3730 τοιαύταις
2845 3669 3173 3737 συμφοραῖς,
3208 3665 3302 3737 καὶ
3338 3666 3625 3736 καθαρμά-

2046 3758 2153 3795 των
2184 3744 2277 3797 καί
2307 3743 2443 3796 όνων
2474 3743 2520 3775 ⁷⁸
2562 3742 2792 3813 ἀλόγων.
2849 3745 3014 3816 Ὁρᾷς
3060 3743 3346 3814 ἄνθρωπον
3380 3746 3626 3814 ἀσχημο-

2046 3823 2260 3885 νοῦντα,
2297 3824 2391 3877 καὶ
2417 3824 2513 3893 οὐχ
2541 3825 2647 3894 ἡγῇ
2673 3824 2836 3888 αὐτὸς
2867 3826 3229 3893 ἀσχημονεῖν;
3256 3823 3374 3876 οὐδὲ
3408 3825 3626 3895 εἰσέρχῃ

2049 3904 2233 3973 μέσος,
2262 3904 2355 3957 καί
2395 3903 2765 3965 διασκεδάζεις
2800 3902 2892 3955 τοῦ
2917 3903 3162 3955 διαϐόλου
3209 3903 3305 3972 τὴν
3348 3903 3624 3969 φάλαγγα,

2048 3984 2143 4036 καὶ
2175 3984 2245 4036 τά
2287 3983 2605 4055 ἀνθρώπινα
2645 3983 2884 4045 διαλύεις
2930 3982 3114 4043 κακά;
3164 3982 3282 4034 Ἵνα
3328 3984 3420 4035 καί
3466 3980 3629 4043 αὐτὸς

2049 4062 2264 4129 πληγὰς
2286 4062 2453 4121 λάϐω,
2489 4063 2621 4132 φησί
2644 4077 2655 4088 ’
2682 4063 2776 4115 καὶ
2804 4062 2866 4112 σὺ
2892 4061 3051 4112 τοῦτο
3072 4059 3315 4123 κελεύεις
3340 4077 3354 4125 ;
3383 4061 3629 4114 Μάλιστα

2052 4142 2149 4210 μὲν
2171 4139 2465 4192 οὐδὲτοῦτο
2497 4142 2657 4211 πείσῃ
2674 4155 2685 4167 ·
2716 4139 2781 4192 ἂν
2803 4136 2860 4190 δὲ
2885 4138 2978 4191 καὶ
3003 4137 3161 4195 τοῦτο
3188 4138 3384 4209 πάθῃς,
3421 4138 3627 4208 μαρτύ-

2049 4218 2164 4288 ριόν
2194 4234 2276 4269 σοι
2314 4217 2375 4269 τὸ
2412 4219 2649 4287 πρᾶγμά
2673 4220 2821 4270 ἐστι·
2853 4216 2942 4271 διὰ
2981 4217 3089 4288 γάρ
3119 4217 3211 4271 τὸν
3243 4218 3374 4270 Θεὸν
3402 4216 3622 4280 ἔπαθες.

2048 4299 2109 4351 Εἰ
2139 4296 2193 4348 δέ
2231 4296 2445 4366 πληγὰς
2474 4299 2651 4362 ὀκνεῖς
2679 4297 2879 4353 λαϐεῖν.
2903 4298 3155 4367 ἐννόησον
3188 4300 3269 4353 ὅτι
3302 4300 3329 4352 6
3349 4298 3627 4367 Δεσπότης

2048 4395 2142 4430 σου
2173 4377 2404 4446 σταυρὸν
2433 4378 2532 4431 οὐκ
2555 4376 2805 4449 ὤκνησεν
2835 4379 3126 4448 ὑπομεῖναι
3155 4378 3243 4432 διὰ
3270 4378 3350 4432 σέ.
3396 4380 3625 4432 Ἐκεῖνοι

2050 4458 2147 4528 μὲν
2173 4457 2282 4527 γὰρ
2310 4456 2568 4527 μεθύουσι
2590 4458 2685 4511 καὶ
2727 4458 3077 4519 ἐσκότωνται,
3107 4457 3202 4511 τοῦ
3235 4458 3408 4530 θυμοῦ
3431 4476 3627 4528 τυραν-

2045 4536 2260 4600 νοῦντος
2294 4539 2389 4590 καὶ
2425 4538 2859 4609 στρατηγοῦντος
2905 4538 3105 4599 αὐτοῖς.
3144 4539 3353 4591 δέονται
3394 4538 3450 4591 δέ
3484 4556 3627 4602 τινος

2047 4615 2381 4684 ὑγιαίνοντος
2419 4616 2514 4670 τοῦ
2562 4616 2923 4688 βοηθήσοντος
2956 4617 3160 4679 αὐτοῖς,
3205 4618 3233 4669 ὃ
3261 4634 3318 4669 τε
3347 4615 3570 4677 ἀδικῶν,
3598 4617 3627 4668 ὅ

2046 4714 2105 4749 τε
2135 4695 2489 4765 ἀδικούμενος
2509 4714 2522 4726 ·
2547 4699 2576 4750 6
2607 4696 2725 4767 μὲν,
2750 4697 2836 4749 ἵνα
2860 4695 3147 4763 ἀπαλλαγῇ
3175 4695 3399 4762 πάσχων
3416 4694 3623 4757 κακῶς,

2045 4779 2074 4829 6
2107 4775 2185 4835 δὲ,
2220 4775 2308 4828 ἴνα
2339 4774 2615 4845 παύσηται
2652 4775 2819 4829 ποιῶν
2864 4774 3066 4836 κακῶς.
3106 4772 3345 4843 Πάρελθε
3376 4774 3421 4803 ⁷⁸
3447 4773 3626 4827 τοίνυν

2048 4854 2142 4909 καὶ
2172 4856 2330 4925 χεῖρα
2365 4853 2573 4924 ὄρεξον,
2620 4856 2647 4907 6
2673 4855 2859 4921 νήφων
2897 4853 2975 4922 τῷ
3020 4852 3289 4922 μεθύοντι.
3323 4853 3480 4905 Ἔστι
3518 4854 3626 4925 γὰρ

2046 4935 2140 4987 καὶ
2165 4931 2336 5003 ὀργῆς
2385 4931 2544 5000 μέθη,
2590 4931 2685 4983 καὶ
2712 4931 2809 5000 τῆς
2843 4932 2906 4982 ἐκ
2936 4930 3029 4982 τοῦ
3057 4930 3201 4983 οἴνου
3247 4930 3623 5002 χαλεπωτέρα.

2046 5016 2158 5083 Οὐχ
2189 5012 2321 5082 ὁρᾷς
2358 5012 2486 5074 τοὺς
2518 5010 2740 5072 ναύτας,
2776 5008 2826 5061 οἳ
2859 5011 2985 5064 ὅταν
3013 5012 3257 5082 ναυαγίῳ
3288 5011 3442 5073 τινὰς
3471 5007 3628 5081 περι..

2048 5091 2313 5152 ’πεσόντας
2339 5090 2511 5150 ἴδωσι,
2549 5088 2619 5142 τὰ
2648 5089 2692 5120 ⁸⁰
2730 5089 2871 5142 ἱστία
2903 5091 3234 5152 πετάσαντες
3265 5090 3401 5160 μετὰ
3424 5090 3626 5158 πολλῆς
3672 5123 3685 5157 ε

2046 5175 2377 5246 ἀπέρχονται
2418 5173 2674 5243 σπουδῆς,
2709 5174 2850 5227 ὥστε
2880 5175 3006 5238 τοὺς
3032 5176 3355 5246 ὁμοτέχνους
3386 5176 3625 5249 ἐξαρπάε
3670 5170 3676 5178 ’

2049 5273 2139 5308 σαι
2174 5254 2269 5306 τοῦ
2311 5253 2618 5320 κλύδωνοςς
2651 5255 2711 5306 ΕΞ
2755 5254 2813 5307 δὲ
2846 5255 3041 5326 τέχνης
3085 5258 3331 5310 κοινωνοὶ
3356 5258 3625 5323 τοσαύτην

2045 5334 2453 5388 ἐπιδείκνυνται
2482 5334 2838 5404 προστασίαν,
2870 5335 3022 5403 πόσῳ
3042 5335 3239 5406 μᾶλλον
3265 5337 3388 5397 τοὺς
3409 5334 3510 5401 τῆς
3527 5335 3628 5402 φύ-

2048 5429 2185 5476 σεως
2220 5412 2508 5469 κοινωνοὺς
2536 5413 2708 5466 ταῦτα
2752 5414 2925 5467 πάντα
2968 5416 3011 5446 ⁸³
3044 5418 3215 5469 ποιεῖν
3243 5415 3468 5478 δίκαιον;
3518 5414 3629 5466 Καὶ

2094 5509 2139 5541 δ’
2170 5507 2666 5578 προσαπολλύωμεν
2701 5508 2761 5562 Β.
2799 5508 3280 5578 προσαπολλύομεν
3308 5508 3388 5578 A_._
3432 5504 3495 5578 _“
3529 5522 3627 5578 κα-

1791 5563 1915 5641 ῦτος
1943 5580 2098 5632 A.B.
2177 5563 2223 5609 αδ
2245 5580 2365 5632 ’Ὅτι
2394 5563 2599 5648 ἆνΓΛν
2625 5578 2679 5632 δέ
2707 5582 2767 5632 Α.
2796 5563 2974 5631 ΒίἋν
2999 5578 3109 5648 γάρ,
3132 5563 3265 5648 Εᾷιί.
3343 5575 3627 5648 vagata.

2888 5651 2931 5680 δ’
2964 5644 3205 5717 περίθες]
3239 5645 3457 5717 ἀπαίτει
3482 5646 3623 5717 Exigi.

2297 5735 2363 5788 ρ..
2388 5720 2781 5772 καταϐάλλεται
2809 5719 2870 5770 Α.
2904 5719 2962 5770 Β.
2998 5787 3005 5788 7
3038 5715 3084 5788 7³
3108 5715 3368 5788 ῥημάτων
3382 5717 3448 5771 Α.
3479 5715 3624 5788 Β.

356 5794 408 5863 υ
435 5795 749 5863 ποιήσωμεν
781 5791 939 5863 τοῦτο
974 5784 1033 5844 F.
1069 5790 1142 5863 μὴ
1172 5789 1462 5863 ναρκῶμεν
1505 5788 1567 5842 Α.
1591 5789 1659 5863 -ΒΣ
1730 5789 1783 5863 1‘
1812 5789 2118 5863 στεναγμοῦ
2140 5784 2281 5863 Ali.
2300 5784 2404 5863 '_7‘
2436 5788 2614 5853 δεξ....
2646 5788 2838 5863 63:051.]
2868 5790 2962 5863 καὶ
2989 5784 3214 5863 θάνατον
3238 5784 3622 5863 δεξάμενος

353 5862 423 5931 (Σ.
461 5854 560 5917 καῖ
582 5861 633 5915 θ.
651 5854 1097 5931 ’καταδεξάμενος
1116 5854 1183 5931 Β,
1197 5854 1486 5931 δεξάμενος
1520 5861 1613 5914 καὶ
1638 5860 1689 5912 θ.
1730 5857 1789 5911 ι).
1850 5860 1929 5931 ’⁷⁸
1960 5854 2201 5928 ποιῶμεν
2420 5869 2472 5931 εἰ
2502 5875 2645 5915 corr.
2672 5858 2732 5911 Π.
2759 5854 3040 5931 ποιοῦμεν]
3081 5856 3206 5931 ιιιίιί.
3240 5858 3335 5911 καὶ
3359 5854 3625 5931 περιϐάλτ

357 5930 478 5984 λειν
501 5933 564 5999 Α.
597 5931 657 5985 Β.
680 5932 797 5985 Non
836 5929 1137 5999 agnoscunt
1169 5929 1349 5984 νοτ-εις,

1456 5920 1501 5963 ’ίτ
1527 5929 1867 6008 ἑστήκαμεν]
1911 5920 2308 6008 ἱστάμενοὶκκί
2344 5930 2406 5981 Λ.
2441 5930 2575 6008 ILP.
2613 5944 2663 5995 p.
2711 5920 3304 6008 περιιστάντεςίἱιίιιῐη.
3380 5920 3622 6008 τετόνωχ]

365 5998 669 6070 ἀνθρώπων
690 6000 823 6057 Mur.
853 5992 984 6057 Ben.
1019 5999 1114 6056 Ge.
1162 6003 1203 6035 ⁷³
1228 6001 1495 6072 Πρόσελθε
1520 6000 1580 6055 C.
1640 5992 1686 6033 5°
1719 5992 1805 6070 τά]
1843 5992 1935 6053 πώ.

2040 5992 2054 6052 ἱ
2082 6000 2140 6053 Λ.
2168 5999 2224 6054 Β.
2248 6000 2310 6053 C.
2332 6014 2381 6067 μ.
2410 6016 2458 6069 ν.
2483 5992 2576 6068 τῆς
2603 5992 2835 6060 -σπουδῆς
2859 5995 2917 6050 Ε.
2941 5996 2997 6049 ι’.
3067 5997 3109 6027 ⁸⁸
3134 5997 3307 6051 πάντα
3332 6012 3438 6052 οηι.
3464 5994 3525 6047 Α.
3562 5992 3622 6063 Β,
