4084 6210
389 293 499 351 9-57

391 407 606 476 plagam
633 403 792 460 infert
817 411 975 474 atque
998 415 1203 467 necem,
1223 401 1400 458 ethoc
1428 401 1597 472 ipsum
1624 402 1821 472 patitur
1848 418 1975 456 nan-

392 497 641 568 fragium.
671 496 840 566 Perge
887 495 1064 565 igitur,
1095 495 1291 550 malum
1319 493 1452 548 illud
1493 494 1622 549 seda
1646 535 1662 560 ,
1693 493 1972 549 demersos

390 587 636 655 extrahe,
661 587 712 641 in
737 586 906 655 ipsum
933 586 1262 654 tempestatis
1289 585 1506 655 pelagus
1524 583 1879 652 descendens,
1908 600 1972 639 ac

396 679 573 734 soluto
618 677 812 733 diaboli
857 677 1104 742 theatro,
1155 679 1380 733 seorsim
1427 677 1664 748 singulos
1712 677 1974 742 admone,

397 771 659 825 flammam
701 769 1002 840 exstingue,
1055 769 1353 839 ﬂuctusque
1387 769 1704 839 comprime.
1752 770 1809 825 Si
1848 785 1978 823 vero

394 862 568 930 majus
593 860 747 915 fuerit
772 861 1097 923 incendium,
1125 860 1420 932 fornaxque
1445 861 1718 916 ardentior
1740 902 1754 928 ,
1786 876 1854 917 ne
1873 862 1980 916 for-

399 954 570 1009 midcs
600 971 614 1009 :
647 954 802 1008 multi
831 955 977 1009 enim
1021 953 1214 1008 adsunt
1242 953 1333 1024 qui
1359 953 1451 1008 tibi
1486 954 1830 1024 opitulentur,
1859 969 1979 1009 ma-

391 1062 626 1117 numque
660 1047 930 1118 porrigant
955 1087 970 1112 ,
995 1049 1038 1101 si
1069 1047 1242 1100 solum
1267 1047 1509 1116 incipias,
1539 1057 1700 1117 atque
1723 1061 1833 1116 pra:
1862 1061 1978 1100 om-

394 1138 553 1194 nibus
577 1140 721 1194 Deus
769 1139 934 1208 pacis.
984 1139 1050 1193 Et
1084 1139 1127 1194 si
1158 1138 1302 1208 prior
1329 1138 1598 1193 ﬂammam
1650 1138 1975 1204 excusseris,

391 1230 545 1284 multi
591 1231 678 1284 alii
722 1239 1028 1299 sequentur,
1062 1229 1246 1300 sicque
1289 1245 1496 1296 eorum,
1550 1246 1669 1300 qute
1691 1231 1788 1299 ipsi
1836 1240 1981 1285 recte

391 1322 636 1388 fecerint,
669 1331 723 1376 tu
771 1321 1074 1378 mercedem
1099 1322 1355 1392 accipies.
1409 1322 1546 1377 Audi
1582 1323 1708 1392 quid
1735 1321 1980 1378 Christus

391 1413 592 1468 Iudaeis
624 1413 768 1468 humi
791 1415 1104 1482 repentibus
1127 1415 1460 1484 prmceperit.
1483 1413 1543 1469 Si
1562 1415 1764 1480 videris,
1788 1413 1976 1482 inquit,

385 1509 676 1576 jttmenmnt
717 1505 911 1558 inimici
960 1506 1031 1558 tui
1076 1504 1296 1575 lapsum,
1352 1521 1414 1558 ne
1468 1516 1846 1573 pratercurras,
1895 1505 1983 1557 sed

399 1598 532 1668 erige
587 1596 718 1650 illud
773 1595 966 1665 (Exod.
1014 1595 1106 1649 25.
1140 1594 1237 1665 5).
1271 1595 1429 1665 Atqui
1467 1595 1623 1666 longe
1671 1595 1876 1650 facilius
1901 1605 1984 1649 est

391 1703 514 1742 sese
564 1694 750 1740 mutuo
798 1685 1144 1741 verberantes
1193 1685 1442 1741 homines
1495 1699 1765 1756 separare,
1818 1701 1979 1756 quam

385 1783 694 1854 jnmentnm
751 1779 979 1849 erigere.
1035 1777 1092 1833 Si
1141 1793 1268 1833 vero
1331 1778 1667 1833 inimicorum
1719 1778 1928 1832 asinum
1959 1819 1975 1843 ,

391 1871 561 1925 inulto
587 1870 756 1940 magis
784 1870 1078 1925 amicormn
1101 1870 1308 1923 animas
1335 1879 1547 1938 oportet
1576 1870 1787 1939 erigere
1814 1888 1826 1923 :
1851 1885 1972 1924 cum

391 1964 627 2018 maxime
655 1962 888 2018 deterior
911 1971 994 2016 est
1021 1963 1174 2015 ruina
1199 1977 1215 2024 ;
1249 1976 1422 2030 neque
1452 1962 1593 2014 enim
1638 1961 1690 2015 in
1741 1976 1976 2028 ctenum,

400 2055 495 2110 sed
524 2056 575 2108 in
620 2055 914 2125 gehennam
943 2053 1080 2123 ignis
1128 2052 1366 2106 incidunt
1393 2094 1407 2118 ,
1434 2052 1575 2122 quod
1627 2053 1718 2106 ira:
1771 2052 1979 2124 pondus

387 2161 548 2216 grave
568 2162 673 2200 non
693 2144 1141 2199 sustinuerint.Tu
1164 2159 1290 2198 vero
1308 2143 1491 2198 videns
1511 2143 1725 2198 fratrem
1750 2144 1850 2200 sub
1874 2159 1982 2198 sar-

385 2238 788 2306 cinajacentem
806 2279 821 2302 ,
861 2247 915 2291 et
962 2236 1231 2291 diabolum
1252 2237 1533 2292 instantem
1556 2251 1617 2292 ac
1641 2252 1827 2308 rogum
1856 2253 1979 2293 suc-

384 2331 702 2386 ccndentcm
722 2372 735 2394 ,
766 2329 1121 2383 inhumaniter
1163 2328 1554 2399 crudeliterque
1590 2332 1976 2400 prmtercurris,

384 2421 524 2492 quod
567 2437 635 2476 ne
672 2436 794 2490 erga
824 2421 975 2474 bruta
1001 2419 1217 2490 quidem
1257 2420 1373 2475 sine
1403 2421 1637 2489 periculo
1662 2422 1976 2478 admittitur.

464 2515 553 2570 ii.
606 2513 712 2568 Eos
753 2515 839 2584 qui
877 2513 1161 2568 rimantibus
1199 2530 1300 2567 non
1337 2514 1681 2580 intercedunt,
1715 2517 1980 2587 increpat;

383 2607 586 2670 deinde,
633 2607 770 2676 ipsos
815 2607 1086 2660 rixatores.
1117 2605 1574 2660 —Samaritanus
1626 2607 1839 2676 quidem
1891 2607 1981 2662 ille

384 2699 624 2753 saucium
665 2698 851 2752 videns
879 2698 1136 2766 ignotum,
1175 2697 1410 2766 nihilque
1444 2697 1508 2751 ad
1551 2713 1670 2759 cum
1712 2699 1982 2767 pertinen-

387 2798 518 2852 tem,
550 2797 604 2841 et
642 2787 806 2850 stetit,
854 2787 1168 2856 ctjnmento
1196 2801 1294 2841 suo
1316 2787 1586 2856 imposuit,
1620 2789 1778 2858 inque
1806 2789 1982 2844 diver-

385 2879 585 2932 sorium
614 2876 855 2943 deduxit,
887 2893 950 2932 ac
979 2877 1244 2932 medicum
1289 2878 1535 2934 mercede
1561 2880 1849 2946 conduxit,
1895 2896 1981 2934 ar-

385 2978 706 3039 gentumque
731 2969 918 3038 partim
945 2967 1108 3032 dedit,
1135 2970 1431 3038 partimque
1448 2971 1708 3038 pollicitus
1728 2979 1810 3027 est
1825 2971 1976 3040 (Luc.

387 3062 477 3118 1ο.
527 3062 616 3116 ⁸55.
657 3059 815 3130 sqq.).
859 3060 939 3115 Tu
983 3076 1107 3115 vero
1136 3062 1260 3115 dum
1305 3060 1573 3116 hominem
1605 3063 1750 3118 vides
1779 3047 1866 3132 qui
1895 3064 1979 3117 in-

385 3155 534 3217 cidit,
564 3171 668 3210 nou
701 3155 752 3207 in
798 3153 1055 3218 latrones,
1077 3155 1170 3210 sed
1209 3155 1262 3209 in
1289 3153 1678 3210 daemoniorum
1704 3156 1974 3222 cohortes,

387 3247 582 3316 quique
613 3244 792 3298 furore
835 3255 1117 3314 correptus
1163 3253 1267 3310 est,
1318 3261 1422 3299 non
1453 3245 1506 3299 in
1532 3245 1768 3312 deserto,
1799 3247 1892 3302 sed
1923 3248 1974 3302 in

387 3339 567 3394 medio
598 3337 732 3400 foro,
754 3353 858 3392 non
879 3337 1154 3408 pecuniam
1177 3337 1536 3405 impensurus,
1559 3353 1656 3392 nec
1675 3339 1975 3408 jumentqu

387 3431 771 3496 conducturos,
801 3430 881 3484 vel
909 3429 1140 3500 aliquem
1173 3429 1360 3499 procul
1387 3429 1665 3494 missurus,
1693 3429 1787 3484 sed
1817 3431 1974 3486 verba

389 3534 593 3579 tantnm
641 3525 958 3592 prolaturus,
1005 3523 1272 3577 cunctaris
1321 3536 1384 3576 ac
1426 3521 1642 3592 refugis,
1668 3531 1828 3592 atque
1859 3523 1976 3578 sine

387 3617 753 3672 misericordia
807 3616 1210 3685 praetercurris?
1258 3615 1325 3669 Et
1369 3613 1639 3684 quomodo
1689 3629 1875 3680 Speras
1926 3624 1976 3671 te

389 3709 554 3764 Deum
604 3724 850 3774 umquam
899 3707 1182 3776 prepitium
1213 3706 1514 3760 habiturum
1550 3706 1708 3760 esse?
1732 3705 1850 3760 Jam
1880 3722 1976 3761 vos

385 3805 628 3873 alloquar
655 3804 742 3873 qui
775 3803 826 3856 in
855 3802 969 3856 foro
996 3801 1249 3856 indecore
1270 3802 1446 3872 agitis,
1470 3818 1697 3873 eumque
1717 3804 1804 3872 qui
1832 3803 1977 3858 laedit

385 3904 443 3949 et
474 3895 651 3964 inique
681 3893 807 3963 agit.
855 3893 948 3946 Dic
977 3891 1125 3958 mihi,
1157 3892 1335 3962 plagas
1365 3892 1578 3956 incutis,
1611 3893 1845 3948 calcibus
1872 3895 1975 3947 im-

387 3987 545 4056 petis,
574 3995 627 4040 et
655 3983 907 4039 mortles?
935 3983 1107 4038 Susne
1135 3983 1378 4038 silvester
1405 3998 1482 4049 es,
1513 3985 1595 4038 vel
1618 3985 1848 4052 onager?
1870 3984 1977 4039 Nec

389 4091 442 4136 te
466 4080 648 4150 pudet,
677 4094 777 4134 nec
802 4077 1095 4133 erubescis.
1127 4076 1197 4129 ita
1223 4076 1496 4139 ell‘eratns,
1526 4077 1614 4144 qui
1643 4076 1973 4130 nobilitatem

391 4183 536 4227 tuam
581 4171 894 4242 prodidisti?
937 4169 994 4223 Si
1045 4168 1184 4222 cnim
1219 4183 1522 4237 pauperes,
1564 4175 1618 4221 at
1648 4168 1784 4222 liber
1808 4184 1899 4234 es;
1930 4168 1976 4222 si

388 4263 576 4318 artifex
604 4277 683 4326 es,
727 4261 819 4316 sed
847 4260 1204 4316 Christianus.
1239 4259 1314 4313 Eo
1343 4259 1457 4328 ipso
1487 4257 1643 4325 quod.
1665 4273 1866 4329 panper
1893 4274 1971 4326 es,

387 4356 666 4426 quiescere
690 4355 874 4409 debes.
903 4353 1033 4408 Nam
1065 4352 1283 4408 divitum
1315 4362 1396 4408 est
1427 4352 1654 4423 litigare,
1688 4368 1796 4407 non
1842 4368 1974 4423 pau-

389 4464 611 4517 perum;
653 4446 894 4509 divitum,
943 4446 1177 4516 inquam,
1214 4445 1302 4514 qui
1335 4444 1526 4498 multas
1556 4444 1974 4515 habentjnrgio-

392 4555 509 4595 rum
536 4552 742 4594 causas.
772 4537 852 4590 Tu
890 4553 1016 4590 vero
1053 4536 1143 4606 qui
1188 4536 1487 4590 divitiarum
1517 4537 1840 4605 voluptatem
1868 4553 1973 4590 non

390 4633 576 4697 habes,
606 4631 739 4685 mala
768 4640 942 4684 tamen
962 4627 1259 4683 divitiarum
1288 4628 1503 4697 quaeris,
1534 4628 1836 4684 inimicitias
1859 4627 1972 4692 tibi,

387 4725 762 4781 contentiones
809 4733 861 4777 ct
892 4723 1032 4776 rixas
1061 4722 1353 4786 attrahens,
1387 4723 1600 4775 fratrem
1631 4724 1886 4791 praefocas
1922 4733 1976 4776 et

387 4817 560 4887 augis,
607 4825 658 4870 et
690 4815 899 4883 publice
929 4813 1028 4868 sub
1056 4813 1293 4866 omnium
1320 4812 1489 4866 octilis
1521 4813 1815 4882 prosternis
1841 4834 1853 4868 :
1879 4829 1977 4868 nec

390 4918 444 4961 te
465 4916 617 4974 putas
644 4905 810 4975 magis
836 4903 1085 4958 indecore
1111 4917 1291 4973 agere,
1315 4902 1440 4957 dum
1467 4902 1692 4958 ferarum
1720 4904 1976 4973 impetum

389 4997 636 5063 imitaris,
682 4995 974 5066 quinetiam
1019 4993 1124 5047 illis
1159 4992 1392 5047 deterior
1426 4993 1648 5048 cli'ectus
1675 5009 1754 5049 es.
1787 4994 1976 5050 Omnia

388 5090 583 5156 quippe
614 5087 714 5141 illis
743 5084 1042 5140 communia
1074 5092 1215 5148 sunt,
1246 5083 1403 5138 simul
1430 5095 1840 5156 congregantur,
1868 5102 1972 5141 una

392 5181 677 5245 incedunt;
723 5179 878 5232 nobis
919 5191 1048 5232 vero
1077 5175 1210 5230 nihil
1236 5192 1518 5233 commune
1545 5186 1644 5240 est,
1677 5180 1770 5234 sed
1798 5180 1975 5235 omnia

389 5286 483 5326 sus
522 5273 692 5340 deque
735 5272 902 5339 posita
933 5276 1075 5334 sunt,
1110 5269 1256 5334 rixze,
1285 5269 1674 5336 contentiones,
1711 5270 1974 5338 convicia,

1540 289 1605 344 ΙΝ
1627 288 2048 346 HATTIIAZUM
2087 289 2317 348 llUMlL.
2359 293 2500 348 XVI.

3563 312 3670 367 ‘233

2083 403 2392 473 inimicitia),
2414 409 2774 464 contumeliae.
2821 411 2925 467 Sed
2954 430 3126 486 neque
3151 417 3341 472 caelum
3375 421 3543 489 ipsum
3579 440 3667 478 re-

2083 508 2350 560 veremur,
2377 512 2483 566 quo
2510 513 2696 554 omnes
2725 500 2884 556 simul
2914 507 3088 560 vocati
3114 523 3320 574 sumus,
3352 528 3526 581 neque
3552 524 3664 568 ter-

2081 601 2197 640 ram
2239 602 2360 656 qum
2406 589 2561 644 nobis
2609 593 2857 648 omnibus
2909 596 3144 664 obvenit,
3199 617 3370 671 neque
3420 616 3662 662 naturam

2083 675 2251 744 ipsam
2283 695 2296 732 :
2324 679 2418 734 sed
2467 681 2646 736 omnia
2697 684 2856 739 simul
2912 686 2990 741 ira
3041 697 3096 742 et
3142 705 3291 744 amor
3325 697 3664 760 pecuniarum

2081 767 2378 839 dissipavit.
2410 771 2524 826 Non
2573 775 2722 830 vides
2764 777 2913 832 illum
2941 780 3031 848 qui
3059 779 3243 836 decem
3281 785 3442 839 millia
3475 789 3676 843 talenta

2083 859 2329 927 debebat,
2361 872 2641 934 postquam
2688 867 2775 921 illa
2815 869 2916 923 sibi
2947 871 3168 926 remissa
3199 874 3424 943 fuerant,
3450 892 3670 934 conser-

2083 967 2206 1006 vum
2248 968 2403 1007 suum
2445 956 2794 1014 suffocantem
2851 975 2947 1030 pro
2987 974 3202 1018 centum
3247 965 3496 1034 denariis,
3544 977 3674 1039 quot.

2083 1041 2220 1095 mala
2251 1043 2412 1097 subiit
2449 1057 2498 1098 et
2525 1048 2794 1117 quomodo
2823 1059 3024 1106 aeterno
3054 1053 3277 1108 traditus
3309 1056 3372 1110 sit
3411 1058 3673 1126 supplicio

2085 1133 2314 1201 (Matth.
2349 1136 2436 1191 18.
2468 1137 2557 1193 28.
2600 1156 2706 1209 sqq.
2731 1137 2791 1211 )?
2833 1141 2946 1222 Non
2995 1144 3150 1200 times
3191 1149 3534 1217 exemplum?
3562 1165 3670 1205 non

2085 1229 2276 1284 metuis
2306 1247 2372 1285 ne
2400 1239 2453 1284 tn
2484 1233 2672 1286 eadem
2696 1235 2949 1302 patiaris?
2977 1237 3183 1292 Etenim
3214 1250 3309 1294 nos
3332 1258 3539 1312 quoque
3570 1244 3678 1297 Do-
3733 1307 3735 1309 ι

2087 1321 2232 1374 mino
2261 1321 2487 1390 plurima
2516 1339 2812 1394 magnaque
2837 1327 3126 1394 debemus;
3159 1331 3244 1386 ille
3284 1309 3672 1404 tamen—exspe-
3736 1309 3748 1336 ἒ

2087 1422 2196 1466 οιίινι
2239 1423 2294 1468 ct
2335 1414 2595 1483 patienter
2624 1417 2748 1486 ‘agit
2779 1435 2792 1471 :
2827 1434 2932 1473 non
2960 1421 3140 1484 instat,
3176 1432 3232 1476 ut
3272 1440 3369 1479 nos
3398 1427 3670 1482 conservis

2089 1504 2285 1558 nostris
2313 1521 2326 1556 :
2359 1519 2464 1559 non
2495 1520 2595 1560 nos
2622 1508 2768 1577 angit
2791 1517 2846 1563 et
2870 1509 3093 1566 suffocat
3125 1531 3137 1567 :
3165 1523 3309 1569 certe
3335 1517 3378 1569 si
3407 1518 3489 1572 vel
3515 1517 3677 1572 mini-

2086 1588 2226 1647 mam
2252 1604 2455 1662 partem
2483 1595 2644 1651 vellet
2663 1611 2694 1650 a
2717 1598 2869 1652 nobis
2889 1600 3123 1669 exigere,
3145 1602 3254 1671 jam
3274 1605 3398 1658 olim
3423 1607 3672 1675 periisse-

2086 1699 2227 1738 mus.
2257 1684 2380 1738 llaec
2426 1685 2604 1756 itaque
2629 1688 2947 1757 cogitantes,
2983 1690 3185 1758 dilecti,
3225 1693 3586 1762 humiliemur,
3616 1707 3672 1752 et

2086 1774 2417 1830 debitoribus
2463 1780 2658 1832 nostris
2704 1780 2928 1849 gratiam
2980 1781 3314 1841 habeamus:
3361 1797 3486 1842 sunt
3526 1790 3672 1843 enim

2085 1866 2258 1933 nobis,
2306 1869 2350 1923 si
2375 1867 2836 1939 philos0phemur,
2856 1875 3066 1929 occasio
3097 1879 3342 1933 maximae
3389 1880 3668 1952 indulgen-

2084 1955 2172 2012 tia:
2200 1975 2213 2010 :
2245 1966 2301 2012 ct
2329 1973 2491 2027 pauca
2515 1959 2720 2022 dantes,
2747 1961 2973 2030 plurima
2995 1966 3336 2036 accipiemus.
3356 1969 3491 2037 Quid
3516 1973 3672 2043 igitur

2085 2046 2348 2103 violenter
2388 2049 2455 2103 ab
2497 2065 2563 2105 eo
2608 2051 2798 2122 exigis,
2836 2067 2958 2107 cum
3003 2065 3293 2125 Oportcret,
3321 2063 3528 2116 etiamsi
3557 2063 3672 2133 ipse

2084 2139 2294 2194 solvere
2337 2139 2523 2206 vellet,
2570 2141 2807 2196 debitum
2857 2145 3152 2213 remittere,
3201 2158 3257 2203 ut
3297 2160 3465 2206 totum
3497 2169 3527 2207 a
3561 2154 3672 2209 Deo

2084 2229 2389 2298 acciperes?
2413 2230 2563 2286 Nunc
2591 2247 2720 2287 vero
2744 2233 2872 2288 nihil
2900 2251 3006 2289 non
3029 2239 3162 2307 agis,
3194 2238 3300 2293 vim
3331 2241 3517 2308 infers,
3541 2258 3671 2298 con-

2087 2320 2280 2387 tendis,
2314 2331 2370 2375 nt
2396 2322 2488 2377 tibi
2517 2322 2740 2378 nihilex
2765 2324 2958 2381 debitis
2993 2328 3094 2382 tuis
3140 2331 3469 2394 remittatur;
3503 2345 3556 2388 et
3588 2336 3669 2389 vi-

2084 2411 2231 2466 deris
2273 2412 2487 2482 quidem
2529 2415 2772 2482 proximo
2817 2426 2908 2470 tuo
2948 2418 3245 2474 molestiam
3296 2422 3514 2488 inferre,
3542 2425 3670 2479 dum

2083 2505 2318 2576 gladium
2345 2507 2438 2560 tibi
2466 2507 2740 2574 admoves,
2770 2520 2820 2564 et
2844 2510 3099 2579 gehenna:
3125 2514 3438 2582 supplicium
3470 2533 3666 2588 auges;

2086 2599 2128 2653 si
2160 2608 2337 2653 autem
2361 2599 2442 2653 vel
2467 2601 2728 2654 tantillum
2758 2602 2844 2656 hic
2890 2603 3300 2673 philosopheris,
3335 2607 3562 2663 leviores
3587 2610 3668 2662 ef-

2085 2690 2202 2743 ficis
2240 2689 2474 2744 rationes
2515 2705 2805 2761 pmnasque
2837 2701 2972 2746 tuas.
3006 2694 3215 2749 Etenim
3241 2696 3376 2751 Deus
3406 2698 3525 2752 ideo
3556 2700 3670 2756 vult

2084 2787 2141 2833 ut
2169 2777 2308 2848 apud
2336 2795 2433 2834 nos
2463 2779 2762 2850 hujusmodi
2789 2782 3078 2838 liberalitas
3107 2785 3325 2846 oriatur,
3353 2795 3410 2840 ut
3437 2790 3672 2843 occasio-

2085 2885 2207 2924 nem
2257 2870 2380 2924 hinc
2421 2881 2599 2940 captet
2646 2872 2868 2941 plurima
2919 2874 3072 2928 nobis
3116 2875 3367 2930 donandi.
3399 2879 3667 2949 Quotquot

2084 2962 2243 3031 igitur
2287 2963 2556 3018 debitores
2600 2965 2690 3017 tibi
2735 2975 2877 3031 sunt,
2925 2967 3036 3020 sive
3081 2967 3146 3020 de
3184 2969 3440 3037 pecuniis,
3467 2971 3578 3025 sive
3602 2971 3673 3026 de

2083 3054 2302 3109 offensis
2328 3064 2534 3124 agatur,
2580 3055 2676 3110 bos
2703 3071 2890 3110 onmes
2919 3057 3125 3112 dimitte
3171 3059 3385 3128 liberos,
3418 3069 3473 3115 ct
3500 3077 3529 3114 a
3561 3062 3674 3116 Deo

2084 3147 2313 3217 postula,
2362 3157 2420 3202 ut
2471 3157 2630 3202 tanta:
2679 3150 3126 3219 magnanimitatis
3171 3152 3260 3205 tibi
3302 3154 3445 3208 vices
3475 3169 3670 3224 repen-

2082 3236 2294 3292 dantur.
2339 3240 2517 3295 Donec
2561 3241 2702 3294 enim
2750 3241 2892 3310 ipsos
2937 3242 3210 3298 debitores
3236 3243 3472 3309 habebis,
3504 3247 3666 3300 Deum

2083 3330 2377 3388 debitorem
2417 3349 2522 3386 non
2569 3333 2826 3400 habebis;
2877 3335 2958 3389 sin
2990 3335 3111 3389 illos
3142 3337 3338 3392 liberos
3380 3338 3667 3406 dimiseris,

2083 3423 2282 3491 poteris
2315 3437 2344 3475 a
2400 3424 2506 3478 Deo
2551 3425 2764 3494 exigere
2803 3441 2923 3479 cum
2975 3427 3224 3481 instantia
3270 3445 3457 3499 inagna
3511 3440 3669 3484 tanta:

2084 3511 2434 3581 philosophia:
2481 3515 2810 3570 mercedem.
2861 3516 2918 3570 Si
2961 3517 3103 3571 enim
3150 3518 3307 3572 homo
3338 3521 3664 3588 prmteriens,

2082 3602 2372 3674 vidensque
2395 3613 2446 3659 te
2473 3605 2766 3660 debitorem
2813 3615 3017 3674 tenere,
3042 3609 3254 3678 juberet
3292 3621 3343 3666 te
3386 3613 3554 3681 ipsum
3585 3612 3668 3667 di-

2083 3695 2319 3759 mittere,
2363 3705 2416 3749 et
2447 3696 2542 3750 abs
2579 3712 2638 3751 se
2667 3697 2906 3753 debitum
2933 3715 3235 3769 reposcere,
3265 3719 3369 3757 non
3396 3715 3540 3760 certe
3584 3707 3666 3759 in-

2081 3795 2265 3856 gratus
2309 3785 2383 3840 illi
2431 3787 2568 3842 foret
2611 3798 2733 3857 post
2775 3790 3168 3858 remissionem,
3203 3802 3383 3864 utpote
3410 3797 3577 3865 quiin
3609 3810 3670 3850 se

2083 3887 2252 3933 totum
2297 3879 2969 3949 transtuleritzquomodo
3018 3883 3160 3937 Deus
3208 3899 3314 3938 non
3368 3887 3516 3954 plura
3543 3887 3665 3951 alia,

2083 3971 2190 4025 imo
2230 3971 2426 4024 millies
2459 3971 2606 4039 plura
2638 3972 2844 4036 reddet,
2870 3989 2990 4026 cum
3021 3974 3134 4041 ejus
3173 3987 3438 4045 prmcepto
3461 3977 3670 4032 obtem—

2083 4070 2351 4130 perantcs,
2374 4060 2643 4116 debitores
2668 4074 2898 4127 nostros,
2925 4078 3023 4117 nec
3042 4079 3280 4130 parvum,
3303 4082 3398 4120 nec
3420 4084 3668 4138 magnmn

2082 4154 2151 4208 ab
2191 4155 2270 4208 eis
2298 4153 2718 4221 expostulantes,
2766 4153 3132 4209 dimiserimus
3177 4171 3392 4225 prorsus
3434 4160 3670 4214 liberos?

2083 4245 2160 4300 Ne
2190 4253 2586 4313 temporaneam
2608 4244 2750 4298 illam
2775 4245 3098 4316 voluptatem
3121 4249 3475 4317 attendamus,
3507 4269 3666 4323 quam

2083 4337 2262 4392 debita
2294 4346 2600 4406 repetentes
2627 4339 2949 4408 accipimus;
2990 4339 3086 4396 sed
3117 4342 3367 4397 damnum
3398 4345 3525 4400 illud
3549 4357 3667 4400 tan-

2085 4439 2218 4495 tmn,
2242 4427 2383 4499 quod
2411 4429 2465 4483 in
2491 4428 2665 4483 futuro
2704 4441 3094 4501 exspectamus,
3130 4433 3181 4487 in
3213 4434 3365 4489 bonis
3392 4437 3667 4492 immorta-

2084 4521 2222 4575 libus
2269 4534 2367 4573 nos
2415 4519 2558 4590 ipsos
2609 4520 2881 4576 laedentes.
2911 4521 3171 4578 Omnibus
3211 4539 3339 4594 ergo
3365 4529 3670 4596 superiores

2084 4610 2229 4676 facti,
2278 4611 2570 4680 largiamur
2615 4621 2668 4666 et
2713 4612 2963 4681 pecunias
2989 4624 3042 4668 et
3085 4614 3314 4670 offensas
3342 4616 3670 4675 debitoribus

2085 4704 2301 4771 nostris,
2330 4715 2383 4759 ut
2407 4704 2634 4761 leviores
2660 4705 2813 4761 nobis
2835 4707 3067 4762 rationes
3083 4707 3379 4765 reddendas
3400 4726 3666 4780 paremus;

2083 4806 2138 4853 et
2164 4797 2307 4867 quod
2335 4811 2440 4851 non
2479 4798 2746 4867 potuimus
2774 4812 2869 4866 per
2894 4798 3024 4854 alias
3052 4799 3274 4857 virtutes
3299 4805 3538 4872 assequi,
3577 4822 3672 4874 per

2083 4891 2404 4946 oblivionem
2441 4891 2754 4960 injuriarum
2771 4903 3178 4962 consequentes,
3196 4905 3394 4950 acterna
3413 4897 3668 4966 adipisca-

2083 4999 2204 5038 tnur
2233 4983 2392 5047 bona,
2422 4986 2587 5053 gratia
2620 4993 2673 5037 et
2699 4982 3066 5041 misericordia
3111 4987 3318 5041 Domini
3346 4990 3511 5042 nostri
3541 4989 3666 5044 Jesu

2083 5075 2304 5140 Christi,
2346 5073 2432 5127 cui
2475 5073 2643 5143 gloria
2687 5085 2740 5128 et
2770 5075 3070 5144 imperium,
3100 5094 3241 5132 nunc
3267 5088 3320 5134 et
3349 5094 3580 5150 semper,
3619 5089 3673 5134 et

2087 5165 2141 5220 in
2166 5165 2357 5220 szecula
2387 5164 2722 5218 saeculorum.
2753 5165 2944 5220 Amen.

3549 5365 3660 5375 ω·-

1746 5437 2096 5500 HOMILIA
2139 5437 2311 5500 XVI.

390 5545 523 5603 CAP.
568 5547 622 5602 ὅ.
665 5561 719 5600 v.
759 5546 846 5601 i7.
889 5543 1064 5600 Nolite
1102 5552 1298 5614 putare,
1343 5543 1480 5612 quod
1533 5545 1748 5599 uenerim
1792 5545 1984 5601 solvere

893 5637 1049 5708 legem
1079 5644 1167 5689 aut
1192 5634 1480 5705 prapltetas.

469 5734 520 5790 i.
549 5731 716 5802 Qttare
750 5732 976 5786 Christus
999 5747 1169 5786 senon
1202 5729 1391 5785 soluere
1419 5729 1578 5802 legem
1604 5732 1868 5786 asseruerit
1884 5746 1904 5798 ;
1935 5741 1984 5788 et

2088 5561 2180 5598 cur
2202 5560 2302 5598 non
2330 5559 2499 5598 omma
2513 5547 2656 5614 quasi
2680 5545 2978 5599 auctoritate
2995 5561 3087 5598 sua
3107 5544 3354 5614 faciat.——
3372 5541 3500 5610 Quis
3527 5541 3668 5597 enim

2088 5635 2141 5692 id
2167 5635 2342 5691 fuerat
2369 5637 2708 5707 suspicatus?
2735 5647 2826 5692 aut
2856 5637 2976 5706 quis
3000 5635 3289 5705 objecerat,
3332 5644 3390 5689 ut
3420 5634 3542 5688 huic
3571 5635 3670 5687 ob-

2084 5729 2305 5802 jectioni
2330 5730 2670 5787 occurreret?
2699 5729 2880 5802 Neque
2906 5728 3046 5784 enim
3077 5743 3140 5783 ex
3172 5727 3330 5784 dictis
3350 5727 3470 5784 talis
3493 5727 3670 5799 suspi-
