4084 6210
405 315 474 368 39
1084 306 1140 362 S.
1181 303 1457 360 JOANNIS
1493 294 1963 358 CHRYSOSTOMI
2003 293 2321 350 AliClllEl‘.
2362 290 2893 349 CONSTANTINUP.

360 431 444 480 rio
471 423 741 479 oriebatur
774 437 788 474 :
823 435 944 474 nam
987 417 1128 488 quod
1171 417 1382 485 juberet
1411 414 1567 468 miles
1588 426 1729 476 esse,
1756 408 1944 462 mode-

361 531 495 584 stos,
552 513 946 578 misericordes,
1004 510 1231 564 mutulos
1288 507 1449 563 corde
1500 515 1555 560 et
1603 521 1699 573 pro
1735 501 1944 572 justitia

361 613 660 672 decertare,
695 607 823 662 nihil
854 603 1027 658 simile
1059 601 1362 662 indicebat;
1394 600 1502 652 imo
1530 597 1651 650 huic
1680 597 1754 648 rei
1787 607 1952 661 υμνοι

362 702 522 754 silum
546 707 678 753 erat.
703 698 813 762 Qua
837 711 962 764 ergo
982 693 1046 747 de
1068 707 1225 746 causa
1250 691 1349 744 hoc
1367 689 1541 742 dixit?
1558 687 1670 740 Non
1690 686 1953 738 incassum

363 807 464 846 nec
493 791 719 848 frustra;
753 787 843 841 sed
891 786 1011 855 quia
1043 785 1312 838 veteribus
1344 781 1622 851 praeceptis
1646 777 1846 846 majora
1875 776 1953 829 la-

365 894 514 936 turus
547 890 683 943 erat,
713 879 900 933 dicens
929 898 942 931 :
974 876 1217 938 Audistis,
1241 874 1358 944 quia
1399 873 1588 925 dictum
1615 879 1686 924 est
1714 868 1952 933 antiquis,

368 971 485 1025 Non
504 970 729 1035 occides;
749 986 837 1039 ego
854 978 1016 1021 autem
1038 967 1149 1019 dico
1167 965 1320 1030 vobis,
1333 963 1410 1016 Ne
1427 961 1716 1016 irascamini
1742 957 1953 1029 (Matth.

364 1063 415 1115 Ei.
440 1063 498 1116 2|
519 1062 666 1131 .22);
695 1057 1294 1127 utdivinamqnatmlam
1313 1055 1647 1109 acea-lestcm
1669 1052 1806 1104 viam
1835 1064 1958 1118 ape-

377 1155 521 1216 riret,
571 1170 638 1206 ne
683 1154 758 1206 rei
811 1150 1016 1204 novitas
1053 1148 1350 1201 auditormn
1383 1146 1588 1198 animos
1620 1143 1872 1200 turbaret.
1905 1149 1960 1193 et

373 1244 439 1301 ad
465 1244 815 1300 dubitandum
843 1242 909 1296 de
937 1240 1094 1296 dictis
1119 1239 1425 1298 adduceret,
1458 1237 1556 1290 hac
1577 1235 1739 1288 utitur
1762 1232 1958 1302 prmvia

371 1337 634 1390 cautione.
667 1333 881 1386 Etiamsi
925 1331 1064 1384 enim
1096 1330 1264 1399 legem
1296 1343 1400 1382 non
1431 1327 1728 1395 implerent,
1759 1336 1950 1392 magno

373 1437 550 1482 tamen
580 1441 702 1494 erga
749 1425 889 1478 illam
928 1424 1240 1478 tenebantur
1285 1421 1496 1481 allecto,
1529 1434 1590 1496 ac
1633 1418 1755 1470 licet
1793 1417 1958 1483 ipsam

375 1516 611 1587 quotidie
661 1517 941 1579 violarent,
993 1514 1169 1566 literas
1211 1522 1382 1566 tamen
1433 1510 1678 1563 volebant
1718 1509 1964 1561 immotas

383 1623 618 1669 manere,
674 1607 908 1675 nihilque
954 1607 1082 1673 ipsis
1129 1605 1317 1673 adjici;
1368 1605 1472 1658 imo
1503 1619 1630 1657 vero
1667 1600 1904 1670 quardam
1933 1614 1962 1651 a

379 1699 706 1769 principibus
747 1699 858 1753 suis
888 1697 1064 1750 addita
1095 1696 1393 1758 tuebantur,
1439 1711 1557 1764 qum
1594 1703 1738 1748 certe
1769 1707 1872 1744 non
1899 1689 1966 1744 ad

381 1792 589 1857 melius,
617 1791 708 1846 sed
736 1791 800 1844 ad
834 1789 983 1860 pejus
1014 1791 1322 1857 vergebant.
1352 1787 1561 1840 Etenim
1591 1788 1847 1837 honorem
1876 1796 1969 1850 pa-

383 1885 622 1940 rentibus
653 1884 891 1937 debitum
936 1882 1018 1935 bis
1045 1880 1421 1935 additamentis
1448 1879 1743 1939 solverunt,
1786 1883 1842 1928 et
1865 1873 1966 1926 alia

385 1977 607 2044 plurima
673 1975 989 2043 importunis
1049 1972 1408 2026 additionibus
1469 1967 1965 2038 pessumdederunt.

386 2066 647 2132 Quoniam
671 2082 797 2135 ergo
822 2065 1068 2120 Christus
1097 2080 1161 2118 ex
1189 2061 1504 2117 sacerdotali
1533 2060 1670 2114 tribu
1699 2075 1804 2112 non
1831 2063 1966 2120 erat,

387 2168 442 2213 et
489 2174 606 2228 qua!
659 2159 775 2228 ipse
821 2157 1130 2211 indueturus
1173 2165 1326 2219 erat,
1389 2153 1805 2207 additamentum
1857 2157 1967 2204 erat

388 2249 696 2319 quodpiam,
725 2249 863 2319 quod
894 2249 1136 2302 virtutem
1162 2263 1264 2300 non
1295 2246 1578 2307 minueret,
1603 2243 1694 2297 sed
1725 2249 1968 2311 augeret:

395 2340 508 2393 haec
532 2340 688 2393 ambo
717 2337 1036 2407 przevidens,
1064 2353 1183 2407 qutc
1210 2337 1353 2406 ipsos
1379 2335 1648 2389 turbatura
1675 2341 1846 2394 erant,
1874 2346 1972 2383 au-

395 2441 605 2500 tequam
631 2430 968 2484 admirandas
996 2429 1111 2482 illas
1157 2429 1298 2497 leges
1338 2427 1537 2496 scripto
1569 2424 1704 2479 tradi
1739 2431 1970 2488 curaret,

397 2521 526 2576 illud
570 2522 745 2590 rcjicit
788 2521 928 2590 quod
975 2521 1076 2574 illis
1125 2521 1176 2573 iu
1222 2530 1451 2574 mentem
1505 2528 1788 2571 venturum
1836 2523 1972 2568 erat.

396 2612 531 2680 Quid
558 2627 684 2666 vero
712 2612 836 2666 illud
865 2621 978 2666 erat
1004 2611 1144 2682 quod
1169 2611 1482 2679 subreperet
1505 2618 1558 2664 et
1578 2609 1732 2675 objici
1756 2606 1978 2677 posset?

399 2704 664 2759 Putabant
707 2705 849 2758 illum
897 2705 1010 2758 hmc
1053 2705 1234 2758 dicere
1280 2702 1346 2756 ad
1380 2702 1564 2772 legalia
1611 2710 1789 2754 vetem
1820 2699 1980 2752 abro-

398 2795 588 2866 ganda.
619 2795 769 2850 llanc
815 2795 992 2864 itaque
1031 2802 1180 2850 sanat
1219 2794 1544 2863 Opinionem.
1571 2791 1751 2859 Neque
1778 2790 1862 2842 hic
1889 2806 1978 2843 so-

401 2888 510 2940 lum
542 2885 642 2940 hoc
690 2884 833 2950 facit,
876 2886 969 2940 sed
997 2894 1049 2940 et
1078 2885 1201 2938 alibi
1232 2900 1461 2954 quoque.
1501 2883 1631 2950 Quia
1663 2883 1803 2935 enim
1838 2881 1980 2933 illum

401 2977 765 3030 adversarium
800 2976 906 3030 Deo
932 2975 1217 3030 credebant
1245 3015 1259 3038 ,
1293 2989 1358 3028 eo
1399 2974 1537 3042 quod
1569 2972 1844 3024 sabbatum
1877 2987 1979 3022 non

403 3074 672 3131 servaret,
706 3075 764 3121 ut
789 3067 924 3120 hanc
951 3067 1160 3120 illorttnt
1190 3064 1543 3132 suspicionem
1571 3071 1811 3115 amovcal
1832 3103 1844 3123 ,
1880 3061 1986 3113 illic

405 3172 617 3227 quoque
639 3155 978 3210 defensiones
1003 3157 1290 3224 eXpromit,
1317 3155 1539 3224 illasque
1566 3155 1662 3206 sibi
1692 3167 1986 3220 congruen-

408 3261 488 3303 tes
517 3268 529 3302 :
557 3258 612 3300 ut
640 3264 757 3300 cum
789 3247 912 3300 dicit
940 3265 952 3299 :
985 3246 1139 3299 Pater
1171 3263 1305 3300 meus
1331 3255 1583 3314 operatur,
1616 3255 1662 3298 et
1693 3262 1782 3314 ego
1811 3261 1990 3314 operor

409 3343 429 3405 (
453 3337 608 3394 Joan.
635 3339 688 3394 5.
716 3339 778 3392 l7
801 3336 852 3408 );
885 3338 1014 3391 alias
1042 3353 1166 3390 vero
1195 3336 1508 3390 demissiore
1542 3336 1698 3391 modo
1732 3337 1982 3404 prolatas,

411 3439 467 3482 ut
495 3444 615 3483 cum
644 3444 795 3483 ovem
827 3429 876 3482 iu
914 3428 1142 3483 medimu
1176 3427 1330 3483 aliert
1369 3429 1418 3480 in
1467 3428 1686 3482 sabbato
1710 3427 1987 3496 perditam,

409 3527 463 3572 et
484 3518 711 3574 ostendit
732 3518 796 3572 ad
817 3519 932 3587 ejus
953 3519 1175 3573 salutem
1201 3519 1367 3588 legem
1395 3518 1558 3573 fuisse
1593 3519 1815 3573 solutam
1842 3559 1857 3584 ,
1887 3519 1992 3572 cir-

413 3611 787 3664 c.nncisionem
816 3627 1024 3682 quoque
1053 3611 1277 3680 idipsmn
1317 3612 1590 3666 facientem
1612 3620 1997 3666 commemorat.

415 3704 435 3773 (
473 3701 653 3756 Matth.
687 3704 774 3758 12.
807 3705 892 3758 ll.
927 3703 991 3757 l2
1016 3705 1056 3772 ).
1089 3703 1212 3757 Ideo
1248 3704 1449 3758 scilicet
1470 3701 1834 3758 humilioribus
1855 3719 1997 3772 sche

421 3793 599 3847 verbis
626 3795 857 3863 loquitur
880 3835 895 3859 ,
931 3803 987 3848 ut
1017 3795 1322 3863 Opinionem
1364 3793 1504 3847 illam
1531 3835 1545 3857 ,
1577 3809 1680 3862 qua
1721 3793 1998 3862 putabatur

421 3887 532 3952 ipse
559 3885 669 3939 Deo
688 3885 978 3950 adversari.
1007 3885 1326 3940 eliminat-et.
1357 3885 1558 3938 Idcirco
1584 3885 1671 3954 qui
1700 3884 1860 3938 verbo
1881 3886 1996 3938 solo

421 3977 728 4029 iunumeros
756 3985 996 4030 mortuos
1021 3978 1388 4037 suscitavcrat,
1412 3990 1530 4029 cum
1559 3974 1814 4028 Lazarum
1841 3990 1997 4030 voca-

421 4068 514 4131 vit,
538 4076 588 4123 et
609 4069 848 4122 oratione
867 4084 902 4121 n
926 4068 1115 4137 adjecit
1134 4067 1308 4136 (Joatt.
1324 4069 1339 4120 Ι
1356 4068 1376 4120 1
1392 4108 1405 4120 .
1421 4067 1510 4135 Η)
1529 4083 1541 4130 ;
1562 4066 1773 4130 deinde,
1797 4083 1864 4121 ne
1881 4067 2002 4122 hinc

424 4161 576 4214 Patre
597 4174 694 4214 suo
716 4159 890 4214 mimr
910 4158 1280 4214 ostenderetur
1297 4201 1309 4221 ,
1337 4167 1389 4211 et
1409 4165 1468 4212 ut
1487 4157 1622 4211 hanc
1641 4159 1999 4226 suspicionem

421 4250 768 4316 emendaret,
807 4250 1080 4319 subjunxit
1108 4267 1120 4302 :
1156 4249 1276 4304 [lare
1301 4250 1408 4302 dixi
1439 4259 1641 4318 propter
1665 4249 1860 4303 turbam
1897 4252 2002 4304 cir-

423 4351 748 4396 cumstantem
769 4383 784 4406 ,
809 4351 860 4392 ut
881 4341 1085 4394 credant
1109 4342 1225 4408 quia
1255 4351 1306 4392 ttt
1329 4355 1404 4392 tne
1429 4341 1604 4392 misisti
1636 4340 1790 4411 (Ibid.
1819 4357 1864 4394 υ.
1884 4342 1997 4410 42).

425 4431 607 4501 Neque
638 4431 812 4484 omnia
836 4431 982 4499 quasi
1012 4447 1104 4484 sua
1129 4432 1444 4484 auctoritate
1471 4431 1611 4494 facit,
1635 4443 1689 4484 ut
1715 4432 2004 4486 infirmitati

426 4539 609 4576 eorum
642 4537 698 4576 sc
739 4531 1087 4590 attetnperct;
1123 4537 1292 4589 neque
1319 4521 1477 4574 etiam
1508 4522 1684 4573 omnia
1718 4522 2006 4590 pnemissis

429 4613 669 4681 precibus
687 4613 830 4677 facit,
852 4629 918 4666 ne
942 4613 1167 4681 posteris
1187 4613 1508 4682 relinqueret
1528 4611 1840 4680 suspicionis
1860 4627 2008 4682 argu-

429 4712 660 4758 mentum
681 4744 694 4766 ,
727 4703 875 4773 quasi
908 4702 1109 4757 scilicet
1138 4703 1377 4755 infirmus
1403 4709 1459 4756 et
1488 4701 1750 4768 impotens
1775 4702 1878 4766 sit,
1909 4701 2004 4754 sed

431 4797 541 4849 lnec
563 4797 663 4849 illis
687 4807 737 4851 et
757 4797 840 4850 illa
865 4797 946 4852 his
963 4796 1240 4850 admiscet.
1269 4795 1395 4848 llltnl
1417 4804 1591 4847 autem
1613 4807 1714 4846 non
1739 4793 1853 4847 sine
1872 4802 2007 4846 tem-

432 4898 740 4958 peramento
767 4889 914 4952 facit,
935 4890 1026 4944 sed
1049 4906 1168 4944 cum
1191 4889 1397 4944 decenti
1422 4889 1518 4940 sibi
1542 4887 1840 4955 prudentia.
1875 4887 2008 4941 Nam

429 4992 484 5036 ct
507 4979 706 5049 majora
734 4983 852 5035 facit
878 4984 1026 5052 quasi
1051 4993 1360 5052 potestatem
1392 4981 1612 5044 habens,
1636 4991 1688 5034 et
1711 4981 1761 5033 iu
1791 4981 2012 5035 minori—

432 5075 529 5128 bus
553 5074 614 5126 ad
635 5074 824 5126 ett-lum
845 5073 1077 5142 respicit.
1096 5073 1363 5142 Siquidem
1393 5089 1510 5126 eum
1537 5084 1746 5142 peccata
1775 5072 2013 5139 dimittit,

430 5179 552 5219 eum
584 5173 787 5217 secreta
824 5164 1059 5229 revelat,
1088 5173 1138 5217 ct
1173 5164 1466 5231 parad:suui
1507 5164 1710 5234 aperit,
1743 5179 1864 5217 cum
1905 5163 2014 5217 da)-

433 5269 619 5313 mouas
667 5255 844 5323 pellit,
884 5271 1003 5308 cum
1048 5255 1290 5322 leprosos
1336 5256 1589 5321 nntudat,
1629 5272 1750 5309 eum
1791 5265 2014 5310 mortem

434 5349 607 5402 frenat
628 5388 641 5409 ,
662 5363 783 5401 cum
805 5355 1041 5401 martuos
1063 5348 1280 5400 suscitat
1307 5348 1610 5402 in-nnueros
1630 5390 1643 5412 ,
1666 5349 1814 5418 jussu
1836 5349 2011 5402 omnia

437 5440 593 5503 facit;
625 5455 744 5494 cum
773 5449 945 5494 autem
970 5481 983 5504 ,
1015 5439 1155 5510 quod
1191 5439 1352 5490 multo
1379 5441 1550 5492 minus
1577 5451 1688 5493 erat
1713 5482 1727 5504 ,
1762 5457 1922 5510 panes
1951 5456 2014 5493 ex

438 5535 620 5602 paucis
647 5534 840 5589 multos
871 5533 1014 5597 fecit,
1049 5544 1173 5587 tunc
1204 5532 1253 5585 in
1281 5532 1466 5585 Cdtlttttt
1496 5534 1748 5600 rcSpexit,
1783 5549 1874 5601 per
1903 5549 2016 5585 om-

441 5625 524 5677 nia
552 5625 840 5680 ostcndens
867 5641 928 5678 se
955 5641 1059 5680 non
1093 5640 1155 5677 cx
1197 5622 1500 5676 inﬁrmitate
1528 5621 1629 5675 hoc
1659 5624 1848 5677 facere.
1885 5623 2016 5677 Nam

451 5717 544 5796 qui
565 5721 762 5791 majora
794 5727 994 5782 poterat
1013 5732 1130 5772 cum
1159 5725 1419 5786 potestate
1448 5713 1642 5779 facere,
1672 5714 1937 5782 quomodo
1967 5716 2020 5768 in

3531 294 3638 348 250

2057 403 2350 458 minoribus
2377 418 2534 473 prece
2555 419 2688 473 opus
2715 404 3019 460 habuisset?
3047 402 3174 469 Sed,
3201 402 3342 472 quod
3365 403 3475 472 jam
3503 405 3638 470 dixi,

2057 505 2114 550 ttt
2152 497 2363 552 illorum
2404 496 2781 565 impudentiam
2808 507 3052 551 coerceat
3081 495 3181 550 hoc
3211 495 3352 550 facit.
3401 497 3642 564 ldipsum

2057 591 2359 644 existimato
2383 630 2398 651 ,
2429 606 2550 644 cum
2587 589 2737 644 vides
2765 605 2886 644 eum
2928 589 3144 643 humilia
3177 589 3338 642 verba
3371 589 3636 658 proferre.

2057 681 2190 736 Nam
2218 692 2272 736 et
2300 683 2582 736 verborum
2621 692 2678 736 et
2713 695 2932 750 operum
2966 680 3267 750 hujusmodi
3309 681 3490 736 multo
3521 693 3648 735 sunt

2059 790 2233 828 causa).
2254 791 2267 838 ;
2290 775 2517 843 exempli
2539 775 2730 844 gratia,
2760 790 2825 827 ne
2847 790 2874 826 τι
2899 773 3010 827 Deo
3037 783 3253 842 putetur
3273 788 3393 828 esse
3414 775 3646 838 alienus,

2061 867 2202 936 quod
2229 882 2416 920 omnes
2445 867 2654 921 erudiat
2680 876 2734 920 et
2763 875 2915 919 sanet
2939 907 2952 927 ,
2991 865 3132 934 quod
3166 865 3515 919 humilitatem
3547 865 3651 918 do-

2062 969 2175 1012 ceat
2199 999 2212 1022 ,
2241 958 2380 1028 qttod
2405 975 2564 1013 carne
2593 957 2954 1012 circumdetur
2975 998 2988 1022 ,
3019 955 3158 1026 quod
3187 973 3290 1010 non
3321 957 3524 1026 possint
3549 955 3640 1011 Ju-

2063 1049 2163 1104 dtci
2205 1049 2383 1103 omnia
2421 1049 2702 1104 confertim
2747 1049 2968 1112 audire,
3011 1047 3151 1117 quod
3193 1048 3382 1101 doceat
3424 1064 3490 1100 ne
3527 1049 3652 1117 quis

2063 1158 2310 1209 magnum
2339 1141 2460 1210 quid
2491 1143 2559 1196 de
2583 1141 2760 1210 seipso
2789 1141 3053 1209 loqttatttr.
3074 1139 3298 1208 Ideoque
3314 1156 3458 1208 smpe
3484 1141 3650 1193 multa

2065 1231 2282 1286 lmmilia
2294 1231 2363 1286 de
2383 1232 2560 1301 seipse
2579 1232 2974 1300 dicens,magna
2996 1231 3113 1284 aliis
3134 1230 3383 1299 relinquit
3399 1229 3649 1284 dicenda.

2134 1323 2188 1376 2.
2269 1323 2400 1377 Nam
2456 1324 2568 1392 ipse
2607 1339 2731 1378 eum
2784 1323 2981 1378 Judaiis
3033 1323 3342 1391 loqueretur
3389 1322 3600 1376 dicebat
3631 1340 3648 1375 :

2067 1417 2343 1486 Antequam
2385 1417 2640 1471 Abraham
2684 1418 2843 1485 ﬁeret,
2890 1433 2980 1486 ego
3017 1433 3130 1469 sum
3159 1415 3354 1487 (Joan.
3389 1416 3442 1470 8.
3489 1417 3638 1484 58);

2069 1509 2361 1578 discipulus
2381 1521 2557 1563 autem
2590 1509 2704 1579 ejus
2734 1523 2838 1563 non
2867 1509 2958 1575 ita,
2989 1509 3104 1574 sed,
3138 1507 3203 1560 In
3248 1509 3500 1578 principio
3545 1519 3656 1562 erat

2078 1600 2313 1665 Verbum,
2337 1611 2381 1655 et
2418 1599 2629 1654 Verbum
2655 1610 2760 1653 erat
2787 1600 2925 1668 apud
2954 1599 3140 1664 Deum,
3163 1609 3206 1652 et
3239 1597 3375 1652 Dens
3398 1609 3503 1652 crat
3538 1598 3660 1652 Ver-

2075 1691 2189 1744 bum
2219 1690 2414 1761 (Joan.
2460 1692 2514 1745 1.
2561 1690 2656 1761 1).
2686 1691 2942 1754 Rursum,
2985 1690 3126 1759 quod
3172 1690 3384 1756 "mlum,
3436 1699 3656 1752 terram,

2073 1797 2218 1834 mare
2270 1781 2381 1847 ipse
2429 1780 2647 1846 fecerit,
2686 1796 2784 1837 nec
2836 1796 2940 1834 non
3001 1779 3226 1834 visibilia
3274 1787 3329 1832 et
3376 1779 3660 1833 invisibilia

2073 1871 2272 1936 omnia,
2304 1871 2417 1939 ipse
2465 1886 2756 1941 numquam
2809 1871 2953 1926 clare
2999 1871 3168 1934 dixit;
3199 1870 3488 1940 discipulus
3530 1885 3663 1925 vero

2073 1977 2192 2016 cum
2222 1963 2464 2017 libertate
2487 1979 2670 2032 magna
2705 1964 2835 2018 nihil
2860 1964 3196 2033 supprimens
3215 2005 3230 2029 ,
3263 1964 3465 2026 semel,
3496 1963 3579 2016 bis
3607 1971 3665 2017 et

2076 2055 2272 2125 plttries
2300 2055 2349 2108 id
2375 2057 2448 2108 ait
2472 2055 2678 2109 :Omnia
2697 2074 2788 2125 per
2811 2057 2977 2126 ipsum
3009 2061 3141 2126 facta
3165 2066 3301 2121 sunt,
3338 2066 3381 2109 et
3403 2057 3508 2108 sine
3550 2057 3668 2126 ipso

2077 2151 2264 2217 factum
2312 2158 2384 2202 est
2431 2149 2557 2202 nihil
2586 2149 2603 2219 (
2629 2149 2764 2203 Ibid.
2805 2167 2854 2203 υ.
2903 2151 2999 2218 5);
3032 2159 3105 2212 et,
3137 2148 3414 2202 Iumundo
3442 2158 3587 2214 erat,
3619 2160 3667 2200 et

2077 2237 2294 2290 mundus
2335 2255 2422 2307 per
2469 2239 2633 2306 ipsum
2679 2244 2841 2310 factus
2884 2249 2955 2294 est
2986 2239 3154 2308 (Ibid.
3207 2257 3254 2293 r.
3309 2237 3425 2306 t0).
3462 2239 3667 2308 Ecquid

2080 2327 2289 2381 miraris
2311 2368 2326 2393 ,
2357 2327 2402 2382 si
2443 2329 2528 2382 alii
2561 2329 2760 2399 majora
2799 2330 2868 2384 de
2914 2329 3004 2384 illo
3041 2329 3310 2394 dixerunt,
3340 2345 3496 2398 quam
3529 2331 3664 2398 ipse,

2079 2421 2293 2489 quando
2331 2421 2494 2474 multa
2544 2437 2637 2489 per
2664 2438 2824 2490 opera
2872 2423 3150 2486 exhibens,
3184 2437 3274 2490 per
3321 2423 3482 2474 verba
3525 2422 3670 2474 clare

2084 2529 2185 2565 non
2213 2511 2450 2566 dicebat?
2471 2513 2620 2578 Quod
2649 2516 2791 2567 enim
2821 2515 3089 2570 hominem
3118 2516 3229 2584 ipse
3254 2513 3458 2576 fecerit,
3489 2525 3671 2568 oden-

2082 2603 2159 2658 dil
2206 2605 2348 2659 clare
2391 2620 2486 2674 per
2537 2621 2775 2667 caecum;
2827 2623 2946 2659 rum
2975 2617 3150 2660 autem
3181 2607 3246 2660 de
3275 2605 3588 2660 formatione
3615 2607 3668 2659 in

2087 2696 2345 2763 principio
2376 2695 2508 2750 facta
2539 2713 2715 2751 sermo
2746 2698 2843 2766 ipsi
2871 2708 3014 2763 crat,
3049 2713 3154 2752 non
3182 2698 3347 2764 dixit,
3375 2697 3490 2768 Ego
3530 2697 3562 2751 [ε
3583 2700 3666 2757 ci:

2085 2789 2176 2842 sed
2204 2832 2218 2853 ,
2246 2790 2344 2855 Qui
2374 2791 2524 2859 fecit,
2555 2791 2834 2844 masculum
2860 2801 2906 2844 et
2933 2793 3168 2861 feminam
3191 2792 3307 2862 fecit
3331 2797 3452 2859 eos(
3481 2790 3668 2843 Matth.

2095 2884 2175 2934 ιε).
2211 2882 2262 2934 4.
2313 2881 2439 2936 Gen.
2475 2884 2520 2936 l.
2544 2883 2672 2953 27).
2709 2884 2774 2937 Et
2801 2886 2939 2953 quod
2962 2884 3214 2939 mumlum
3235 2885 3517 2946 creaverit,
3535 2895 3670 2939 etei

2087 2991 2204 3044 qua}
2231 2975 2284 3029 in
2312 2979 2426 3044 ipso
2451 2986 2594 3042 sunt,
2630 2991 2724 3046 per
2761 2978 2955 3042 pisces,
2985 2993 3080 3047 per
3118 2977 3316 3040 viuum,
3350 2992 3443 3046 per
3485 2992 3672 3046 panes,

2102 3081 2195 3134 per
2225 3069 2663 3136 tranquillitatem
2714 3069 2768 3123 iu
2821 3070 2986 3132 mari,
3029 3085 3123 3140 per
3157 3072 3338 3126 radios
3359 3074 3494 3126 solis
3532 3091 3675 3143 quos

2103 3161 2296 3214 avertit
2331 3162 2382 3214 in
2422 3178 2581 3216 cruce
2607 3164 2646 3227 ‘,
2699 3178 2900 3232 perque
2935 3165 3167 3232 plurima
3184 3165 3286 3220 alia
3306 3170 3663 3231 monstravit;

2101 3253 2278 3306 verbis
2307 3264 2482 3308 tamen
2502 3271 2795 3325 numquam
2819 3257 2964 3310 clare
2986 3257 3152 3312 dixit:
3204 3259 3298 3312 sed
3327 3260 3578 3328 discipuli
3616 3263 3666 3314 id

2101 3361 2240 3413 smpe
2278 3345 2758 3413 diettnt,Joanues,
2778 3346 2999 3412 Paulus,
3028 3346 3388 3404 Petrus.Nam
3407 3352 3452 3405 si
3474 3353 3559 3406 isti
3579 3355 3672 3420 qui

2100 3445 2254 3489 nocte
2271 3436 2464 3506 dieqtte
2478 3438 2650 3506 ipsum
2677 3438 2984 3508 loquentem
3001 3441 3312 3502 audiebant,
3345 3449 3397 3495 et
3413 3443 3672 3497 miracula

2101 3538 2398 3595 patrantem
2418 3530 2690 3595 videbant,
2705 3533 2904 3599 quibus
2918 3534 3144 3587 scorsim
3159 3534 3324 3587 multa
3341 3536 3603 3597 solvebat,
3621 3545 3676 3588 et

2102 3621 2295 3664 tantam
2341 3611 2562 3666 dederat
2604 3623 2948 3680 potestatem,
2989 3621 3045 3665 ut
3086 3623 3139 3666 et.
3181 3624 3419 3666 mortuos
3460 3615 3683 3666 suscita-

2103 3709 2243 3767 rent,
2293 3710 2450 3769 atqne
2504 3701 2574 3754 ita
2623 3699 2885 3770 perfectos
2930 3703 3256 3770 reddiderat,
3297 3713 3355 3757 ut
3383 3705 3560 3758 omnia
3590 3719 3686 3773 pro

2106 3791 2218 3860 ipso
2249 3792 2645 3862 relinquerent:
2677 3805 2794 3862 post
2840 3802 3039 3848 tantam
3087 3796 3332 3849 virtutem
3361 3805 3416 3850 et
3443 3795 3683 3865 philoso-

2105 3883 2306 3954 phiam,
2337 3902 2438 3937 uou
2464 3895 2750 3954 potuerunt
2775 3888 2952 3940 omnia
2981 3897 3215 3956 portare,
3245 3900 3528 3956 antequam
3567 3888 3690 3956 Spi-

2106 3978 2262 4030 ritum
2295 3987 2533 4031 sauetmu
2573 3979 3202 4049 acciperent:quomodo
3241 3982 3464 4050 populus
3504 3981 3688 4034 Judai-

2107 4081 2237 4134 cus,
2279 4069 2636 4138 intelligentiae
2689 4085 2913 4139 expers,
2962 4071 3050 4139 qui
3079 4070 3145 4124 ad
3194 4079 3393 4125 tantam
3439 4071 3686 4126 virtutem

2110 4173 2212 4212 non
2269 4170 2604 4227 pervenerat,
2636 4160 2722 4228 qui
2773 4161 2984 4221 nonnisi
3036 4160 3254 4214 fortuito
3304 4177 3430 4216 casu
3471 4164 3586 4230 ejus
3638 4171 3693 4215 et

2109 4249 2273 4318 gestis
2299 4258 2353 4304 ct
2383 4249 2538 4303 dictis
2566 4250 2770 4314 aderat,
2804 4251 2976 4321 ipsum
3003 4251 3235 4306 alienum
3267 4267 3297 4306 a
3331 4254 3437 4306 Deo
3478 4252 3694 4306 univer-

2111 4355 2290 4393 sorum
2321 4355 2438 4395 esse
2467 4355 2570 4394 non
2597 4341 2910 4396 credidisset
2935 4383 2949 4406 ,
2985 4342 3085 4395 nisi
3113 4351 3256 4397 tanta
3285 4341 3610 4396 demissione
3641 4353 3697 4396 et

2115 4429 2437 4500 indulgentia
2468 4446 2561 4497 per
2587 4431 2762 4485 omnia
2793 4446 2920 4486 usus
2947 4433 3123 4487 esset?
3149 4432 3272 4486 Ideo
3295 4449 3543 4503 namque,
3574 4448 3694 4486 cum

2113 4523 2390 4576 Sabbatmn
2417 4523 2671 4588 Solveret,
2703 4540 2805 4577 non
2833 4533 2988 4577 antea
3021 4524 3188 4593 legem
3219 4524 3520 4594 hujusmodi
3546 4541 3696 4578 suam

2118 4615 2430 4678 induxerat;
2461 4615 2552 4668 sed
2585 4616 2758 4668 varias
2787 4624 2840 4670 ct
2881 4617 3073 4670 multas
3105 4617 3248 4685 prius
3297 4616 3450 4670 affert
3505 4632 3697 4684 purga-

2119 4711 2311 4764 tiones.
2368 4709 2518 4777 Quod
2560 4710 2603 4762 si
2636 4710 2942 4763 mandatum
2994 4726 3154 4764 unum
3206 4711 3499 4774 soluturus,
3557 4719 3698 4761 tanta

2121 4803 2284 4856 utitur
2332 4802 2614 4856 verborum
2664 4803 2933 4868 cautione,
2963 4818 3031 4857 ne
3083 4801 3353 4856 auditores
3403 4801 3696 4870 percellat:

2121 4901 2287 4955 multo
2336 4901 2504 4970 magis
2554 4915 2674 4954 cum
2734 4899 2835 4969 legi
2899 4901 3117 4968 integra:
3171 4900 3429 4967 integram
3485 4897 3707 4950 addi-ret

2122 4993 2310 5061 legem,
2349 4992 2572 5059 plurimo
2605 4991 2792 5060 egebat
2819 4999 3072 5060 apparatu
3104 4999 3259 5057 atque
3279 5004 3428 5050 cura,
3460 5004 3525 5042 ne
3551 4987 3705 5040 audi-

2122 5094 2264 5137 tores
2313 5084 2566 5136 turbaret.

2197 5175 2299 5230 Cur
2337 5173 2565 5226 Christus
2604 5172 2876 5242 aliquando
2921 5188 3021 5225 non
3059 5187 3112 5224 se
3149 5169 3284 5222 clare
3330 5167 3492 5222 Deum
3542 5168 3697 5220 dicat.

2192 5287 2205 5315 ί
2223 5279 2626 5331 Montefalconius
2645 5282 2864 5343 infirmco
2883 5278 3083 5343 legebat
3097 5277 3214 5343 _:_6_tc‘t
3228 5275 3709 5343 fﬁc&)t‘ttvo:,ﬁ;&1n§-

2130 5345 2404 5414 στραψενρν
2414 5345 2487 5414 Ξίξ,
2501 5345 2693 5414 θξαϐώρ,
2709 5336 2977 5414 liatinequ}:
2992 5336 3290 5414 reddiderat,
3305 5350 3392 5398 per
3410 5336 3576 5386 radios
3586 5349 3710 5398 quos

2128 5399 2289 5458 eniist't
2334 5403 2381 5452 in
2414 5399 2795 5465 Timborefilte,
2822 5399 3284 5465 inquit,acenrat.ius
3317 5412 3575 5465 perpensa,
3606 5408 3710 5444 tec-

2133 5468 2315 5515 tionem
2336 5467 2488 5521 illam,
2502 5477 2596 5526 per
2615 5459 2787 5526 radios
2801 5459 2918 5526 quos
2939 5459 3095 5526 emisit
3119 5461 3167 5508 in
3189 5473 3348 5516 cruce,
3363 5459 3563 5526 omnino
3574 5466 3708 5526 stare

2127 5543 2223 5577 non
2247 5540 2390 5590 posse
2413 5521 2749 5590 animadverti.
2768 5521 2903 5590 Quod
2920 5521 3050 5568 enim
3073 5524 3119 5569 in
3142 5535 3291 5590 cruce
3308 5521 3712 5590 refulserit,_t_tpl-

2130 5593 2206 5638 lus
2240 5580 2651 5650 évangellslarum
2679 5580 2838 5650 dixit.
2865 5586 3174 5650 Quapropter
3204 5580 3710 5650 lectionemJttThge

2129 5642 2657 5710 (mre,atupiectitnttr.i
2678 5642 2869 5710 Videsis
2894 5642 3003 5710 qua!
3024 5642 3226 5710 inibunt:
3250 5642 3706 5710 locumsimuletur

2133 5700 2490 5762 Monte-faticano
2513 5706 2876 5760 anttotalioncm
2899 5700 3240 5755 animadvertit
3257 5700 3702 5754 Fridericttsl"ield.
