4084 6210
482 333 579 389 2-H

481 444 757 517 πανταχοῦ
781 442 1029 513 φαίνεται
1063 443 1246 511 σαφῶς
1279 442 1549 497 παιδεύων
1574 443 1638 497 ³⁷.
1677 444 1738 496 Εἰ
1766 443 1874 516 γὰρ
1904 445 1937 513 ὴ
1964 440 2059 494 τοῦ

479 529 645 599 νόμου
694 530 974 599 προσθήκη
1029 525 1280 604 τοσοῦτον
1321 527 1520 592 αὑτοὺς
1559 527 1830 596 ἐθορύϐει,
1882 527 2064 596 πολλῷ

483 611 686 683 μᾶλλον
723 611 784 664 τὸ
811 611 943 664 Θεὸν
970 609 1162 663 ἐαυτὸν
1192 610 1537 680 ἀποφαίνειν.
1571 613 1671 664 Διά
1703 611 1862 665 τοῦτο
1891 609 2062 664 πολλά

480 695 882 766 καταδεέστερα
943 694 1044 764 τῆς
1099 693 1304 758 οἰκείας
1359 694 1656 763 φθέγγεται
1716 695 1909 760 ἀξίας.
1969 695 2062 748 καὶ

482 778 714 832 ἐνταῦθα
758 777 963 848 μέλλων
1008 776 1283 830 ἐκϐαίνειν
1324 779 1400 840 εἰς
1429 777 1527 848 τὴν
1557 778 1648 831 τοῦ
1687 779 1852 848 νόμου
1893 795 2064 850 προσ-

482 863 674 933 θήκην,
709 861 876 932 πολλῇ
923 863 988 930 τῇ
1041 859 1428 930 προδιορθώσει
1458 861 1740 931 κέχρηται.
1775 863 1910 914 Οὑδέ
1954 862 2063 934 γάρ

481 944 627 1010 ἅπαξ
660 945 831 1004 εἶπεν,
861 945 942 996 ὃτι
961 944 1034 996 υὺ
1066 943 1178 996 λύω
1195 943 1287 996 τὸν
1315 943 1497 1011 νόμον,
1532 944 1666 997 ἀλλά
1696 947 1788 997 καὶ
1815 944 2064 1016 δεύτερον

484 1027 616 1080 αὑτὸ
646 1028 808 1082 πάλιν
833 1029 876 1059 ’⁸
904 1027 1155 1089 ἀνέλαϐε,
1183 1028 1278 1079 καὶ
1308 1026 1492 1094 ἓτερον
1521 1028 1826 1098 προσέθηκε
1853 1031 2058 1098 μεῖζον.

483 1111 666 1165 Εἰπὼν
689 1112 819 1183 γὰρ,
850 1111 946 1178 Μὴ
975 1112 1261 1179 νομίσητε
1287 1110 1374 1163 ὅτι
1406 1107 1594 1179 ἦλθον
1628 1113 1966 1166 καταλῦσαι
1997 1112 2060 1178 ¹⁹,

483 1195 784 1264 ἐπήγαγεν,
801 1197 920 1246 Οὐκ
944 1191 982 1262 ἦ
999 1197 1133 1247 16ον
1152 1194 1510 1255 καταλῦσαι,
1538 1193 1697 1247 ἀλλὰ
1726 1194 2060 1262 πληρῶσαι.

481 1278 653 1330 Τοῦτο
689 1277 743 1328 δὲ
771 1278 870 1329 οὑκ
903 1276 1166 1330 Ἰουδαίων
1207 1277 1511 1346 ἐμφράττει
1541 1277 1639 1348 τὴν
1685 1279 2063 1348 ἀναισχυντίαν

486 1363 665 1432 μόνον,
697 1362 832 1415 ἀλλά
872 1363 966 1415 καὶ
993 1361 1100 1414 τῶν
1131 1362 1425 1433 αἰρετικῶν
1463 1362 1806 1434 ἀπορῤάπτει
1839 1363 1906 1416 τὰ
1941 1364 2060 1417 στόο

487 1463 650 1516 ματα,
684 1445 792 1497 τῶν
832 1447 895 1498 ἐκ
931 1445 1024 1498 τοῦ
1067 1445 1310 1498 διαϐόλου
1359 1445 1625 1514 λεγόντων
1650 1444 1786 1500 εἶναι
1828 1446 1927 1517 τὴν
1959 1448 2066 1499 Πα-

481 1528 656 1583 λαιὰν.
692 1529 752 1580 Εἰ
777 1528 885 1596 γάρ
913 1527 1210 1580 καταλῦσαι
1245 1529 1342 1597 τὴν
1380 1528 1588 1581 ἐκείνου
1612 1529 1898 1599 τυραννίδα
1925 1547 2064 1600 παρ-

482 1611 696 1678 ἐγένετο
736 1612 764 1663 6
803 1611 1055 1681 Χριστὸς,
1092 1611 1208 1674 πῶς
1231 1609 1434 1681 ταύτην
1463 1612 1523 1663 οὑ
1551 1611 1708 1682 μόνον
1731 1613 1790 1666 οὑ
1821 1614 1866 1644 ²⁰
1899 1631 2063 1666 κατα-

481 1693 617 1746 λύει.
642 1692 779 1746 ἀλλά
802 1695 895 1746 καὶ
917 1693 1116 1763 πληροῖ
1139 1712 1152 1758 ;
1181 1695 1253 1746 Οὑ
1287 1694 1395 1763 γὰρ
1430 1695 1587 1763 μόνον
1615 1697 1854 1765 εἴρηκεν,
1881 1697 1962 1749 ὅτι
1987 1698 2060 1749 Οὑ

483 1776 758 1830 καταλύω·
801 1775 978 1829 καίτοι
1018 1776 1178 1846 ἤρκει
1217 1775 1394 1828 τοῦτο·
1441 1777 1556 1829 ἀλλ’
1585 1780 1666 1830 ὅτι
1712 1779 1804 1830 καὶ
1841 1779 2060 1850 Πληρῶο

482 1861 621 1931 ὅπερ
654 1859 713 1912 οὑ
745 1861 902 1929 μόνον
932 1859 1032 1911 οὑκ
1066 1858 1480 1928 ἐναντιουμένου
1519 1855 1608 1928 ἦν,
1649 1861 1786 1913 ἀλλὰ
1814 1863 1906 1915 καὶ
1945 1879 2066 1932 συγ-

482 1944 802 2015 κροτοῦντος
837 1944 1028 2012 αὑτήν.
1061 1944 1169 1997 Καὶ
1206 1943 1321 2006 πῶς
1344 1945 1402 1996 οὑ
1427 1946 1686 1998 κατέλυσε
1713 1963 1726 2010 ;
1763 1946 1914 2016 φησί’
1947 1948 2064 2012 πῶς

482 2027 540 2078 δὲ
589 2027 683 2079 καὶ
725 2026 1061 2098 ἐπλήρωσεν,
1098 2027 1130 2096 ἦ
1175 2026 1265 2078 τὸν
1298 2026 1481 2097 νόμον,
1521 2028 1553 2098 ἢ
1584 2030 1709 2092 τοὺς
1745 2032 2061 2101 προφήταςς

482 2110 622 2172 Τοὺς
658 2111 942 2179 προφήτας
989 2109 1106 2179 μὲν,
1134 2111 1200 2163 δι’
1233 2103 1308 2162 ὧν
1339 2112 1407 2165 τὰ
1441 2111 1566 2182 περὶ
1603 2113 1769 2166 αὑτοῦ
1807 2113 2064 2184 λεχθέντα

484 2192 702 2245 ἅπαντα
740 2195 853 2255 τοῖς
883 2192 1066 2262 ἔργοις
1095 2192 1416 2247 ἐϐεϐαίωσε·
1453 2193 1532 2247 διὸ
1564 2195 1653 2248 καὶ
1683 2196 1805 2250 καθ’
1835 2197 2064 2250 ἕκαστον

481 2276 512 2328 6
539 2274 932 2345 εὑαγγελιστὴς
956 2275 1159 2344 ἔλεγεν·
1187 2278 1311 2330 Ἵνα
1338 2276 1622 2344 πληρωθῇ
1649 2277 1716 2330 τὸ
1737 2278 1926 2345 ῥηθὲν
1946 2279 2064 2332 ὑπὸ

487 2357 590 2412 τοῦ
617 2357 946 2426 προφήτου·
978 2360 1072 2412 καὶ
1101 2358 1262 2429 ἡνίκα
1290 2359 1504 2430 ἐτέχθη,
1538 2361 1632 2412 καὶ
1653 2361 1816 2431 ἡνίκα
1844 2363 1913 2416 τὰ
1944 2379 2066 2414 παι-

482 2440 570 2495 δία
597 2441 687 2495 τὸν
711 2441 1019 2512 θαυμαστὸν
1048 2441 1078 2494 ῦ
1088 2459 1216 2512 μνον
1249 2440 1371 2516 ᾖδεν
1395 2443 1438 2473 ἰ
1461 2445 1540 2506 εἰς
1564 2443 1748 2506 αὑτὸν,
1786 2446 1878 2498 καὶ
1901 2446 2065 2516 ἡνίκα

483 2527 578 2582 ἐπὶ
621 2527 722 2598 τῆς
743 2528 866 2581 δνου
896 2527 1136 2589 ἐκάθισε,
1169 2528 1262 2581 καὶ
1293 2528 1378 2598 ἐφ’
1402 2529 1600 2600 ἐτέρων
1628 2529 1683 2582 δὲ
1713 2529 1970 2583 πλειόνων
2004 2531 2066 2586 τὸ

484 2611 616 2665 αὐτὸ
643 2611 801 2664 τοῦτο
835 2612 1170 2684 ἐπλήρωσεν·
1199 2613 1343 2684 ἆπερ
1367 2611 1544 2666 πάντα
1568 2613 1791 2683 ἔμελλον
1818 2615 2067 2685 ἀπλήρω·

484 2711 551 2746 τα
585 2689 745 2758 εἶναι,
787 2695 835 2746 εί
865 2695 939 2766 μὴ
973 2694 1125 2768 [206]
1157 2697 1510 2768 παρεγένετο.
1542 2696 1644 2750 Τὸν
1680 2696 1737 2750 δέ
1767 2696 1929 2768 νόμον
1967 2698 2065 2768 οὑχ

485 2777 566 2830 ἑνὶ
609 2777 789 2846 μόνον,
841 2778 978 2831 ἀλλὰ
1016 2779 1110 2832 καὶ
1154 2779 1392 2852 δευτέρῳ
1437 2780 1531 2832 καὶ
1568 2779 1737 2850 τρίτῳ
1778 2781 2063 2851 ἐπλήρωσε

483 2860 692 2932 τρόπῳ.
737 2861 848 2915 Ἐνί
876 2862 992 2932 μὲν,
1023 2861 1102 2932 τῷ
1132 2862 1296 2932 μηδὲν
1329 2862 1642 2934 παραϐῆναι
1667 2863 1774 2916 τῶν
1796 2864 2060 2933 νομίμων.

489 2944 613 2997 Ὅτι
640 2943 748 3016 γὰρ
788 2943 964 2998 πάντα
1002 2945 1162 2997 αὑτὸν
1195 2945 1544 3016 ἐπλήρωσεν,
1579 2945 1810 2999 ἄκουσον
1849 2947 1902 2999 τί
1931 2963 2063 3016 φησι

484 3026 565 3096 τῷ
596 3028 840 3099 Ἰωάννῃ·
874 3028 1036 3080 Οὕτω
1057 3028 1166 3096 γὰρ
1199 3028 1429 3094 πρέπον
1449 3029 1623 3081 ἐστὶν
1656 3027 1800 3096 ἡμῖν
1831 3028 2065 3096 πληρῶ-

486 3123 592 3163 σαι
639 3109 847 3164 πᾶσαν
890 3109 1302 3176 δικαιοσύνην.
1351 3111 1460 3163 Καὶ
1497 3109 1769 3174 Ἰουδαίοις
1798 3111 1854 3164 δὲ
1888 3111 2061 3179 ἔλεγε·

493 3195 589 3259 Τίς
624 3194 692 3257 ἐξ
726 3193 894 3263 ὑμῶν
917 3194 1148 3263 ἐλέγχει
1174 3211 1251 3262 με
1279 3194 1412 3261 περὶ
1451 3195 1775 3262 ἁμαρτίας;
1816 3195 1926 3248 Kal
1956 3195 2066 3258 τοῖς

491 3279 760 3349 μαθηταῖς
788 3277 845 3330 δὲ
888 3277 1068 3330 πάλιν·
1097 3277 1369 3345 Ἔρχεται
1407 3280 1440 3330 ὀ
1469 3278 1668 3346 ἅρχων
1694 3278 1799 3331 τοῦ
1833 3277 2065 3346 κόσμου

485 3361 724 3424 τούτου,
754 3359 853 3412 καί
884 3361 954 3413 ἐν
980 3360 1108 3428 ἐμοί
1134 3360 1398 3428 εὑρίσκει
1431 3363 1475 3394 ³⁸
1515 3360 1714 3415 οὐδέν.
1748 3362 1854 3414 Καὶ
1879 3363 1906 3415 ό
1929 3377 2064 3432 προ-

488 3446 666 3515 φήτης
692 3443 748 3496 δέ
776 3444 982 3498 ἄνωθεν
1012 3444 1218 3512 ἔλεγεν,
1247 3445 1328 3497 ὅτι
1355 3445 1630 3515 ἁμαρτίαν
1660 3446 1760 3498 οὑκ
1791 3444 2064 3514 ἐποίησεν.

500 3527 612 3582 Ἐνὶ
640 3527 738 3598 μὲν
757 3523 848 3581 οὖν
881 3527 1042 3581 αὑτὸν
1069 3528 1352 3598 ἐπλήρωσε
1375 3528 1546 3600 τούτῳ
1568 3528 1644 3600 τῷ
1665 3530 1870 3600 τρόπῳ·
1897 3529 2068 3600 ἑτέρῳ

486 3610 567 3673 δέ,
594 3609 672 3680 τῷ
712 3612 806 3664 καὶ
843 3611 910 3664 δι’
939 3611 1094 3682 ἡμῶν
1121 3612 1277 3665 τοῦτο
1307 3613 1548 3682 ποιῆσαι.
1587 3612 1661 3664 Τὸ
1699 3611 1807 3681 γὰρ
1851 3610 2067 3680 θαυμα-

491 3694 618 3748 στὸν
635 3693 793 3747 τοῦτό
812 3697 981 3755 ἐστιν,
1004 3696 1086 3748 ὅτι
1115 3695 1174 3747 ού
1202 3695 1359 3758 μόνον
1391 3695 1550 3759 αὐτὸς
1571 3695 1908 3765 ἐπλήρωσεν,
1933 3693 2069 3747 ἀλλά

489 3778 585 3831 καὶ
614 3780 748 3848 ἡμῖν
776 3776 1066 3848 ἐχαρίσατο
1087 3775 1263 3830 τοῦτο.
1294 3777 1469 3848 Ὅπερ
1492 3779 1584 3830 καὶ
1611 3779 1639 3830 6
1663 3777 1873 3840 Παῦλος
1896 3778 2069 3847 δηλῶν

487 3860 692 3929 ἔλεγεν·
719 3858 842 3914 Ὀτι
871 3859 1048 3926 Τέλος
1075 3861 1264 3929 νόμου
1284 3861 1536 3928 Χριστὸς
1567 3862 1651 3927 εἰς
1673 3859 2070 3927 δικαιοσύνην

488 3945 667 3998 παντί
707 3942 786 4010 τῷ
822 3945 1190 3998 πιστεύοντι.
1235 3946 1345 3998 Καὶ
1383 3944 1481 4015 τὴν
1509 3945 1782 4017 ἁμαρτίαν
1823 3944 1880 3998 δέ
1909 3944 2070 3998 αὑτὸν

488 4027 641 4098 ἔλεγε
678 4027 886 4098 Κρῒνιιι
926 4027 997 4080 ἐν
1027 4025 1101 4096 τῇ
1139 4027 1341 4095 σαρκί,
1382 4028 1482 4081 ἵνα
1525 4027 1592 4081 τὸ
1636 4027 1924 4099 δικαίωμα
1964 4029 2070 4083 τοῦ

487 4113 676 4180 νόμου
730 4109 1018 4180 πληρωθῇ⁹
1061 4111 1131 4164 ἐν
1174 4113 1319 4181 ἡμῖν
1370 4111 1493 4178 τοῖς
1533 4111 1621 4182 μὴ
1677 4111 1828 4167 κατὰ
1874 4113 2071 4181 σάρκα

490 4196 904 4264 περιπατοῦσι.
936 4197 1044 4249 Καὶ
1075 4195 1258 4248 πάλιν·
1290 4197 1490 4264 Νόμαν
1518 4191 1632 4251 οὖν
1660 4196 2072 4265 καταργοῦμεν

489 4280 587 4335 διὰ
610 4279 720 4348 τῆς
733 4282 1012 4345 πίστεως;
1025 4278 1118 4346 Μὴ
1134 4279 1383 4347 γένοιτο.
1403 4279 1578 4333 Ἀλλὰ
1592 4283 1780 4348 νόμον
1793 4279 2068 4349 ἱστῶμεν.

502 4364 723 4434 Ἐπειδὴ
739 4364 848 4433 γὰρ
866 4365 894 4416 6
918 4364 1080 4432 νόμος
1101 4363 1260 4415 τοῦτο
1278 4362 1601 4429 ἐσπούδαζε,
1621 4365 1828 4418 δίκαιον
1852 4366 2071 4434 ποιῆσαι

490 4447 583 4499 τὸν
627 4446 932 4516 ἄνθρωπον,
967 4445 1146 4515 ἠτόνει
1173 4446 1264 4509 δέ,
1297 4444 1467 4497 ἐλθὼν
1506 4447 1700 4510 αὐτὸς,
1738 4447 1834 4500 καὶ
1872 4447 2072 4518 τρόπον

493 4528 803 4598 εἰσαγαγὼν
830 4528 1176 4599 δικαιοσύνης
1204 4527 1294 4580 τὸν
1324 4527 1413 4580 διὰ
1449 4528 1547 4598 τῆς
1584 4529 1840 4592 πίστεως,
1878 4530 2071 4600 ἔστησε

491 4613 588 4667 τοῦ
620 4613 783 4685 νόμου
800 4613 859 4666 τὸ
881 4611 1147 4683 βούλημα·
1165 4611 1258 4665 καὶ
1286 4611 1423 4682 ὅπερ
1453 4611 1555 4664 οὑκ
1578 4612 1764 4682 ἴσχυσε
1782 4613 1870 4666 διὰ
1893 4631 2071 4684 γραμ-

497 4699 682 4768 μάτων
709 4699 913 4761 ἐκεῖνος
932 4738 947 4764 ,
976 4695 1134 4750 τοῦτο
1160 4696 1322 4758 αὐτὸς
1362 4695 1449 4749 διὰ
1487 4696 1586 4765 τῆς
1616 4696 1850 4761 πίστεως
1883 4699 2068 4768 ἥνυσε.

493 4782 591 4837 Διά
614 4782 768 4836 τοῦτό
789 4798 974 4854 φησιν·
1011 4783 1133 4834 Οὐκ
1156 4776 1346 4851 ἦλθον
1371 4779 1706 4834 καταλῦσαι
1736 4780 1842 4833 τὸν
1861 4781 2067 4850 νόμον.

568 4872 640 4934 γ’.
666 4867 726 4918 Εἰ
747 4867 803 4920 δέ
844 4884 924 4930 τις
948 4865 1191 4938 ἀκριϐῶς
1229 4864 1524 4928 ἐξετάσειε,
1567 4864 1660 4919 καὶ
1683 4864 1868 4935 ’έτερον
1891 4866 2071 4937 τρίτον

496 4949 701 5021 τρόπον
727 4951 970 5021 εὑρήσει,
1005 4949 1126 5004 καθ’
1157 4949 1216 5002 6v
1239 4947 1395 5002 τοῦτο
1422 4947 1634 5017 γέγονε.
1668 4949 1825 5002 Ποῖον
1854 4947 1918 5020 δὴ
1945 4949 2070 5002 τοῦ·

495 5049 623 5098 τον;
665 5033 768 5086 Τὸν
806 5034 904 5104 τῆς
947 5033 1244 5104 μελλούσης
1287 5031 1630 5104 νομοθεσίας,
1659 5032 1834 5103 ἤνπερ
1880 5032 2068 5103 ἔμελλε

496 5117 868 5186 παραδιδόναι.
907 5117 982 5168 Οὐ
1026 5115 1133 5187 γὰρ
1167 5117 1448 5187 ἀναίρεσις
1477 5114 1587 5168 τῶν
1619 5115 1923 5187 προτέρων,
1955 5116 2069 5169 ἀλλ’

495 5199 745 5263 ἐπίτασις
765 5201 858 5252 καὶ
883 5199 1163 5268 πλήρωσις
1190 5194 1258 5269 ἦν
1290 5199 1360 5252 τὰ
1391 5198 1682 5269 λεγόμενα.
1721 5197 1827 5250 Τοῦ
1857 5198 1966 5269 γὰρ
1993 5199 2068 5271 μὴ

497 5282 742 5352 φονεύειν
765 5283 867 5335 οὑκ
894 5282 1169 5351 ἀναίρεσις
1200 5281 1260 5334 τὸ
1295 5280 1372 5352 μὴ
1403 5281 1738 5352 ὀργίζεσθαι,
1774 5281 1908 5335 ἀλλὰ
1930 5282 2068 5353 πλή-

499 5381 663 5438 ρωσις
692 5366 786 5420 καὶ
814 5366 1012 5419 πλείων
1047 5365 1090 5395 ⁸³
1122 5364 1408 5433 ἀσφάλεια·
1441 5367 1536 5418 καὶ
1559 5365 1666 5418 τῶν
1689 5363 1862 5419 ἄλλων
1892 5365 2068 5419 ἀπάν-

494 5468 623 5508 των.
651 5451 742 5504 Διὸ
767 5450 831 5521 δὴ
865 5449 958 5503 καὶ
986 5447 1055 5501 τὰ
1088 5449 1376 5518 σπέρματα
1416 5447 1620 5502 τούτων
1661 5448 2070 5519 προκαταϐαλόο

1187 330 1244 386 S.
1282 328 1566 386 JOANNIS
1600 324 2092 386 CHRYSOSTOMI
2133 321 2454 380 ARCHIEP.
2493 323 3045 381 CONSTANTINOP.

3656 310 3775 364 232

2166 459 2324 512 μενος
2354 445 2400 476 ’⁵
2429 442 2760 500 ἀνυπόπτως
2785 438 2928 506 τότε,
2958 437 3046 492 ὅτε
3080 436 3413 507 σαφέστερον
3433 435 3668 506 ἔμελλεν
3699 441 3772 493 ὲκ

2161 527 2259 597 τῆς
2294 527 2648 600 παραθέσεως
2671 531 2780 586 τῶν
2813 526 3066 582 παλαιῶν
3095 523 3192 577 καὶ
3215 522 3352 575 νέων
3379 521 3630 591 νομίμων
3657 521 3770 575 ἐπὶ

2162 608 2475 663 ἐναντιώσει
2507 611 2927 671 ὑποπτεύεσθαι,
2949 610 3017 679 τῇ
3049 603 3436 678 προδιορθώσει
3459 604 3770 674 κέχρηται..

2164 693 2585 764 Αἰνιγματωδῶς
2621 699 2717 765 μὲν
2743 694 2850 766 γάρ
2877 691 3022 746 αὑτὰ
3048 692 3141 744 καὶ
3170 689 3271 760 ήδη
3299 685 3633 741 κατεϐάλετο
3662 686 3776 740 διὰ

2161 777 2271 830 τῶν
2293 777 2614 849 εἰρημένων.
2637 778 2710 831 Τὸ
2737 778 2863 846 γὰρ,
2892 772 3177 843 Μακάριοι
3207 775 3262 827 οἱ
3286 772 3507 840 πτωχοί
3528 773 3597 835 ’⁸,
3615 773 3771 826 ταῦ-

2161 859 2252 913 τόν
2299 861 2419 913 ἐστι
2459 859 2535 930 τῷ
2578 859 2653 932 μὴ
2706 859 3046 930 ὀργίζεσθαι·
3100 857 3194 911 καὶ
3237 856 3318 921 τὸ,
3357 853 3650 922 Μακάριοι
3697 857 3773 909 οι

2163 944 2406 1011 καθαροὶ
2457 943 2533 1011 τῇ
2574 943 2804 1011 καρδίᾳ.
2855 943 2934 1013 τῷ
2977 941 3051 1013 μὴ
3095 939 3366 1011 ἐμϐλέψαι
3407 939 3488 1001 εἰς
3515 940 3770 1007 γυναῖκα

2165 1027 2302 1097 πρὸς
2348 1025 2666 1096 ἐπιθυμίαν·
2719 1028 2810 1079 καὶ
2845 1025 2904 1078 τὸ
2939 1024 3013 1096 μὴ
3045 1023 3395 1093 θησαυρίζειν
3439 1021 3767 1092 θησαυροὺς

2162 1111 2255 1163 ἐπὶ
2296 1111 2392 1180 τῆς
2438 1112 2561 1181 γῆς,
2606 1109 2703 1182 τῷ,
2739 1109 3026 1179 Μακάριοι
3049 1112 3102 1162 οἰ
3130 1108 3476 1176 ἐλεήμονες,
3508 1106 3760 1177 συνᾴδει·

2166 1197 2260 1248 καὶ
2285 1195 2346 1247 τὸ
2374 1196 2586 1248 πενθεῖν
2607 1196 2684 1262 δέ,
2709 1197 2803 1248 καὶ
2832 1195 2890 1247 τὸ
2922 1192 3230 1253 διώκεσθαι,
3255 1191 3346 1244 καὶ
3371 1189 3760 1252 ὀνειδίζεσθαι,

2167 1277 2280 1332 ἴσον
2312 1279 2429 1332 ἐστὶ
2470 1279 2547 1350 τῷ
2573 1278 2661 1332 διὰ
2697 1280 2795 1348 τῆς
2827 1281 3021 1348 στενῆς
3051 1275 3225 1346 πύλης
3270 1275 3515 1327 εἰσιέναι·
3556 1273 3656 1326 καὶ
3693 1273 3764 1324 τὸ

2165 1365 2355 1435 πεινᾷν
2413 1363 2508 1416 καὶ
2561 1362 2720 1434 διψᾷν
2767 1362 2866 1433 τὴν
2919 1360 3286 1429 δικαιοσύνην,
3347 1359 3499 1411 οὑδέν
3561 1356 3758 1427 ἕτερόν

2166 1448 2334 1507 ἐστιν,
2363 1446 2478 1500 ἀλλ’
2513 1446 2546 1516 ἢ
2594 1448 2791 1509 ἐκεῖνο,
2827 1446 2856 1499 ὃ
2885 1446 3020 1516 μετᾶ
3051 1442 3222 1498 ταῦτά
3249 1459 3434 1511 φησιν,
3478 1441 3561 1493 ὅτι
3599 1441 3761 1493 Ὅσα

2164 1529 2242 1583 ἂν
2296 1529 2507 1596 θέλητε
2555 1530 2656 1583 ἵνα
2713 1527 2968 1583 ποιῶσιν
3021 1528 3158 1596 ὑμῖν
3194 1529 3249 1580 οἱ
3289 1526 3607 1592 ἅνθρωποι,
3650 1523 3758 1575 καὶ

2163 1611 2333 1681 ὑμεῖς
2359 1611 2577 1666 ποιεῖτε
2603 1611 2828 1678 αὐτοῖς.
2868 1613 2978 1664 Καὶ
3015 1611 3106 1664 τὸν
3143 1607 3479 1679 εἰρηνοποιδν
3509 1606 3760 1676 μακαρί-

2167 1712 2284 1758 σας,
2333 1695 2494 1748 πάλιν
2529 1696 2591 1749 τὸ
2635 1695 2766 1748 αὐτὸ
2809 1694 2991 1765 σχεδὸν
3045 1694 3286 1764 εἴρηκεν,
3331 1692 3419 1744 ὅτε
3463 1690 3760 1742 ἐκέλευσεν

2164 1778 2380 1846 ἀφεῖναι
2409 1777 2454 1810 ’⁸
2483 1777 2543 1830 τὸ
2572 1778 2764 1849 δῶρον,
2795 1780 2889 1830 καὶ
2935 1777 3026 1830 ἐπὶ
3067 1775 3164 1846 τὴν
3202 1772 3549 1844 καταλλαγὴν
3581 1771 3758 1824 σπεύο

2163 1860 2274 1912 δειν
2315 1860 2407 1913 τοῦ
2451 1859 2845 1931 λελυπημένου,
2887 1861 2979 1913 καί
3024 1859 3085 1912 τὸ
3112 1860 3316 1913 εὐνοεῖν
3346 1856 3423 1927 τῷ
3467 1855 3756 1924 ἀντιδίκῳ.

2178 1942 2315 1996 Ἀλλ’
2354 1944 2468 1996 ἐκεῖ
2501 1943 2599 2013 μέν
2627 1943 2697 1996 τά
2737 1942 2946 1997 ἔπαθλα
2982 1942 3091 1996 τῶν
3123 1940 3531 2013 κατορθούντων
3569 1939 3753 1991 τέθει-

2165 2043 2279 2089 κεν,
2321 2026 2556 2079 ἐνταῦθα
2594 2026 2650 2080 δὲ
2684 2026 2793 2081 τῶν
2849 2027 2920 2097 μὴ
2970 2024 3267 2079 ποιούντων
3308 2025 3408 2087 τὰς
3452 2024 3753 2093 τιμωρίας.

2167 2108 2313 2182 [207]
2345 2110 2548 2181 Διόπερ
2579 2111 2695 2162 ἐκεῖ
2723 2110 2822 2180 μὲν
2854 2110 3058 2178 ἔλεγεν,
3082 2111 3163 2163 ὅτι
3193 2110 3242 2162 οἱ
3268 2110 3460 2179 πραεῖς
3486 2107 3756 2176 κληρονοο

2142 2193 2399 2262 ⁹μήσουσι
2429 2193 2554 2263 γῆν·
2587 2192 2820 2247 ἐνταῦθα
2843 2194 2921 2257 δὲ,
2943 2196 2971 2247 6
2996 2194 3178 2265 μωρὸν
3207 2193 3384 2246 καλῶν
3405 2191 3497 2244 τὸν
3517 2189 3756 2257 ἀδελφὸν

2165 2276 2329 2329 αὑτοῦ
2352 2278 2420 2340 ⁸⁷,
2455 2276 2638 2347 ἔνοχος
2659 2276 2810 2330 ἔσται
2842 2280 2908 2349 τῇ
2931 2279 3126 2350 γεέννῃ
3151 2277 3244 2330 τοῦ
3271 2276 3464 2348 πυρός.
3496 2276 3608 2328 Καὶ
3637 2277 3761 2327 ἐκεῖ

2168 2360 2287 2432 μὲν,
2347 2361 2428 2414 ὅτι
2488 2361 2578 2414 τὸν
2622 2361 2755 2415 Θεὸν
2804 2363 3023 2432 ὄψονται
3061 2364 3110 2416 οἰ
3151 2362 3380 2434 καθαροὶ
3419 2363 3484 2432 τῇ
3528 2360 3756 2430 καρδίᾳ⁶

2165 2444 2397 2498 ἐνταῦθα
2428 2444 2506 2511 δὲ,
2532 2446 2614 2498 ὅτι
2648 2447 2832 2517 μοιχός
2869 2449 3015 2500 ἐστιν
3047 2444 3452 2518 ἀπηρτισμένος
3483 2445 3512 2496 6
3544 2443 3754 2496 ἀκολά-

2167 2545 2307 2591 στως
2336 2527 2476 2581 ἰδών·
2504 2528 2748 2593 καίετοὺς
2773 2529 3147 2601 είρηνοποιοὺς
3171 2529 3321 2592 υἱοὺς
3351 2526 3484 2580 Θεοῦ
3511 2525 3756 2588 καλέσας

2166 2615 2300 2672 ἐκεῖ,
2334 2611 2569 2666 ἐνταῦθα
2601 2612 2866 2684 ἑτέρωθεν
2889 2612 2934 2644 ’⁸
2961 2613 3117 2683 φοϐεῖ
3140 2611 3334 2680 λέγων·
3378 2609 3473 2676 Μή
3506 2608 3654 2663 ποτέ
3678 2624 3757 2662 σε

2165 2693 2410 2764 παραδῷ
2437 2698 2470 2749 ὀ
2491 2695 2793 2762 ἀντίδικος
2820 2693 2900 2760 τῷ
2933 2694 3123 2764 κριτῇ.
3161 2693 3316 2748 Οῦτω
3341 2695 3435 2747 καί
3460 2692 3585 2754 τοὺς
3619 2709 3755 2744 πεν-

2165 2779 2390 2842 θοῦντας
2442 2779 2536 2833 καὶ
2585 2779 2714 2843 τοὺς
2759 2779 3122 2850 διωκομένους
3165 2777 3485 2850 μακαρίζων
3526 2777 3584 2828 ἐν
3638 2779 3754 2838 τοῖς

2165 2863 2494 2936 ἔμπροσθεν,
2539 2866 2596 2918 ἐν
2625 2866 2736 2927 τοῖς
2768 2865 2906 2934 μετά
2934 2863 3107 2916 ταῦτα
3137 2863 3197 2917 τὸ
3231 2863 3362 2916 αὑτὸ
3389 2860 3548 2914 τοῦτο
3579 2877 3757 2913 κατα-

2167 2946 2466 3012 σκευάζων,
2499 2946 2772 3000 ἀπώλειαν
2799 2947 3013 3000 ἀπειλεῖ
3042 2949 3154 3010 τοῖς
3184 2947 3258 3018 μὴ
3294 2944 3499 3014 ταύτην
3521 2941 3760 3014 ἐρχομέ-

2164 3047 2278 3094 νοις
2309 3031 2409 3102 τὴν
2445 3029 2582 3084 ὁδόν·
2621 3031 2671 3083 οἰ
2717 3030 2826 3101 γὰρ
2866 3029 2955 3084 διὰ
2985 3030 3085 3100 τῆς
3123 3029 3383 3091 πλατείας
3422 3027 3754 3098 βαδίζοντες,

2165 3114 2350 3185 φησιν,
2383 3115 2496 3166 ἐκεῖ
2519 3114 2973 3184 καταστρέφουσι.
2996 3115 3103 3166 Καὶ
3129 3113 3210 3180 τὸ,
3229 3115 3310 3167 οὐ
3335 3113 3600 3166 δύνασθε
3631 3109 3758 3174 Θεῴ

2164 3197 2475 3251 δουλεύειν
2497 3198 2595 3251 καί
2612 3197 2878 3266 μαμωνᾷ,
2906 3197 3016 3251 ῐσον
3053 3193 3192 3252 εἷναί
3223 3214 3314 3266 μοι
3335 3196 3480 3250 δοκεῖ
3501 3194 3602 3264 τῷ,
3627 3199 3756 3249 Μα-

2165 3279 2356 3349 κάριοι
2403 3283 2462 3352 οἰ
2509 3279 2853 3349 ἐλεήμονες,
2890 3280 3005 3344 καὶ,
3053 3283 3119 3334 Οἱ
3165 3279 3484 3343 πεινῶντες
3527 3277 3639 3346 τὴν
3668 3277 3758 3330 δι-

2166 3364 2527 3432 καιοσύνην.
2570 3362 2730 3423 Ἀλλ’,
2765 3363 2900 3434 ὅπερ
2930 3363 3068 3433 ἔφην
3090 3365 3156 3430 ¹⁹,
3192 3363 3378 3435 ἐπειδὴ
3413 3361 3594 3432 μέλλει
3621 3377 3760 3429 τρα-

2167 3447 2383 3519 νότερον
2415 3445 2556 3500 αὑτά
2585 3445 2785 3515 λέγειν,
2822 3448 2915 3499 καὶ
2945 3447 3008 3500 οὑ
3033 3447 3354 3518 τρανότερον
3396 3446 3576 3516 μόνον,
3617 3445 3758 3498 ἀλλά

2168 3531 2263 3584 καὶ
2292 3531 2513 3583 πλείονα
2541 3529 2650 3582 τῶν
2680 3529 2987 3600 εἰρημένων
3017 3530 3366 3601 προστιθέναι
3406 3529 3568 3583 πάλιν
3604 3529 3758 3598 (οὑκ-

2169 3615 2251 3668 έτι
2289 3613 2397 3683 γὰρ
2424 3614 2689 3684 ἐλεήμονα
2723 3613 2876 3683 ζητεῖ
2903 3614 3080 3684 μόνον,
3118 3613 3254 3668 ἀλλά
3283 3615 3376 3668 καὶ
3401 3613 3496 3667 τοῦ
3534 3613 3756 3684 χιτωνί-

2172 3713 2302 3749 σκου
2335 3695 2645 3762 ἐξίστασθαι
2680 3695 2910 3749 κελεύει·
2963 3696 3085 3749 οὑδέ
3135 3698 3308 3768 πρᾶον
3365 3696 3571 3759 ἁπλῶς,
3615 3695 3759 3748 ἀλλὰ

2170 3779 2263 3832 καὶ
2289 3779 2387 3850 τὴν
2418 3779 2610 3850 ἑτέραν
2641 3780 2863 3850 σιαγόνα
2908 3780 3159 3851 στρέφειν
3191 3779 3268 3852 τῷ
3303 3780 3614 3851 βουλομένῳ
3655 3783 3758 3852 ῥα-

2171 3863 2390 3929 πίζειν),
2431 3863 2528 3934 τὴν
2563 3863 2822 3917 δοκοῦσαν
2858 3864 3128 3917 ἀντίθεσιν
3169 3859 3306 3918 εἶναι
3342 3865 3608 3940 πρότερον
3654 3866 3756 3916 ἀν-

2171 3947 2334 4018 αιρεῖ.
2377 3945 2476 3998 Διά
2512 3946 2574 4017 δὴ
2615 3946 2793 4010 τοῦτο,
2838 3947 2975 4018 ὅπερ
3009 3947 3180 4018 ἔφθην
3216 3948 3406 4011 εἰπὼν,
3447 3949 3568 4002 οὑδὲ
3604 3949 3759 4013 ἅπαξ

2171 4029 2327 4082 τοῦτο
2369 4030 2608 4100 εἴρηκεν,
2643 4029 2778 4083 ἀλλά
2815 4031 2910 4084 καὶ
2945 4030 3212 4102 δεύτερον.
3263 4031 3444 4084 Εἰπὼν
3487 4031 3619 4102 γὰρ,
3652 4033 3756 4100 Μὴ

2170 4112 2478 4180 νομίσητε,
2509 4113 2596 4165 ὅτι
2627 4109 2819 4183 ἦλθον
2847 4113 3269 4177 καταλῦσαιδο,
3300 4115 3598 4184 ἐπήγαγεν·
3629 4116 3759 4170 Οὐκ

2171 4191 2362 4265 ἦλθον
2394 4196 2748 4258 καταλῦσαι.
2779 4196 2940 4251 ἀλλὰ
2971 4197 3287 4266 πληρῶσαι
3314 4199 3377 4250 ³¹.
3423 4197 3610 4266 Ἀμὴν
3642 4198 3760 4268 γὰρ

2170 4281 2324 4349 λέγω
2362 4279 2520 4349 ὑμῖν·
2551 4281 2685 4332 Ἐὰν
2722 4281 2766 4311 ³³
2794 4280 3058 4349 παρέλθῃ
3087 4284 3120 4336 ὀ
3151 4283 3406 4349 οὐρανὸς
3437 4282 3534 4335 καί
3570 4285 3611 4350 ἡ
3647 4284 3756 4352 γῆ,

2175 4363 2311 4415 ἰῶτα
2337 4361 2407 4416 ἐν
2434 4362 2470 4430 ἢ
2499 4361 2608 4430 μία
2639 4364 2845 4431 κεραία
2874 4365 2946 4417 οὺ
2978 4363 3065 4432 μὴ
3101 4366 3366 4434 παρέλθῃ
3401 4365 3507 4420 τοῦ
3537 4367 3754 4436 νόμου,

2171 4445 2282 4512 ἕως
2311 4445 2388 4498 ἂν
2418 4446 2613 4498 πάντα
2642 4445 2901 4514 γένηται.
2934 4449 2998 4500 Ὃ
3030 4447 3087 4500 δὲ
3116 4448 3282 4516 λέγει,
3313 4449 3550 4503 τοιοῦτόν
3577 4453 3753 4504 ἐστιν·

2185 4529 2488 4601 Ἀμήχανον
2528 4531 2812 4585 ἀτέλεστον
2852 4534 3051 4601 μεῖναι,
3086 4533 3221 4587 ἀλλά
3249 4534 3342 4586 καὶ
3373 4534 3435 4587 τὸ
3478 4534 3759 4606 βραχύτα-

2169 4631 2262 4666 τον
2322 4613 2480 4666 αὑτοῦ
2531 4613 2884 4685 πληρωθῆναι
2925 4615 3024 4671 δεῖ.
3063 4617 3238 4688 Ὅπερ
3290 4618 3450 4682 αὐτὸς
3500 4619 3756 4689 ἐποίησε,

2175 4696 2313 4768 μετὰ
2340 4696 2624 4769 ἀκριϐείας
2662 4697 2825 4751 αὑτὸν
2864 4699 3081 4768 ἀπάσης
3115 4701 3442 4772 ἀπαρτίσας.
3486 4702 3758 4758 Ἐνταῦθα

2171 4780 2227 4833 δέ
2258 4781 2387 4851 ἡμῖν
2414 4780 2727 4845 αἰνίττεται,
2753 4781 2835 4835 ὅτι
2869 4783 2963 4835 καὶ
2996 4785 3023 4836 6
3057 4783 3259 4855 κόσμος
3295 4786 3440 4848 ἄπας
3475 4803 3757 4858 μετασχη-

2175 4865 2476 4935 ματίζεται.
2516 4866 2626 4919 Καὶ
2674 4867 2771 4936 οὑχ
2815 4865 3002 4930 ἁπλῶς
3041 4868 3174 4922 αὑτὸ
3206 4869 3467 4932 τέθεικεν,
3506 4869 3622 4924 ἀλλ’
3664 4873 3759 4925 ἵνα

2173 4947 2351 5019 ἐπάρῃ
2386 4948 2477 5000 τὸν
2503 4950 2796 5020 ἀκροατὴν,
2831 4950 2924 5004 καὶ
2965 4950 3114 5024 δείξῃ
3146 4952 3368 5017 δικαίως
3409 4952 3602 5024 ἑτέραν
3638 4957 3758 5007 εἰσ-

2171 5031 2393 5099 αγαγὼν
2415 5031 2459 5062 ”
2485 5032 2778 5085 ’πολιτείαν⁶
2810 5034 2922 5101 εῖγε
2952 5033 3133 5104 μέλλοι
3161 5036 3254 5088 καὶ
3279 5035 3359 5090 τὰ
3379 5037 3480 5105 τῆς
3515 5037 3758 5099 κτίσεως

2171 5115 2387 5170 ἅπαντα
2428 5117 3014 5187 μετασχηματίζεσθαι,
3066 5119 3157 5172 καὶ
3192 5109 3254 5163 τὸ
3291 5119 3401 5174 τῶν
3439 5119 3758 5191 ἀνθρώπων

2171 5199 2330 5267 γένος
2353 5199 2486 5272 πρὸς
2511 5199 2701 5269 ἑτέραν
2730 5199 3007 5254 καλεῖσθαι
3031 5201 3284 5272 πατρίδα,
3307 5204 3400 5256 καὶ
3424 5203 3540 5273 βίου
3572 5220 3758 5275 παραυ

2175 5281 2371 5354 σκευὴν
2391 5281 2724 5352 ὑψηλοτέραν
2745 5282 2811 5336 ”.
2843 5285 2947 5349 Ὃς
2975 5283 3086 5336 ἐὰν
3107 5280 3221 5339 οὖν
3248 5285 3413 5352 λύσῃ
3440 5287 3589 5353 μίαν
3626 5285 3756 5339 τῶν

2171 5365 2436 5419 ἐντολῶν
2455 5365 2679 5420 τούτων
2699 5364 2816 5418 τῶν
2847 5367 3206 5436 ἐλαχίστων,
3231 5367 3330 5419 καί
3349 5367 3559 5436 διδάξῃ
3587 5368 3756 5422 οὕτω

2175 5450 2314 5517 τοὺς
2362 5448 2730 5517 ἀνθρώπους,
2769 5448 3087 5519 ἐλάχιστος
3134 5453 3502 5522 κληθήσεται
3551 5454 3624 5508 ἐν
3667 5455 3755 5524 τῇ

557 5546 599 5578 ⁸⁷
631 5541 918 5612 παιδεύωνῖ
940 5543 1113 5610 λέγων
1133 5545 1196 5594 Α.
1226 5541 1286 5594 Β.
1364 5541 1407 5573 ³⁸
1435 5541 1686 5594 ἀνέλαϐε·
1715 5543 1874 5596 πάλιν
1894 5544 1987 5596 καί
2017 5544 2150 5599 Edd.
2229 5547 2270 5576 "
2293 5542 2616 5666 xazalﬁsag
2650 5545 2772 5599 add.
2795 5544 2886 5597 τὸν
2912 5544 3074 5612 νόμον
3109 5545 3244 5600 Edd.
3353 5561 3402 5615 p.
3438 5547 3750 5618 ἐπήγαγεν,

561 5637 579 5669 ι
600 5617 700 5669 οὑκ
735 5616 794 5668 Ι).
871 5616 916 5647 ³⁸³
945 5615 1006 5667 οὑ
1037 5628 1147 5668 om.
1187 5615 1247 5664 Α.
1324 5611 1367 5642 ’ί
1400 5607 1524 5669 ἦδον
1543 5611 1600 5664 F.
1621 5611 1716 5669 ED.
1793 5614 2120 5669 ηεὺοίσκει]
2147 5616 2368 5669 εὑρήσει
2399 5615 2561 5667 Β.οὑκ
2614 5632 2695 5669 γει
2724 5613 2854 5668 ΕιΙά.
2932 5615 2978 5645 ³³
3002 5615 3258 5669 πλειόνων
3326 5658 3339 5669 .
3377 5615 3474 5669 En.
3511 5627 3750 5669 nam}.

495 5617 700 5674 ὅτιούκ
735 5616 794 5668 Ι).
871 5607 918 5647 ’ἀ
945 5607 1147 5668 οὑοιιι.
1187 5615 1247 5664 Α.
1302 5611 1367 5682 7"
1400 5607 1524 5682 ᾖδον
1543 5611 1600 5664 F.
1621 5611 1716 5681 Ep.

500 5756 635 5811 Edd.
713 5758 758 5787 “
783 5755 996 5825 ἀφιέναι
1030 5750 1093 5808 Δ.
1123 5755 1184 5807 Β.
1247 5824 1254 5825 7
1287 5750 1525 5825 ³⁷-αὑτοῦ
1559 5755 1761 5825 οιιι.ᾼ.-
1785 5752 1845 5825 Β.
1871 5753 1969 5808 Ge.

502 5827 636 5879 Edd.
673 5829 769 5880 Ge.
796 5821 1056 5894 ἑτέρωθεν
1091 5841 1202 5878 om.
1232 5824 1293 5876 Α.
1325 5821 1384 5878 Β.

501 5983 552 6034 ιι.
581 5980 633 6035 p.
663 5965 768 6018 ἀπὸ
799 5965 886 6018 τοῦ
915 5967 1075 6036 νόμον
1104 5964 1177 6020 Β.
1207 5968 1260 6018 2.
1289 5964 1492 6036 Slosqq.

1406 5613 1524 5686 ᾖδον
1543 5613 1600 5664 F.
1621 5613 1716 5681 Ep.
1793 5616 1837 5644 "
1855 5614 2120 5686 εὑρίσκει]
2147 5616 2368 5686 εὑρήσει
2399 5615 2561 5667 Β.οὑκ
2584 5613 2854 5686 ἔχεεΕιΙά.

499 5687 593 5742 ἐπὶ
611 5687 718 5740 τῶν
747 5685 882 5741 Edd.
960 5687 1006 5716 ”
1031 5681 1608 5754 προκαταϐαλλόμενος
1627 5691 1680 5737 οι
1712 5698 1836 5737 mox
1887 5681 2065 5739 κατεϐι

500 5756 635 5810 Edd.
713 5758 758 5787 “
783 5755 996 5810 ἀφιέναι
1030 5756 1093 5808 Δ.
1123 5755 1184 5807 Β.
1287 5753 1330 5784 ³⁷
1361 5750 1525 5807 αὑτοῦ
1560 5769 1670 5806 om.
1690 5755 1753 5806 A.
1785 5752 1845 5808 Β.
1871 5753 1969 5808 Ge.

2167 5681 2248 5738 ετο
2270 5681 2400 5738 bodd

2167 5757 2223 5810 τέ
2233 5755 2400 5810 οωθεν

1161 5762 1184 5807 ς.
1287 5753 1330 5784 ³⁷
1361 5753 1525 5807 αὑτοῦ
1560 5755 1753 5806 οιιι.Α.
1785 5753 1845 5808 Β.
1871 5753 1969 5808 Ge.

1161 5841 1202 5904 ι.
1232 5824 1293 5876 Α.
1325 5821 1384 5878 Β.
1464 5824 1530 5904 ,ξ’
1553 5823 1713 5904 ἕᾳφην]
1738 5823 2065 5904 ἔξθηνῇείπεὶ

2167 5753 2424 5855 τέρωθενὲ
2455 5754 2677 5834 ἑτέρωθι
2705 5754 2766 5809 C.
2799 5753 2856 5809 Ι).
2884 5753 2942 5808 Ε.
2980 5753 3271 5824 δέἐτὲρως
3294 5755 3353 5810 F.
3386 5753 3746 5840 Si'étépiuou

2167 5829 2299 5904 λιιι..
2377 5824 2398 5854 ³
2445 5823 2942 5904 καταλυιιιαιίαόιιιζ
2962 5824 3234 5904 εδ-ιν-όμον
3269 5825 3424 5904 Εικῐθ.
3456 5829 3746 5904 επήγ-αγεν

503 5913 612 5948 mn.
647 5895 706 5947 Ιίῖ.
781 5899 821 5928 ³¹
851 5891 985 5948 ἀλλὰ
1006 5895 1288 5965 πληρῶσαι
1322 5910 1431 5947 οιιι.
1463 5891 1522 5948 D.
1563 5891 1712 5948 Arin.
1748 5891 2056 5968 πληρῶσαι]

503 5983 552 6034 p.
581 5980 633 6035 p.
663 5965 768 6018 ἀπὸ
799 5965 886 6018 τοῦ
915 5967 1075 6036 νόμου
1119 5966 1177 6020 Β.
1207 5968 1260 6018 2.
1289 5964 1492 6036 Slosqq.
1570 5965 1613 5995 ³³
1640 5963 1872 6034 εἰσάγων
1901 5962 1956 6015 1³.
1983 5963 2065 6018 fav

2167 5899 2180 5950 ί
2206 5894 2364 5950 πάλιν
2396 5893 2558 5962 φησίν
2588 5894 2648 5947 Ε.
2749 5891 2794 5926 ³⁸
2824 5895 2943 5968 ἐάν]

2167 5966 2313 6038 cEp.
2388 5965 2432 5996 ³⁸
2464 5962 2798 6036 ὑψηλοτέρου
2827 5965 2943 6021 Edd

2125 5687 2248 5740 λετο
2270 5685 2428 5738 codd.

2932 5615 2978 5645 ³³
3002 5615 3258 5687 πλειόνων
3281 5615 3339 5670 F.
3377 5615 3474 5685 Ep.
3511 5615 3753 5687 ipfxa‘v.

2463 5683 2654 5758 [ιι-ζειτζ
2681 5683 2744 5758 B_.
2799 5753 2827 5758 _
2850 5683 3152 5758 ’ξ-πτωχοί]
3181 5683 3437 5758 αιιάζτῷ
3468 5683 3743 5758 πνεύματι

2455 5754 2677 5827 ἑτέρωθι
2705 5754 2766 5827 (Σ.
2799 5753 2942 5827 D.7E.
2980 5753 3271 5827 δέἐτὲρως
3294 5753 3443 5827 Ρ.ῥέ
3473 5753 3748 5827 ἐτέρωυεο

2776 5897 2794 5926 ³
2824 5895 2943 5968 ἐάν]
2973 5895 3063 5952 Sic
3089 5895 3295 5968 Mosqq.
3333 5897 3436 5960 ἕως
3473 5895 3630 5952 ἄν’Β.
3653 5895 3660 5896 ί
3683 5906 3763 5959 Ε.
