4084 6210
337 380 436 437 2H

341 495 534 550 Contra
565 489 891 546 Manichtt’os.
924 516 994 529 —-
1020 484 1221 541 Idcirco
1249 499 1355 540 non
1393 479 1586 554 ubique
1612 483 1678 538 de
1719 481 1909 536 divini-

343 597 457 645 tate
496 600 590 640 sua
621 583 762 638 clare
801 579 1032 649 loquitur
1057 587 1112 632 et
1137 577 1311 632 docet.
1351 575 1407 633 Si
1430 576 1573 632 enim
1598 575 1776 645 ,_quod
1809 572 1911 642 legi

341 679 609 748 quidpiam
639 675 910 743 adjiceret,
945 672 1062 726 illos
1093 680 1294 724 tantum
1326 668 1574 734 turbavit,
1602 667 1771 722 multo
1799 681 1911 720 ma-

345 773 426 842 gis
463 770 722 824 turbasset
747 767 790 820 si
821 781 881 820 se
910 765 1073 820 Deum
1097 778 1216 818 esse
1252 761 1648 818 declaravisset.
1682 759 1910 828 Ideoque

342 863 506 918 multa
555 875 645 914 sua
685 859 962 914 divinitate
1013 857 1169 925 longe
1218 853 1468 910 inferiora
1513 851 1767 922 loquitur.
1813 849 1908 905 llic

339 969 466 1008 Vero
482 953 549 1007 de
567 951 837 1006 additione
865 950 967 1020 legi
993 947 1230 1003 facienda
1265 945 1422 1001 verba
1451 944 1680 999 facturus
1699 984 1715 1009 ,
1744 941 1906 997 multa

335 1045 689 1110 pnecautione
719 1043 902 1096 utitur.
948 1041 1130 1111 Neque
1155 1040 1298 1094 enim
1325 1039 1491 1093 semel
1535 1045 1736 1091 tantum
1775 1034 1908 1089 dixit

331 1155 391 1193 se
419 1139 588 1208 legent
627 1151 731 1190 non
761 1135 988 1197 solvere,
1032 1133 1126 1187 sed
1157 1133 1206 1187 id
1247 1129 1479 1186 secundo
1505 1129 1748 1198 repetiit,
1788 1141 1903 1181 ma-

327 1231 522 1299 jusque
569 1228 709 1281 aliud
768 1241 951 1281 rursus
998 1225 1212 1294 adjecit.
1264 1223 1393 1277 Cum
1443 1222 1667 1276 dixisset
1721 1219 1900 1284 enim,

329 1319 508 1374 Nolite
555 1330 752 1386 putare,
793 1316 1030 1387 quoniam
1071 1315 1180 1368 veni
1219 1315 1407 1368 solvere
1447 1312 1627 1382 legem,
1671 1309 1900 1378 adjecit,

330 1411 452 1466 Non
483 1413 594 1464 ueni
620 1411 828 1478 solvere,
851 1410 939 1464 sed
966 1408 1262 1472 adimplere.
1293 1405 1424 1460 Illud
1453 1420 1578 1459 vero
1608 1419 1712 1458 non
1743 1402 1902 1456 modo

328 1503 630 1558 Iudaeorum
677 1500 1060 1571 impudentiam
1103 1505 1344 1561 coercet,
1377 1495 1470 1550 sed
1497 1495 1654 1549 etiam
1692 1492 1902 1546 ltarrcti—

327 1610 510 1650 eorum
556 1609 646 1647 ora
693 1591 924 1652 etmsuit,
977 1590 1064 1659 qui
1105 1598 1341 1642 veterem
1387 1587 1556 1655 legem
1585 1599 1651 1639 ex
1689 1583 1903 1638 diabolo

325 1701 447 1741 esse
493 1683 694 1738 dicunt.
729 1681 860 1734 Nam
907 1680 951 1733 si
995 1679 1108 1749 ejus
1161 1677 1495 1748 tyrannidem
1536 1675 1902 1730 destructurus

322 1778 564 1833 Christus
588 1774 822 1837 advenit,
851 1787 956 1842 quo
977 1779 1130 1841 pacto
1151 1785 1267 1824 eam
1287 1783 1391 1823 non
1415 1767 1572 1822 modo
1594 1782 1694 1821 non
1721 1766 1898 1829 solvit,

325 1869 422 1925 sed
449 1868 606 1924 etiam
640 1865 868 1935 implet?
893 1864 1008 1919 Non
1035 1863 1176 1917 enim
1220 1869 1421 1916 tautunt
1460 1859 1612 1926 dixit,
1644 1858 1757 1912 Non
1785 1857 1896 1912 sol-

322 1975 391 2015 vo
416 1975 431 2024 ;
462 1957 600 2028 quod
631 1956 760 2011 satis
783 1964 927 2010 certe
956 1954 1172 2018 fuisset;
1201 1952 1294 2008 sed
1322 1962 1376 2007 et
1414 1950 1628 2020 adjecit,
1655 1949 1892 2018 lmpleo;

316 2051 462 2123 quod
493 2068 597 2105 non
641 2049 798 2105 modo
827 2064 934 2103 non
962 2045 1254 2101 adversarii
1291 2045 1423 2114 legis
1450 2052 1583 2106 erat,
1614 2041 1706 2098 sed
1732 2043 1892 2097 etiam

317 2141 636 2198 defensoris.
684 2139 749 2192 Et
792 2136 1060 2208 quomodo
1108 2149 1214 2189 non
1257 2134 1443 2200 solvit,
1492 2132 1730 2203 inquies,
1763 2144 1894 2201 quo-

315 2233 480 2288 modo
523 2229 762 2298 implevit
789 2235 883 2282 aut
910 2228 1102 2297 legem,
1154 2233 1246 2279 aut
1290 2223 1623 2295 prophetas?
1651 2221 1891 2292 Pr0phe-

313 2333 397 2376 tas
423 2320 670 2392 quidem,
699 2319 843 2389 quod
873 2318 1049 2372 omnia
1093 2332 1212 2387 quae
1239 2315 1304 2372 de
1334 2317 1449 2386 ipso
1469 2315 1607 2370 dicta
1637 2322 1790 2368 erant
1824 2313 1891 2367 ab

309 2414 410 2480 eis,
454 2411 702 2482 operibus
740 2408 1176 2472 conﬁrmaverit;
1214 2419 1534 2477 quapropter
1568 2404 1888 2474 evangelista

307 2503 377 2557 ad
400 2503 604 2572 singula
632 2501 842 2556 diccbat
871 2517 886 2554 :
922 2498 990 2554 Ut
1009 2497 1304 2570 impleretur
1325 2497 1460 2567 quod
1488 2496 1674 2550 dictunt
1702 2505 1773 2550 est
1801 2511 1891 2564 per

297 2593 650 2663 prophetam;
691 2599 744 2646 et
769 2605 892 2645 cum
923 2598 1080 2644 natus
1107 2596 1208 2654 est,
1247 2596 1300 2642 et
1325 2601 1445 2641 cum
1474 2585 1622 2655 pueri
1667 2584 1887 2640 mirabi-

297 2687 469 2742 bilem
500 2685 754 2757 hymnum
784 2683 852 2738 de
882 2683 997 2754 ipso
1041 2680 1339 2744 canebant,
1373 2689 1426 2734 ct
1469 2677 1682 2748 quando
1723 2677 1887 2732 asina:

297 2778 594 2842 insidebat,
640 2790 850 2830 necnon
878 2773 1114 2828 etiamin
1147 2771 1384 2841 pluribus
1426 2771 1547 2824 aliis
1583 2768 1684 2823 hoc
1712 2769 1884 2838 ipsum

303 2867 588 2937 implevit;
617 2881 736 2935 qua:
761 2862 939 2918 omnia
978 2878 1083 2916 non
1116 2859 1380 2930 implenda
1420 2875 1667 2930 umquam
1708 2867 1881 2923 erant,

296 2960 404 3013 nisi
445 2956 765 3011 advenisset.
802 2953 998 3024 Legem
1044 2961 1222 3006 autem
1254 2967 1358 3005 non
1385 2965 1490 3004 uno
1531 2959 1754 3015 tantum,
1788 2947 1882 3004 sed

289 3048 537 3105 secundo
565 3048 724 3102 etiam
753 3061 815 3101 ac
843 3045 998 3100 tertio
1025 3043 1184 3099 modo
1210 3043 1464 3114 implevit.
1499 3041 1617 3099 Uno
1641 3041 1877 3112 quidem,

295 3142 440 3213 quod
469 3155 532 3196 ex
559 3138 822 3210 legalibus
861 3136 990 3191 nihil
1031 3134 1507 3206 transgrederetur.
1552 3132 1704 3201 Quod
1734 3131 1876 3188 enim

291 3247 462 3290 totam
491 3234 659 3302 legem
689 3231 1016 3302 impleverit,
1047 3227 1170 3283 audi
1201 3227 1324 3298 quid
1355 3226 1495 3282 dicat
1527 3225 1715 3281 Joanni
1741 3243 1754 3279 :
1788 3223 1878 3279 Sic

282 3329 429 3382 enim
457 3341 547 3379 nos
570 3325 704 3378 decet
721 3323 929 3391 implere
957 3337 1151 3374 onmem
1162 3320 1416 3389 justitiam
1445 3317 1653 3390 (Matth.
1674 3316 1728 3371 5.
1760 3317 1872 3386 15).

289 3417 364 3472 Et
385 3416 582 3472 Judtcis
615 3413 826 3469 dicebat
857 3429 871 3466 :
901 3411 1032 3477 Quis
1061 3427 1122 3466 ex
1165 3410 1303 3464 vobis
1339 3418 1514 3480 arguet
1561 3425 1640 3462 me
1664 3409 1727 3462 de
1753 3423 1872 3477 pec-

280 3518 404 3564 cato
430 3507 608 3579 (Joan.
636 3507 689 3562 8.
719 3504 810 3576 46)
836 3505 956 3559 ?Ac
981 3503 1254 3574 discipulis
1275 3519 1482 3558 rursum
1517 3521 1531 3557 :
1568 3501 1712 3556 Venit
1733 3501 1872 3570 prin-

287 3617 412 3669 ceps
442 3600 617 3653 mundi
643 3599 816 3668 lmjus,
845 3605 890 3651 et
915 3597 966 3650 in
988 3613 1067 3650 me
1103 3612 1204 3650 non
1233 3595 1379 3650 habet
1405 3595 1679 3665 quidquam
1702 3591 1866 3665 (Ibid.

287 3694 380 3748 1-1.
409 3691 524 3754 50).
549 3689 814 3759 Propheta
851 3703 1063 3758 quoque
1094 3702 1254 3757 supra
1287 3687 1452 3751 dixit,
1479 3687 1650 3757 ipsum
1680 3699 1868 3756 pecca-

287 3793 402 3837 tum
425 3796 530 3836 non
572 3779 769 3834 habere
809 3778 982 3850 (Isai.
1009 3778 1098 3833 55.
1129 3779 1165 3834 9
1195 3779 1234 3848 ).
1267 3777 1380 3833 Hoc
1419 3778 1594 3848 itaque
1623 3791 1730 3832 uno
1753 3776 1866 3847 pri-

285 3885 485 3943 moque
519 3872 676 3926 modo
716 3870 885 3940 legem
918 3869 1178 3938 implevit.
1201 3868 1447 3924 Secundo
1479 3877 1654 3923 autem
1685 3867 1867 3936 imple-

285 3965 364 4020 vit
401 3963 580 4027 modo,
625 3961 765 4033 quod
805 3961 856 4015 id
908 3970 1125 4030 propter
1176 3976 1272 4015 nos
1311 3959 1512 4015 fecerit.
1553 3959 1683 4014 Nam
1722 3958 1862 4030 quod

283 4058 482 4114 mirum
509 4063 609 4118 est,
636 4069 739 4108 non
765 4052 924 4107 modo
949 4053 1062 4122 ipse
1089 4053 1346 4122 implevit,
1378 4051 1470 4106 sed
1499 4051 1630 4106 illud
1651 4065 1863 4120 quoque

283 4149 511 4218 largitus
539 4153 623 4200 est
649 4155 704 4200 ut
740 4161 838 4200 nos
868 4145 1230 4214 impleremus.
1261 4143 1410 4210 Quod
1441 4143 1639 4198 Paulus
1659 4143 1736 4197 sic
1763 4142 1861 4196 de—

276 4239 451 4294 clarat
483 4254 496 4288 ε
546 4237 797 4305 Quoniam
826 4237 942 4305 ﬁnis
964 4236 1086 4306 legis
1113 4233 1343 4290 Christus
1364 4233 1431 4288 ad
1445 4235 1701 4304 justitiam
1724 4233 1862 4288 omni

278 4330 501 4386 credenti
532 4338 549 4400 (
578 4327 728 4382 Rom.
758 4327 842 4383 l0.
875 4325 968 4400 4).
1001 4327 1066 4381 Ει
1100 4336 1370 4395 peccatum
1403 4325 1549 4380 illum
1576 4323 1859 4380 damnasse

277 4421 411 4477 dicit
435 4422 484 4475 in
509 4435 671 4475 carne
700 4437 713 4472 :
747 4417 813 4474 Ut
831 4419 1134 4490 justiﬁcatio
1155 4419 1278 4486 legis
1297 4417 1586 4486 impleretur
1611 4417 1664 4470 in
1695 4415 1856 4481 nobis.

279 4513 368 4580 qui
419 4528 519 4566 non
566 4511 839 4566 secundum
874 4525 1075 4563 carnem
1119 4509 1435 4563 ambulamus
1463 4510 1481 4580 (
1509 4507 1626 4562 Ibid
1677 4508 1730 4564 8.
1758 4507 1854 4578 ὁ).

281 4604 350 4658 Ει
377 4616 587 4658 rursum
620 4619 632 4655 :
666 4599 849 4671 Legem
877 4617 995 4672 ergo
1019 4601 1323 4654 destruimus
1347 4616 1436 4669 per
1462 4599 1613 4669 ﬁdem
1636 4600 1662 4654 .9
1694 4600 1854 4656 Absit.

275 4695 386 4750 Sed
428 4695 588 4764 legent
631 4694 898 4747 statuimus
944 4690 1124 4764 (Ibid.
1155 4692 1208 4745 5.
1249 4691 1308 4746 5i
1343 4692 1382 4761 ).
1428 4692 1561 4758 Quia
1599 4689 1742 4746 enim
1771 4692 1853 4746 lex

273 4785 525 4840 studebat
552 4785 823 4839 hominem
852 4785 1029 4840 facere
1054 4784 1280 4853 justum,
1316 4783 1410 4840 sed
1439 4785 1807 4840 inﬁrmabatur
1835 4801 1851 4851 ;

275 4877 498 4930 veniens
519 4875 653 4945 ipse,
669 4884 725 4930 et
751 4876 967 4930 modum
989 4875 1208 4943 justitiae
1239 4874 1517 4939 inducens,
1547 4891 1736 4944 nempe
1760 4891 1854 4945 per

279 4968 466 5032 ﬁdem,
492 4967 624 5035 legis
652 4967 980 5021 voluntatem
1009 4966 1232 5032 statuit;
1259 4976 1314 5021 et
1338 4966 1479 5036 quod
1504 4967 1588 5020 illa
1621 4982 1724 5020 non
1753 4983 1852 5035 po-

277 5070 456 5117 tuerat
483 5075 580 5130 per
603 5060 802 5126 literas,
835 5060 885 5113 id
907 5060 1020 5129 ipse
1040 5074 1136 5129 per
1154 5057 1312 5114 ﬁdem
1336 5058 1574 5130 perfecit.
1595 5058 1849 5130 Propter-

273 5167 336 5208 ea
359 5153 530 5223 inquit
560 5170 574 5207 :
601 5151 720 5206 Non
746 5151 857 5206 ueni
881 5152 1071 5206 soluere
1093 5151 1272 5222 legem.

341 5243 398 5298 ὅ.
440 5241 629 5298 Christi
648 5254 898 5313 praecepta
921 5251 1039 5296 sunt
1066 5242 1480 5313 complementum
1505 5241 1629 5313 legis
1653 5243 1846 5296 veteris.

266 5364 340 5379 -—
362 5335 417 5391 Si
448 5336 566 5406 quis
592 5349 720 5390 vero
743 5333 1027 5406 diligenter
1043 5335 1302 5404 exploret,
1325 5334 1486 5388 alium
1511 5348 1723 5404 quoque
1745 5343 1848 5388 ter-

267 5429 402 5484 tium
424 5427 641 5484 modum
668 5427 918 5493 inveniet,
939 5443 1046 5500 quo
1067 5427 1117 5482 id
1135 5427 1328 5483 factum
1349 5435 1449 5484 est.
1469 5427 1636 5496 Quem
1661 5427 1848 5482 illum?

261 5519 376 5573 Per
424 5528 690 5591 praecepta
739 5535 856 5589 quae
905 5519 1126 5574 daturus
1160 5527 1292 5574 erat.
1324 5518 1506 5588 Neque
1543 5520 1689 5574 enim
1731 5526 1848 5573 erat

261 5612 545 5680 abrogatio
588 5613 846 5682 priorum,
885 5611 983 5669 sed
1025 5612 1266 5667 extensio
1301 5621 1356 5666 et
1396 5612 1842 5680 complementum

251 5711 419 5757 erant
468 5719 531 5759 ea
571 5719 692 5774 qua:
717 5703 1048 5760 dicebantur.
1093 5701 1226 5758 Nam
1259 5717 1362 5757 non
1393 5701 1670 5757 occidendi
1711 5717 1846 5772 pra:-

262 5804 486 5863 ceptum
514 5813 620 5852 non
640 5796 923 5864 abrogatur
941 5809 975 5850 κ
1000 5803 1267 5864 praecepto
1284 5809 1386 5850 non
1417 5792 1716 5861 irascendi;
1747 5792 1842 5849 sed

1465 369 1530 426 IN
1568 365 1970 426 ΜΛΤΤΙΙιιΕυΜ
2011 365 2239 424 HOMIL.
2283 370 2422 426 XVI.

3499 383 3603 439 212

2020 483 2468 552 complementum
2499 489 2670 544 estad
2697 491 2951 560 majorem
2981 496 3277 552 cautionem
3307 513 3322 553 :
3366 506 3421 554 et
3452 498 3592 555 idem

2016 572 2226 629 dicatur
2245 575 2313 632 de
2338 580 2548 634 cteteris
2579 581 2854 637 omnibus.
2881 582 3108 654 Ideoque
3141 602 3261 641 cum
3292 588 3479 643 horum
3507 605 3594 644 se-

2015 665 2158 721 mina
2196 668 2310 722 sine
2337 669 2512 740 aliqua
2540 672 2841 742 suspicione
2873 675 3016 742 prius
3043 678 3339 744 Sparsisset,
3379 679 3593 749 quando

2013 756 2207 812 clarius
2249 776 2314 815 ex
2360 765 2760 834 comparatione
2798 775 3036 822 veterum
3078 777 3133 823 et
3159 783 3414 826 novorum
3448 772 3592 841 lega-

2012 849 2140 904 lium
2171 863 2230 906 ut
2257 851 2545 909 adversans
2576 855 2676 926 legi
2708 857 2762 912 in
2784 858 3140 927 suspicionem
3162 861 3432 915 vocandus
3452 871 3588 927 erat,

2012 945 2208 1012 praevia
2249 946 2338 1008 illa
2373 949 2617 1004 cautione
2645 966 2773 1006 usus
2799 962 2898 1006 est.
2944 951 3153 1006 Etenim
3200 952 3308 1022 jam
3340 953 3425 1008 illa
3456 955 3589 1008 ami-

2009 1036 2237 1104 gmatice
2281 1037 2497 1098 fundata
2528 1052 2680 1096 erant
2709 1059 2806 1113 per
2839 1059 2899 1099 ea
2932 1060 3050 1114 qua:
3092 1045 3229 1099 dicta
3261 1044 3486 1101 fuerant.
3520 1046 3590 1098 Il-

2011 1125 2100 1180 lud
2140 1128 2306 1191 enim,
2338 1129 2480 1184 Beati
2519 1149 2762 1202 pauperes
2801 1135 3006 1202 spiritu,
3041 1135 3268 1204 idipsum
3299 1147 3382 1192 est
3421 1137 3588 1208 quod.

2011 1215 2097 1271 Ne
2142 1220 2470 1276 irascimini:
2494 1235 2549 1278 et
2597 1225 2747 1289 illud,
2793 1225 2938 1279 Beati
2975 1228 3162 1282 mundo
3199 1229 3380 1293 corde,
3412 1229 3589 1284 simile

2009 1309 2132 1365 huic
2160 1321 2425 1382 prazcepto
2450 1325 2553 1380 est,
2603 1333 2706 1370 nou
2736 1318 3123 1387 respiciendam
3163 1335 3282 1375 esse
3307 1322 3586 1378 mulierem

2007 1402 2072 1454 ad
2101 1406 2583 1474 concupiscendum
2626 1425 2742 1463 eam
2773 1427 2788 1468 :
2814 1421 2866 1464 et
2906 1411 3055 1477 illud,
3087 1430 3189 1466 non
3221 1413 3586 1470 thesaurizan-

2006 1493 2132 1546 dum
2174 1510 2294 1550 esse
2321 1497 2599 1552 thesauros
2625 1500 2676 1553 in
2705 1510 2868 1565 terra,
2899 1501 3020 1556 huic
3045 1504 3238 1557 accinit
3267 1521 3280 1557 :
3312 1505 3454 1559 Beati
3485 1508 3585 1560 mi-

2011 1585 2289 1640 sericordes
2315 1603 2336 1652 ;
2363 1597 2415 1641 et
2462 1589 2609 1651 illud,
2641 1590 2840 1660 lugere,
2873 1595 3367 1662 perscquutionibus
3401 1604 3456 1650 et
3491 1613 3586 1666 op-

2009 1674 2236 1741 prohriis
2266 1675 2468 1746 impeti,
2500 1678 2602 1733 tale
2637 1688 2738 1744 est,
2775 1681 2930 1750 quale
2961 1681 3158 1737 intrare
3189 1698 3284 1752 per
3304 1696 3582 1754 angustam

2005 1773 2250 1832 portam;
2296 1776 2352 1820 et
2392 1767 2520 1821 illud
2551 1810 2564 1832 ,
2598 1771 2806 1825 esurire
2851 1779 2904 1825 et
2947 1771 3096 1825 sitire
3120 1772 3416 1841 justitiam,
3453 1775 3582 1829 nihil

2002 1855 2146 1909 aliud
2184 1866 2451 1927 estquam
2493 1859 2543 1912 id
2568 1901 2581 1921 ,
2630 1861 2768 1930 quod
2815 1870 2998 1930 postea
3043 1863 3172 1918 dicit
3204 1881 3218 1918 :
3249 1865 3584 1936 Quwcumque

2000 1947 2150 2000 vultis
2175 1957 2231 2000 ut
2257 1949 2444 2018 faciant
2468 1949 2604 2004 vobis
2623 1951 2867 2015 homines,
2891 1963 2939 2006 et
2957 1969 3043 2008 vos
3069 1956 3219 2024 facile
3244 1955 3347 2010 illis
3369 1955 3577 2027 (Matth.

2000 2035 2051 2089 7.
2084 2037 2192 2105 12).
2222 2038 2288 2092 Ει
2313 2055 2430 2092 cum
2455 2041 2731 2109 paciﬁcum
2757 2043 3076 2112 appellasset
3097 2045 3578 2118 beatum,idipsum

1998 2141 2164 2196 prope
2193 2128 2358 2194 dixit,
2406 2130 2545 2200 quod
2581 2146 2700 2184 cum
2740 2132 2902 2200 jussit
2940 2134 3238 2204 relinquere
3275 2136 3495 2205 donum,
3526 2149 3580 2194 et

1996 2217 2250 2274 festinare
2294 2219 2361 2274 ad
2400 2221 2657 2276 olfensum
2702 2221 2917 2278 fratrem
2947 2225 3046 2278 sibi
3089 2228 3573 2292 reconciliandum.

1995 2316 2052 2365 et
2080 2309 2390 2365 benevolum
2430 2327 2550 2368 esse
2587 2313 2918 2369 adversario.
2951 2314 3054 2370 Sed
3085 2317 3154 2371 ibi
3187 2319 3401 2388 quidem
3434 2337 3575 2390 prae-

1993 2400 2098 2453 mia
2146 2410 2292 2456 recte
2332 2403 2666 2472 operantium
2718 2405 2938 2474 posuit:
2973 2406 3059 2460 hic
3102 2423 3230 2462 vero
3276 2425 3382 2465 non
3430 2411 3575 2468 recte

1993 2493 2329 2560 operantium
2360 2494 2637 2564 supplicia.
2659 2495 2996 2566 Quapropter
3012 2498 3080 2552 ibi
3103 2499 3316 2569 quidem
3340 2501 3572 2571 dicebat,

1992 2581 2148 2636 mites
2179 2590 2375 2637 terram
2399 2599 2740 2654 possessores
2768 2603 2886 2640 esse
2909 2605 2924 2652 ;
2955 2589 3040 2642 hie
3063 2605 3190 2645 vero
3214 2592 3308 2658 ait,
3332 2607 3453 2648 eum
3481 2593 3572 2664 qui

1990 2674 2208 2729 fratrem
2235 2692 2387 2730 suum
2425 2675 2625 2732 fatuum
2666 2681 2953 2745 vocaverit,
2981 2696 3130 2736 remn
3171 2685 3283 2740 fore
3311 2686 3570 2755 geliennte

1990 2763 2144 2835 ignis.
2177 2765 2286 2821 Illic
2307 2768 2432 2823 item
2459 2769 2592 2823 dixit
2619 2771 2845 2842 mundos
2875 2772 3038 2828 corde
3069 2773 3233 2829 Deum
3271 2791 3394 2831 esse
3420 2778 3566 2832 visn-

1987 2872 2079 2912 ros
2103 2874 2118 2922 ;
2152 2858 2241 2912 hic
2266 2875 2396 2914 vero
2422 2875 2568 2926 eum,
2596 2862 2684 2932 qui
2727 2863 3005 2932 impudicis
3047 2865 3215 2919 oculis
3243 2869 3560 2936 respexerit,

1987 2963 2108 3004 esse
2132 2965 2257 3005 vere
2300 2952 2566 3007 mtechum
2597 2970 2611 3019 ;
2642 2968 2704 3008 ac
2728 2969 2849 3009 cmn
2883 2955 2988 3010 illic
3030 2956 3277 3025 paciﬁcos
3303 2958 3440 3013 ﬁlios
3471 2959 3562 3015 Dei

1985 3049 2245 3104 vocasset,
2275 3041 2360 3096 hic
2397 3042 2498 3096 alia
2532 3044 2737 3099 ratione
2781 3045 3017 3101 deterret
3059 3046 3283 3103 dicens:
3315 3048 3399 3103 Ne
3435 3053 3563 3122 [orte

1983 3130 2149 3183 tradat
2186 3140 2233 3185 te
2275 3132 2593 3190 adversarius
2614 3137 2805 3206 judici.
2839 3137 2927 3192 Sic
2956 3149 3009 3194 et
3037 3139 3277 3208 lugentes
3300 3150 3354 3195 et
3378 3155 3561 3211 perse-

1979 3223 2291 3290 quutionem
2329 3226 2589 3295 patientes
2633 3243 2754 3283 cum
2787 3229 2970 3284 beatos
2997 3232 3242 3300 superius
3271 3231 3558 3302 prredicas-

1977 3323 2060 3387 set
2082 3356 2094 3376 .
2129 3316 2180 3370 in
2211 3318 2555 3388 sequentibus
2585 3318 2812 3388 idipsum
2851 3329 3104 3387 tractans,
3142 3323 3430 3392 perniciem
3474 3323 3556 3377 in~

1980 3407 2296 3462 terminatur
2343 3409 2410 3463 iis
2437 3411 2525 3480 qui
2576 3427 2683 3465 non
2733 3412 2920 3467 eadem
2973 3414 3084 3483 ipsa
3129 3415 3210 3469 via
3256 3415 3554 3470 incedunt:

1976 3514 2099 3554 nam
2139 3500 2226 3571 qui
2271 3517 2364 3570 per
2399 3505 2687 3572 Spatiosam
2731 3506 2868 3559 viam
2897 3506 3192 3574 ambulant,
3225 3507 3415 3577 inquit,
3445 3507 3554 3563 illic

1973 3601 2217 3660 pereunt.
2250 3590 2354 3647 Sed
2379 3601 2432 3647 et
2461 3593 2610 3662 illud,
2648 3593 2766 3649 Non
2795 3597 2999 3664 potestis
3030 3596 3136 3650 Deo
3162 3598 3349 3652 servire
3373 3608 3420 3652 et
3444 3615 3554 3651 ma-

1971 3701 2136 3739 mona:
2157 3685 2369 3759 (Matth.
2399 3688 2454 3753 6,
2477 3688 2592 3759 24).
2627 3688 2746 3745 huic
2771 3689 2913 3744 dicto
2940 3690 3115 3746 simile
3145 3691 3274 3746 mihi
3295 3691 3504 3747 videtur
3533 3709 3547 3746 :

1968 3775 2115 3831 Beati
2131 3779 2497 3846 misericordes,
2529 3791 2603 3845 et,
2635 3781 2734 3848 Qui
2769 3783 2999 3836 esuriunt
3019 3783 3294 3852 justitiam.
3329 3784 3546 3852 Verum,

1969 3878 2026 3923 ut
2067 3872 2386 3940 prmmonui,
2437 3873 2560 3943 quia
2611 3872 2727 3927 haec
2775 3873 2974 3929 clarius
3003 3874 3245 3928 dicturus
3293 3885 3396 3941 est,
3446 3889 3546 3930 nec

1967 3961 2163 4016 clarius
2203 3963 2364 4018 modo
2392 3961 2653 4028 dicturus,
2685 3963 2778 4018 sed
2809 3964 2971 4018 etiam
3003 3964 3152 4034 plura
3195 3964 3357 4018 dictis
3399 3964 3549 4033 adje-

1965 4063 2149 4108 cturus
2175 4053 2316 4125 (non
2357 4056 2498 4109 enim
2538 4055 2649 4124 jam
2681 4055 3083 4109 misericordem
3109 4064 3310 4108 tantum
3332 4057 3543 4125 quierit,

1965 4147 2058 4201 sed
2085 4147 2245 4202 etiam
2279 4147 2452 4200 tunica
2498 4156 2549 4200 te
2591 4146 2710 4199 exui
2751 4145 2940 4214 jubet;
2991 4160 3087 4200 nec
3131 4146 3310 4200 mitem
3339 4147 3543 4202 solum-

1965 4237 2125 4290 modo
2146 4277 2159 4298 .
2189 4235 2280 4290 sed
2314 4243 2368 4290 et
2401 4245 2455 4289 ut
2483 4235 2638 4289 aliam
2667 4235 2932 4290 maxillam
2959 4243 3238 4290 convertas
3269 4245 3544 4305 percutere

1963 4328 2228 4397 volenti),
2274 4328 2442 4394 illam,
2485 4343 2602 4399 qum
2641 4327 2916 4383 videbatur
2958 4343 3098 4396 esse,
3141 4331 3541 4400 repugnantiam

1961 4427 2016 4474 et
2043 4421 2474 4475 contrarietatem
2498 4420 2642 4490 prius
2684 4421 2835 4474 tollit.
2869 4418 3116 4490 Ideoque,
3149 4431 3205 4475 ut
3229 4437 3388 4491 supra
3409 4423 3540 4488 dixi,

1963 4525 2066 4565 non
2088 4510 2251 4565 semel
2283 4519 2485 4564 tantum
2517 4509 2618 4564 hoc
2649 4511 2883 4581 protulit,
2911 4511 3003 4566 sed
3037 4510 3135 4565 his.
3157 4511 3288 4566 Cum
3312 4511 3541 4566 dixisset

1959 4602 2123 4666 enim,
2156 4600 2330 4655 Nolite
2351 4613 2547 4672 putare,
2565 4601 2700 4672 quod
2725 4603 2938 4656 venerim
2964 4603 3154 4658 solvere
3179 4600 3356 4673 legem,
3384 4602 3539 4670 adje-

1959 4694 2032 4748 cit
2062 4710 2074 4746 :
2101 4691 2220 4746 Non
2243 4693 2352 4747 ueni
2377 4695 2584 4759 solvere,
2615 4693 2702 4746 sed
2723 4693 3019 4763 adimplere.
3045 4693 3271 4746 Rursum
3299 4696 3375 4746 ait
3402 4710 3415 4745 :
3448 4693 3536 4749 l8.

1960 4785 2118 4838 Amen
2151 4786 2337 4856 quippe
2360 4786 2472 4838 dico
2501 4785 2655 4847 vobis,
2682 4784 2841 4836 donec
2865 4793 3085 4836 transeat
3111 4784 3290 4837 ctelnm
3311 4793 3356 4838 et
3381 4793 3536 4850 terra,

1955 4877 2061 4930 iota
2086 4893 2242 4929 unum
2279 4885 2370 4928 aut
2411 4892 2544 4928 unus
2585 4891 2718 4944 apex
2747 4891 2846 4928 non
2877 4873 3146 4942 prtvteribit
3171 4892 3202 4927 α
3229 4873 3354 4945 lege,
3377 4875 3537 4929 donec

1955 4968 2126 5022 omnia
2152 4967 2296 5034 ﬁant.
2321 4966 2470 5032 Quod
2495 4975 2670 5018 autem
2697 4965 2842 5029 dicit,
2862 4963 3160 5032 hujusmodi
3182 4973 3266 5020 est
3295 4981 3310 5019 :
3337 4965 3538 5035 Impos-

1954 5057 2111 5118 sibile
2139 5066 2222 5112 est
2266 5071 2370 5110 non
2408 5056 2675 5125 impletam
2716 5071 2966 5120 manere,
2998 5055 3090 5109 sed
3136 5057 3219 5112 vel
3257 5057 3534 5111 minimum

1954 5151 2200 5221 quodque
2245 5149 2362 5218 ejus
2408 5147 2614 5216 impleri
2675 5155 2904 5217 oportet.
2936 5147 3086 5214 Quod
3129 5146 3243 5219 ipse
3284 5149 3405 5206 fecit
3443 5151 3532 5220 qui

1953 5249 2202 5296 accurate
2230 5241 2406 5293 omnia
2439 5239 2698 5309 implevit.
2728 5239 2822 5296 llic
2855 5247 3032 5292 autem
3065 5239 3219 5295 nobis
3237 5241 3535 5296 subindicat

1955 5332 2119 5386 totius
2161 5329 2342 5384 mundi
2389 5330 2611 5400 ﬁguram
2663 5330 3044 5385 immutandam
3080 5347 3219 5387 esse.
3263 5330 3375 5387 Nec
3417 5332 3534 5386 sine

1953 5439 2110 5479 causa
2141 5423 2191 5478 id
2225 5424 2419 5494 posuit,
2459 5423 2552 5478 sed
2584 5434 2639 5478 ut
2669 5425 2899 5494 erigeret
2926 5423 3252 5489 auditorem,
3281 5422 3532 5477 ostende-

1954 5525 2143 5586 retque
2171 5531 2229 5570 se
2262 5515 2384 5585 jure
2412 5516 2571 5570 aliam
2604 5515 2854 5572 inducere
2875 5517 3208 5586 disciplinam
3238 5533 3253 5568 :
3283 5515 3328 5568 si
3352 5512 3535 5568 omnia

1951 5624 2072 5679 qure
2102 5609 2154 5662 in
2182 5608 2380 5664 mutulo
2407 5616 2529 5664 sunt
2559 5609 2810 5663 mutanda
2839 5609 2963 5672 sint,
2987 5617 3039 5664 et
3063 5608 3108 5661 si
3135 5605 3404 5660 hominum
3432 5620 3526 5676 ge-

1951 5716 2052 5754 nus
2098 5699 2164 5753 ad
2215 5700 2370 5754 aliam
2415 5701 2639 5771 patriam
2683 5702 2752 5755 sit
2791 5699 3123 5763 vocandum,
3168 5695 3528 5752 sublimiorem

1954 5793 2240 5863 pra‘parari
2269 5792 2451 5848 vitam.
2499 5793 2584 5848 19.
2633 5791 2942 5858 Quicumque
2979 5805 3103 5859 ergo
3141 5788 3340 5843 soluerit
3364 5805 3525 5843 unum
