4084 6210
547 344 653 400 21⁸5

545 462 608 515 dc
636 459 888 512 mandatis
916 459 1020 514 istis
1048 457 1286 522 minimis,
1321 467 1368 512 et
1405 457 1626 511 docuerit
1650 458 1722 511 sic
1748 459 1992 524 homines,
2020 473 2117 510 nu-

545 554 711 606 trimus
737 552 994 606 vocabitur
1017 553 1068 604 in
1104 567 1257 620 regno
1281 550 1539 603 malorum.
1586 550 1870 619 Postquam
1897 550 2036 605 enim
2063 565 2123 606 se

541 662 568 700 a
601 647 733 700 mala
763 645 1062 714 suspicione
1100 643 1400 707 vindicavit,
1434 652 1487 697 et
1509 659 1693 698 eorum
1727 643 1813 713 qui
1847 644 2121 698 contradi-

540 754 664 794 cere
691 737 884 790 vellent
925 750 1016 790 ora
1048 735 1307 797 obstruit,
1352 744 1472 788 tunc
1511 735 1723 790 demum
1763 744 1816 789 et
1847 744 2039 795 terret.
2069 745 2122 790 et

541 829 714 882 minas
739 827 970 897 graviter
1000 828 1224 880 intentat
1250 842 1411 895 super
1441 827 1613 880 futura
1636 827 1770 895 lege.
1799 826 1948 894 Quod
1977 829 2118 882 enim

540 923 590 975 id
635 939 738 976 non
775 921 841 975 de
870 921 1101 989 antiquis
1129 921 1332 984 legibus
1357 919 1584 983 dixerit,
1627 921 1720 975 sed
1756 921 1822 974 de
1859 921 1958 974 illis
1990 937 2120 990 quas

539 1015 651 1080 ipse
676 1014 876 1067 laturus
902 1021 1038 1076 erat,
1059 1013 1180 1066 audi
1209 1013 1498 1081 sequentia.
1524 1013 1612 1067 20.
1639 1013 1766 1066 Dico
1788 1015 1919 1067 enim
1945 1013 2079 1067 vobis
2100 1029 2119 1067 :

541 1104 660 1158 Nisi
686 1103 1011 1157 abundaverit
1031 1105 1232 1173 justitia
1262 1112 1421 1156 uestra
1456 1106 1568 1172 plus
1594 1121 1742 1173 quam
1767 1105 2040 1157 scribarum
2073 1115 2119 1158 ct

545 1195 934 1258 P/tarisworum,
962 1213 1060 1248 non
1087 1195 1337 1249 intrabitis
1364 1198 1414 1248 in
1451 1213 1656 1266 regnum
1683 1199 1939 1251 ctclorum.
1967 1198 2118 1263 Quod

538 1289 580 1339 si
610 1288 749 1340 circa
778 1297 1009 1339 veterem
1040 1287 1206 1355 legem
1253 1289 1562 1349 minaretur,
1598 1303 1692 1341 cur
1721 1289 1963 1352 dixisset,
2000 1287 2119 1341 Nisi

539 1379 859 1432 abundaverit
879 1379 904 1431 ?
936 1379 970 1432 li
995 1381 1134 1432 enim
1158 1380 1245 1448 qui
1269 1381 1453 1434 eadem
1489 1381 1596 1450 ipsa
1617 1421 1630 1444 ,
1659 1398 1775 1450 qum
1804 1383 1874 1435 illi
1902 1424 1914 1444 ,
1956 1383 2116 1436 facie-

537 1469 680 1533 bant,
709 1486 810 1523 non
842 1480 1081 1538 poterant
1110 1472 1399 1524 secundum
1427 1473 1644 1539 justitize
1675 1476 1928 1528 rationem
1953 1476 2116 1528 abun-

535 1561 682 1615 dare.
705 1561 804 1616 Sed
833 1562 955 1630 quid
986 1572 1094 1615 erat
1130 1563 1253 1616 illud
1279 1563 1417 1632 quod
1439 1562 1780 1617 abundabat?
1802 1567 1912 1619 Non
1939 1567 2110 1631 irasci,

537 1655 808 1706 mulierem
851 1670 952 1706 non
989 1655 1254 1722 impudice
1296 1657 1582 1724 reSpiecre.

605 1747 656 1798 ti.
700 1744 806 1798 Cur
853 1760 979 1814 ergo
1015 1745 1259 1798 minimas
1303 1745 1417 1799 illas
1459 1748 1662 1800 vocavit
1715 1749 1876 1817 leges,
1907 1751 2113 1807 etiamsi

535 1844 692 1888 tante
741 1847 952 1904 tamque
981 1836 1234 1889 sublimes
1272 1835 1425 1888 sint?
1456 1838 1585 1903 Quia
1620 1839 1732 1906 ipse
1760 1841 1925 1908 legem
1957 1843 2114 1896 indu-

531 1937 714 1978 cturus
741 1934 873 1978 erat.
904 1925 1052 1980 Sicut
1074 1927 1214 1979 enim
1242 1941 1299 1980 se
1327 1927 1584 1992 lmmiliat,
1618 1939 1671 1982 et
1697 1931 1933 1986 modeste
1972 1948 2113 2002 saepe

533 2021 598 2073 dc
626 2021 802 2090 st-ipso
833 2021 1063 2089 loquitur
1093 2039 1105 2072 :
1137 2021 1212 2074 sic
1239 2021 1397 2074 etiam
1421 2023 1558 2076 circa
1593 2023 1760 2093 legem
1790 2040 1938 2078 suam
1965 2029 2108 2096 agit;

532 2123 587 2165 ιιι
616 2129 710 2166 nos
739 2130 950 2182 quoque
978 2113 1060 2166 hic
1087 2112 1280 2166 doceat
1305 2114 1354 2166 in
1382 2115 1629 2170 omnibus
1660 2117 1897 2171 modeste
1930 2134 2108 2188 agere.

535 2205 782 2275 Alioquin
815 2217 990 2259 autem
1033 2205 1154 2274 quia
1196 2205 1555 2259 innovationis
1595 2208 1828 2276 suspicio
1867 2209 2108 2278 quaedam

529 2311 648 2349 esse
689 2296 995 2361 videbatur,
1044 2296 1358 2350 demissiore
1389 2297 1597 2351 interim
1630 2298 1875 2368 loquendi
1917 2316 2110 2369 genere

529 2390 714 2441 utitur.
745 2387 878 2443 Cum
917 2404 1042 2442 vero
1069 2389 1218 2441 audis
1244 2389 1517 2442 minimum
1549 2389 1599 2442 in
1630 2405 1795 2460 regno
1833 2393 2105 2459 caelorum,

527 2496 595 2533 ne
617 2479 753 2533 aliud
777 2480 1061 2548 suspiceris
1083 2495 1237 2548 quam
1265 2481 1561 2549 gehennam
1587 2491 1746 2551 atque
1767 2485 2103 2552 supplicium.

528 2571 766 2639 Regnum
796 2572 937 2625 enim
965 2573 1099 2626 solet
1129 2573 1418 2641 appellare,
1451 2589 1553 2626 non
1581 2575 1970 2631 usumfructum
1995 2594 2108 2631 mo-

523 2664 628 2727 do,
674 2665 764 2718 sed
805 2665 962 2718 eliant
1005 2666 1408 2720 resurrectionis
1450 2676 1691 2736 tempus,
1731 2677 1785 2722 et
1823 2669 2104 2726 adventum

527 2755 676 2809 illum
722 2756 1033 2810 terribilem.
1085 2755 1216 2810 Nam
1266 2756 1534 2826 quomodo
1582 2759 1772 2812 rationi
1819 2772 2103 2816 consenta-

525 2865 680 2904 neum
726 2859 900 2914 esset,
943 2866 1062 2904 eum
1104 2853 1193 2920 qui
1223 2849 1441 2904 fratrem
1472 2851 1691 2904 Stultum
1721 2864 1894 2918 vocat,
1929 2862 1982 2908 et
2015 2856 2104 2925 qui

523 2942 825 2996 tnamlatum
858 2959 1016 2996 untnn
1042 2944 1222 3007 violat,
1254 2943 1303 2995 in
1326 2943 1624 3010 gehennam
1652 2945 1884 3000 incidere
1913 2964 1925 3008 ;
1956 2947 2102 3002 illum

523 3052 651 3090 vero
697 3038 782 3104 qui
827 3037 1003 3089 omnia
1045 3046 1308 3104 praecepta
1337 3035 1574 3098 solverit,
1608 3045 1660 3089 et
1703 3036 1834 3091 alios
1856 3039 1922 3092 ad
1963 3039 2102 3110 idip-

520 3144 636 3183 sum
669 3129 952 3191 induxerit,
987 3128 1035 3180 in
1069 3141 1232 3196 regno
1260 3127 1422 3180 locari
1449 3128 1470 3180 ?
1497 3127 1608 3182 Non
1639 3129 1796 3196 igitur
1823 3129 1921 3184 hoc
1952 3131 2100 3196 dicit,

523 3221 615 3275 sed
651 3221 796 3274 illum
817 3235 881 3273 eo
914 3229 1151 3288 tempore
1193 3219 1468 3272 mininmm
1501 3220 1756 3286 futurum,
1789 3222 1838 3275 id
1871 3231 1970 3287 est,
2010 3224 2102 3278 ab-

518 3313 737 3384 iectum,
787 3311 1046 3364 ultimum.
1087 3311 1312 3366 Ultimus
1355 3321 1528 3366 autem
1561 3322 1681 3368 tunc
1713 3314 1762 3368 itt
1807 3316 2099 3385 gehennam

520 3402 736 3456 incidet.
786 3402 991 3455 Etenim
1039 3412 1218 3470 utpote
1253 3403 1389 3457 Deus
1419 3404 1702 3458 multorum
1728 3408 2098 3477 negligentiam

521 3491 843 3560 pratvidebat
866 3534 877 3555 ,
907 3502 959 3545 et
985 3492 1240 3562 quosdam
1271 3492 1474 3548 futuros
1499 3511 1617 3550 esse
1643 3498 1730 3566 qui
1769 3498 1854 3551 illa
1881 3516 1974 3568 per
2000 3499 2099 3572 by-

520 3585 770 3654 perholen
817 3585 986 3639 Solum
1038 3586 1176 3640 dicta
1224 3601 1342 3640 esse
1389 3597 1669 3655 putarent,
1722 3599 1775 3642 et
1827 3591 1915 3660 qui
1959 3593 2097 3646 circa

519 3681 662 3749 leges
688 3679 1126 3733 ratiocinarentur
1146 3689 1196 3733 et
1215 3680 1455 3734 dicerent
1485 3698 1498 3735 :
1524 3681 1580 3736 Si
1603 3697 1730 3750 ergo
1755 3685 1872 3753 quis
1901 3684 2097 3741 fatuum

519 3771 806 3834 vocaverit,
835 3772 1050 3840 punitur
1074 3772 1097 3823 ?
1118 3772 1160 3823 si
1195 3772 1468 3826 mulierem
1510 3774 1825 3841 simpliciter
1845 3793 2096 3846 respexe-

518 3863 607 3927 rit,
639 3862 876 3917 mmchus
903 3861 1130 3916 efﬁcitur
1155 3862 1178 3915 ?
1221 3863 1342 3917 Ideo
1370 3863 1510 3916 illam
1543 3865 1734 3918 tollens
1762 3868 2060 3922 socordiam
2079 3911 2094 3934 ,

515 3959 689 4012 minas
732 3958 955 4010 intentat
987 3955 1241 4009 maximas
1271 3956 1546 4025 utrisque,
1576 3965 1628 4010 et
1659 3959 2096 4028 transgredienti-

516 4049 636 4109 bus,
667 4059 718 4102 et
745 4049 878 4102 alios
909 4048 973 4101 ad
1005 4047 1106 4102 hoc
1137 4046 1527 4101 inducentibus.
1564 4048 1732 4102 Minas
1773 4050 1947 4120 itaque
1973 4066 2095 4107 cer-

515 4153 722 4204 nentes,
753 4156 924 4209 neque
946 4141 1038 4208 ipsi
1066 4139 1535 4208 transgrediamur,
1560 4155 1728 4207 neque
1754 4141 1866 4196 inec
1885 4157 2097 4198 servare

517 4232 754 4284 volentes
799 4241 1122 4283 avertamus.
1181 4230 1280 4296 Qui
1324 4239 1489 4283 autent
1532 4231 1704 4300 fecerit
1743 4242 1789 4286 et
1837 4233 2092 4300 docuerit,

516 4323 704 4391 inquit,
759 4339 970 4392 magnus
1017 4322 1287 4374 vocabitur.
1319 4321 1433 4374 Non
1483 4322 1624 4375 enim
1666 4324 1818 4377 nobis
1866 4334 2092 4391 tantum,

516 4413 610 4468 sed
648 4423 700 4467 et
751 4413 867 4465 aliis
913 4413 1067 4466 utiles
1113 4428 1232 4465 esse
1275 4413 1550 4466 debemus.
1597 4414 1780 4484 Neque
1813 4418 1953 4471 enim
2002 4433 2097 4486 par

516 4520 721 4560 merces
760 4516 840 4559 est
884 4505 932 4558 ei
975 4505 1060 4573 qui
1090 4519 1147 4558 se
1176 4503 1240 4556 all
1288 4514 1432 4558 recte
1475 4503 1769 4560 iaciendum
1801 4519 2091 4578 eotnparat,

511 4606 569 4651 et
611 4596 662 4651 ei
718 4597 804 4666 qui
869 4609 1076 4649 secum'
1109 4593 1271 4646 alium
1318 4593 1382 4646 ad
1431 4594 1480 4647 id
1527 4595 1759 4651 adducit.
1813 4598 2092 4664 Quemad-

515 4689 730 4744 modum
763 4689 904 4744 enim
941 4688 1134 4742 docere
1177 4695 1232 4742 et
1272 4703 1374 4739 non
1419 4686 1608 4752 facere,
1645 4688 1961 4743 condemnat
1987 4691 2094 4744 do-

513 4793 756 4844 centem,
809 4784 972 4850 (nam
1017 4781 1089 4834 ait
1122 4797 1135 4835 :
1173 4780 1274 4846 Qui
1316 4780 1464 4833 doces
1494 4780 1690 4845 alium,
1733 4782 1943 4850 teipsunt
1989 4800 2093 4838 non

512 4876 658 4928 doces
687 4874 874 4946 [ηοω.
914 4875 967 4928 2.
999 4873 1142 4946 21])
1175 4875 1198 4926 ?
1241 4875 1318 4927 sic
1366 4873 1558 4938 facere,
1603 4888 1702 4928 nec
1748 4874 1878 4928 alios
1925 4876 1990 4929 ad
2021 4876 2094 4928 fa-

515 4965 761 5022 ciendum
793 4966 1042 5019 inducere
1064 5009 1078 5028 ,
1107 4965 1405 5020 mercedem
1433 4965 1641 5019 minuit.
1682 4965 1902 5034 Oportet
1937 4967 2094 5038 igitur

513 5059 566 5112 in
612 5066 836 5126 utroque
875 5072 1180 5126 supremum
1222 5073 1359 5120 esse,
1399 5065 1454 5111 et
1499 5072 1618 5112 cum
1665 5065 1716 5111 te
1753 5058 1981 5126 priorem
2026 5058 2090 5112 ad

512 5149 945 5205 benefaciendum
990 5147 1258 5203 induxeris
1283 5191 1297 5212 ,
1333 5149 1397 5202 ad
1438 5147 1662 5202 aliorum
1696 5163 1874 5202 curam
1915 5159 2090 5203 trans-

510 5241 742 5299 eundum
784 5249 882 5294 est.
928 5239 1126 5294 Idcirco
1151 5240 1290 5292 enim
1320 5240 1432 5307 ipse
1457 5253 1616 5308 opera
1648 5248 1772 5294 ante
1796 5239 2089 5294 doctrinam

512 5337 710 5408 posuit,
757 5335 1046 5389 ostendens
1091 5334 1167 5387 sic
1193 5333 1392 5402 optime
1439 5332 1681 5402 quemvis
1720 5349 1777 5387 se
1805 5333 1868 5387 ad
1902 5333 2090 5387 docen-

509 5429 635 5484 dum
663 5441 1000 5496 comparare,
1038 5440 1207 5495 neque
1235 5425 1340 5477 alio
1380 5425 1538 5478 uredo
1567 5441 1834 5493 umquam.
1870 5425 2092 5478 Auditu-

509 5538 601 5576 rus
641 5532 782 5576 esset
813 5520 955 5574 enim
980 5563 992 5585 ,
1025 5516 1240 5581 Medico,
1278 5533 1401 5569 cura
1428 5517 1638 5584 teipsum
1680 5518 1698 5585 (
1724 5515 1847 5569 Luc.
1877 5517 1931 5570 4.
1953 5515 2024 5569 25
2047 5515 2088 5581 ).

511 5617 609 5681 Qui
649 5617 790 5671 enim
830 5629 948 5669 cum
995 5613 1228 5681 seipsnm
1275 5610 1466 5664 docere
1504 5625 1607 5662 non
1653 5610 1912 5678 potuerit.
1958 5609 2092 5662 alios

521 5706 807 5759 etnendarc
833 5712 1077 5765 conatur,
1111 5717 1140 5755 a
1177 5701 1353 5755 multis
1381 5699 1683 5755 irridebitur
1716 5718 1731 5765 ;
1761 5700 1867 5754 imo
1897 5715 1962 5753 ne
1990 5699 2090 5754 do-

508 5813 632 5852 cere
679 5798 891 5868 quidem
942 5799 1028 5853 ille
1072 5797 1295 5868 poterit,
1343 5795 1469 5867 ipsis
1517 5791 1764 5864 operibus
1818 5791 2081 5847 contraria

1289 342 1342 398 S.
1385 341 1659 398 JOANNIS
1697 339 2164 400 CIIRYSOSTOMI
2204 340 2523 400 ARCIIIEP.
2563 347 3093 405 CONSTAN'NNOP.

3706 349 3814 405 ’ΞΗ

2232 460 2654 518 testiﬁcantibus.
2699 461 2754 518 Si
2795 479 2920 518 vero
2967 465 3019 520 in
3061 473 3286 535 utroque
3329 463 3598 535 perfectus
3625 463 3813 528 fuerit.

2229 568 2450 622 magnus
2482 554 2756 609 vocabitur
2791 557 2839 609 in
2877 572 3040 627 regno
3065 555 3336 612 cazlornm.
3381 555 3508 610 Dico
3554 559 3689 611 enim
3719 575 3815 613 vo-

2229 645 2322 710 bis,
2361 644 2478 698 Nisi
2505 647 2826 701 abundaverit
2855 649 3055 718 justitia
3090 657 3249 702 vestra
3279 649 3393 718 plus
3425 666 3576 718 quam
3615 650 3816 704 scriba-

2228 751 2339 788 rum
2365 747 2408 788 et
2434 735 2826 802 Pbaristcorum,
2851 754 2951 791 non
2968 737 3214 791 inti-abitis
3236 738 3286 790 in
3308 755 3518 807 regnum
3544 741 3812 795 caelorum.

2230 825 2323 878 llic
2361 827 2647 894 justitiam,
2691 843 2902 881 omnem
2947 839 3097 882 vocnt
3135 830 3420 894 virtutem;
3463 840 3519 884 ut
3549 831 3706 884 etiam
3743 832 3819 886 de

2226 917 2359 972 Jobo
2383 937 2604 975 narrans
2630 921 2838 976 dicebat
2866 940 2878 974 ε
2913 921 2978 975 Et
3008 933 3112 975 erat
3144 923 3292 974 homo
3320 922 3808 990 irrepreltcnsibilis,

2225 1009 2387 1076 iustus
2429 1011 2569 1080 (Job
2614 1012 2790 1080 1.1).
2851 1012 3150 1066 Secundum
3199 1011 3336 1066 hanc
3370 1012 3812 1081 justiﬁcationent

2221 1101 2422 1169 justum
2469 1103 2613 1156 illum
2659 1103 2852 1157 Paulus
2904 1103 3160 1167 vocabat,
3194 1104 3278 1158 cui
3317 1104 3487 1173 legem
3518 1121 3620 1158 non
3659 1108 3811 1174 posi-

2228 1201 2332 1246 tam
2385 1209 2505 1247 csse
2549 1193 2761 1249 dicebat
2806 1213 2819 1248 :
2869 1194 3018 1248 Justo
3063 1196 3194 1249 enim
3247 1196 3330 1248 lea:
3376 1212 3477 1249 non
3524 1199 3686 1259 posita
3737 1207 3810 1250 est

2225 1284 2243 1352 (
2276 1286 2322 1338 l.
2351 1283 2485 1340 Tim.
2520 1287 2568 1339 1.
2601 1287 2699 1356 9),
2749 1287 2936 1356 inquit.
2983 1287 3241 1357 Strpeque
3291 1288 3413 1341 alibi
3463 1288 3562 1342 hoc
3610 1306 3806 1344 nomen

2225 1393 2318 1444 pro
2340 1379 2572 1445 generali
2602 1380 2795 1433 virtute
2825 1381 3050 1448 positum
3082 1381 3314 1448 reperire
3333 1391 3413 1434 est
3437 1380 3538 1450 (α).
3570 1381 3645 1434 Tu
3679 1399 3805 1435 vero

2225 1469 2351 1522 mihi
2402 1470 2670 1538 perpende
2701 1475 2884 1540 gratiae
2922 1480 3262 1541 augmentum
3287 1514 3299 1536 ,
3331 1472 3544 1542 quando
3573 1473 3806 1542 discipu-

2224 1557 2304 1610 los
2349 1558 2521 1613 adhuc
2565 1559 2722 1613 rudes
2767 1560 2878 1613 vult
2926 1563 3118 1615 veteris
3171 1562 3300 1632 legis
3336 1563 3642 1618 doctoribus
3686 1581 3808 1619 esse

2223 1651 2491 1705 meliores.
2539 1650 2751 1706 Scribas
2796 1661 2971 1706 autem
3009 1663 3062 1707 et
3101 1654 3398 1709 Pharismos
3445 1655 3528 1710 hic
3560 1673 3662 1710 non
3698 1657 3805 1711 im-

2224 1744 2417 1811 probos
2464 1755 2866 1807 commemorat,
2903 1745 2995 1799 sed
3049 1747 3288 1814 probos;
3334 1749 3433 1802 nisi
3473 1751 3614 1803 enim
3647 1751 3802 1820 probi

2219 1845 2430 1901 essent,
2467 1851 2798 1905 nequaquam
2828 1851 2922 1891 eos
2953 1837 3152 1892 diceret
3180 1839 3374 1894 habere
3395 1839 3675 1908 justitiam,
3708 1858 3807 1896 ne-

2217 1941 2321 1995 que
2338 1926 2594 1994 justitiam
2620 1943 2722 1979 non
2747 1930 3087 1980 exsistentem
3119 1944 3238 1982 cum
3260 1932 3551 1985 cxsistente
3574 1948 3800 2000 compa-

2217 2026 2377 2071 raret.
2411 2017 2683 2086 Perpende
2722 2027 2898 2071 autem
2929 2019 3031 2073 hoc
3057 2020 3173 2072 loco
3210 2021 3475 2089 quomodo
3513 2038 3634 2078 esse
3658 2034 3803 2079 vete-

2215 2124 2329 2162 rem
2388 2107 2556 2177 legem
2613 2109 2974 2174 commendet,
3025 2110 3150 2163 dum
3197 2127 3313 2166 eam
3360 2125 3634 2182 comparat
3677 2131 3800 2169 cum

2216 2214 2349 2252 nova
2381 2215 2396 2252 :
2441 2199 2581 2268 quod
2613 2214 2740 2254 sane
2770 2199 3002 2254 declarat
3043 2201 3185 2254 illam
3217 2203 3336 2255 huic
3372 2218 3492 2257 esse
3516 2215 3800 2274 cognatam

2214 2301 2266 2345 et
2291 2290 2501 2344 afﬁnem
2534 2307 2546 2342 :
2581 2306 2700 2344 nam
2732 2292 2846 2360 plus
2872 2300 2925 2346 et
2955 2293 3130 2347 minus
3155 2294 3391 2362 ejusdem
3419 2297 3630 2363 generis
3652 2308 3798 2351 Sunt.

2212 2381 2328 2436 Non
2359 2383 2515 2450 igitur
2555 2384 2716 2435 veteri
2757 2384 3038 2448 obtrectat,
3073 2383 3168 2438 sed
3216 2385 3358 2438 illam
3400 2387 3578 2455 augeri
3607 2389 3716 2440 vult
3743 2402 3799 2441 et

2212 2474 2425 2529 extendi
2460 2493 2474 2527 :
2505 2489 2621 2543 qum
2656 2475 2700 2528 si
2746 2489 2773 2526 ιι
2819 2474 2958 2526 tnalo
2991 2475 3246 2543 prodiret,
3273 2493 3374 2528 non
3408 2478 3635 2546 amplius
3663 2481 3791 2548 quid

2213 2566 2264 2619 in
2297 2566 2379 2619 illa
2412 2574 2694 2632 qtuereret,
2729 2581 2900 2636 neque
2946 2567 3087 2622 illam
3134 2568 3501 2637 perfectiorem
3533 2573 3798 2626 reddidis-

2210 2669 2311 2720 set,
2345 2658 2438 2712 scd
2486 2657 2822 2726 explosisset.
2873 2659 2937 2713 Et
2978 2660 3268 2729 quomodo,
3307 2662 3536 2731 inquies,
3586 2665 3628 2717 si
3677 2667 3797 2720 talis

2209 2759 2317 2815 est,
2358 2752 2408 2804 in
2463 2766 2679 2819 regnum
2705 2751 2816 2819 jam
2851 2769 2952 2804 non
2985 2752 3235 2807 inducit?
3266 2753 3378 2806 Non
3414 2755 3609 2809 inducit
3650 2769 3794 2811 certe

2209 2859 2303 2897 eos
2349 2845 2434 2914 qui
2483 2854 2600 2913 post
2629 2845 2826 2898 Christi
2870 2845 3162 2898 adventum
3211 2847 3368 2918 vitam
3408 2848 3791 2914 instituerunt,

2210 2947 2391 3005 utpote
2442 2938 2528 3006 qui
2585 2937 2838 3003 majorem
2889 2938 3201 3006 consequuti
3252 2941 3534 3003 virtutem,
3589 2943 3793 3008 ntajora

2207 3030 2403 3083 debent
2447 3030 2593 3084 adire
2643 3031 2932 3084 certamina
2974 3046 2988 3083 :
3031 3046 3154 3084 nam
3180 3031 3425 3086 alumnos
3447 3048 3573 3086 suos
3606 3052 3794 3088 omnes

2207 3137 2271 3175 eo
2315 3121 2618 3175 introducit.
2654 3121 2808 3174 Multi
2852 3123 2983 3174 enim
3030 3123 3222 3176 venient
3250 3125 3312 3176 ab
3359 3126 3550 3178 oriente
3587 3135 3634 3179 et
3661 3130 3790 3180 occi-

2207 3214 2373 3275 dente,
2408 3215 2594 3282 inquit,
2619 3224 2664 3267 et
2690 3213 2972 3268 recnmbent
3012 3216 3064 3268 in
3095 3217 3208 3270 sinu
3237 3217 3454 3269 Abraltte
3478 3229 3524 3270 et
3551 3217 3722 3272 Isaaci
3747 3231 3794 3273 et

2204 3307 2382 3361 Jacobi
2407 3307 2690 3378 (illati/nil.
2719 3307 2826 3378 11).
2857 3307 3087 3362 Lazarus
3115 3321 3277 3370 certe.
3308 3311 3394 3379 qui
3430 3312 3634 3379 magnis
3664 3312 3793 3366 frui-

2206 3409 2291 3453 tur
2317 3401 2574 3470 pracmiis,
2605 3402 2656 3454 in
2688 3401 2803 3469 ejus
2833 3402 2949 3455 sinu
2994 3416 3214 3457 versans
3241 3415 3459 3472 apparet
3499 3403 3651 3473 (Luc.
3681 3406 3790 3474 16).

2205 3493 2271 3547 Ει
2317 3503 2575 3564 quotquot
2606 3494 2656 3547 in
2703 3495 2871 3548 veteri
2912 3495 3026 3565 lege
3073 3494 3358 3549 admodum
3405 3495 3686 3560 refulsere,
3741 3500 3790 3554 id

2205 3601 2300 3655 per
2341 3586 2482 3640 illam
2513 3587 2786 3657 assequuti
2834 3595 2975 3640 sunt.
3024 3587 3267 3640 Christus
3313 3602 3461 3648 vero,
3496 3589 3539 3642 si
3585 3589 3668 3644 lex
3703 3591 3790 3643 illa

2204 3680 2339 3732 tuala
2386 3690 2439 3732 et
2483 3679 2650 3733 aliena
2699 3678 2922 3744 inisset,
2968 3695 3070 3732 non
3103 3679 3241 3732 illam
3275 3695 3487 3734 omnem
3517 3681 3790 3750 implevis-

2202 3781 2302 3825 set.
2349 3771 2479 3825 Nam
2526 3772 2568 3825 si
2600 3771 2649 3825 id
2696 3772 2868 3825 solum
2901 3770 3111 3825 fecisset
3142 3781 3197 3824 ιιι
3231 3771 3444 3826 ,Ιιιάωοε
3473 3773 3785 3838 attraheret,

2203 3882 2308 3920 non
2335 3875 2511 3919 autem
2549 3875 2607 3919 ιιι
2639 3863 2944 3918 ostenderet
2993 3879 3110 3918 eam
3139 3874 3415 3933 cognatam
3447 3879 3566 3918 esse
3595 3875 3648 3920 et
3671 3866 3791 3919 afﬁ-

2203 3975 2321 4015 nem
2349 3975 2500 4013 nova:
2528 3958 2650 4027 legi,
2678 3973 2773 4011 cur
2797 3972 2901 4010 non
2931 3955 3090 4009 etiam
3117 3955 3394 4024 gentilium
3425 3956 3571 4026 leges
3602 3968 3654 4010 et
3682 3975 3790 4010 mo-

2201 4065 2289 4106 res
2317 4049 2662 4119 implevissct,
2698 4058 2753 4100 ut
2779 4038 3010 4117 geritiles
3038 4044 3375 4114 pertraheret
3399 4045 3422 4097 τ

2273 4143 2325 4196 5.
2363 4140 2609 4210 Undique
2647 4154 2773 4210 ergo
2805 4138 2980 4208 palam
3011 4146 3092 4191 est
3119 4151 3237 4190 eam
3267 4151 3297 4189 a
3327 4137 3540 4190 Christo
3567 4152 3672 4190 non
3702 4140 3782 4192 in-

2200 4234 2341 4298 duci,
2381 4249 2485 4287 non
2513 4232 2652 4302 quod
2682 4231 2817 4284 mala
2845 4230 2935 4293 sit,
2967 4228 3059 4282 sed
3091 4227 3230 4298 quod
3263 4229 3519 4297 majorum
3549 4230 3620 4282 sit
3649 4247 3790 4298 prte-

2200 4340 2474 4400 ceptorum
2496 4337 2723 4395 tempus.
2744 4324 2961 4379 Etiamsi
2990 4338 3115 4377 vero
3141 4321 3502 4390 imperfectior
3526 4323 3599 4377 sit
3627 4340 3789 4393 quam

2203 4436 2358 4484 nova,
2388 4419 2438 4472 id
2466 4429 2608 4473 certe
2631 4433 2736 4470 non
2759 4415 2947 4484 prohat
2971 4414 3137 4482 ipsam
3164 4429 3285 4468 esse
3306 4415 3496 4468 malatn
3518 4433 3529 4466 :
3551 4417 3789 4485 alioquin

2199 4521 2372 4565 autem
2405 4525 2538 4564 nova
2563 4511 2611 4562 in
2638 4506 2879 4560 eamdem
2909 4505 3166 4559 incideret
3194 4504 3579 4559 conditionem.
3609 4506 3792 4573 Siqui-

2151 4602 2156 4607 ’
2197 4604 2318 4658 dem
2348 4601 2500 4670 lmjus
2530 4598 2770 4661 scientia,
2801 4597 2845 4650 si
2872 4613 2991 4650 cum
3022 4596 3210 4650 futura:
3241 4596 3359 4649 vitze
3384 4597 3608 4650 scientia
3635 4614 3793 4652 com-

2199 4703 2434 4765 paretur,
2468 4691 2660 4760 exigua
2690 4699 2742 4743 et
2771 4687 3076 4757 imperfecta
3104 4695 3206 4752 est,
3237 4697 3397 4756 atque
3427 4687 3511 4740 illa
3534 4689 3791 4742 veniente

2197 4794 2504 4842 evacuatur.
2532 4784 2662 4838 Nam
2689 4781 2817 4837 Cum
2845 4781 3063 4844 venerit,
3107 4779 3310 4849 inquit,
3342 4779 3476 4845 quod
3508 4781 3792 4848 perfectum

2198 4889 2290 4941 est,
2315 4888 2430 4933 tunc
2455 4875 2775 4932 evacuabitur
2793 4871 2926 4942 quod
2957 4887 3018 4925 ea:
3043 4878 3186 4942 parte
3205 4878 3276 4924 est
3303 4869 3377 4939 (1.
3397 4867 3514 4923 Cor.
3540 4871 3629 4924 15.
3659 4871 3725 4926 10
3734 4887 3746 4936 ,t
3772 4888 3787 4923 :

2198 4971 2336 5043 quod
2369 4985 2462 5040 per
2488 4969 2691 5024 Novam
2720 4964 2884 5020 Vetus
2912 4977 3163 5034 perpessa
3191 4970 3291 5015 est.
3324 4961 3428 5015 Nec
3457 4970 3634 5015 tamen
3666 4978 3796 5031 pro-

2198 5075 2378 5136 pterea
2410 5062 2551 5114 illam
2579 5055 3001 5116 criminabimur,
3035 5053 3158 5107 licet
3191 5052 3278 5105 illa
3308 5062 3503 5114 cesset,
3533 5066 3659 5106 cum
3691 5067 3795 5106 nos

2198 5169 2362 5225 regno
2386 5163 2650 5224 potiemur
2675 5168 2687 5202 :
2714 5148 2856 5202 Tum:
2881 5147 3021 5200 enim
3048 5143 3366 5198 evacuabitur
3389 5143 3525 5212 quod
3554 5159 3618 5197 ιε
3643 5156 3796 5212 parte

2198 5259 2291 5316 est,
2317 5247 2486 5317 inquit
2504 5264 2518 5301 ;
2539 5245 2680 5298 illam
2705 5251 2878 5295 tamen
2903 5253 3146 5308 magnam
3172 5237 3418 5290 dicimus.
3441 5235 3579 5290 Cum
3606 5236 3797 5306 itaque

2199 5334 2396 5414 majora
2428 5341 2534 5396 sint
2562 5339 2798 5410 prtemia,
2829 5336 3162 5404 ampliorque
3187 5331 3415 5404 Spiritus
3444 5332 3634 5398 virtus,
3665 5333 3796 5402 jure

2263 5608 2333 5670 (α)
2357 5610 2460 5658 .lam
2492 5606 2609 5657 olim
2623 5607 2682 5670 ab
2714 5603 2958 5670 antiquis,
2974 5602 3186 5670 iustitia,
3231 5602 3282 5652 in
3305 5617 3503 5670 genere
3543 5616 3632 5670 pro
3647 5600 3796 5653 omni

2199 5664 2381 5721 virtute
2408 5670 2571 5721 habita
2595 5667 2707 5717 fuit'
2731 5665 2802 5715 sic
2822 5664 3149 5727 Empedocles
3189 5664 3699 5728 qtpiid'Aristotelem;

2329 5733 2406 5780 Ἐν
2423 5733 2484 5794 *δὲ
2505 5729 2774 5794 ᾂιξιαιοσῦνςῃ
2801 5729 3065 5794 σμλλήϐὂην
3090 5727 3205 5794 πᾶς’
3222 5727 3374 5794 tigerit
3407 5729 3528 5777 ’στιν

2334 5795 2394 5842 In
2404 5791 2597 5856 justitia
2623 5789 2774 5842 omnis
2795 5789 2949 5841 virtus
2966 5789 3408 5852 comprehenditur.
