4084 6210
381 320 484 377 illi

383 438 584 506 majora
614 435 957 506 requiruntur
1017 429 1162 487 dona
1221 432 1257 487 ¹.
1316 427 1437 487 Non
1491 432 1603 502 jam
1654 424 1958 511 terragl'acte

382 541 437 585 et
475 529 632 585 melle
666 542 881 583 manans
920 526 1281 596 promittitur,
1323 540 1427 576 non
1454 531 1726 575 senectus
1754 518 1959 580 vivida,

387 636 491 674 non
538 618 818 674 nudtitudo
848 618 1109 683 filiorum,
1147 630 1253 669 non
1302 615 1621 667 frumentum
1663 620 1716 664 et
1748 611 1958 671 vinum,

390 728 492 765 non
521 725 706 781 greges
732 719 784 764 et
812 717 1050 763 armenta
1075 723 1090 771 ;
1126 705 1220 759 sed
1247 705 1435 758 caelum
1467 712 1519 756 et
1544 702 1773 755 cmlestia
1801 700 1960 761 bona,

388 804 595 871 adoptio
619 813 670 856 et
697 800 1002 855 fraternitas
1027 814 1146 853 cum
1172 796 1476 866 Unigenito,
1507 795 1813 849 hereditatis
1836 807 1963 847 con-

388 894 633 955 sortium,
676 892 857 960 glori-.r
887 901 941 944 et
972 890 1116 960 regni
1162 888 1421 949 societas,
1464 888 1848 954 innumeraque
1877 884 1960 937 illa

389 986 621 1053 prtemia.
652 984 803 1052 Quod
845 995 1021 1036 autem
1066 981 1253 1050 majori
1300 979 1494 1033 auxilio
1530 980 1799 1042 fruamur,
1841 976 1961 1027 audi

383 1077 601 1132 Paulum
629 1075 931 1129 dicentem:
956 1072 1103 1126 Nihil
1139 1089 1256 1142 ergo
1297 1072 1402 1139 iam
1437 1068 1772 1122 damnationis
1802 1076 1874 1120 cst
1902 1067 1963 1119 iis

379 1171 465 1236 qui
490 1178 606 1221 sunt
631 1168 682 1220 in
701 1164 902 1221 Christo
926 1164 956 1218 ,Ι
965 1182 1067 1229 esu,
1100 1165 1184 1233 qui
1212 1180 1310 1216 non
1338 1161 1609 1216 secundum
1636 1176 1835 1212 carnem
1855 1175 1964 1210 am-

382 1259 578 1322 bulant,
610 1260 697 1312 sed
722 1258 993 1311 secundum
1029 1257 1276 1326 spiritum.
1310 1253 1419 1307 Lex
1450 1254 1580 1306 enim
1610 1250 1816 1319 spiritus
1850 1249 1966 1302 vita!

380 1351 610 1404 liberavit
652 1367 728 1403 me
768 1368 801 1403 a
843 1349 949 1419 lege
988 1349 1178 1417 peccati
1216 1357 1263 1399 et
1308 1346 1482 1399 mortis
1511 1345 1683 1413 (Rom.
1718 1344 1769 1398 8.
1806 1343 1853 1396 l.
1882 1340 1960 1407 2).

380 1440 746 1495 Commiuatus
793 1442 968 1509 itaque
1000 1437 1480 1507 transgressoribus
1504 1477 1518 1498 ,
1549 1444 1604 1488 et
1629 1448 1818 1501 magna
1844 1431 1960 1500 polo

382 1533 555 1588 licitus
577 1534 791 1601 prmmia
810 1542 957 1587 recte
978 1532 1277 1601 agentibus,
1295 1538 1352 1582 ut
1372 1528 1601 1582 ostendit
1624 1526 1741 1593 plus
1762 1540 1790 1577 a
1813 1523 1965 1577 nobis

379 1625 499 1694 jure
544 1625 721 1694 exigi,
771 1638 929 1692 quam
970 1636 1248 1677 mensuras
1297 1622 1531 1689 priores,
1578 1618 1791 1673 demum
1822 1617 1966 1685 leges

382 1725 619 1773 statuere
649 1716 855 1784 incipit,
889 1729 992 1767 non
1020 1713 1360 1782 simpliciter.
1392 1712 1486 1766 sed
1515 1710 1647 1763 facta
1678 1724 1798 1763 cum
1824 1708 1965 1761 auti-

380 1809 503 1877 quis
532 1806 785 1876 legalibus
816 1804 1245 1872 comparatione;
1294 1803 1407 1855 haec
1436 1801 1543 1855 duo
1567 1800 1753 1853 volens
1777 1807 1962 1852 osten-

382 1900 533 1961 dere,
562 1914 623 1953 se
646 1897 892 1953 videlicet
920 1911 1022 1950 non
1052 1896 1228 1964 priora
1260 1898 1654 1962 impugnantcm
1679 1933 1690 1954 ,
1722 1890 1816 1944 scd
1843 1905 1964 1946 cum

382 1991 489 2045 illis
515 1990 801 2046 admodum
829 1997 1210 2043 consonantem
1233 2028 1248 2050 ,
1292 1986 1386 2037 bas
1422 1996 1655 2037 διδωμι-(ε
1701 1984 1875 2052 leges,
1903 1996 1965 2034 ac

382 2084 501 2153 jure
545 2093 949 2153 opportuneque
999 2080 1110 2134 ba-c
1159 2095 1293 2133 nova
1342 2077 1609 2132 veteribus
1654 2076 1958 2146 adjungerc.

384 2176 535 2244 Quod
568 2186 623 2228 ut
647 2174 842 2228 clarius
869 2174 1077 2233 evadat,
1107 2172 1217 2241 ipsa
1250 2169 1567 2239 legislatoris
1596 2168 1752 2221 verba
1781 2165 1965 2220 audia-

384 2283 525 2321 mus.
566 2266 704 2333 Quid
734 2266 894 2334 igitur
918 2265 987 2318 ait
1018 2264 1142 2317 ille?
1166 2263 1256 2316 2t.
1290 2261 1511 2314 Audistis
1536 2259 1656 2328 quia
1682 2259 1869 2311 dictum
1893 2268 1965 2311 est

382 2358 622 2427 antiquis,
654 2355 773 2409 Non
803 2356 996 2409 occides
1022 2352 1214 2423 (Exod.
1245 2353 1335 2409 20.
1366 2352 1477 2422 l5).
1509 2351 1663 2421 Atqui
1692 2352 1735 2404 is
1762 2350 1850 2420 qui
1878 2350 1961 2404 illa

383 2449 548 2511 dedit,
583 2449 695 2517 ipse
715 2456 827 2511 est;
860 2448 953 2501 sed
980 2448 1189 2501 interim
1208 2445 1633 2514 impersonaliter
1655 2444 1767 2497 lucc
1794 2443 1961 2512 ponit.

383 2539 440 2594 Si
471 2539 609 2594 enim
649 2539 871 2593 dixisset
895 2579 908 2600 ,
956 2538 1192 2592 Audistis
1220 2550 1304 2590 me
1331 2536 1530 2591 dixisse
1558 2535 1788 2603 antiquis
1809 2576 1822 2599 ,
1857 2549 1963 2587 non

383 2642 636 2701 acceptus
662 2630 847 2684 fuisset
878 2631 962 2684 bic
1006 2644 1185 2685 sermo
1206 2668 1219 2690 ,
1272 2643 1371 2682 nec
1400 2627 1741 2681 audientibus
1766 2624 1963 2695 proba-

386 2734 500 2788 tus;
531 2723 573 2777 si
605 2737 733 2776 vero
763 2722 1023 2776 dixisset:
1050 2720 1285 2774 Audistis
1326 2719 1446 2788 quia
1494 2718 1692 2773 dictum
1719 2725 1802 2771 est
1828 2717 1965 2770 anti-

382 2815 504 2884 quis
526 2829 556 2867 a
583 2813 739 2868 Patre
765 2828 919 2877 meo,
958 2811 1255 2879 deindeque
1287 2811 1578 2873 intulisset,
1627 2808 1739 2878 Ego
1786 2819 1964 2861 autem

384 2907 527 2971 dico,
577 2905 746 2974 major
786 2904 1083 2973 arrogantia
1114 2906 1221 2957 visa
1262 2903 1463 2957 fuisset.
1502 2902 1838 2970 Quapropter
1867 2901 1967 2954 hoc

385 2997 701 3066 simpliciter
729 2997 904 3065 posuit
932 2996 999 3049 ad
1028 2996 1129 3049 hoc
1155 3011 1314 3048 ιιιιιιιιι
1342 3004 1612 3063 spectans,
1643 3004 1700 3047 ut
1718 2992 1965 3047 ostende—

385 3099 466 3142 ret
495 3103 553 3142 se
577 3091 686 3156 jam
714 3097 1014 3156 opportuno
1045 3095 1283 3154 tempore
1311 3087 1411 3140 hoc
1435 3086 1635 3140 dicere.
1662 3085 1796 3139 Cum
1823 3086 1963 3137 enim

385 3181 493 3243 ait,
543 3180 675 3246 Quia
716 3179 905 3231 dictum
935 3188 1005 3231 est
1034 3179 1285 3247 antiquis,
1336 3178 1556 3230 multum
1601 3176 1967 3231 intercessisse

389 3273 645 3342 temporis
670 3273 993 3335 declaravit,
1025 3288 1087 3327 ex
1118 3287 1223 3342 quo
1252 3271 1353 3325 hoc
1384 3280 1706 3338 praeceptum
1736 3283 1959 3337 accepe-

386 3375 528 3419 rant.
562 3364 674 3419 Hoc
700 3380 826 3421 vero
870 3365 1021 3423 fecit.
1068 3374 1126 3418 ut
1167 3364 1462 3417 auditorem
1498 3362 1865 3432 pudefaceret,
1899 3361 1963 3413 ad

389 3459 699 3514 sublimiora
731 3461 816 3514 illa
847 3460 994 3514 adire
1022 3468 1284 3529 pra-cepta
1316 3467 1688 3521 cunctantem;
1727 3459 1799 3510 uti
1832 3456 1966 3510 solet

386 3551 638 3621 magister
662 3567 829 3622 puero
854 3551 1034 3607 dicere
1056 3551 1338 3621 negligenti
1368 3569 1381 3603 :
1405 3552 1483 3603 An
1514 3549 1687 3604 nescis
1711 3556 1964 3619 quantum

388 3644 645 3712 temporis
692 3643 744 3696 in
789 3643 1111 3714 syllabarum
1153 3640 1498 3697 meditatione
1538 3639 1967 3708 consumpseris?

390 3734 504 3789 Hoc
542 3744 596 3787 et
632 3734 744 3803 ipse
772 3736 1111 3804 antiquorum
1142 3735 1358 3790 nomine
1385 3732 1753 3798 subindicans,
1782 3741 1968 3786 evocat

386 3825 511 3879 illos
533 3824 597 3879 ad
621 3835 882 3896 praecepta
912 3827 1152 3892 meliora,
1175 3841 1238 3881 ac
1260 3828 1301 3881 si
1323 3826 1526 3881 diceret
1552 3843 1564 3879 :
1588 3830 1631 3879 Α
1658 3825 1787 3877 satis
1808 3824 1968 3893 longo

385 3925 628 3985 tempore
671 3916 785 3970 hinc
819 3916 1144 3971 meditamini
1172 3934 1185 3969 :
1210 3926 1419 3987 oportet
1455 3916 1668 3972 demum
1699 3916 1762 3969 ad
1798 3914 1966 3969 subli-

385 4005 553 4061 miora
578 4022 817 4077 pergere.
847 4008 991 4063 Bene
1014 4019 1203 4063 autem-
1217 4012 1388 4078 agitur
1408 4010 1547 4079 quod
1582 4020 1965 4079 praeceptorum

384 4098 521 4153 ordo
546 4114 650 4154 non
681 4099 1056 4163 confundatur,
1083 4100 1177 4155 sed
1207 4116 1236 4155 a
1265 4102 1442 4170 priore
1472 4101 1773 4170 incipiatur,
1807 4118 1834 4153 a
1862 4115 1966 4170 quo

386 4192 474 4247 lex
502 4192 695 4262 incepit
721 4193 952 4245 :etenim
983 4190 1110 4245 illud
1142 4192 1312 4260 ipsum
1343 4191 1683 4245 concordiam
1712 4191 1962 4246 ostendit.

385 4282 480 4337 ΒΞ.
506 4282 618 4353 Ego
648 4291 815 4335 autem
849 4281 962 4334 dico
989 4280 1152 4343 vobis,
1182 4282 1419 4345 quoniam
1448 4282 1531 4351 qui
1559 4281 1793 4334 irascitur
1820 4285 1968 4351 fratri

386 4390 477 4429 suo
504 4385 705 4429 temere
724 4415 738 4439 ,
781 4389 896 4427 reus
925 4374 1017 4426 erit
1034 4372 1252 4441 judicio.
1293 4372 1474 4426 Vidisti
1506 4370 1793 4441 perfectam
1822 4382 1969 4440 pote-

387 4477 581 4523 statem
597 4468 620 4521 ?
639 4466 814 4521 vidisti
842 4466 1059 4520 modum
1080 4466 1369 4536 legislatori
1391 4474 1781 4533 couipetentem
1797 4464 1821 4515 ?
1839 4464 1969 4532 Quis

384 4560 531 4616 enim
577 4559 952 4629 prophetarum
993 4558 1071 4613 sic
1116 4572 1363 4627 umquam
1408 4558 1655 4627 loquutus
1697 4556 1824 4612 est?
1851 4558 1969 4626 quis

383 4654 691 4721 justorum?
732 4651 852 4720 quis
899 4650 1358 4719 patriarcharum?
1398 4648 1582 4703 Nullus
1626 4663 1791 4713 sane;
1833 4648 1962 4710 sed.

358 4735 365 4811 ξ
392 4742 520 4797 [hec
546 4743 668 4796 dicit
695 4741 960 4797 Dominus.
991 4741 1186 4796 Verum
1216 4757 1320 4796 non
1349 4742 1418 4797 ita
1449 4741 1633 4796 Filius.
1660 4741 1742 4796 llli
1770 4741 1967 4811 quippe

358 4807 365 4901 ξ
392 4834 603 4889 Domini
633 4833 791 4886 verba
815 4831 1179 4901 pronuntiant,
1208 4831 1295 4885 hic
1320 4831 1510 4886 Patris.
1538 4831 1668 4886 Cum
1697 4807 1878 4885 autem
1905 4807 1965 4884 ea

355 4881 365 5019 ξ
385 4881 1261 5019 agisagis“;samaeggi
1274 4881 1432 4978 ’ἀῖεᾌξ
1445 4881 1967 4993 issiciaggua.)

354 5013 362 5088 ί
386 5032 477 5072 tua
500 5028 639 5083 sunt,
671 5027 718 5073 et
744 5028 831 5071 tua
850 5033 962 5070 mea
986 5024 1103 5069 sunt
1132 5013 1310 5085 (Joan.
1338 5016 1424 5069 l7.
1454 5015 1566 5081 l0).
1592 5015 1669 5069 Illi
1696 5016 1970 5070 conservis

388 5113 559 5183 legem
591 5110 865 5173 ferebant,
900 5108 983 5162 hic
1011 5107 1181 5162 servis
1219 5106 1348 5161 suis.
1391 5107 1783 5177 lnterrogemus
1813 5108 1971 5179 igitur

391 5219 486 5260 eos
513 5202 602 5273 qui
627 5213 862 5257 veterem
894 5200 1059 5269 legem
1088 5197 1399 5268 explodunt.
1431 5196 1546 5252 Non
1575 5196 1731 5253 irasci
1774 5208 1828 5253 et
1865 5214 1969 5254 non

392 5294 635 5351 occidere
662 5292 999 5348 contrariaue
1022 5298 1167 5354 sunt,
1194 5303 1370 5344 annon
1397 5288 1572 5359 potius
1599 5289 1699 5343 hoc
1724 5289 1867 5343 illius
1893 5300 1973 5345 est

392 5385 655 5459 perfectio
698 5394 754 5440 et
796 5379 1286 5452 complementum?
1330 5379 1509 5435 Palam
1558 5390 1640 5435 est
1686 5380 1788 5433 boe
1830 5380 1973 5435 illius

395 5494 517 5534 esse
538 5475 1012 5548 complementum,
1033 5472 1259 5543 ideoque
1278 5470 1472 5541 majus.
1494 5471 1628 5527 Nam
1649 5472 1739 5542 qui
1762 5471 1816 5526 in
1837 5472 1972 5526 iram

466 5634 483 5664 ι
511 5631 659 5692 Juxta
687 5630 858 5679 Morel.
885 5626 1535 5692 legendumesset.,majora
1555 5627 1984 5692 requiruntuch-

404 5690 604 5741 tamina.
634 5692 849 5752 Utraque
878 5688 1025 5741 lectio
1043 5691 1283 5752 quadrare
1309 5688 1482 5753 posset
1504 5703 1535 5753 ;_
1560 5688 1983 5753 verum_Sav_ilia-

399 5756 517 5804 ham
566 5753 713 5804 nobis
744 5749 1131 5818 amplectendam
1163 5764 1275 5803 esse
1309 5749 1501 5801 ‘series
1525 5749 1629 5819 ipsa
1642 5749 1978 5803 suadetimr.

1499 312 1562 369 IN
1601 307 2005 370 MATTIIA‘IUM
2046 309 2273 365 HOMIL.
2316 309 2452 365 XVI.

3545 314 3650 369 ειη

2077 439 2181 478 ιιοιι
2202 426 2519 488 concitatur,
2544 423 2712 477 multo
2737 426 2900 492 magis
2924 440 2953 478 a
2979 423 3124 479 etede
3142 423 3427 480 abstinebit
3452 444 3464 480 :
3486 437 3539 481 et
3560 428 3649 496 qui

2068 516 2198 569 iram
2246 515 2460 579 frenat,
2510 516 2679 569 multo
2727 517 2894 585 magis
2939 531 3126 571 manus
3172 517 3443 572 retinebit.
3472 517 3648 572 Radix

2066 608 2207 661 enim
2236 607 2427 670 cazdis,
2458 607 2558 661 ira.
2588 607 2688 674 Qui
2719 622 2848 677 ergo
2876 607 3112 663 radicem
3144 610 3406 664 exscindit
3432 652 3448 676 ,
3483 611 3651 666 multo

2065 699 2234 768 magis
2258 713 2437 752 ramos
2460 697 2663 752 auferet
2690 716 2701 750 :
2728 701 2837 752 imo
2862 713 2991 752 vero
3017 715 3188 768 neque
3216 702 3359 755 nasci
3391 700 3552 757 sinet.

2136 789 2189 843 6.
2220 788 2325 842 Lex
2343 796 2479 843 vetus
2500 790 2732 857 ﬁrmatur
2753 789 3048 859 Evangelia.
3077 790 3283 845 (ἔκαιον
3311 794 3484 846 mundi
3502 793 3650 849 Chri-

2064 889 2140 934 sto
2164 880 2216 932 in
2248 878 2454 934 Patrem
2478 881 2780 934 vindicatur.
2809 876 2877 935 In
2902 882 3009 951 lege
3033 884 3183 936 veteri
3213 901 3311 937 non
3338 893 3408 936 est
3434 886 3649 939 crudeli-

2066 980 2160 1023 tas.
2191 968 2297 1024 Lea:
2316 987 2428 1041 qua:
2447 973 2633 1026 scelera
2654 972 2836 1040 plectat
2857 975 3137 1027 necessaria
3156 984 3247 1027 est.
3274 1006 3340 1014 -—
3355 976 3468 1029 Non
3494 977 3653 1047 igitur

2066 1060 2131 1115 ad
2158 1060 2289 1130 legis
2316 1061 2734 1130 abrogationem,
2765 1063 2857 1117 sed
2886 1062 2951 1116 ad
2977 1064 3230 1133 majorem
3256 1064 3652 1137 facilioremque

2065 1154 2178 1220 ejus
2204 1153 2495 1206 custodiam
2517 1193 2531 1217 ,
2562 1153 2658 1207 bas
2687 1154 2942 1208 afferebat
2971 1155 3133 1223 leges.
3163 1156 3296 1222 Quid
3328 1160 3469 1212 enim
3500 1162 3650 1214 vole-

2067 1244 2157 1298 bat
2184 1244 2266 1298 lex
2292 1260 2412 1299 eum
2444 1246 2558 1300 haec
2587 1248 2934 1316 prrecipcret?
2982 1250 3171 1302 Annon
3201 1259 3258 1303 ut
3288 1265 3446 1305 nemo
3476 1254 3655 1322 proxi-

2066 1350 2212 1389 mum
2257 1350 2412 1390 suum
2466 1338 2781 1392 occideret?
2847 1339 3010 1409 Igitur
3056 1341 3476 1411 impugnatoretn
3522 1345 3653 1415 legis

2068 1423 2349 1480 homicidia
2377 1438 2684 1495 Oportuerat
2710 1430 2970 1497 imperare
3001 1450 3013 1484 :
3045 1447 3164 1486 nam
3194 1434 3441 1490 occidere
3466 1445 3520 1489 et
3547 1450 3651 1489 non

2067 1515 2312 1570 occidere
2358 1519 2621 1572 contraria
2667 1529 2821 1583 sunt;
2874 1525 2916 1575 si
2965 1537 3090 1576 vero
3134 1538 3201 1578 ne
3245 1526 3399 1580 irasci
3438 1528 3651 1597 quidem

2067 1608 2374 1675 permittat,
2411 1608 2543 1663 illud
2589 1610 2873 1678 perfectius
2901 1615 3083 1667 statuit
3126 1617 3264 1683 quod
3307 1618 3387 1670 lex
3422 1619 3649 1673 volebat.

2068 1700 2180 1756 Non
2204 1702 2345 1756 enim
2368 1703 2587 1772 perinde
2612 1704 2898 1760 abstinebit
2919 1722 2947 1761 a
2970 1707 3134 1769 caede,
3162 1708 3249 1777 qui
3278 1724 3382 1762 non
3410 1711 3654 1765 occidere

2067 1793 2385 1859 meditatur,
2418 1805 2576 1864 atque
2618 1796 2706 1850 ille
2746 1798 2834 1864 qui
2877 1799 3006 1850 iram
3053 1799 3299 1863 Sllsllllll,
3334 1801 3417 1854 bic
3459 1803 3655 1871 quippe

2069 1885 2277 1954 longius
2302 1885 2452 1938 abem
2477 1902 2506 1938 a
2534 1888 2623 1940 tali
2652 1889 2902 1942 facinore.
2938 1888 3002 1943 Ut
3027 1901 3201 1943 autem
3231 1892 3344 1945 illos
3366 1893 3471 1946 alio
3495 1893 3656 1947 modo

2065 1983 2428 2046 confutemus,
2463 1999 2524 2036 ea
2554 1999 2673 2053 qute
2710 1986 2893 2039 dicunt
2932 1987 3260 2053 proferamus
3301 1988 3350 2040 in
3396 1990 3648 2042 medium.

2066 2076 2319 2143 Quasnam
2349 2078 2535 2132 dicunt
2560 2079 2756 2147 igitur?
2784 2080 2945 2133 Deum
2974 2080 3062 2149 qui
3095 2079 3347 2134 nnmdum
3380 2081 3533 2147 fecit,
3564 2084 3653 2151 qui

2067 2168 2234 2221 solem
2262 2168 2390 2221 oriri
2422 2167 2546 2221 facit
2570 2183 2732 2236 super
2761 2167 2970 2238 iniquos
2996 2178 3051 2223 et
3076 2168 3265 2232 bonos,
3294 2171 3381 2238 qui
3412 2171 3542 2239 pluit
3567 2185 3656 2224 su-

2069 2274 2163 2325 per
2200 2260 2372 2325 justos
2402 2271 2449 2313 et
2496 2260 2718 2327 injustos
2746 2264 2765 2331 (
2792 2260 2974 2313 Matth.
3004 2262 3057 2315 5.
3088 2262 3197 2330 45)
3226 2304 3239 2323 ,
3280 2276 3401 2317 esse
3432 2262 3650 2315 malum.

2066 2351 2165 2417 Qui
2193 2367 2321 2405 vero
2347 2351 2733 2407 moderatiores
2756 2352 2893 2420 apud
2921 2352 3037 2407 illos
3060 2364 3186 2408 sunt
3213 2354 3313 2409 hoc
3340 2357 3652 2426 repudiant;

2068 2444 2194 2496 dum
2223 2453 2399 2497 autem
2431 2444 2612 2497 dicunt
2644 2443 2786 2497 illum
2819 2458 2937 2498 esse
2969 2444 3170 2512 justum
3200 2488 3214 2511 ,
3248 2447 3442 2503 bonum
3474 2458 3652 2506 tamen

2069 2549 2190 2589 esse
2221 2544 2429 2602 negant.
2483 2534 2655 2587 Alium
2695 2550 2823 2589 vero
2853 2536 3133 2603 quemdam
3159 2578 3171 2595 .
3207 2539 3292 2606 qui
3324 2554 3448 2594 iere
3478 2542 3655 2596 tullius

2071 2635 2173 2688 est,
2198 2634 2245 2678 et
2276 2625 2364 2693 qui
2388 2624 2515 2680 nihil
2538 2625 2755 2689 creavit,
2780 2624 2991 2679 Christo
3012 2626 3138 2679 dant
3161 2627 3389 2682 Patrem.
3418 2629 3486 2683 Et
3506 2630 3651 2685 illum

2069 2716 2283 2785 quidem
2313 2732 2416 2772 non
2450 2719 2644 2771 bonum
2683 2717 2733 2770 in
2764 2718 2919 2770 rebus
2949 2718 3013 2771 ad
3043 2732 3101 2771 se
3132 2721 3513 2785 pertinentibus
3544 2737 3655 2775 ma-

2069 2824 2239 2871 nere,
2283 2819 2335 2860 et
2380 2823 2472 2862 sua
2517 2822 2835 2862 conservare
2879 2807 3061 2861 dicunt
3091 2826 3105 2861 :
3133 2810 3328 2863 bonum
3377 2822 3554 2866 autem
3599 2814 3651 2869 in

2069 2902 2236 2955 aliena
2269 2901 2471 2955 irruere
2491 2943 2505 2961 ,
2537 2916 2827 2970 eorumque
2851 2943 2864 2963 ,
2894 2914 3119 2969 quorum
3160 2902 3273 2972 ipse
3306 2915 3516 2959 creator
3544 2924 3652 2961 non

2069 3001 2182 3053 est,
2217 3001 2438 3061 repente
2467 2992 2603 3046 vvlle
2641 3003 2967 3047 servatorem
2998 3008 3140 3048 esse.
3187 2994 3428 3050 Vidistin‘
3456 2998 3650 3053 diaboli

2069 3082 2244 3147 filios,
2291 3082 2559 3159 quomodo
2602 3098 2666 3137 ex
2714 3084 2877 3151 patris
2921 3084 3001 3137 sui
3048 3084 3280 3140 fontibus
3328 3088 3650 3157 loquantur,

2068 3175 2279 3242 quando
2305 3177 2626 3229 creationem
2649 3190 2677 3229 a
2714 3176 2820 3229 Deo
2847 3176 3103 3240 alienant,
3135 3193 3254 3232 cum
3285 3190 3459 3234 tamen
3484 3180 3651 3234 Joan-

2070 3282 2164 3320 nes
2190 3267 2384 3320 clamet
2412 3284 2423 3318 :
2457 3266 2520 3318 In
2552 3268 2757 3337 propria
2798 3269 2962 3332 venit,
3007 3275 3061 3319 et
3091 3262 3318 3323 Mundus
3360 3287 3451 3339 per
3484 3273 3653 3343 ipsum

2070 3363 2235 3429 [actus
2263 3370 2335 3412 est
2361 3358 2554 3425 (Joan.
2591 3360 2641 3413 l.
2674 3360 2731 3413 ll
2763 3357 2827 3425 )?
2858 3360 3057 3414 Deinde
3086 3361 3256 3430 legem
3286 3365 3654 3420 examinantes

2071 3461 2303 3506 veterem
2328 3490 2342 3515 ,
2368 3467 2468 3519 qua
2494 3450 2713 3519 jubetur
2736 3451 2948 3504 oculum
2978 3466 3072 3518 pro
3098 3452 3253 3505 oculo
3276 3493 3289 3514 ,
3316 3454 3530 3509 dentem
3558 3472 3654 3523 pro

2069 3542 2229 3598 dente
2258 3542 2431 3606 evelli,
2463 3543 2640 3595 statim
2672 3548 2973 3611 irrumpunt
2996 3551 3050 3596 et
3076 3543 3257 3599 dicunt
3288 3561 3302 3597 :
3336 3545 3401 3599 Et
3427 3562 3649 3616 quomo-

2068 3637 2138 3692 do
2164 3639 2329 3706 possit
2358 3638 2402 3691 is
2430 3637 2520 3707 qui
2546 3636 2660 3691 haec
2685 3637 2832 3699 dicit,
2862 3651 2981 3692 esse
3011 3637 3217 3693 bonus?
3243 3638 3375 3707 Quid
3405 3641 3562 3711 igitur
3585 3643 3652 3696 ad

2070 3728 2185 3783 base
2208 3728 2483 3783 dicamus?
2513 3727 2660 3783 Hanc
2698 3730 2984 3782 maximam
3014 3746 3133 3783 esse
3164 3730 3500 3801 benignitatis
3526 3745 3649 3801 spc-

2068 3823 2225 3875 ciem.
2254 3821 2367 3875 Non
2397 3821 2537 3875 enim
2562 3830 2617 3873 ut
2644 3836 2740 3874 nos
2764 3822 2993 3875 vicissim
3017 3822 3198 3876 oculos
3221 3838 3488 3887 eruamus,
3516 3824 3653 3877 banc

2071 3913 2245 3981 posuit
2290 3914 2492 3982 legem;
2534 3913 2625 3966 sed
2658 3923 2715 3965 ut
2743 3923 2885 3966 metu
2929 3914 3071 3981 paris
3112 3913 3409 3983 inlligenda-
3440 3928 3649 3983 paenae,

2069 4005 2430 4058 abstineamus
2468 4013 2520 4057 et
2560 4003 2651 4056 tali
2691 4018 2812 4072 erga
2848 4004 2979 4056 alios
3010 4003 3261 4057 facinore.
3296 4004 3651 4069 Quemadmo-

2069 4097 2193 4150 dum
2229 4098 2388 4149 etiam
2430 4094 2671 4148 Ninivitis
2703 4093 2969 4148 excidium
2995 4095 3347 4148 comminatus
3384 4106 3465 4149 est
3488 4135 3504 4157 ,
3544 4110 3649 4150 non

2072 4200 2127 4243 ut
2158 4189 2273 4242 illos
2307 4186 2547 4257 perderet
2574 4186 2717 4255 (nam
2744 4186 2786 4238 si
2815 4184 2866 4238 id
2897 4184 3169 4245 voluisset.
3201 4194 3376 4240 tacere
3402 4197 3650 4255 oportue-

2071 4282 2193 4347 rat);
2213 4279 2306 4333 sed
2331 4287 2387 4331 ut
2407 4288 2547 4332 metu
2569 4277 2815 4331 meliores
2836 4276 3004 4331 factos
3027 4276 3234 4343 videns,
3254 4279 3383 4332 iram
3405 4279 3648 4335 sedaret:

2070 4373 2147 4427 sic
2170 4371 2329 4426 etiam
2359 4369 2454 4431 iis,
2483 4368 2571 4436 qui
2601 4378 2800 4422 temere
2831 4369 2882 4421 in
2910 4367 3134 4422 aliorum
3160 4368 3344 4423 oculos
3373 4369 3607 4425 involant
3630 4410 3648 4436 ,

2070 4448 2383 4532 supplicium
2412 4459 2662 4524 adduxit;
2692 4469 2751 4512 ut
2771 4459 2815 4513 si
2843 4475 2905 4513 ex
2930 4458 3070 4513 bono
3092 4460 3364 4529 proposito
3386 4460 3657 4517 noluerint

2070 4570 2099 4606 a
2133 4554 2220 4607 tali
2251 4552 2566 4605 crudelitate
2595 4548 2894 4615 abstinere,
2924 4560 3068 4604 metu
3101 4560 3275 4605 tamen
3306 4561 3658 4606 coerceantur

2073 4662 2138 4700 ne
2169 4645 2350 4699 oculos
2388 4642 2616 4713 proximi
2662 4644 2876 4697 laedant.
2919 4643 2974 4697 Si
3014 4657 3172 4712 porro
3212 4644 3339 4698 illttd
3365 4644 3651 4700 crudelitas
3681 4624 3712 4677 ί

2070 4741 2139 4793 sit
2164 4781 2179 4803 ,
2207 4739 2422 4793 crudele
2448 4738 2570 4792 item
2598 4738 2733 4801 erit,
2767 4737 3083 4792 homicidam
3114 4738 3366 4793 cohibere
3385 4780 3400 4804 ,
3434 4747 3487 4791 et
3514 4755 3652 4796 mm-
3673 4713 3698 4730 ’

2071 4834 2229 4887 chum
2257 4847 2459 4888 arcere.
2489 4833 2557 4886 At
2585 4832 2867 4886 stultorum
2898 4831 3011 4885 lucc
3040 4830 3201 4885 verba
3227 4840 3370 4895 sunt,
3399 4840 3454 4886 et
3478 4840 3652 4889 extre-

2073 4939 2160 4977 mo
2184 4923 2362 4978 furore
2382 4934 2681 4992 captorum.
2713 4923 2822 4991 Ego
2840 4921 2983 4976 enim
3008 4930 3211 4977 tantum
3230 4922 3384 4978 abest
3402 4934 3459 4977 ιιι
3479 4922 3652 4979 dicam

2074 5014 2187 5069 lure
2206 5029 2327 5069 esse
2345 5012 2736 5075 crudelitatem,
2758 5020 2816 5066 ut
2845 5014 2926 5066 bis
2951 5013 3214 5067 contraria
3234 5012 3527 5068 secundum
3557 5013 3652 5068 hu-

2075 5119 2291 5159 manum
2331 5102 2664 5157 ratiocinium
2704 5102 2966 5157 aftirmem
3004 5101 3181 5172 iniqua
3212 5115 3351 5158 esse.
3400 5102 3481 5157 'l‘u
3510 5103 3652 5157 enim

2073 5195 2205 5250 dicis
2248 5194 2366 5249 ideo
2395 5192 2663 5248 crudelem
2692 5208 2811 5247 esse
2834 5234 2849 5259 ,
2879 5194 3019 5263 quod
3057 5192 3277 5259 jusserit
3306 5195 3515 5247 oculum
3558 5208 3655 5263 pro

2075 5287 2231 5342 oculo
2257 5299 2480 5349 eruere;
2512 5300 2612 5354 ego
2636 5296 2815 5339 autem
2842 5284 2961 5339 dico
2982 5327 2997 5351 ,
3028 5287 3073 5339 si
3105 5302 3209 5340 non
3242 5284 3342 5339 hoc
3365 5284 3615 5354 jussisset
3638 5325 3652 5342 .

2077 5392 2203 5435 tunc
2224 5378 2493 5434 videretur
2522 5378 2703 5431 multis
2729 5379 2771 5432 is
2798 5393 2939 5444 esse,
2973 5394 3129 5447 quem
3161 5389 3215 5431 tu
3246 5380 3344 5431 ais.
3375 5376 3653 5445 Suppona-

2076 5486 2194 5524 mus
2216 5469 2359 5523 enim
2381 5477 2544 5521 totam
2568 5469 2734 5536 legem
2751 5467 3060 5537 abrbgatam
3084 5467 3266 5529 fuisse,
3287 5465 3657 5532 neminemque

2077 5562 2266 5616 timere
2293 5560 2607 5629 supplicium
2632 5559 2685 5614 in
2712 5559 2798 5614 illa
2826 5558 3080 5614 indictum
3104 5576 3124 5619 7:
3154 5556 3245 5613 sed
3264 5556 3435 5610 licere
3457 5553 3656 5610 factae.

2076 5649 2213 5704 rosis
2232 5649 2479 5705 omnibus
2497 5664 2617 5704 cum
2643 5648 2887 5704 libertate
2905 5648 3142 5709 moribus
3163 5647 3237 5700 uti
3261 5645 3404 5711 suis;
3434 5646 3658 5702 macilis

2084 5757 2295 5812 nempe,
2325 5742 2623 5811 bomicidis,
2652 5740 2878 5806 furibus,
2905 5739 3154 5811 periuris,
3183 5738 3460 5809 parricidis
3489 5754 3657 5795 :non-
